  <div class='ocr_page' id='page_1' title='image "/cluster/home/n/w/nwhite01/storage/ocr_20150623/144/hvd.32044010574010/223.png"; bbox 0 0 3950 5344; ppageno 0'>
   <div class='ocr_carea' id='block_1_1' title="bbox 442 4864 961 4931">
    <p class='ocr_par' dir='ltr' id='par_1_1' title="bbox 442 4864 961 4931">
     <span class='ocr_line' id='line_1_1' title="bbox 442 4864 961 4931; baseline -0.012 -9"><span class='ocrx_word' id='word_1_1' title='bbox 442 4926 449 4931; x_wconf 92' lang='lat'>_</span> <span class='ocrx_word' id='word_1_2' title='bbox 498 4866 739 4921; x_wconf 70' lang='lat' dir='ltr'><strong>‘tlixistis</strong></span> <span class='ocrx_word' id='word_1_3' title='bbox 764 4864 893 4919; x_wconf 89' lang='lat' dir='ltr'><strong>mihi</strong></span> <span class='ocrx_word' id='word_1_4' title='bbox 946 4877 961 4916; x_wconf 90' lang='lat'><strong>:</strong></span> 
     </span>
    </p>
   </div>
   <div class='ocr_carea' id='block_1_2' title="bbox 514 346 620 413">
    <p class='ocr_par' dir='ltr' id='par_1_2' title="bbox 514 346 620 413">
     <span class='ocr_line' id='line_1_2' title="bbox 514 346 620 413; baseline 0.009 -1"><span class='ocrx_word' id='word_1_5' title='bbox 514 346 620 413; x_wconf 63' lang='lat'><strong>£53</strong></span> 
     </span>
    </p>
   </div>
   <div class='ocr_carea' id='block_1_3' title="bbox 586 560 2091 632">
    <p class='ocr_par' dir='ltr' id='par_1_3' title="bbox 586 560 2091 632">
     <span class='ocr_line' id='line_1_3' title="bbox 586 560 2091 632; baseline -0.002 -16"><span class='ocrx_word' id='word_1_6' title='bbox 586 561 1052 617; x_wconf 71' lang='lat' dir='ltr'><strong>Eacellenlissime</strong></span> <span class='ocrx_word' id='word_1_7' title='bbox 1092 570 1146 617; x_wconf 89' lang='lat' dir='ltr'><strong>et</strong></span> <span class='ocrx_word' id='word_1_8' title='bbox 1184 563 1424 632; x_wconf 83' lang='lat' dir='ltr'><strong>piissime</strong></span> <span class='ocrx_word' id='word_1_9' title='bbox 1459 562 1696 623; x_wconf 88' lang='lat' dir='ltr'><strong>domine.</strong></span> <span class='ocrx_word' id='word_1_10' title='bbox 1726 562 1771 616; x_wconf 82' lang='lat' dir='ltr'><strong>si</strong></span> <span class='ocrx_word' id='word_1_11' title='bbox 1801 562 1952 617; x_wconf 91' lang='lat' dir='ltr'><strong>vobis</strong></span> <span class='ocrx_word' id='word_1_12' title='bbox 1977 560 2091 630; x_wconf 86' lang='lat' dir='ltr'><strong>pla—</strong></span> 
     </span>
    </p>
   </div>
   <div class='ocr_carea' id='block_1_4' title="bbox 514 646 2094 726">
    <p class='ocr_par' dir='ltr' id='par_1_4' title="bbox 514 646 2094 726">
     <span class='ocr_line' id='line_1_4' title="bbox 514 646 2094 726; baseline -0.003 -16"><span class='ocrx_word' id='word_1_13' title='bbox 514 665 681 719; x_wconf 89' lang='lat' dir='ltr'><strong>ceret,</strong></span> <span class='ocrx_word' id='word_1_14' title='bbox 708 655 822 725; x_wconf 86' lang='lat' dir='ltr'><strong>jam</strong></span> <span class='ocrx_word' id='word_1_15' title='bbox 851 665 1059 726; x_wconf 88' lang='lat' dir='ltr'><strong>tempus</strong></span> <span class='ocrx_word' id='word_1_16' title='bbox 1082 665 1227 710; x_wconf 88' lang='lat' dir='ltr'><strong>esset</strong></span> <span class='ocrx_word' id='word_1_17' title='bbox 1254 664 1309 708; x_wconf 88' lang='lat' dir='ltr'><strong>ttt</strong></span> <span class='ocrx_word' id='word_1_18' title='bbox 1340 655 1506 710; x_wconf 84' lang='lat' dir='ltr'><strong>miser</strong></span> <span class='ocrx_word' id='word_1_19' title='bbox 1535 646 1623 710; x_wconf 86' lang='lat' dir='ltr'><strong>ille</strong></span> <span class='ocrx_word' id='word_1_20' title='bbox 1647 654 1910 710; x_wconf 82' lang='lat' dir='ltr'><strong>Gisierius</strong></span> <span class='ocrx_word' id='word_1_21' title='bbox 1937 652 2094 707; x_wconf 85' lang='lat' dir='ltr'><strong>mise-</strong></span> 
     </span>
    </p>
   </div>
   <div class='ocr_carea' id='block_1_5' title="bbox 517 742 2094 817">
    <p class='ocr_par' dir='ltr' id='par_1_5' title="bbox 517 742 2094 817">
     <span class='ocr_line' id='line_1_5' title="bbox 517 742 2094 817; baseline -0.004 -17"><span class='ocrx_word' id='word_1_22' title='bbox 517 747 810 801; x_wconf 87' lang='lat' dir='ltr'><strong>ricordiam</strong></span> <span class='ocrx_word' id='word_1_23' title='bbox 867 757 1329 816; x_wconf 76' lang='lat' dir='ltr'><strong>consequeretur;</strong></span> <span class='ocrx_word' id='word_1_24' title='bbox 1378 745 1491 817; x_wconf 87' lang='lat' dir='ltr'><strong>jam</strong></span> <span class='ocrx_word' id='word_1_25' title='bbox 1541 754 1883 815; x_wconf 69' lang='lat' dir='ltr'><strong>congrueret,</strong></span> <span class='ocrx_word' id='word_1_26' title='bbox 1932 751 1990 797; x_wconf 87' lang='lat' dir='ltr'><strong>ut</strong></span> <span class='ocrx_word' id='word_1_27' title='bbox 2029 742 2094 801; x_wconf 87' lang='lat' dir='ltr'><strong>de</strong></span> 
     </span>
    </p>
   </div>
   <div class='ocr_carea' id='block_1_6' title="bbox 512 833 2090 906">
    <p class='ocr_par' dir='ltr' id='par_1_6' title="bbox 512 833 2090 906">
     <span class='ocr_line' id='line_1_6' title="bbox 512 833 2090 906; baseline -0.003 -15"><span class='ocrx_word' id='word_1_28' title='bbox 512 837 745 894; x_wconf 84' lang='lat' dir='ltr'><strong>vinculis</strong></span> <span class='ocrx_word' id='word_1_29' title='bbox 774 845 883 892; x_wconf 87' lang='lat' dir='ltr'><strong>tam</strong></span> <span class='ocrx_word' id='word_1_30' title='bbox 915 838 1185 892; x_wconf 71' lang='lat' dir='ltr'><strong>diuturna:</strong></span> <span class='ocrx_word' id='word_1_31' title='bbox 1211 838 1482 906; x_wconf 77' lang='lat' dir='ltr'><strong>captionis</strong></span> <span class='ocrx_word' id='word_1_32' title='bbox 1509 836 1705 899; x_wconf 82' lang='lat' dir='ltr'><strong>exiret,</strong></span> <span class='ocrx_word' id='word_1_33' title='bbox 1738 844 1795 890; x_wconf 88' lang='lat' dir='ltr'><strong>et</strong></span> <span class='ocrx_word' id='word_1_34' title='bbox 1824 842 1944 904; x_wconf 88' lang='lat' dir='ltr'><strong>post</strong></span> <span class='ocrx_word' id='word_1_35' title='bbox 1971 833 2090 887; x_wconf 87' lang='lat' dir='ltr'><strong>lon-</strong></span> 
     </span>
    </p>
   </div>
   <div class='ocr_carea' id='block_1_7' title="bbox 515 926 2092 1000">
    <p class='ocr_par' dir='ltr' id='par_1_7' title="bbox 515 926 2092 1000">
     <span class='ocr_line' id='line_1_7' title="bbox 515 926 2092 1000; baseline -0.002 -19"><span class='ocrx_word' id='word_1_36' title='bbox 515 945 639 999; x_wconf 79' lang='lat' dir='ltr'><strong>gum</strong></span> <span class='ocrx_word' id='word_1_37' title='bbox 673 930 946 994; x_wconf 78' lang='lat' dir='ltr'><strong>exsilium,</strong></span> <span class='ocrx_word' id='word_1_38' title='bbox 980 930 1046 985; x_wconf 92' lang='lat' dir='ltr'><strong>ad</strong></span> <span class='ocrx_word' id='word_1_39' title='bbox 1072 929 1287 1000; x_wconf 89' lang='lat' dir='ltr'><strong>propria</strong></span> <span class='ocrx_word' id='word_1_40' title='bbox 1322 938 1610 983; x_wconf 81' lang='lat' dir='ltr'><strong>remearet.</strong></span> <span class='ocrx_word' id='word_1_41' title='bbox 1655 926 1770 982; x_wconf 84' lang='lat' dir='ltr'><strong>Non</strong></span> <span class='ocrx_word' id='word_1_42' title='bbox 1802 926 2092 983; x_wconf 87' lang='lat' dir='ltr'><strong>oblivisca-</strong></span> 
     </span>
    </p>
   </div>
   <div class='ocr_carea' id='block_1_8' title="bbox 518 1014 2097 1088">
    <p class='ocr_par' dir='ltr' id='par_1_8' title="bbox 518 1014 2097 1088">
     <span class='ocr_line' id='line_1_8' title="bbox 518 1014 2097 1088; baseline -0.004 -16"><span class='ocrx_word' id='word_1_43' title='bbox 518 1032 604 1073; x_wconf 92' lang='lat' dir='ltr'><strong>tur</strong></span> <span class='ocrx_word' id='word_1_44' title='bbox 630 1019 883 1076; x_wconf 88' lang='lat' dir='ltr'><strong>dominus</strong></span> <span class='ocrx_word' id='word_1_45' title='bbox 912 1034 1065 1074; x_wconf 88' lang='lat' dir='ltr'><strong>meus</strong></span> <span class='ocrx_word' id='word_1_46' title='bbox 1090 1020 1382 1088; x_wconf 82' lang='lat' dir='ltr'><strong>imperator</strong></span> <span class='ocrx_word' id='word_1_47' title='bbox 1405 1017 1535 1088; x_wconf 87' lang='lat' dir='ltr'><strong>quid</strong></span> <span class='ocrx_word' id='word_1_48' title='bbox 1566 1032 1660 1072; x_wconf 81' lang='lat' dir='ltr'><strong>rex</strong></span> <span class='ocrx_word' id='word_1_49' title='bbox 1706 1016 1873 1072; x_wconf 84' lang='lat' dir='ltr'><strong>David</strong></span> <span class='ocrx_word' id='word_1_50' title='bbox 1909 1014 2097 1069; x_wconf 77' lang='lat' dir='ltr'><strong>fecerit</strong></span> 
     </span>
    </p>
   </div>
   <div class='ocr_carea' id='block_1_9' title="bbox 513 1102 2092 1179">
    <p class='ocr_par' dir='ltr' id='par_1_9' title="bbox 513 1102 2092 1179">
     <span class='ocr_line' id='line_1_9' title="bbox 513 1102 2092 1179; baseline -0.004 -16"><span class='ocrx_word' id='word_1_51' title='bbox 513 1124 637 1164; x_wconf 88' lang='lat' dir='ltr'><strong>cmn</strong></span> <span class='ocrx_word' id='word_1_52' title='bbox 697 1102 908 1179; x_wconf 77' lang='lat' dir='ltr'><strong>fugeret</strong></span> <span class='ocrx_word' id='word_1_53' title='bbox 952 1124 984 1164; x_wconf 87' lang='lat' dir='ltr'><strong>a</strong></span> <span class='ocrx_word' id='word_1_54' title='bbox 1034 1109 1171 1163; x_wconf 85' lang='lat' dir='ltr'><strong>facie</strong></span> <span class='ocrx_word' id='word_1_55' title='bbox 1211 1107 1448 1163; x_wconf 80' lang='lat' dir='ltr'><strong>Absalon</strong></span> <span class='ocrx_word' id='word_1_56' title='bbox 1500 1125 1512 1161; x_wconf 93' lang='lat'>:</span> <span class='ocrx_word' id='word_1_57' title='bbox 1565 1106 1695 1177; x_wconf 88' lang='lat' dir='ltr'><strong>quia</strong></span> <span class='ocrx_word' id='word_1_58' title='bbox 1738 1106 1864 1160; x_wconf 89' lang='lat' dir='ltr'><strong>dum</strong></span> <span class='ocrx_word' id='word_1_59' title='bbox 1914 1102 2092 1158; x_wconf 86' lang='lat' dir='ltr'><strong>Semei</strong></span> 
     </span>
    </p>
   </div>
   <div class='ocr_carea' id='block_1_10' title="bbox 517 1197 2092 1270">
    <p class='ocr_par' dir='ltr' id='par_1_10' title="bbox 517 1197 2092 1270">
     <span class='ocr_line' id='line_1_10' title="bbox 517 1197 2092 1270; baseline -0.004 -16"><span class='ocrx_word' id='word_1_60' title='bbox 517 1201 782 1257; x_wconf 86' lang='lat' dir='ltr'><strong>adversus</strong></span> <span class='ocrx_word' id='word_1_61' title='bbox 804 1216 929 1257; x_wconf 89' lang='lat' dir='ltr'><strong>eum</strong></span> <span class='ocrx_word' id='word_1_62' title='bbox 958 1200 1161 1270; x_wconf 83' lang='lat' dir='ltr'><strong>lapides</strong></span> <span class='ocrx_word' id='word_1_63' title='bbox 1188 1200 1448 1262; x_wconf 80' lang='lat' dir='ltr'><strong>mitteret,</strong></span> <span class='ocrx_word' id='word_1_64' title='bbox 1472 1199 1687 1254; x_wconf 91' lang='lat' dir='ltr'><strong>duriora</strong></span> <span class='ocrx_word' id='word_1_65' title='bbox 1715 1197 1877 1252; x_wconf 90' lang='lat' dir='ltr'><strong>etiam</strong></span> <span class='ocrx_word' id='word_1_66' title='bbox 1905 1205 2092 1250; x_wconf 84' lang='lat' dir='ltr'><strong>contra</strong></span> 
     </span>
    </p>
   </div>
   <div class='ocr_carea' id='block_1_11' title="bbox 516 1274 2090 1361">
    <p class='ocr_par' dir='ltr' id='par_1_11' title="bbox 516 1274 2090 1361">
     <span class='ocr_line' id='line_1_11' title="bbox 516 1274 2090 1361; baseline -0.004 -17"><span class='ocrx_word' id='word_1_67' title='bbox 516 1308 698 1359; x_wconf 75' lang='lat' dir='ltr'><strong>regem</strong></span> <span class='ocrx_word' id='word_1_68' title='bbox 751 1274 1150 1348; x_wconf 84' lang='lat' dir='ltr'><strong>maledictionis</strong></span> <span class='ocrx_word' id='word_1_69' title='bbox 1191 1290 1369 1361; x_wconf 86' lang='lat' dir='ltr'><strong>jacula</strong></span> <span class='ocrx_word' id='word_1_70' title='bbox 1416 1282 1791 1359; x_wconf 81' lang='lat' dir='ltr'><strong>intorqueret,</strong></span> <span class='ocrx_word' id='word_1_71' title='bbox 1838 1285 2025 1341; x_wconf 91' lang='lat' dir='ltr'><strong>dicens</strong></span> <span class='ocrx_word' id='word_1_72' title='bbox 2077 1303 2090 1337; x_wconf 91' lang='lat'><strong>:</strong></span> 
     </span>
    </p>
   </div>
   <div class='ocr_carea' id='block_1_12' title="bbox 519 1375 2095 1454">
    <p class='ocr_par' dir='ltr' id='par_1_12' title="bbox 519 1375 2095 1454">
     <span class='ocr_line' id='line_1_12' title="bbox 519 1375 2095 1454; baseline -0.005 -18"><span class='ocrx_word' id='word_1_73' title='bbox 519 1401 537 1431; x_wconf 80' lang='grc' dir='ltr'><strong>ι</strong></span> <span class='ocrx_word' id='word_1_74' title='bbox 576 1383 867 1453; x_wconf 69' lang='lat' dir='ltr'><strong>Egredere,</strong></span> <span class='ocrx_word' id='word_1_75' title='bbox 904 1383 1185 1454; x_wconf 81' lang='lat' dir='ltr'><strong>egredere,</strong></span> <span class='ocrx_word' id='word_1_76' title='bbox 1212 1381 1295 1434; x_wconf 89' lang='lat' dir='ltr'><strong>vir</strong></span> <span class='ocrx_word' id='word_1_77' title='bbox 1327 1381 1650 1451; x_wconf 83' lang='lat' dir='ltr'><strong>sanguiuum</strong></span> <span class='ocrx_word' id='word_1_78' title='bbox 1696 1387 1752 1433; x_wconf 90' lang='lat' dir='ltr'><strong>et</strong></span> <span class='ocrx_word' id='word_1_79' title='bbox 1801 1378 1886 1432; x_wconf 90' lang='lat' dir='ltr'><strong>vir</strong></span> <span class='ocrx_word' id='word_1_80' title='bbox 1931 1375 2095 1431; x_wconf 78' lang='lat' dir='ltr'><strong>Belial</strong></span> 
     </span>
    </p>
   </div>
   <div class='ocr_carea' id='block_1_13' title="bbox 1053 350 3273 413">
    <p class='ocr_par' dir='ltr' id='par_1_13' title="bbox 1053 350 3273 413">
     <span class='ocr_line' id='line_1_13' title="bbox 1053 350 3273 413; baseline -0.002 -2"><span class='ocrx_word' id='word_1_81' title='bbox 1053 355 1110 412; x_wconf 90' lang='lat' dir='ltr'><strong>S.</strong></span> <span class='ocrx_word' id='word_1_82' title='bbox 1151 353 1355 411; x_wconf 70' lang='lat' dir='ltr'><strong>PETRI</strong></span> <span class='ocrx_word' id='word_1_83' title='bbox 1395 352 1677 411; x_wconf 63' lang='lat' dir='ltr'><strong>DAMMNI</strong></span> <span class='ocrx_word' id='word_1_84' title='bbox 1717 354 1865 413; x_wconf 81' lang='lat' dir='ltr'><strong>OPP.</strong></span> <span class='ocrx_word' id='word_1_85' title='bbox 1910 353 2086 410; x_wconf 71' lang='lat' dir='ltr'><strong>PARS</strong></span> <span class='ocrx_word' id='word_1_86' title='bbox 2114 351 2241 409; x_wconf 86' lang='lat' dir='ltr'><strong>SEU</strong></span> <span class='ocrx_word' id='word_1_87' title='bbox 2283 350 2516 410; x_wconf 80' lang='lat' dir='ltr'><strong>TOMUS</strong></span> <span class='ocrx_word' id='word_1_88' title='bbox 2557 351 2594 409; x_wconf 88' lang='lat' dir='ltr'><strong>l.</strong></span> <span class='ocrx_word' id='word_1_89' title='bbox 2628 381 2695 393; x_wconf 87' lang='lat'><em>-</em></span> <span class='ocrx_word' id='word_1_90' title='bbox 2734 350 2950 409; x_wconf 80' lang='lat' dir='ltr'><strong>EPIST.</strong></span> <span class='ocrx_word' id='word_1_91' title='bbox 2976 351 3102 407; x_wconf 85' lang='lat' dir='ltr'><strong>LIB.</strong></span> <span class='ocrx_word' id='word_1_92' title='bbox 3148 350 3273 407; x_wconf 75' lang='lat' dir='ltr'><strong>Vlll.</strong></span> 
     </span>
    </p>
   </div>
   <div class='ocr_carea' id='block_1_14' title="bbox 518 461 2163 540">
    <p class='ocr_par' dir='ltr' id='par_1_14' title="bbox 518 461 2163 540">
     <span class='ocr_line' id='line_1_14' title="bbox 518 461 2163 540; baseline -0.001 -17"><span class='ocrx_word' id='word_1_93' title='bbox 518 461 771 540; x_wconf 76' lang='lat' dir='ltr'><strong>pretator</strong></span> <span class='ocrx_word' id='word_1_94' title='bbox 821 470 1117 525; x_wconf 72' lang='lat' dir='ltr'><strong>tnona&#39;hus</strong></span> <span class='ocrx_word' id='word_1_95' title='bbox 1165 471 1356 526; x_wconf 72' lang='lat' dir='ltr'><strong>debita:</strong></span> <span class='ocrx_word' id='word_1_96' title='bbox 1406 462 1692 526; x_wconf 81' lang='lat' dir='ltr'><strong>servitutis</strong></span> <span class='ocrx_word' id='word_1_97' title='bbox 1749 468 2086 539; x_wconf 89' lang='lat' dir='ltr'><strong>obsequium.</strong></span> <span class='ocrx_word' id='word_1_98' title='bbox 2123 474 2163 532; x_wconf 75' lang='grc' dir='ltr'><strong>Α</strong></span> 
     </span>
    </p>
   </div>
   <div class='ocr_carea' id='block_1_15' title="bbox 3661 349 3762 404">
    <p class='ocr_par' dir='ltr' id='par_1_15' title="bbox 3661 349 3762 404">
     <span class='ocr_line' id='line_1_15' title="bbox 3661 349 3762 404; baseline 0 0"><span class='ocrx_word' id='word_1_99' title='bbox 3661 349 3762 404; x_wconf 69' lang='grc' dir='ltr'><strong>ιὸῦ</strong></span> 
     </span>
    </p>
   </div>
   <div class='ocr_carea' id='block_1_16' title="bbox 2674 485 3296 561">
    <p class='ocr_par' dir='ltr' id='par_1_16' title="bbox 2674 485 3296 561">
     <span class='ocr_line' id='line_1_16' title="bbox 2674 485 3296 561; baseline -0.005 -17"><span class='ocrx_word' id='word_1_100' title='bbox 2674 486 2830 561; x_wconf 67' lang='grc'><strong>241</strong></span> <span class='ocrx_word' id='word_1_101' title='bbox 2872 485 3203 545; x_wconf 77' lang='lat' dir='ltr'><strong>EPISTULA</strong></span> <span class='ocrx_word' id='word_1_102' title='bbox 3237 486 3296 543; x_wconf 87' lang='grc' dir='ltr'>ιι.</span> 
     </span>
    </p>
   </div>
   <div class='ocr_carea' id='block_1_17' title="bbox 2406 613 3540 657">
    <p class='ocr_par' dir='ltr' id='par_1_17' title="bbox 2406 613 3540 657">
     <span class='ocr_line' id='line_1_17' title="bbox 2406 613 3540 657; baseline -0.002 -2"><span class='ocrx_word' id='word_1_103' title='bbox 2406 616 2474 655; x_wconf 69' lang='grc' dir='ltr'><strong>ΑΒ</strong></span> <span class='ocrx_word' id='word_1_104' title='bbox 2510 615 2725 655; x_wconf 65' lang='grc' dir='ltr'><strong>ευυοειι</strong></span> <span class='ocrx_word' id='word_1_105' title='bbox 2777 615 3049 657; x_wconf 75' lang='lat' dir='ltr'><strong>BENBICUI‘</strong></span> <span class='ocrx_word' id='word_1_106' title='bbox 3083 616 3121 654; x_wconf 81' lang='lat' dir='ltr'><strong>ll</strong></span> <span class='ocrx_word' id='word_1_107' title='bbox 3161 613 3540 655; x_wconf 67' lang='grc' dir='ltr'><strong>ΙΙΡΕΒΛΤιὶιεΙ</strong></span> 
     </span>
    </p>
   </div>
   <div class='ocr_carea' id='block_1_18' title="bbox 2195 733 3762 804">
    <p class='ocr_par' dir='ltr' id='par_1_18' title="bbox 2195 733 3762 804">
     <span class='ocr_line' id='line_1_18' title="bbox 2195 733 3762 804; baseline -0.001 -15"><span class='ocrx_word' id='word_1_108' title='bbox 2195 735 2589 790; x_wconf 72' lang='lat' dir='ltr'><strong>Aacuussrun.</strong></span> <span class='ocrx_word' id='word_1_109' title='bbox 2623 766 2689 775; x_wconf 95' lang='lat'><strong>—</strong></span> <span class='ocrx_word' id='word_1_110' title='bbox 2718 735 3064 791; x_wconf 83' lang='lat' dir='ltr'><strong>Commendat</strong></span> <span class='ocrx_word' id='word_1_111' title='bbox 3112 733 3352 804; x_wconf 74' lang='lat' dir='ltr'><strong>ejusdem</strong></span> <span class='ocrx_word' id='word_1_112' title='bbox 3405 734 3618 789; x_wconf 85' lang='lat' dir='ltr'><strong>llenrici</strong></span> <span class='ocrx_word' id='word_1_113' title='bbox 3660 735 3762 789; x_wconf 67' lang='grc' dir='ltr'><strong>νὴ·</strong></span> 
     </span>
    </p>
   </div>
   <div class='ocr_carea' id='block_1_19' title="bbox 2265 805 3764 876">
    <p class='ocr_par' dir='ltr' id='par_1_19' title="bbox 2265 805 3764 876">
     <span class='ocr_line' id='line_1_19' title="bbox 2265 805 3764 876; baseline -0.001 -17"><span class='ocrx_word' id='word_1_114' title='bbox 2265 813 2404 861; x_wconf 82' lang='lat' dir='ltr'><strong>tutes</strong></span> <span class='ocrx_word' id='word_1_115' title='bbox 2432 847 2445 869; x_wconf 94' lang='lat'><strong>,</strong></span> <span class='ocrx_word' id='word_1_116' title='bbox 2496 806 2750 876; x_wconf 84' lang='lat' dir='ltr'><strong>pietatem</strong></span> <span class='ocrx_word' id='word_1_117' title='bbox 2799 806 3070 875; x_wconf 66' lang='lat' dir='ltr'><strong>praecipue</strong></span> <span class='ocrx_word' id='word_1_118' title='bbox 3102 815 3159 860; x_wconf 91' lang='lat' dir='ltr'><strong>et</strong></span> <span class='ocrx_word' id='word_1_119' title='bbox 3212 807 3451 861; x_wconf 82' lang='lat' dir='ltr'><strong>studium</strong></span> <span class='ocrx_word' id='word_1_120' title='bbox 3503 805 3764 876; x_wconf 72' lang='lat' dir='ltr'><strong>religionis</strong></span> 
     </span>
    </p>
   </div>
   <div class='ocr_carea' id='block_1_20' title="bbox 2269 875 3762 958">
    <p class='ocr_par' dir='ltr' id='par_1_20' title="bbox 2269 875 3762 958">
     <span class='ocr_line' id='line_1_20' title="bbox 2269 875 3762 958; baseline -0.001 -28"><span class='ocrx_word' id='word_1_121' title='bbox 2269 875 2504 958; x_wconf 50' lang='lat' dir='ltr'><strong>“meridie,</strong></span> <span class='ocrx_word' id='word_1_122' title='bbox 2530 877 2675 958; x_wconf 81' lang='lat' dir='ltr'><strong>quod</strong></span> <span class='ocrx_word' id='word_1_123' title='bbox 2692 875 3044 958; x_wconf 42' lang='lat' dir='ltr'><strong>.Wiqnerium</strong></span> <span class='ocrx_word' id='word_1_124' title='bbox 3076 877 3367 958; x_wconf 72' lang='lat' dir='ltr'><strong>barbarum</strong></span> <span class='ocrx_word' id='word_1_125' title='bbox 3383 875 3674 958; x_wconf 52' lang='lat' dir='ltr'><strong>hominem</strong></span> <span class='ocrx_word' id='word_1_126' title='bbox 3701 890 3762 957; x_wconf 74' lang='lat' dir='ltr'><strong>ex</strong></span> 
     </span>
    </p>
   </div>
   <div class='ocr_carea' id='block_1_21' title="bbox 2266 945 3765 1015">
    <p class='ocr_par' dir='ltr' id='par_1_21' title="bbox 2266 945 3765 1015">
     <span class='ocr_line' id='line_1_21' title="bbox 2266 945 3765 1015; baseline -0.001 -14"><span class='ocrx_word' id='word_1_127' title='bbox 2266 945 2564 1001; x_wconf 82' lang='lat' dir='ltr'><strong>Ravennati</strong></span> <span class='ocrx_word' id='word_1_128' title='bbox 2594 945 3081 1015; x_wconf 87' lang='lat' dir='ltr'><strong>archiepiscopattt,</strong></span> <span class='ocrx_word' id='word_1_129' title='bbox 3104 960 3265 1015; x_wconf 88' lang='lat' dir='ltr'><strong>quem</strong></span> <span class='ocrx_word' id='word_1_130' title='bbox 3295 946 3394 999; x_wconf 86' lang='lat' dir='ltr'><strong>sibi</strong></span> <span class='ocrx_word' id='word_1_131' title='bbox 3422 945 3561 1015; x_wconf 86' lang='lat' dir='ltr'><strong>male</strong></span> <span class='ocrx_word' id='word_1_132' title='bbox 3589 946 3765 1013; x_wconf 81' lang='lat' dir='ltr'><strong>acqui-</strong></span> 
     </span>
    </p>
   </div>
   <div class='ocr_carea' id='block_1_22' title="bbox 2266 1014 3763 1086">
    <p class='ocr_par' dir='ltr' id='par_1_22' title="bbox 2266 1014 3763 1086">
     <span class='ocr_line' id='line_1_22' title="bbox 2266 1014 3763 1086; baseline -0.003 -14"><span class='ocrx_word' id='word_1_133' title='bbox 2266 1017 2448 1080; x_wconf 88' lang='lat' dir='ltr'><strong>sierat,</strong></span> <span class='ocrx_word' id='word_1_134' title='bbox 2472 1014 2625 1086; x_wconf 81' lang='lat' dir='ltr'><strong>pejus</strong></span> <span class='ocrx_word' id='word_1_135' title='bbox 2655 1014 2832 1070; x_wconf 82' lang='lat' dir='ltr'><strong>tamen</strong></span> <span class='ocrx_word' id='word_1_136' title='bbox 2867 1014 3155 1086; x_wconf 61' lang='lat' dir='ltr'><strong>retinebat,</strong></span> <span class='ocrx_word' id='word_1_137' title='bbox 3178 1016 3465 1086; x_wconf 79' lang='lat' dir='ltr'><strong>expulerit.</strong></span> <span class='ocrx_word' id='word_1_138' title='bbox 3496 1014 3763 1077; x_wconf 74' lang='lat' dir='ltr'><strong>Hortatur,</strong></span> 
     </span>
    </p>
   </div>
   <div class='ocr_carea' id='block_1_23' title="bbox 2267 1085 3766 1168">
    <p class='ocr_par' dir='ltr' id='par_1_23' title="bbox 2267 1085 3766 1168">
     <span class='ocr_line' id='line_1_23' title="bbox 2267 1085 3766 1168; baseline -0.003 -26"><span class='ocrx_word' id='word_1_139' title='bbox 2267 1101 2334 1168; x_wconf 69' lang='lat' dir='ltr'><strong>tte</strong></span> <span class='ocrx_word' id='word_1_140' title='bbox 2383 1085 2630 1168; x_wconf 71' lang='lat' dir='ltr'><strong>eumdem</strong></span> <span class='ocrx_word' id='word_1_141' title='bbox 2676 1086 2968 1168; x_wconf 68' lang='lat' dir='ltr'><strong>hominem,</strong></span> <span class='ocrx_word' id='word_1_142' title='bbox 3017 1085 3084 1168; x_wconf 67' lang='lat' dir='ltr'><strong>ad</strong></span> <span class='ocrx_word' id='word_1_143' title='bbox 3128 1101 3266 1168; x_wconf 45' lang='lat' dir='ltr'><strong>eam.</strong></span> <span class='ocrx_word' id='word_1_144' title='bbox 3296 1085 3640 1168; x_wconf 63' lang='lat' dir='ltr'><strong>dignitatem.</strong></span> <span class='ocrx_word' id='word_1_145' title='bbox 3668 1099 3766 1168; x_wconf 78' lang='lat' dir='ltr'><strong>qua</strong></span> 
     </span>
    </p>
   </div>
   <div class='ocr_carea' id='block_1_24' title="bbox 2260 1154 3769 1226">
    <p class='ocr_par' dir='ltr' id='par_1_24' title="bbox 2260 1154 3769 1226">
     <span class='ocr_line' id='line_1_24' title="bbox 2260 1154 3769 1226; baseline -0.003 -14"><span class='ocrx_word' id='word_1_146' title='bbox 2260 1155 2406 1225; x_wconf 73' lang='lat' dir='ltr'><strong>iuste</strong></span> <span class='ocrx_word' id='word_1_147' title='bbox 2436 1158 2680 1226; x_wconf 85' lang='lat' dir='ltr'><strong>privatus</strong></span> <span class='ocrx_word' id='word_1_148' title='bbox 2708 1154 2911 1222; x_wconf 80' lang='lat' dir='ltr'><strong>fuerat,</strong></span> <span class='ocrx_word' id='word_1_149' title='bbox 2940 1156 3117 1212; x_wconf 86' lang='lat' dir='ltr'><strong>redi-re</strong></span> <span class='ocrx_word' id='word_1_150' title='bbox 3143 1154 3453 1211; x_wconf 77' lang='lat' dir='ltr'><strong>molientem</strong></span> <span class='ocrx_word' id='word_1_151' title='bbox 3490 1155 3599 1210; x_wconf 90' lang='lat' dir='ltr'><strong>ullo</strong></span> <span class='ocrx_word' id='word_1_152' title='bbox 3624 1165 3769 1214; x_wconf 76' lang='lat' dir='ltr'><strong>nacte</strong></span> 
     </span>
    </p>
   </div>
   <div class='ocr_carea' id='block_1_25' title="bbox 2268 1229 2993 1298">
    <p class='ocr_par' dir='ltr' id='par_1_25' title="bbox 2268 1229 2993 1298">
     <span class='ocr_line' id='line_1_25' title="bbox 2268 1229 2993 1298; baseline -0.015 -14"><span class='ocrx_word' id='word_1_153' title='bbox 2268 1229 2523 1298; x_wconf 86' lang='lat' dir='ltr'><strong>patiatur.</strong></span> <span class='ocrx_word' id='word_1_154' title='bbox 2984 1262 2993 1273; x_wconf 92' lang='lat'><strong>.</strong></span> 
     </span>
    </p>
   </div>
   <div class='ocr_carea' id='block_1_26' title="bbox 2271 1346 3775 1429">
    <p class='ocr_par' dir='ltr' id='par_1_26' title="bbox 2271 1346 3775 1429">
     <span class='ocr_line' id='line_1_26' title="bbox 2271 1346 3775 1429; baseline -0.001 -14"><span class='ocrx_word' id='word_1_155' title='bbox 2271 1346 2476 1415; x_wconf 81' lang='lat' dir='ltr'><strong>Dotnuo</strong></span> <span class='ocrx_word' id='word_1_156' title='bbox 2522 1358 2761 1415; x_wconf 73' lang='lat' dir='ltr'><strong>llenmco</strong></span> <span class='ocrx_word' id='word_1_157' title='bbox 2799 1352 3154 1414; x_wconf 80' lang='lat' dir='ltr'><strong>invictissimo</strong></span> <span class='ocrx_word' id='word_1_158' title='bbox 3200 1359 3535 1429; x_wconf 79' lang='lat' dir='ltr'><strong>imperatori.</strong></span> <span class='ocrx_word' id='word_1_159' title='bbox 3565 1358 3775 1415; x_wconf 71' lang='lat' dir='ltr'><strong>Penus</strong></span> 
     </span>
    </p>
   </div>
   <div class='ocr_carea' id='block_1_27' title="bbox 515 1451 2103 1545">
    <p class='ocr_par' dir='ltr' id='par_1_27' title="bbox 515 1451 2099 1545">
     <span class='ocr_line' id='line_1_27' title="bbox 515 1451 2099 1545; baseline -0.004 -17"><span class='ocrx_word' id='word_1_160' title='bbox 515 1473 600 1544; x_wconf 87' lang='lat' dir='ltr'><strong>(ll</strong></span> <span class='ocrx_word' id='word_1_161' title='bbox 630 1451 778 1545; x_wconf 61' lang='grc' dir='ltr'><strong>περ.</strong></span> <span class='ocrx_word' id='word_1_162' title='bbox 812 1451 980 1545; x_wconf 29' lang='grc' dir='ltr'><strong>μήτε</strong></span> <span class='ocrx_word' id='word_1_163' title='bbox 1018 1493 1035 1525; x_wconf 72' lang='grc' dir='ltr'><strong>ι</strong></span> <span class='ocrx_word' id='word_1_164' title='bbox 1079 1472 1168 1527; x_wconf 89' lang='lat' dir='ltr'><strong>ille</strong></span> <span class='ocrx_word' id='word_1_165' title='bbox 1198 1488 1319 1527; x_wconf 92' lang='lat' dir='ltr'><strong>cum</strong></span> <span class='ocrx_word' id='word_1_166' title='bbox 1366 1480 1474 1526; x_wconf 90' lang='lat' dir='ltr'><strong>tam</strong></span> <span class='ocrx_word' id='word_1_167' title='bbox 1516 1468 1828 1526; x_wconf 81' lang='lat' dir='ltr'><strong>fortissimis</strong></span> <span class='ocrx_word' id='word_1_168' title='bbox 1871 1467 2099 1524; x_wconf 84' lang='lat' dir='ltr'><strong>bellato-</strong></span> 
     </span>
    </p>
   </div>
   <div class='ocr_carea' id='block_1_28' title="bbox 2219 1451 3674 1545">
    <p class='ocr_par' dir='ltr' id='par_1_28' title="bbox 2219 1451 3674 1522">
     <span class='ocr_line' id='line_1_28' title="bbox 2219 1451 3674 1522; baseline -0.001 -17"><span class='ocrx_word' id='word_1_169' title='bbox 2219 1460 2451 1507; x_wconf 73' lang='lat' dir='ltr'><strong>teccator</strong></span> <span class='ocrx_word' id='word_1_170' title='bbox 2477 1451 2778 1507; x_wconf 83' lang='lat' dir='ltr'><strong>monachus</strong></span> <span class='ocrx_word' id='word_1_171' title='bbox 2807 1451 3003 1506; x_wconf 63' lang='lat' dir='ltr'><strong>debitae</strong></span> <span class='ocrx_word' id='word_1_172' title='bbox 3028 1451 3307 1506; x_wconf 78' lang='lat' dir='ltr'><strong>servitutis</strong></span> <span class='ocrx_word' id='word_1_173' title='bbox 3328 1451 3674 1522; x_wconf 84' lang='lat' dir='ltr'><strong>obsequium.</strong></span> 
     </span>
    </p>
   </div>
   <div class='ocr_carea' id='block_1_29' title="bbox 518 1559 2095 1633">
    <p class='ocr_par' dir='ltr' id='par_1_29' title="bbox 518 1559 2095 1633">
     <span class='ocr_line' id='line_1_29' title="bbox 518 1559 2095 1633; baseline -0.004 -15"><span class='ocrx_word' id='word_1_174' title='bbox 518 1580 635 1618; x_wconf 90' lang='lat' dir='ltr'><strong>rum</strong></span> <span class='ocrx_word' id='word_1_175' title='bbox 662 1564 850 1620; x_wconf 89' lang='lat' dir='ltr'><strong>cuneis</strong></span> <span class='ocrx_word' id='word_1_176' title='bbox 871 1563 1228 1633; x_wconf 88' lang='lat' dir='ltr'><strong>constipatus,</strong></span> <span class='ocrx_word' id='word_1_177' title='bbox 1276 1562 1575 1626; x_wconf 89' lang='lat' dir='ltr'><strong>incederet,</strong></span> <span class='ocrx_word' id='word_1_178' title='bbox 1621 1576 1725 1615; x_wconf 90' lang='lat' dir='ltr'><strong>non</strong></span> <span class='ocrx_word' id='word_1_179' title='bbox 1758 1559 1930 1615; x_wconf 91' lang='lat' dir='ltr'><strong>solum</strong></span> <span class='ocrx_word' id='word_1_180' title='bbox 1972 1574 2095 1613; x_wconf 90' lang='lat' dir='ltr'><strong>eum</strong></span> 
     </span>
    </p>
   </div>
   <div class='ocr_carea' id='block_1_30' title="bbox 515 1650 2096 1717">
    <p class='ocr_par' dir='ltr' id='par_1_30' title="bbox 515 1650 2096 1717">
     <span class='ocr_line' id='line_1_30' title="bbox 515 1650 2096 1717; baseline -0.005 -6"><span class='ocrx_word' id='word_1_181' title='bbox 515 1672 624 1711; x_wconf 91' lang='lat' dir='ltr'><strong>non</strong></span> <span class='ocrx_word' id='word_1_182' title='bbox 660 1656 880 1717; x_wconf 88' lang='lat' dir='ltr'><strong>occidit,</strong></span> <span class='ocrx_word' id='word_1_183' title='bbox 913 1655 1009 1710; x_wconf 83' lang='lat' dir='ltr'><strong>sed</strong></span> <span class='ocrx_word' id='word_1_184' title='bbox 1033 1655 1197 1709; x_wconf 87' lang='lat' dir='ltr'><strong>etiam</strong></span> <span class='ocrx_word' id='word_1_185' title='bbox 1228 1653 1410 1709; x_wconf 78' lang='lat' dir='ltr'><strong>Abisai</strong></span> <span class='ocrx_word' id='word_1_186' title='bbox 1446 1653 1591 1707; x_wconf 89' lang='lat' dir='ltr'><strong>illum</strong></span> <span class='ocrx_word' id='word_1_187' title='bbox 1637 1652 1906 1706; x_wconf 86' lang='lat' dir='ltr'><strong>volentem</strong></span> <span class='ocrx_word' id='word_1_188' title='bbox 1945 1650 2096 1704; x_wconf 86' lang='lat' dir='ltr'><strong>occi-</strong></span> 
     </span>
    </p>
   </div>
   <div class='ocr_carea' id='block_1_31' title="bbox 517 1739 2099 1818">
    <p class='ocr_par' dir='ltr' id='par_1_31' title="bbox 517 1739 2099 1818">
     <span class='ocr_line' id='line_1_31' title="bbox 517 1739 2099 1818; baseline -0.004 -18"><span class='ocrx_word' id='word_1_189' title='bbox 517 1749 648 1802; x_wconf 82' lang='lat' dir='ltr'><strong>dote</strong></span> <span class='ocrx_word' id='word_1_190' title='bbox 694 1747 994 1818; x_wconf 84' lang='lat' dir='ltr'><strong>asperrime</strong></span> <span class='ocrx_word' id='word_1_191' title='bbox 1036 1745 1318 1814; x_wconf 75' lang='lat' dir='ltr'><strong>corripuit,</strong></span> <span class='ocrx_word' id='word_1_192' title='bbox 1369 1744 1556 1798; x_wconf 88' lang='lat' dir='ltr'><strong>dicens</strong></span> <span class='ocrx_word' id='word_1_193' title='bbox 1590 1761 1602 1795; x_wconf 86' lang='lat'><strong>:</strong></span> <span class='ocrx_word' id='word_1_194' title='bbox 1642 1760 1661 1793; x_wconf 76' lang='grc' dir='ltr'><strong>ι</strong></span> <span class='ocrx_word' id='word_1_195' title='bbox 1691 1740 1831 1808; x_wconf 87' lang='lat' dir='ltr'><strong>Quid</strong></span> <span class='ocrx_word' id='word_1_196' title='bbox 1874 1739 2005 1796; x_wconf 90' lang='lat' dir='ltr'><strong>mihi</strong></span> <span class='ocrx_word' id='word_1_197' title='bbox 2042 1747 2099 1794; x_wconf 91' lang='lat' dir='ltr'><strong>et</strong></span> 
     </span>
    </p>
   </div>
   <div class='ocr_carea' id='block_1_32' title="bbox 2267 1540 3777 1613">
    <p class='ocr_par' dir='ltr' id='par_1_32' title="bbox 2267 1540 3777 1613">
     <span class='ocr_line' id='line_1_32' title="bbox 2267 1540 3777 1613; baseline -0.001 -17"><span class='ocrx_word' id='word_1_198' title='bbox 2267 1541 2565 1597; x_wconf 83' lang='lat' dir='ltr'><strong>immensas</strong></span> <span class='ocrx_word' id='word_1_199' title='bbox 2596 1540 2781 1597; x_wconf 85' lang='lat' dir='ltr'><strong>Iaudes</strong></span> <span class='ocrx_word' id='word_1_200' title='bbox 2826 1540 2960 1612; x_wconf 79' lang='lat' dir='ltr'><strong>Regi</strong></span> <span class='ocrx_word' id='word_1_201' title='bbox 3012 1557 3198 1613; x_wconf 80' lang='lat' dir='ltr'><strong>regum</strong></span> <span class='ocrx_word' id='word_1_202' title='bbox 3228 1543 3444 1598; x_wconf 79' lang='lat' dir='ltr'><strong>Christo</strong></span> <span class='ocrx_word' id='word_1_203' title='bbox 3472 1542 3777 1606; x_wconf 75' lang='lat' dir='ltr'><strong>referimus,</strong></span> 
     </span>
    </p>
   </div>
   <div class='ocr_carea' id='block_1_33' title="bbox 2197 1632 3774 1703">
    <p class='ocr_par' dir='ltr' id='par_1_33' title="bbox 2197 1632 3774 1703">
     <span class='ocr_line' id='line_1_33' title="bbox 2197 1632 3774 1703; baseline -0.002 -15"><span class='ocrx_word' id='word_1_204' title='bbox 2197 1632 2322 1703; x_wconf 86' lang='lat' dir='ltr'><strong>quia</strong></span> <span class='ocrx_word' id='word_1_205' title='bbox 2356 1634 2698 1689; x_wconf 85' lang='lat' dir='ltr'><strong>sanctitatem</strong></span> <span class='ocrx_word' id='word_1_206' title='bbox 2720 1640 2774 1688; x_wconf 91' lang='lat' dir='ltr'><strong>et</strong></span> <span class='ocrx_word' id='word_1_207' title='bbox 2800 1632 3057 1688; x_wconf 87' lang='lat' dir='ltr'><strong>virtutmn</strong></span> <span class='ocrx_word' id='word_1_208' title='bbox 3085 1634 3246 1700; x_wconf 89' lang='lat' dir='ltr'><strong>dona,</strong></span> <span class='ocrx_word' id='word_1_209' title='bbox 3277 1649 3397 1703; x_wconf 73' lang='lat' dir='ltr'><strong>quae</strong></span> <span class='ocrx_word' id='word_1_210' title='bbox 3425 1634 3612 1687; x_wconf 78' lang='lat' dir='ltr'><strong>multis</strong></span> <span class='ocrx_word' id='word_1_211' title='bbox 3640 1632 3774 1686; x_wconf 82' lang='lat' dir='ltr'><strong>refe-</strong></span> 
     </span>
    </p>
   </div>
   <div class='ocr_carea' id='block_1_34' title="bbox 2200 1721 3777 1795">
    <p class='ocr_par' dir='ltr' id='par_1_34' title="bbox 2200 1721 3777 1795">
     <span class='ocr_line' id='line_1_34' title="bbox 2200 1721 3777 1795; baseline -0.003 -15"><span class='ocrx_word' id='word_1_212' title='bbox 2200 1724 2443 1780; x_wconf 76' lang='lat' dir='ltr'><strong>rentibus</strong></span> <span class='ocrx_word' id='word_1_213' title='bbox 2484 1724 2552 1779; x_wconf 84' lang='lat' dir='ltr'><strong>de</strong></span> <span class='ocrx_word' id='word_1_214' title='bbox 2596 1724 2743 1795; x_wconf 77' lang='lat' dir='ltr'><strong>regia</strong></span> <span class='ocrx_word' id='word_1_215' title='bbox 2792 1723 3072 1795; x_wconf 81' lang='lat' dir='ltr'><strong>majestate</strong></span> <span class='ocrx_word' id='word_1_216' title='bbox 3118 1723 3489 1795; x_wconf 75' lang='lat' dir='ltr'><strong>cognovimus,</strong></span> <span class='ocrx_word' id='word_1_217' title='bbox 3526 1721 3642 1790; x_wconf 83' lang='lat' dir='ltr'><strong>jam</strong></span> <span class='ocrx_word' id='word_1_218' title='bbox 3677 1739 3777 1776; x_wconf 84' lang='lat' dir='ltr'><strong>non</strong></span> 
     </span>
    </p>
   </div>
   <div class='ocr_carea' id='block_1_35' title="bbox 515 1810 2103 1902">
    <p class='ocr_par' dir='ltr' id='par_1_35' title="bbox 515 1810 2090 1902">
     <span class='ocr_line' id='line_1_35' title="bbox 515 1810 2090 1902; baseline -0.004 -10"><span class='ocrx_word' id='word_1_219' title='bbox 515 1839 688 1902; x_wconf 86' lang='lat' dir='ltr'><strong>vobis,</strong></span> <span class='ocrx_word' id='word_1_220' title='bbox 718 1810 1065 1895; x_wconf 74' lang='lat' dir='ltr'><strong>iiliiSarviae?</strong></span> <span class='ocrx_word' id='word_1_221' title='bbox 1096 1810 1521 1898; x_wconf 76' lang='lat' dir='ltr'><strong>Dimittiteeum,</strong></span> <span class='ocrx_word' id='word_1_222' title='bbox 1541 1843 1598 1889; x_wconf 91' lang='lat' dir='ltr'><strong>ut</strong></span> <span class='ocrx_word' id='word_1_223' title='bbox 1626 1832 1913 1888; x_wconf 70' lang='lat' dir='ltr'><strong>maledicat</strong></span> <span class='ocrx_word' id='word_1_224' title='bbox 1940 1831 2090 1886; x_wconf 92' lang='lat' dir='ltr'><strong>mihi.</strong></span> 
     </span>
    </p>
   </div>
   <div class='ocr_carea' id='block_1_36' title="bbox 2219 1810 3779 1902">
    <p class='ocr_par' dir='ltr' id='par_1_36' title="bbox 2219 1810 3779 1885">
     <span class='ocr_line' id='line_1_36' title="bbox 2219 1810 3779 1885; baseline -0.004 -14"><span class='ocrx_word' id='word_1_225' title='bbox 2219 1815 2412 1880; x_wconf 64' lang='lat' dir='ltr'><strong>verbis,</strong></span> <span class='ocrx_word' id='word_1_226' title='bbox 2469 1815 2560 1870; x_wconf 85' lang='lat' dir='ltr'><strong>sed</strong></span> <span class='ocrx_word' id='word_1_227' title='bbox 2607 1815 2745 1871; x_wconf 84' lang='lat' dir='ltr'><strong>vivis</strong></span> <span class='ocrx_word' id='word_1_228' title='bbox 2789 1815 3044 1885; x_wconf 83' lang='lat' dir='ltr'><strong>operibus</strong></span> <span class='ocrx_word' id='word_1_229' title='bbox 3092 1815 3473 1885; x_wconf 88' lang='lat' dir='ltr'><strong>approbamus.</strong></span> <span class='ocrx_word' id='word_1_230' title='bbox 3527 1811 3664 1866; x_wconf 77' lang='lat' dir='ltr'><strong>Nam</strong></span> <span class='ocrx_word' id='word_1_231' title='bbox 3728 1810 3779 1866; x_wconf 80' lang='lat' dir='ltr'><strong>in</strong></span> 
     </span>
    </p>
   </div>
   <div class='ocr_carea' id='block_1_37' title="bbox 522 1924 2101 2001">
    <p class='ocr_par' dir='ltr' id='par_1_37' title="bbox 522 1924 2101 2001">
     <span class='ocr_line' id='line_1_37' title="bbox 522 1924 2101 2001; baseline -0.004 -17"><span class='ocrx_word' id='word_1_232' title='bbox 522 1931 778 1987; x_wconf 90' lang='lat' dir='ltr'><strong>Dominus</strong></span> <span class='ocrx_word' id='word_1_233' title='bbox 812 1929 1070 2001; x_wconf 74' lang='lat' dir='ltr'><strong>praecepit</strong></span> <span class='ocrx_word' id='word_1_234' title='bbox 1099 1929 1147 1984; x_wconf 93' lang='lat' dir='ltr'><strong>ei</strong></span> <span class='ocrx_word' id='word_1_235' title='bbox 1175 1939 1232 1983; x_wconf 92' lang='lat' dir='ltr'><strong>ut</strong></span> <span class='ocrx_word' id='word_1_236' title='bbox 1270 1926 1622 1982; x_wconf 82' lang='lat' dir='ltr'><strong>malediceret</strong></span> <span class='ocrx_word' id='word_1_237' title='bbox 1645 1925 1843 1987; x_wconf 88' lang='lat' dir='ltr'><strong>David;</strong></span> <span class='ocrx_word' id='word_1_238' title='bbox 1875 1933 1934 1978; x_wconf 85' lang='lat' dir='ltr'><strong>et</strong></span> <span class='ocrx_word' id='word_1_239' title='bbox 1978 1924 2101 1987; x_wconf 75' lang='lat' dir='ltr'><strong>quis</strong></span> 
     </span>
    </p>
   </div>
   <div class='ocr_carea' id='block_1_38' title="bbox 519 2015 2101 2094">
    <p class='ocr_par' dir='ltr' id='par_1_38' title="bbox 519 2015 2101 2094">
     <span class='ocr_line' id='line_1_38' title="bbox 519 2015 2101 2094; baseline -0.007 -15"><span class='ocrx_word' id='word_1_240' title='bbox 519 2032 605 2079; x_wconf 78' lang='lat' dir='ltr'><strong>est</strong></span> <span class='ocrx_word' id='word_1_241' title='bbox 646 2024 737 2094; x_wconf 92' lang='lat' dir='ltr'><strong>qui</strong></span> <span class='ocrx_word' id='word_1_242' title='bbox 781 2023 979 2079; x_wconf 88' lang='lat' dir='ltr'><strong>audeat</strong></span> <span class='ocrx_word' id='word_1_243' title='bbox 1023 2023 1203 2079; x_wconf 88' lang='lat' dir='ltr'><strong>dicere</strong></span> <span class='ocrx_word' id='word_1_244' title='bbox 1234 2036 1248 2076; x_wconf 89' lang='lat'><strong>:</strong></span> <span class='ocrx_word' id='word_1_245' title='bbox 1276 2021 1461 2089; x_wconf 83' lang='lat' dir='ltr'><strong>Quare</strong></span> <span class='ocrx_word' id='word_1_246' title='bbox 1491 2020 1570 2075; x_wconf 91' lang='lat' dir='ltr'><strong>sic</strong></span> <span class='ocrx_word' id='word_1_247' title='bbox 1597 2017 1830 2073; x_wconf 87' lang='lat' dir='ltr'><strong>fecerit?</strong></span> <span class='ocrx_word' id='word_1_248' title='bbox 1862 2036 1880 2067; x_wconf 75' lang='grc' dir='ltr'><strong>ι</strong></span> <span class='ocrx_word' id='word_1_249' title='bbox 1913 2015 2101 2086; x_wconf 63' lang='lat' dir='ltr'><strong>(Ibid)</strong></span> 
     </span>
    </p>
   </div>
   <div class='ocr_carea' id='block_1_39' title="bbox 523 2112 2101 2188">
    <p class='ocr_par' dir='ltr' id='par_1_39' title="bbox 523 2112 2101 2188">
     <span class='ocr_line' id='line_1_39' title="bbox 523 2112 2101 2188; baseline -0.005 -17"><span class='ocrx_word' id='word_1_250' title='bbox 523 2115 633 2173; x_wconf 77' lang='lat' dir='ltr'><strong>Nec</strong></span> <span class='ocrx_word' id='word_1_251' title='bbox 662 2117 925 2188; x_wconf 80' lang='lat' dir='ltr'><strong>ignoratis</strong></span> <span class='ocrx_word' id='word_1_252' title='bbox 947 2115 1181 2187; x_wconf 82' lang='lat' dir='ltr'><strong>qualiter</strong></span> <span class='ocrx_word' id='word_1_253' title='bbox 1210 2114 1372 2170; x_wconf 83' lang='lat' dir='ltr'><strong>stulto</strong></span> <span class='ocrx_word' id='word_1_254' title='bbox 1393 2113 1562 2169; x_wconf 85' lang='lat' dir='ltr'><strong>Nabal</strong></span> <span class='ocrx_word' id='word_1_255' title='bbox 1588 2113 1786 2169; x_wconf 84' lang='lat' dir='ltr'><strong>dicenti</strong></span> <span class='ocrx_word' id='word_1_256' title='bbox 1816 2112 2101 2167; x_wconf 86' lang='lat' dir='ltr'><strong>adversum</strong></span> 
     </span>
    </p>
   </div>
   <div class='ocr_carea' id='block_1_40' title="bbox 523 2205 2101 2283">
    <p class='ocr_par' dir='ltr' id='par_1_40' title="bbox 523 2205 2101 2283">
     <span class='ocr_line' id='line_1_40' title="bbox 523 2205 2101 2283; baseline -0.003 -20"><span class='ocrx_word' id='word_1_257' title='bbox 523 2224 646 2263; x_wconf 84' lang='lat' dir='ltr'><strong>eum</strong></span> <span class='ocrx_word' id='word_1_258' title='bbox 679 2223 695 2261; x_wconf 92' lang='lat'><strong>:</strong></span> <span class='ocrx_word' id='word_1_259' title='bbox 733 2228 750 2258; x_wconf 84' lang='grc' dir='ltr'><strong>ι</strong></span> <span class='ocrx_word' id='word_1_260' title='bbox 784 2207 955 2263; x_wconf 80' lang='lat' dir='ltr'><strong>Hodie</strong></span> <span class='ocrx_word' id='word_1_261' title='bbox 986 2209 1336 2263; x_wconf 86' lang='lat' dir='ltr'><strong>increverunt</strong></span> <span class='ocrx_word' id='word_1_262' title='bbox 1359 2206 1527 2283; x_wconf 86' lang='lat' dir='ltr'><strong>servi,</strong></span> <span class='ocrx_word' id='word_1_263' title='bbox 1557 2206 1648 2278; x_wconf 90' lang='lat' dir='ltr'><strong>qui</strong></span> <span class='ocrx_word' id='word_1_264' title='bbox 1685 2205 1895 2274; x_wconf 77' lang='lat' dir='ltr'><strong>fugiunt</strong></span> <span class='ocrx_word' id='word_1_265' title='bbox 1925 2205 2101 2260; x_wconf 88' lang='lat' dir='ltr'><strong>domi-</strong></span> 
     </span>
    </p>
   </div>
   <div class='ocr_carea' id='block_1_41' title="bbox 527 2299 2105 2372">
    <p class='ocr_par' dir='ltr' id='par_1_41' title="bbox 527 2299 2105 2372">
     <span class='ocr_line' id='line_1_41' title="bbox 527 2299 2105 2372; baseline -0.001 -18"><span class='ocrx_word' id='word_1_266' title='bbox 527 2315 624 2356; x_wconf 81' lang='lat' dir='ltr'><strong>nos</strong></span> <span class='ocrx_word' id='word_1_267' title='bbox 655 2316 784 2355; x_wconf 91' lang='lat' dir='ltr'><strong>suos</strong></span> <span class='ocrx_word' id='word_1_268' title='bbox 813 2299 864 2359; x_wconf 81' lang='grc' dir='ltr'>(ι</span> <span class='ocrx_word' id='word_1_269' title='bbox 919 2299 1041 2371; x_wconf 79' lang='lat' dir='ltr'><strong>Reg.</strong></span> <span class='ocrx_word' id='word_1_270' title='bbox 1083 2300 1238 2372; x_wconf 76' lang='lat' dir='ltr'><strong>xxv),</strong></span> <span class='ocrx_word' id='word_1_271' title='bbox 1273 2320 1292 2351; x_wconf 75' lang='grc' dir='ltr'><strong>ι</strong></span> <span class='ocrx_word' id='word_1_272' title='bbox 1332 2299 1542 2369; x_wconf 80' lang='lat' dir='ltr'><strong>Abigail</strong></span> <span class='ocrx_word' id='word_1_273' title='bbox 1580 2299 1973 2355; x_wconf 83' lang='lat' dir='ltr'><strong>interveniente</strong></span> <span class='ocrx_word' id='word_1_274' title='bbox 2016 2313 2105 2368; x_wconf 88' lang='lat' dir='ltr'><strong>pe-</strong></span> 
     </span>
    </p>
   </div>
   <div class='ocr_carea' id='block_1_42' title="bbox 522 2390 2109 2464">
    <p class='ocr_par' dir='ltr' id='par_1_42' title="bbox 522 2390 2109 2464">
     <span class='ocr_line' id='line_1_42' title="bbox 522 2390 2109 2464; baseline -0.004 -16"><span class='ocrx_word' id='word_1_275' title='bbox 522 2394 715 2464; x_wconf 77' lang='lat' dir='ltr'><strong>percit.</strong></span> <span class='ocrx_word' id='word_1_276' title='bbox 745 2392 991 2461; x_wconf 88' lang='lat' dir='ltr'><strong>Qualiter</strong></span> <span class='ocrx_word' id='word_1_277' title='bbox 1013 2392 1173 2447; x_wconf 91' lang='lat' dir='ltr'><strong>etiam</strong></span> <span class='ocrx_word' id='word_1_278' title='bbox 1209 2393 1260 2446; x_wconf 90' lang='lat' dir='ltr'><strong>in</strong></span> <span class='ocrx_word' id='word_1_279' title='bbox 1288 2390 1415 2445; x_wconf 88' lang='lat' dir='ltr'><strong>Sani</strong></span> <span class='ocrx_word' id='word_1_280' title='bbox 1446 2391 1752 2445; x_wconf 76' lang='lat' dir='ltr'><strong>immaniter</strong></span> <span class='ocrx_word' id='word_1_281' title='bbox 1778 2402 2109 2461; x_wconf 64' lang='lat' dir='ltr'><strong>persequeuo</strong></span> 
     </span>
    </p>
   </div>
   <div class='ocr_carea' id='block_1_43' title="bbox 526 2482 2104 2556">
    <p class='ocr_par' dir='ltr' id='par_1_43' title="bbox 526 2482 2104 2556">
     <span class='ocr_line' id='line_1_43' title="bbox 526 2482 2104 2556; baseline -0.003 -16"><span class='ocrx_word' id='word_1_282' title='bbox 526 2496 655 2552; x_wconf 91' lang='lat' dir='ltr'><strong>tetu,</strong></span> <span class='ocrx_word' id='word_1_283' title='bbox 708 2502 831 2541; x_wconf 93' lang='lat' dir='ltr'><strong>cum</strong></span> <span class='ocrx_word' id='word_1_284' title='bbox 883 2494 1067 2556; x_wconf 88' lang='lat' dir='ltr'><strong>posset</strong></span> <span class='ocrx_word' id='word_1_285' title='bbox 1117 2483 1265 2539; x_wconf 92' lang='lat' dir='ltr'><strong>illum</strong></span> <span class='ocrx_word' id='word_1_286' title='bbox 1312 2482 1580 2547; x_wconf 88' lang='lat' dir='ltr'><strong>occidere,</strong></span> <span class='ocrx_word' id='word_1_287' title='bbox 1626 2499 1843 2538; x_wconf 90' lang='lat' dir='ltr'><strong>manum</strong></span> <span class='ocrx_word' id='word_1_288' title='bbox 1891 2482 2104 2536; x_wconf 79' lang='lat' dir='ltr'><strong>mittere</strong></span> 
     </span>
    </p>
   </div>
   <div class='ocr_carea' id='block_1_44' title="bbox 529 2572 2101 2648">
    <p class='ocr_par' dir='ltr' id='par_1_44' title="bbox 529 2572 2101 2648">
     <span class='ocr_line' id='line_1_44' title="bbox 529 2572 2101 2648; baseline -0.004 -16"><span class='ocrx_word' id='word_1_289' title='bbox 529 2593 634 2632; x_wconf 88' lang='lat' dir='ltr'><strong>nmt</strong></span> <span class='ocrx_word' id='word_1_290' title='bbox 668 2576 1006 2647; x_wconf 73' lang='lat' dir='ltr'><strong>praesumpsit</strong></span> <span class='ocrx_word' id='word_1_291' title='bbox 1029 2574 1079 2647; x_wconf 90' lang='grc'><strong>(1</strong></span> <span class='ocrx_word' id='word_1_292' title='bbox 1133 2573 1266 2648; x_wconf 73' lang='lat' dir='ltr'><strong>Reg.</strong></span> <span class='ocrx_word' id='word_1_293' title='bbox 1308 2591 1456 2640; x_wconf 74' lang='lat' dir='ltr'><strong>xxxv,</strong></span> <span class='ocrx_word' id='word_1_294' title='bbox 1496 2575 1665 2643; x_wconf 81' lang='lat' dir='ltr'><strong>xxvi).</strong></span> <span class='ocrx_word' id='word_1_295' title='bbox 1713 2573 1838 2629; x_wconf 70' lang='lat' dir='ltr'><strong>llam</strong></span> <span class='ocrx_word' id='word_1_296' title='bbox 1879 2583 1933 2630; x_wconf 89' lang='lat' dir='ltr'><strong>et</strong></span> <span class='ocrx_word' id='word_1_297' title='bbox 1976 2572 2101 2638; x_wconf 90' lang='lat' dir='ltr'><strong>alia,</strong></span> 
     </span>
    </p>
   </div>
   <div class='ocr_carea' id='block_1_45' title="bbox 526 2664 2177 2738">
    <p class='ocr_par' dir='ltr' id='par_1_45' title="bbox 526 2664 2177 2738">
     <span class='ocr_line' id='line_1_45' title="bbox 526 2664 2177 2738; baseline 0 -16"><span class='ocrx_word' id='word_1_298' title='bbox 526 2670 742 2724; x_wconf 81' lang='lat' dir='ltr'><strong>domine</strong></span> <span class='ocrx_word' id='word_1_299' title='bbox 772 2668 865 2735; x_wconf 92' lang='lat' dir='ltr'><strong>mi,</strong></span> <span class='ocrx_word' id='word_1_300' title='bbox 905 2675 1217 2724; x_wconf 87' lang='lat' dir='ltr'><strong>sanctorum</strong></span> <span class='ocrx_word' id='word_1_301' title='bbox 1272 2682 1455 2738; x_wconf 80' lang='lat' dir='ltr'><strong>regum</strong></span> <span class='ocrx_word' id='word_1_302' title='bbox 1489 2667 1640 2722; x_wconf 89' lang='lat' dir='ltr'><strong>vobis</strong></span> <span class='ocrx_word' id='word_1_303' title='bbox 1685 2664 1924 2735; x_wconf 72' lang='lat' dir='ltr'><strong>exempla</strong></span> <span class='ocrx_word' id='word_1_304' title='bbox 1977 2679 2105 2734; x_wconf 89' lang='lat' dir='ltr'><strong>pro-</strong></span> <span class='ocrx_word' id='word_1_305' title='bbox 2170 2711 2177 2722; x_wconf 89' lang='lat'><strong>.</strong></span> 
     </span>
    </p>
   </div>
   <div class='ocr_carea' id='block_1_46' title="bbox 525 2757 2105 2832">
    <p class='ocr_par' dir='ltr' id='par_1_46' title="bbox 525 2757 2105 2832">
     <span class='ocr_line' id='line_1_46' title="bbox 525 2757 2105 2832; baseline -0.003 -18"><span class='ocrx_word' id='word_1_306' title='bbox 525 2763 727 2828; x_wconf 79' lang='lat' dir='ltr'><strong>ponite,</strong></span> <span class='ocrx_word' id='word_1_307' title='bbox 754 2770 809 2817; x_wconf 89' lang='lat' dir='ltr'><strong>et</strong></span> <span class='ocrx_word' id='word_1_308' title='bbox 834 2769 955 2832; x_wconf 86' lang='lat' dir='ltr'><strong>post</strong></span> <span class='ocrx_word' id='word_1_309' title='bbox 973 2759 1241 2831; x_wconf 86' lang='lat' dir='ltr'><strong>judicium</strong></span> <span class='ocrx_word' id='word_1_310' title='bbox 1269 2759 1699 2816; x_wconf 87' lang='lat' dir='ltr'><strong>misericordiam</strong></span> <span class='ocrx_word' id='word_1_311' title='bbox 1728 2757 2105 2829; x_wconf 74' lang='lat' dir='ltr'><strong>peccatoribus</strong></span> 
     </span>
    </p>
   </div>
   <div class='ocr_carea' id='block_1_47' title="bbox 527 2849 2107 2924">
    <p class='ocr_par' dir='ltr' id='par_1_47' title="bbox 527 2849 2107 2924">
     <span class='ocr_line' id='line_1_47' title="bbox 527 2849 2107 2924; baseline -0.002 -18"><span class='ocrx_word' id='word_1_312' title='bbox 527 2858 577 2907; x_wconf 86' lang='lat' dir='ltr'><strong>in</strong></span> <span class='ocrx_word' id='word_1_313' title='bbox 603 2855 813 2923; x_wconf 77' lang='lat' dir='ltr'><strong>iulgete.</strong></span> <span class='ocrx_word' id='word_1_314' title='bbox 846 2873 864 2905; x_wconf 80' lang='grc' dir='ltr'><strong>ι</strong></span> <span class='ocrx_word' id='word_1_315' title='bbox 894 2853 1240 2924; x_wconf 61' lang='lat' dir='ltr'><strong>Quaecunque</strong></span> <span class='ocrx_word' id='word_1_316' title='bbox 1267 2852 1410 2908; x_wconf 89' lang='lat' dir='ltr'><strong>enim</strong></span> <span class='ocrx_word' id='word_1_317' title='bbox 1453 2852 1655 2921; x_wconf 90' lang='lat' dir='ltr'><strong>scripta</strong></span> <span class='ocrx_word' id='word_1_318' title='bbox 1692 2859 1840 2914; x_wconf 81' lang='lat' dir='ltr'><strong>sunt,</strong></span> <span class='ocrx_word' id='word_1_319' title='bbox 1891 2849 1958 2903; x_wconf 90' lang='lat' dir='ltr'><strong>ad</strong></span> <span class='ocrx_word' id='word_1_320' title='bbox 2011 2866 2107 2903; x_wconf 84' lang='lat' dir='ltr'><strong>no-</strong></span> 
     </span>
    </p>
   </div>
   <div class='ocr_carea' id='block_1_48' title="bbox 523 2941 2104 3015">
    <p class='ocr_par' dir='ltr' id='par_1_48' title="bbox 523 2941 2104 3015">
     <span class='ocr_line' id='line_1_48' title="bbox 523 2941 2104 3015; baseline -0.003 -16"><span class='ocrx_word' id='word_1_321' title='bbox 523 2955 690 2999; x_wconf 84' lang='lat' dir='ltr'><strong>stram</strong></span> <span class='ocrx_word' id='word_1_322' title='bbox 729 2946 1031 3001; x_wconf 86' lang='lat' dir='ltr'><strong>doctrinam</strong></span> <span class='ocrx_word' id='word_1_323' title='bbox 1065 2944 1269 3015; x_wconf 85' lang='lat' dir='ltr'><strong>scripta</strong></span> <span class='ocrx_word' id='word_1_324' title='bbox 1295 2951 1424 2998; x_wconf 86' lang='lat' dir='ltr'><strong>sunt</strong></span> <span class='ocrx_word' id='word_1_325' title='bbox 1447 2941 1622 3013; x_wconf 83' lang='lat' dir='ltr'><strong>(Rom.</strong></span> <span class='ocrx_word' id='word_1_326' title='bbox 1662 2947 1773 3012; x_wconf 80' lang='lat' dir='ltr'><strong>xv).</strong></span> <span class='ocrx_word' id='word_1_327' title='bbox 1814 2963 1832 2995; x_wconf 73' lang='grc' dir='ltr'><strong>ι</strong></span> <span class='ocrx_word' id='word_1_328' title='bbox 1888 2941 1952 2995; x_wconf 80' lang='lat' dir='ltr'><strong>Et</strong></span> <span class='ocrx_word' id='word_1_329' title='bbox 1978 2958 2104 2996; x_wconf 91' lang='lat' dir='ltr'><strong>cum</strong></span> 
     </span>
    </p>
   </div>
   <div class='ocr_carea' id='block_1_49' title="bbox 523 3030 2104 3104">
    <p class='ocr_par' dir='ltr' id='par_1_49' title="bbox 523 3030 2104 3104">
     <span class='ocr_line' id='line_1_49' title="bbox 523 3030 2104 3104; baseline 0.002 -20"><span class='ocrx_word' id='word_1_330' title='bbox 523 3035 703 3088; x_wconf 86' lang='lat' dir='ltr'><strong>omnia</strong></span> <span class='ocrx_word' id='word_1_331' title='bbox 742 3030 902 3102; x_wconf 77' lang='lat' dir='ltr'><strong>regna</strong></span> <span class='ocrx_word' id='word_1_332' title='bbox 936 3045 1223 3099; x_wconf 89' lang='lat' dir='ltr'><strong>terrarum,</strong></span> <span class='ocrx_word' id='word_1_333' title='bbox 1256 3050 1377 3104; x_wconf 73' lang='lat' dir='ltr'><strong>qua:</strong></span> <span class='ocrx_word' id='word_1_334' title='bbox 1411 3043 1594 3089; x_wconf 86' lang='lat' dir='ltr'><strong>vestro</strong></span> <span class='ocrx_word' id='word_1_335' title='bbox 1621 3033 1903 3104; x_wconf 82' lang='lat' dir='ltr'><strong>subjicitur</strong></span> <span class='ocrx_word' id='word_1_336' title='bbox 1933 3034 2104 3103; x_wconf 87' lang='lat' dir='ltr'><strong>impc-</strong></span> 
     </span>
    </p>
   </div>
   <div class='ocr_carea' id='block_1_50' title="bbox 532 3124 2104 3197">
    <p class='ocr_par' dir='ltr' id='par_1_50' title="bbox 532 3124 2104 3197">
     <span class='ocr_line' id='line_1_50' title="bbox 532 3124 2104 3197; baseline -0.001 -18"><span class='ocrx_word' id='word_1_337' title='bbox 532 3126 612 3179; x_wconf 91' lang='lat' dir='ltr'><strong>rio</strong></span> <span class='ocrx_word' id='word_1_338' title='bbox 640 3135 778 3181; x_wconf 90' lang='lat' dir='ltr'><strong>teste</strong></span> <span class='ocrx_word' id='word_1_339' title='bbox 803 3127 1024 3191; x_wconf 90' lang='lat' dir='ltr'><strong>mundo,</strong></span> <span class='ocrx_word' id='word_1_340' title='bbox 1078 3126 1381 3197; x_wconf 75' lang='lat' dir='ltr'><strong>largissime</strong></span> <span class='ocrx_word' id='word_1_341' title='bbox 1430 3135 1623 3181; x_wconf 70' lang='lat' dir='ltr'><strong>vestrm</strong></span> <span class='ocrx_word' id='word_1_342' title='bbox 1667 3124 1881 3194; x_wconf 86' lang='lat' dir='ltr'><strong>pietatis</strong></span> <span class='ocrx_word' id='word_1_343' title='bbox 1932 3126 2104 3178; x_wconf 90' lang='lat' dir='ltr'><strong>abun-</strong></span> 
     </span>
    </p>
   </div>
   <div class='ocr_carea' id='block_1_51' title="bbox 524 3215 2109 3287">
    <p class='ocr_par' dir='ltr' id='par_1_51' title="bbox 524 3215 2109 3287">
     <span class='ocr_line' id='line_1_51' title="bbox 524 3215 2109 3287; baseline 0.002 -19"><span class='ocrx_word' id='word_1_344' title='bbox 524 3215 707 3269; x_wconf 88' lang='lat' dir='ltr'><strong>dantia</strong></span> <span class='ocrx_word' id='word_1_345' title='bbox 740 3215 964 3287; x_wconf 86' lang='lat' dir='ltr'><strong>repleat,</strong></span> <span class='ocrx_word' id='word_1_346' title='bbox 988 3216 1258 3286; x_wconf 90' lang='lat' dir='ltr'><strong>quomodo</strong></span> <span class='ocrx_word' id='word_1_347' title='bbox 1295 3215 1440 3272; x_wconf 90' lang='lat' dir='ltr'><strong>solus</strong></span> <span class='ocrx_word' id='word_1_348' title='bbox 1485 3215 1747 3272; x_wconf 83' lang='lat' dir='ltr'><strong>Gislerius</strong></span> <span class='ocrx_word' id='word_1_349' title='bbox 1796 3223 1958 3271; x_wconf 71' lang='lat' dir='ltr'><strong>tanta:</strong></span> <span class='ocrx_word' id='word_1_350' title='bbox 2006 3216 2109 3271; x_wconf 89' lang='lat' dir='ltr'><strong>erit</strong></span> 
     </span>
    </p>
   </div>
   <div class='ocr_carea' id='block_1_52' title="bbox 528 3304 2104 3379">
    <p class='ocr_par' dir='ltr' id='par_1_52' title="bbox 528 3304 2104 3379">
     <span class='ocr_line' id='line_1_52' title="bbox 528 3304 2104 3379; baseline -0.002 -17"><span class='ocrx_word' id='word_1_351' title='bbox 528 3323 724 3379; x_wconf 76' lang='lat' dir='ltr'><strong>expers</strong></span> <span class='ocrx_word' id='word_1_352' title='bbox 752 3307 1160 3371; x_wconf 55' lang='lat' dir='ltr'><strong>misericordia»,</strong></span> <span class='ocrx_word' id='word_1_353' title='bbox 1192 3317 1248 3361; x_wconf 86' lang='lat' dir='ltr'><strong>ut</strong></span> <span class='ocrx_word' id='word_1_354' title='bbox 1280 3322 1453 3378; x_wconf 88' lang='lat' dir='ltr'><strong>neque</strong></span> <span class='ocrx_word' id='word_1_355' title='bbox 1488 3321 1597 3376; x_wconf 83' lang='lat' dir='ltr'><strong>per</strong></span> <span class='ocrx_word' id='word_1_356' title='bbox 1618 3304 1906 3361; x_wconf 57' lang='lat' dir='ltr'><strong>saeculares</strong></span> <span class='ocrx_word' id='word_1_357' title='bbox 1940 3305 2104 3369; x_wconf 88' lang='lat' dir='ltr'><strong>viros,</strong></span> 
     </span>
    </p>
   </div>
   <div class='ocr_carea' id='block_1_53' title="bbox 529 3394 2109 3466">
    <p class='ocr_par' dir='ltr' id='par_1_53' title="bbox 529 3394 2109 3466">
     <span class='ocr_line' id='line_1_53' title="bbox 529 3394 2109 3466; baseline -0.001 -17"><span class='ocrx_word' id='word_1_358' title='bbox 529 3411 703 3465; x_wconf 88' lang='lat' dir='ltr'><strong>neque</strong></span> <span class='ocrx_word' id='word_1_359' title='bbox 733 3412 829 3466; x_wconf 86' lang='lat' dir='ltr'><strong>per</strong></span> <span class='ocrx_word' id='word_1_360' title='bbox 851 3411 1036 3451; x_wconf 87' lang='lat' dir='ltr'><strong>servos</strong></span> <span class='ocrx_word' id='word_1_361' title='bbox 1069 3395 1179 3457; x_wconf 84' lang='lat' dir='ltr'><strong>Dei,</strong></span> <span class='ocrx_word' id='word_1_362' title='bbox 1207 3395 1385 3450; x_wconf 89' lang='lat' dir='ltr'><strong>locum</strong></span> <span class='ocrx_word' id='word_1_363' title='bbox 1432 3395 1583 3465; x_wconf 80' lang='lat' dir='ltr'><strong>apud</strong></span> <span class='ocrx_word' id='word_1_364' title='bbox 1622 3408 1719 3449; x_wconf 90' lang='lat' dir='ltr'><strong>vos</strong></span> <span class='ocrx_word' id='word_1_365' title='bbox 1764 3394 2109 3463; x_wconf 59' lang='lat' dir='ltr'><strong>indulgentia;</strong></span> 
     </span>
    </p>
   </div>
   <div class='ocr_carea' id='block_1_54' title="bbox 530 3482 2109 3557">
    <p class='ocr_par' dir='ltr' id='par_1_54' title="bbox 530 3482 2109 3557">
     <span class='ocr_line' id='line_1_54' title="bbox 530 3482 2109 3557; baseline -0.001 -18"><span class='ocrx_word' id='word_1_366' title='bbox 530 3488 708 3542; x_wconf 79' lang='lat' dir='ltr'><strong>valeat</strong></span> <span class='ocrx_word' id='word_1_367' title='bbox 752 3486 1028 3543; x_wconf 84' lang='lat' dir='ltr'><strong>invenire?</strong></span> <span class='ocrx_word' id='word_1_368' title='bbox 1071 3485 1484 3555; x_wconf 80' lang='lat' dir='ltr'><strong>Clarescatj’am</strong></span> <span class='ocrx_word' id='word_1_369' title='bbox 1533 3485 1708 3557; x_wconf 86' lang='lat' dir='ltr'><strong>pietas</strong></span> <span class='ocrx_word' id='word_1_370' title='bbox 1748 3482 1975 3540; x_wconf 78' lang='lat' dir='ltr'><strong>Romani</strong></span> <span class='ocrx_word' id='word_1_371' title='bbox 2008 3484 2109 3539; x_wconf 88' lang='lat' dir='ltr'><strong>im-</strong></span> 
     </span>
    </p>
   </div>
   <div class='ocr_carea' id='block_1_55' title="bbox 537 3577 2106 3652">
    <p class='ocr_par' dir='ltr' id='par_1_55' title="bbox 537 3577 2106 3652">
     <span class='ocr_line' id='line_1_55' title="bbox 537 3577 2106 3652; baseline -0.004 -15"><span class='ocrx_word' id='word_1_372' title='bbox 537 3583 696 3652; x_wconf 87' lang='lat' dir='ltr'><strong>perii,</strong></span> <span class='ocrx_word' id='word_1_373' title='bbox 714 3590 766 3636; x_wconf 91' lang='lat' dir='ltr'><strong>et</strong></span> <span class='ocrx_word' id='word_1_374' title='bbox 786 3581 870 3637; x_wconf 90' lang='lat' dir='ltr'><strong>cui</strong></span> <span class='ocrx_word' id='word_1_375' title='bbox 896 3582 1037 3636; x_wconf 91' lang='lat' dir='ltr'><strong>Deus</strong></span> <span class='ocrx_word' id='word_1_376' title='bbox 1059 3579 1289 3651; x_wconf 86' lang='lat' dir='ltr'><strong>propriis</strong></span> <span class='ocrx_word' id='word_1_377' title='bbox 1314 3579 1722 3634; x_wconf 88' lang='lat' dir='ltr'><strong>viribusomues</strong></span> <span class='ocrx_word' id='word_1_378' title='bbox 1745 3577 2106 3643; x_wconf 84' lang='lat' dir='ltr'><strong>adversarios,</strong></span> 
     </span>
    </p>
   </div>
   <div class='ocr_carea' id='block_1_56' title="bbox 538 3670 2107 3746">
    <p class='ocr_par' dir='ltr' id='par_1_56' title="bbox 538 3670 2107 3746">
     <span class='ocr_line' id='line_1_56' title="bbox 538 3670 2107 3746; baseline -0.004 -15"><span class='ocrx_word' id='word_1_379' title='bbox 538 3677 807 3746; x_wconf 71' lang='lat' dir='ltr'><strong>subjugat,</strong></span> <span class='ocrx_word' id='word_1_380' title='bbox 836 3677 1009 3746; x_wconf 88' lang='lat' dir='ltr'><strong>ipsum</strong></span> <span class='ocrx_word' id='word_1_381' title='bbox 1051 3688 1266 3744; x_wconf 86' lang='lat' dir='ltr'><strong>quoque</strong></span> <span class='ocrx_word' id='word_1_382' title='bbox 1303 3671 1401 3727; x_wconf 88' lang='lat' dir='ltr'><strong>Dei</strong></span> <span class='ocrx_word' id='word_1_383' title='bbox 1443 3671 1617 3743; x_wconf 88' lang='lat' dir='ltr'><strong>pietas</strong></span> <span class='ocrx_word' id='word_1_384' title='bbox 1656 3670 1885 3726; x_wconf 82' lang='lat' dir='ltr'><strong>feliciter</strong></span> <span class='ocrx_word' id='word_1_385' title='bbox 1912 3671 2107 3725; x_wconf 88' lang='lat' dir='ltr'><strong>vincat.</strong></span> 
     </span>
    </p>
   </div>
   <div class='ocr_carea' id='block_1_57' title="bbox 524 3760 2112 3837">
    <p class='ocr_par' dir='ltr' id='par_1_57' title="bbox 524 3760 2112 3837">
     <span class='ocr_line' id='line_1_57' title="bbox 524 3760 2112 3837; baseline -0.006 -15"><span class='ocrx_word' id='word_1_386' title='bbox 524 3768 578 3822; x_wconf 86' lang='lat' dir='ltr'><strong>in</strong></span> <span class='ocrx_word' id='word_1_387' title='bbox 608 3767 710 3824; x_wconf 88' lang='lat' dir='ltr'><strong>hoc</strong></span> <span class='ocrx_word' id='word_1_388' title='bbox 747 3768 891 3823; x_wconf 91' lang='lat' dir='ltr'><strong>enim</strong></span> <span class='ocrx_word' id='word_1_389' title='bbox 921 3776 1004 3821; x_wconf 91' lang='lat' dir='ltr'><strong>est</strong></span> <span class='ocrx_word' id='word_1_390' title='bbox 1032 3764 1272 3837; x_wconf 84' lang='lat' dir='ltr'><strong>perfecta</strong></span> <span class='ocrx_word' id='word_1_391' title='bbox 1309 3763 1554 3827; x_wconf 86' lang='lat' dir='ltr'><strong>victoria,</strong></span> <span class='ocrx_word' id='word_1_392' title='bbox 1588 3763 1631 3817; x_wconf 91' lang='lat' dir='ltr'><strong>si</strong></span> <span class='ocrx_word' id='word_1_393' title='bbox 1664 3763 1708 3818; x_wconf 91' lang='lat' dir='ltr'><strong>is</strong></span> <span class='ocrx_word' id='word_1_394' title='bbox 1739 3762 1824 3817; x_wconf 92' lang='lat' dir='ltr'><strong>cui</strong></span> <span class='ocrx_word' id='word_1_395' title='bbox 1863 3760 2112 3826; x_wconf 83' lang='lat' dir='ltr'><strong>victoria,</strong></span> 
     </span>
    </p>
   </div>
   <div class='ocr_carea' id='block_1_58' title="bbox 522 3853 2111 3923">
    <p class='ocr_par' dir='ltr' id='par_1_58' title="bbox 522 3853 2111 3923">
     <span class='ocr_line' id='line_1_58' title="bbox 522 3853 2111 3923; baseline -0.004 -11"><span class='ocrx_word' id='word_1_396' title='bbox 522 3860 746 3915; x_wconf 79' lang='lat' dir='ltr'><strong>Christo</strong></span> <span class='ocrx_word' id='word_1_397' title='bbox 798 3860 1037 3915; x_wconf 88' lang='lat' dir='ltr'><strong>donante</strong></span> <span class='ocrx_word' id='word_1_398' title='bbox 1064 3896 1077 3922; x_wconf 91' lang='lat'><strong>,</strong></span> <span class='ocrx_word' id='word_1_399' title='bbox 1128 3856 1406 3918; x_wconf 85' lang='lat' dir='ltr'><strong>tribuitur,</strong></span> <span class='ocrx_word' id='word_1_400' title='bbox 1448 3871 1478 3910; x_wconf 90' lang='lat' dir='ltr'><strong>a</strong></span> <span class='ocrx_word' id='word_1_401' title='bbox 1526 3853 1638 3909; x_wconf 88' lang='lat' dir='ltr'><strong>sola</strong></span> <span class='ocrx_word' id='word_1_402' title='bbox 1674 3854 1875 3909; x_wconf 86' lang='lat' dir='ltr'><strong>Christi</strong></span> <span class='ocrx_word' id='word_1_403' title='bbox 1913 3854 2111 3923; x_wconf 86' lang='lat' dir='ltr'><strong>pietate</strong></span> 
     </span>
    </p>
   </div>
   <div class='ocr_carea' id='block_1_59' title="bbox 537 3946 2108 4011">
    <p class='ocr_par' dir='ltr' id='par_1_59' title="bbox 537 3946 2108 4011">
     <span class='ocr_line' id='line_1_59' title="bbox 537 3946 2108 4011; baseline -0.004 -8"><span class='ocrx_word' id='word_1_404' title='bbox 537 3953 803 4006; x_wconf 79' lang='lat' dir='ltr'><strong>vincatur.</strong></span> <span class='ocrx_word' id='word_1_405' title='bbox 834 3950 1082 4005; x_wconf 85' lang='lat' dir='ltr'><strong>Piissime</strong></span> <span class='ocrx_word' id='word_1_406' title='bbox 1112 3949 1354 4011; x_wconf 89' lang='lat' dir='ltr'><strong>Domine,</strong></span> <span class='ocrx_word' id='word_1_407' title='bbox 1401 3946 1831 4002; x_wconf 90' lang='lat' dir='ltr'><strong>misericordiam</strong></span> <span class='ocrx_word' id='word_1_408' title='bbox 1872 3954 2108 4000; x_wconf 85' lang='lat' dir='ltr'><strong>vestram</strong></span> 
     </span>
    </p>
   </div>
   <div class='ocr_carea' id='block_1_60' title="bbox 530 4032 2108 4113">
    <p class='ocr_par' dir='ltr' id='par_1_60' title="bbox 530 4032 2108 4113">
     <span class='ocr_line' id='line_1_60' title="bbox 530 4032 2108 4113; baseline -0.006 -16"><span class='ocrx_word' id='word_1_409' title='bbox 530 4042 955 4113; x_wconf 71' lang='lat' dir='ltr'><strong>lacrymabiliter</strong></span> <span class='ocrx_word' id='word_1_410' title='bbox 980 4043 1227 4103; x_wconf 87' lang='lat' dir='ltr'><strong>obsecro.</strong></span> <span class='ocrx_word' id='word_1_411' title='bbox 1256 4032 1313 4094; x_wconf 81' lang='lat' dir='ltr'><strong>et</strong></span> <span class='ocrx_word' id='word_1_412' title='bbox 1344 4039 1571 4110; x_wconf 80' lang='lat' dir='ltr'><strong>pedibus</strong></span> <span class='ocrx_word' id='word_1_413' title='bbox 1621 4038 1814 4093; x_wconf 88' lang='lat' dir='ltr'><strong>vestris</strong></span> <span class='ocrx_word' id='word_1_414' title='bbox 1849 4051 1935 4090; x_wconf 89' lang='lat' dir='ltr'><strong>me</strong></span> <span class='ocrx_word' id='word_1_415' title='bbox 1981 4050 2108 4105; x_wconf 87' lang='lat' dir='ltr'><strong>pro-</strong></span> 
     </span>
    </p>
   </div>
   <div class='ocr_carea' id='block_1_61' title="bbox 533 4129 2110 4202">
    <p class='ocr_par' dir='ltr' id='par_1_61' title="bbox 533 4129 2110 4202">
     <span class='ocr_line' id='line_1_61' title="bbox 533 4129 2110 4202; baseline -0.004 -13"><span class='ocrx_word' id='word_1_416' title='bbox 533 4144 739 4189; x_wconf 89' lang='lat' dir='ltr'><strong>stratus</strong></span> <span class='ocrx_word' id='word_1_417' title='bbox 764 4134 1011 4196; x_wconf 89' lang='lat' dir='ltr'><strong>advolvo,</strong></span> <span class='ocrx_word' id='word_1_418' title='bbox 1041 4148 1138 4202; x_wconf 85' lang='lat' dir='ltr'><strong>pro</strong></span> <span class='ocrx_word' id='word_1_419' title='bbox 1169 4132 1433 4187; x_wconf 80' lang='lat' dir='ltr'><strong>charilate</strong></span> <span class='ocrx_word' id='word_1_420' title='bbox 1448 4130 1647 4186; x_wconf 87' lang='lat' dir='ltr'><strong>Christi</strong></span> <span class='ocrx_word' id='word_1_421' title='bbox 1681 4129 2110 4184; x_wconf 90' lang='lat' dir='ltr'><strong>misernmillum</strong></span> 
     </span>
    </p>
   </div>
   <div class='ocr_carea' id='block_1_62' title="bbox 526 4219 2111 4296">
    <p class='ocr_par' dir='ltr' id='par_1_62' title="bbox 526 4219 2111 4296">
     <span class='ocr_line' id='line_1_62' title="bbox 526 4219 2111 4296; baseline -0.006 -17"><span class='ocrx_word' id='word_1_422' title='bbox 526 4228 637 4296; x_wconf 82' lang='lat' dir='ltr'><strong>jam</strong></span> <span class='ocrx_word' id='word_1_423' title='bbox 668 4224 967 4279; x_wconf 86' lang='lat' dir='ltr'><strong>clementer</strong></span> <span class='ocrx_word' id='word_1_424' title='bbox 999 4222 1287 4284; x_wconf 79' lang='lat' dir='ltr'><strong>absolvite,</strong></span> <span class='ocrx_word' id='word_1_425' title='bbox 1319 4229 1374 4275; x_wconf 88' lang='lat' dir='ltr'><strong>et</strong></span> <span class='ocrx_word' id='word_1_426' title='bbox 1405 4237 1491 4275; x_wconf 91' lang='lat' dir='ltr'><strong>me</strong></span> <span class='ocrx_word' id='word_1_427' title='bbox 1522 4234 1738 4275; x_wconf 90' lang='lat' dir='ltr'><strong>servum</strong></span> <span class='ocrx_word' id='word_1_428' title='bbox 1776 4226 2013 4272; x_wconf 86' lang='lat' dir='ltr'><strong>vestrum</strong></span> <span class='ocrx_word' id='word_1_429' title='bbox 2056 4219 2111 4271; x_wconf 90' lang='lat' dir='ltr'><strong>in</strong></span> 
     </span>
    </p>
   </div>
   <div class='ocr_carea' id='block_1_63' title="bbox 529 4308 2111 4387">
    <p class='ocr_par' dir='ltr' id='par_1_63' title="bbox 529 4308 2111 4387">
     <span class='ocr_line' id='line_1_63' title="bbox 529 4308 2111 4387; baseline -0.004 -19"><span class='ocrx_word' id='word_1_430' title='bbox 529 4330 661 4387; x_wconf 86' lang='lat' dir='ltr'><strong>pace</strong></span> <span class='ocrx_word' id='word_1_431' title='bbox 690 4316 1082 4386; x_wconf 80' lang='lat' dir='ltr'><strong>quiescentem,</strong></span> <span class='ocrx_word' id='word_1_432' title='bbox 1117 4327 1211 4382; x_wconf 85' lang='lat' dir='ltr'><strong>pro</strong></span> <span class='ocrx_word' id='word_1_433' title='bbox 1240 4321 1430 4365; x_wconf 89' lang='lat' dir='ltr'><strong>sancto</strong></span> <span class='ocrx_word' id='word_1_434' title='bbox 1459 4308 1688 4378; x_wconf 90' lang='lat' dir='ltr'><strong>imperio</strong></span> <span class='ocrx_word' id='word_1_435' title='bbox 1722 4316 1901 4361; x_wconf 89' lang='lat' dir='ltr'><strong>vestro</strong></span> <span class='ocrx_word' id='word_1_436' title='bbox 1950 4322 2111 4361; x_wconf 87' lang='lat' dir='ltr'><strong>orare</strong></span> 
     </span>
    </p>
   </div>
   <div class='ocr_carea' id='block_1_64' title="bbox 532 4399 2110 4477">
    <p class='ocr_par' dir='ltr' id='par_1_64' title="bbox 532 4399 2110 4477">
     <span class='ocr_line' id='line_1_64' title="bbox 532 4399 2110 4477; baseline -0.007 -16"><span class='ocrx_word' id='word_1_437' title='bbox 532 4407 868 4477; x_wconf 82' lang='lat' dir='ltr'><strong>permittite;</strong></span> <span class='ocrx_word' id='word_1_438' title='bbox 893 4404 976 4459; x_wconf 86' lang='lat' dir='ltr'><strong>sin</strong></span> <span class='ocrx_word' id='word_1_439' title='bbox 1004 4415 1183 4459; x_wconf 90' lang='lat' dir='ltr'><strong>autem</strong></span> <span class='ocrx_word' id='word_1_440' title='bbox 1219 4401 1370 4455; x_wconf 84' lang='lat' dir='ltr'><strong>vobis</strong></span> <span class='ocrx_word' id='word_1_441' title='bbox 1403 4401 1476 4455; x_wconf 89' lang='lat' dir='ltr'><strong>ita</strong></span> <span class='ocrx_word' id='word_1_442' title='bbox 1502 4399 1737 4462; x_wconf 89' lang='lat' dir='ltr'><strong>videtur,</strong></span> <span class='ocrx_word' id='word_1_443' title='bbox 1774 4413 1867 4467; x_wconf 88' lang='lat' dir='ltr'><strong>per</strong></span> <span class='ocrx_word' id='word_1_444' title='bbox 1896 4405 2110 4451; x_wconf 84' lang='lat' dir='ltr'><strong>vestras</strong></span> 
     </span>
    </p>
   </div>
   <div class='ocr_carea' id='block_1_65' title="bbox 528 4487 2113 4553">
    <p class='ocr_par' dir='ltr' id='par_1_65' title="bbox 528 4487 2113 4553">
     <span class='ocr_line' id='line_1_65' title="bbox 528 4487 2113 4553; baseline -0.007 -2"><span class='ocrx_word' id='word_1_445' title='bbox 528 4499 734 4553; x_wconf 86' lang='lat' dir='ltr'><strong>litteras</strong></span> <span class='ocrx_word' id='word_1_446' title='bbox 767 4494 1153 4551; x_wconf 84' lang='lat' dir='ltr'><strong>absolutionem</strong></span> <span class='ocrx_word' id='word_1_447' title='bbox 1188 4492 1315 4547; x_wconf 82' lang='lat' dir='ltr'><strong>inihi</strong></span> <span class='ocrx_word' id='word_1_448' title='bbox 1352 4490 1516 4552; x_wconf 86' lang='lat' dir='ltr'><strong>illius,</strong></span> <span class='ocrx_word' id='word_1_449' title='bbox 1568 4499 1772 4543; x_wconf 88' lang='lat' dir='ltr'><strong>remota</strong></span> <span class='ocrx_word' id='word_1_450' title='bbox 1822 4487 1967 4541; x_wconf 90' lang='lat' dir='ltr'><strong>omni</strong></span> <span class='ocrx_word' id='word_1_451' title='bbox 2014 4487 2113 4541; x_wconf 86' lang='lat' dir='ltr'><strong>du-</strong></span> 
     </span>
    </p>
   </div>
   <div class='ocr_carea' id='block_1_66' title="bbox 2202 1904 3781 1979">
    <p class='ocr_par' dir='ltr' id='par_1_66' title="bbox 2202 1904 3781 1979">
     <span class='ocr_line' id='line_1_66' title="bbox 2202 1904 3781 1979; baseline -0.005 -16"><span class='ocrx_word' id='word_1_452' title='bbox 2202 1906 2518 1977; x_wconf 73' lang='lat' dir='ltr'><strong>expulsione</strong></span> <span class='ocrx_word' id='word_1_453' title='bbox 2547 1905 2807 1976; x_wconf 84' lang='lat' dir='ltr'><strong>Wiquerii</strong></span> <span class='ocrx_word' id='word_1_454' title='bbox 2840 1905 3143 1979; x_wconf 82' lang='lat' dir='ltr'><strong>[Widqueri</strong></span> <span class='ocrx_word' id='word_1_455' title='bbox 3173 1905 3385 1979; x_wconf 74' lang='lat' dir='ltr'><strong>etiam].</strong></span> <span class='ocrx_word' id='word_1_456' title='bbox 3411 1921 3513 1961; x_wconf 78' lang='lat' dir='ltr'><strong>vox</strong></span> <span class='ocrx_word' id='word_1_457' title='bbox 3541 1904 3781 1958; x_wconf 82' lang='lat' dir='ltr'><strong>omnium</strong></span> 
     </span>
    </p>
   </div>
   <div class='ocr_carea' id='block_1_67' title="bbox 2205 1998 3778 2067">
    <p class='ocr_par' dir='ltr' id='par_1_67' title="bbox 2205 1998 3778 2067">
     <span class='ocr_line' id='line_1_67' title="bbox 2205 1998 3778 2067; baseline -0.002 -14"><span class='ocrx_word' id='word_1_458' title='bbox 2205 2000 2257 2055; x_wconf 90' lang='lat' dir='ltr'><strong>in</strong></span> <span class='ocrx_word' id='word_1_459' title='bbox 2287 2000 2499 2055; x_wconf 83' lang='lat' dir='ltr'><strong>laudem</strong></span> <span class='ocrx_word' id='word_1_460' title='bbox 2530 2001 2612 2055; x_wconf 92' lang='lat' dir='ltr'><strong>sui</strong></span> <span class='ocrx_word' id='word_1_461' title='bbox 2639 1999 2915 2056; x_wconf 80' lang='lat' dir='ltr'><strong>Creatoris</strong></span> <span class='ocrx_word' id='word_1_462' title='bbox 2948 1998 3230 2067; x_wconf 88' lang='lat' dir='ltr'><strong>attollitur,</strong></span> <span class='ocrx_word' id='word_1_463' title='bbox 3266 1999 3505 2054; x_wconf 87' lang='lat' dir='ltr'><strong>Ecclesia</strong></span> <span class='ocrx_word' id='word_1_464' title='bbox 3531 2000 3599 2052; x_wconf 89' lang='lat' dir='ltr'><strong>de</strong></span> <span class='ocrx_word' id='word_1_465' title='bbox 3625 2013 3778 2052; x_wconf 90' lang='lat' dir='ltr'><strong>manu</strong></span> 
     </span>
    </p>
   </div>
   <div class='ocr_carea' id='block_1_68' title="bbox 2205 2088 3780 2163">
    <p class='ocr_par' dir='ltr' id='par_1_68' title="bbox 2205 2088 3780 2163">
     <span class='ocr_line' id='line_1_68' title="bbox 2205 2088 3780 2163; baseline -0.003 -18"><span class='ocrx_word' id='word_1_466' title='bbox 2205 2093 2427 2148; x_wconf 82' lang='lat' dir='ltr'><strong>violenti</strong></span> <span class='ocrx_word' id='word_1_467' title='bbox 2454 2092 2725 2163; x_wconf 68' lang='lat' dir='ltr'><strong>praedonis</strong></span> <span class='ocrx_word' id='word_1_468' title='bbox 2747 2091 2995 2163; x_wconf 88' lang='lat' dir='ltr'><strong>eripitur,</strong></span> <span class='ocrx_word' id='word_1_469' title='bbox 3018 2100 3074 2146; x_wconf 92' lang='lat' dir='ltr'><strong>et</strong></span> <span class='ocrx_word' id='word_1_470' title='bbox 3099 2092 3247 2147; x_wconf 86' lang='lat' dir='ltr'><strong>salus</strong></span> <span class='ocrx_word' id='word_1_471' title='bbox 3269 2106 3387 2147; x_wconf 90' lang='lat' dir='ltr'><strong>esse</strong></span> <span class='ocrx_word' id='word_1_472' title='bbox 3411 2090 3577 2145; x_wconf 90' lang='lat' dir='ltr'><strong>totius</strong></span> <span class='ocrx_word' id='word_1_473' title='bbox 3603 2088 3780 2143; x_wconf 85' lang='lat' dir='ltr'><strong>mundi</strong></span> 
     </span>
    </p>
   </div>
   <div class='ocr_carea' id='block_1_69' title="bbox 2206 2177 3779 2254">
    <p class='ocr_par' dir='ltr' id='par_1_69' title="bbox 2206 2177 3779 2254">
     <span class='ocr_line' id='line_1_69' title="bbox 2206 2177 3779 2254; baseline 0.001 -17"><span class='ocrx_word' id='word_1_474' title='bbox 2206 2194 2382 2239; x_wconf 89' lang='lat' dir='ltr'><strong>vestra</strong></span> <span class='ocrx_word' id='word_1_475' title='bbox 2433 2183 2776 2239; x_wconf 89' lang='lat' dir='ltr'><strong>incolumitas</strong></span> <span class='ocrx_word' id='word_1_476' title='bbox 2800 2183 3096 2254; x_wconf 73' lang='lat' dir='ltr'><strong>indicatur.</strong></span> <span class='ocrx_word' id='word_1_477' title='bbox 3128 2202 3144 2228; x_wconf 77' lang='grc' dir='ltr'><strong>ι</strong></span> <span class='ocrx_word' id='word_1_478' title='bbox 3181 2181 3456 2237; x_wconf 81' lang='lat' dir='ltr'><strong>Laetentur</strong></span> <span class='ocrx_word' id='word_1_479' title='bbox 3485 2194 3615 2249; x_wconf 73' lang='lat' dir='ltr'><strong>ergo</strong></span> <span class='ocrx_word' id='word_1_480' title='bbox 3641 2177 3779 2239; x_wconf 76' lang='lat' dir='ltr'><strong>cteli.</strong></span> 
     </span>
    </p>
   </div>
   <div class='ocr_carea' id='block_1_70' title="bbox 2204 2273 3783 2346">
    <p class='ocr_par' dir='ltr' id='par_1_70' title="bbox 2204 2273 3783 2346">
     <span class='ocr_line' id='line_1_70' title="bbox 2204 2273 3783 2346; baseline -0.005 -18"><span class='ocrx_word' id='word_1_481' title='bbox 2204 2275 2431 2330; x_wconf 82' lang='lat' dir='ltr'><strong>exsultet</strong></span> <span class='ocrx_word' id='word_1_482' title='bbox 2469 2284 2612 2329; x_wconf 90' lang='lat' dir='ltr'><strong>terra</strong></span> <span class='ocrx_word' id='word_1_483' title='bbox 2640 2274 2813 2346; x_wconf 60' lang='lat' dir='ltr'><strong>(Prol.</strong></span> <span class='ocrx_word' id='word_1_484' title='bbox 2861 2273 3007 2344; x_wconf 74' lang='lat' dir='ltr'><strong>xcv),</strong></span> <span class='ocrx_word' id='word_1_485' title='bbox 3058 2293 3077 2326; x_wconf 76' lang='grc' dir='ltr'><strong>ι</strong></span> <span class='ocrx_word' id='word_1_486' title='bbox 3112 2273 3239 2343; x_wconf 89' lang='lat' dir='ltr'><strong>quia</strong></span> <span class='ocrx_word' id='word_1_487' title='bbox 3272 2273 3323 2326; x_wconf 93' lang='lat' dir='ltr'><strong>in</strong></span> <span class='ocrx_word' id='word_1_488' title='bbox 3357 2286 3483 2341; x_wconf 74' lang='lat' dir='ltr'><strong>rege</strong></span> <span class='ocrx_word' id='word_1_489' title='bbox 3526 2284 3628 2323; x_wconf 85' lang='lat' dir='ltr'><strong>suo</strong></span> <span class='ocrx_word' id='word_1_490' title='bbox 3662 2283 3783 2321; x_wconf 79' lang='lat' dir='ltr'><strong>vere</strong></span> 
     </span>
    </p>
   </div>
   <div class='ocr_carea' id='block_1_71' title="bbox 2204 2361 3786 2437">
    <p class='ocr_par' dir='ltr' id='par_1_71' title="bbox 2204 2361 3786 2437">
     <span class='ocr_line' id='line_1_71' title="bbox 2204 2361 3786 2437; baseline -0.007 -13"><span class='ocrx_word' id='word_1_491' title='bbox 2204 2368 2457 2424; x_wconf 83' lang='lat' dir='ltr'><strong>Christus</strong></span> <span class='ocrx_word' id='word_1_492' title='bbox 2490 2382 2715 2436; x_wconf 83' lang='lat' dir='ltr'><strong>regnare</strong></span> <span class='ocrx_word' id='word_1_493' title='bbox 2752 2366 3116 2437; x_wconf 80' lang='lat' dir='ltr'><strong>cognoscitur,</strong></span> <span class='ocrx_word' id='word_1_494' title='bbox 3162 2375 3218 2421; x_wconf 87' lang='lat' dir='ltr'><strong>et</strong></span> <span class='ocrx_word' id='word_1_495' title='bbox 3260 2365 3360 2420; x_wconf 88' lang='lat' dir='ltr'><strong>sub</strong></span> <span class='ocrx_word' id='word_1_496' title='bbox 3396 2365 3513 2433; x_wconf 88' lang='lat' dir='ltr'><strong>ipso</strong></span> <span class='ocrx_word' id='word_1_497' title='bbox 3541 2361 3655 2429; x_wconf 84' lang='lat' dir='ltr'><strong>jam</strong></span> <span class='ocrx_word' id='word_1_498' title='bbox 3688 2374 3786 2414; x_wconf 69' lang='lat' dir='ltr'><strong>sa:-</strong></span> 
     </span>
    </p>
   </div>
   <div class='ocr_carea' id='block_1_72' title="bbox 2206 2451 3787 2523">
    <p class='ocr_par' dir='ltr' id='par_1_72' title="bbox 2206 2451 3787 2523">
     <span class='ocr_line' id='line_1_72' title="bbox 2206 2451 3787 2523; baseline -0.006 -8"><span class='ocrx_word' id='word_1_499' title='bbox 2206 2460 2310 2515; x_wconf 85' lang='lat' dir='ltr'><strong>cuii</strong></span> <span class='ocrx_word' id='word_1_500' title='bbox 2360 2459 2465 2515; x_wconf 87' lang='lat' dir='ltr'><strong>fine</strong></span> <span class='ocrx_word' id='word_1_501' title='bbox 2512 2475 2736 2514; x_wconf 86' lang='lat' dir='ltr'><strong>aureum</strong></span> <span class='ocrx_word' id='word_1_502' title='bbox 2788 2459 2955 2514; x_wconf 85' lang='lat' dir='ltr'><strong>David</strong></span> <span class='ocrx_word' id='word_1_503' title='bbox 3001 2458 3260 2514; x_wconf 78' lang='lat' dir='ltr'><strong>sa-culum</strong></span> <span class='ocrx_word' id='word_1_504' title='bbox 3307 2464 3624 2511; x_wconf 85' lang='lat' dir='ltr'><strong>renovatur.</strong></span> <span class='ocrx_word' id='word_1_505' title='bbox 3672 2451 3787 2523; x_wconf 70' lang='lat' dir='ltr'><strong>ipse</strong></span> 
     </span>
    </p>
   </div>
   <div class='ocr_carea' id='block_1_73' title="bbox 2204 2546 3785 2621">
    <p class='ocr_par' dir='ltr' id='par_1_73' title="bbox 2204 2546 3785 2621">
     <span class='ocr_line' id='line_1_73' title="bbox 2204 2546 3785 2621; baseline -0.004 -16"><span class='ocrx_word' id='word_1_506' title='bbox 2204 2551 2371 2615; x_wconf 91' lang='lat' dir='ltr'><strong>enim,</strong></span> <span class='ocrx_word' id='word_1_507' title='bbox 2408 2552 2497 2620; x_wconf 92' lang='lat' dir='ltr'><strong>qui</strong></span> <span class='ocrx_word' id='word_1_508' title='bbox 2547 2550 2690 2606; x_wconf 84' lang='lat' dir='ltr'><strong>facto</strong></span> <span class='ocrx_word' id='word_1_509' title='bbox 2734 2549 2944 2621; x_wconf 77' lang='lat' dir='ltr'><strong>flagello</strong></span> <span class='ocrx_word' id='word_1_510' title='bbox 2989 2553 3053 2604; x_wconf 88' lang='lat' dir='ltr'><strong>de</strong></span> <span class='ocrx_word' id='word_1_511' title='bbox 3098 2547 3366 2605; x_wconf 90' lang='lat' dir='ltr'><strong>resticulis</strong></span> <span class='ocrx_word' id='word_1_512' title='bbox 3410 2546 3707 2602; x_wconf 86' lang='lat' dir='ltr'><strong>vendentes</strong></span> <span class='ocrx_word' id='word_1_513' title='bbox 3735 2546 3785 2599; x_wconf 83' lang='lat' dir='ltr'><strong>in</strong></span> 
     </span>
    </p>
   </div>
   <div class='ocr_carea' id='block_1_74' title="bbox 2207 2634 3784 2712">
    <p class='ocr_par' dir='ltr' id='par_1_74' title="bbox 2207 2634 3784 2712">
     <span class='ocr_line' id='line_1_74' title="bbox 2207 2634 3784 2712; baseline -0.004 -17"><span class='ocrx_word' id='word_1_514' title='bbox 2207 2641 2405 2712; x_wconf 85' lang='lat' dir='ltr'><strong>templo</strong></span> <span class='ocrx_word' id='word_1_515' title='bbox 2434 2641 2709 2696; x_wconf 89' lang='lat' dir='ltr'><strong>columbas</strong></span> <span class='ocrx_word' id='word_1_516' title='bbox 2733 2640 2893 2710; x_wconf 84' lang='lat' dir='ltr'><strong>ejecit</strong></span> <span class='ocrx_word' id='word_1_517' title='bbox 2931 2639 3151 2710; x_wconf 72' lang='lat' dir='ltr'><strong>(Matth.</strong></span> <span class='ocrx_word' id='word_1_518' title='bbox 3178 2654 3299 2704; x_wconf 78' lang='lat' dir='ltr'><strong>xxr;</strong></span> <span class='ocrx_word' id='word_1_519' title='bbox 3338 2637 3511 2691; x_wconf 76' lang='lat' dir='ltr'><strong>Marc.</strong></span> <span class='ocrx_word' id='word_1_520' title='bbox 3544 2653 3628 2700; x_wconf 79' lang='lat' dir='ltr'><strong>xt;</strong></span> <span class='ocrx_word' id='word_1_521' title='bbox 3661 2634 3784 2688; x_wconf 71' lang='lat' dir='ltr'><strong>Luc.</strong></span> 
     </span>
    </p>
   </div>
   <div class='ocr_carea' id='block_1_75' title="bbox 2208 2729 3787 2803">
    <p class='ocr_par' dir='ltr' id='par_1_75' title="bbox 2208 2729 3787 2803">
     <span class='ocr_line' id='line_1_75' title="bbox 2208 2729 3787 2803; baseline -0.006 -15"><span class='ocrx_word' id='word_1_522' title='bbox 2208 2750 2331 2800; x_wconf 71' lang='lat' dir='ltr'><strong>XIX;</strong></span> <span class='ocrx_word' id='word_1_523' title='bbox 2359 2732 2520 2788; x_wconf 79' lang='lat' dir='ltr'><strong>Joan.</strong></span> <span class='ocrx_word' id='word_1_524' title='bbox 2554 2734 2651 2803; x_wconf 78' lang='grc' dir='ltr'>ιι).</span> <span class='ocrx_word' id='word_1_525' title='bbox 2683 2733 2819 2802; x_wconf 87' lang='lat' dir='ltr'><strong>ipse,</strong></span> <span class='ocrx_word' id='word_1_526' title='bbox 2864 2732 3104 2802; x_wconf 86' lang='lat' dir='ltr'><strong>inquam,</strong></span> <span class='ocrx_word' id='word_1_527' title='bbox 3134 2740 3188 2786; x_wconf 91' lang='lat' dir='ltr'><strong>et</strong></span> <span class='ocrx_word' id='word_1_528' title='bbox 3233 2746 3339 2786; x_wconf 80' lang='lat' dir='ltr'><strong>non</strong></span> <span class='ocrx_word' id='word_1_529' title='bbox 3385 2730 3548 2792; x_wconf 88' lang='lat' dir='ltr'><strong>alius,</strong></span> <span class='ocrx_word' id='word_1_530' title='bbox 3581 2729 3634 2782; x_wconf 92' lang='lat' dir='ltr'><strong>in</strong></span> <span class='ocrx_word' id='word_1_531' title='bbox 3666 2742 3787 2796; x_wconf 74' lang='lat' dir='ltr'><strong>rege</strong></span> 
     </span>
    </p>
   </div>
   <div class='ocr_carea' id='block_1_76' title="bbox 2207 2818 3791 2896">
    <p class='ocr_par' dir='ltr' id='par_1_76' title="bbox 2207 2818 3791 2896">
     <span class='ocr_line' id='line_1_76' title="bbox 2207 2818 3791 2896; baseline -0.006 -16"><span class='ocrx_word' id='word_1_532' title='bbox 2207 2841 2306 2880; x_wconf 83' lang='lat' dir='ltr'><strong>suo</strong></span> <span class='ocrx_word' id='word_1_533' title='bbox 2351 2824 2615 2896; x_wconf 83' lang='lat' dir='ltr'><strong>Wiqucrii</strong></span> <span class='ocrx_word' id='word_1_534' title='bbox 2661 2825 2975 2880; x_wconf 84' lang='lat' dir='ltr'><strong>cathedram</strong></span> <span class='ocrx_word' id='word_1_535' title='bbox 3037 2824 3090 2878; x_wconf 87' lang='lat' dir='ltr'><strong>itt</strong></span> <span class='ocrx_word' id='word_1_536' title='bbox 3153 2822 3382 2877; x_wconf 88' lang='lat' dir='ltr'><strong>ecclesia</strong></span> <span class='ocrx_word' id='word_1_537' title='bbox 3434 2818 3791 2890; x_wconf 78' lang='lat' dir='ltr'><strong>negotiantis,</strong></span> 
     </span>
    </p>
   </div>
   <div class='ocr_carea' id='block_1_77' title="bbox 2207 2912 3785 2987">
    <p class='ocr_par' dir='ltr' id='par_1_77' title="bbox 2207 2912 3785 2987">
     <span class='ocr_line' id='line_1_77' title="bbox 2207 2912 3785 2987; baseline -0.006 -14"><span class='ocrx_word' id='word_1_538' title='bbox 2207 2917 2424 2973; x_wconf 86' lang='lat' dir='ltr'><strong>evertit.</strong></span> <span class='ocrx_word' id='word_1_539' title='bbox 2455 2916 2522 2972; x_wconf 86' lang='lat' dir='ltr'><strong>Et</strong></span> <span class='ocrx_word' id='word_1_540' title='bbox 2562 2916 2656 2987; x_wconf 91' lang='lat' dir='ltr'><strong>qui</strong></span> <span class='ocrx_word' id='word_1_541' title='bbox 2687 2915 2814 2971; x_wconf 87' lang='lat' dir='ltr'><strong>olint</strong></span> <span class='ocrx_word' id='word_1_542' title='bbox 2858 2915 3074 2987; x_wconf 86' lang='lat' dir='ltr'><strong>superbi</strong></span> <span class='ocrx_word' id='word_1_543' title='bbox 3120 2913 3251 2969; x_wconf 85' lang='lat' dir='ltr'><strong>Saul</strong></span> <span class='ocrx_word' id='word_1_544' title='bbox 3295 2912 3669 2983; x_wconf 80' lang='lat' dir='ltr'><strong>arrogantiam</strong></span> <span class='ocrx_word' id='word_1_545' title='bbox 3704 2925 3785 2964; x_wconf 85' lang='lat' dir='ltr'><strong>re-</strong></span> 
     </span>
    </p>
   </div>
   <div class='ocr_carea' id='block_1_78' title="bbox 2209 3001 3788 3079">
    <p class='ocr_par' dir='ltr' id='par_1_78' title="bbox 2209 3001 3788 3079">
     <span class='ocr_line' id='line_1_78' title="bbox 2209 3001 3788 3079; baseline -0.007 -15"><span class='ocrx_word' id='word_1_546' title='bbox 2209 3007 2343 3079; x_wconf 89' lang='lat' dir='ltr'><strong>pulit</strong></span> <span class='ocrx_word' id='word_1_547' title='bbox 2375 3007 2430 3079; x_wconf 77' lang='grc' dir='ltr'><strong>(Ι</strong></span> <span class='ocrx_word' id='word_1_548' title='bbox 2461 3006 2590 3077; x_wconf 85' lang='lat' dir='ltr'><strong>Reg.</strong></span> <span class='ocrx_word' id='word_1_549' title='bbox 2614 3023 2748 3073; x_wconf 83' lang='lat' dir='ltr'><strong>xm;</strong></span> <span class='ocrx_word' id='word_1_550' title='bbox 2783 3006 2813 3061; x_wconf 86' lang='grc'><strong><em>1</em></strong></span> <span class='ocrx_word' id='word_1_551' title='bbox 2846 3005 3032 3061; x_wconf 75' lang='lat' dir='ltr'><strong>Parui.</strong></span> <span class='ocrx_word' id='word_1_552' title='bbox 3066 3005 3153 3076; x_wconf 70' lang='grc' dir='ltr'><strong>χ),</strong></span> <span class='ocrx_word' id='word_1_553' title='bbox 3184 3006 3301 3076; x_wconf 86' lang='lat' dir='ltr'><strong>ipse</strong></span> <span class='ocrx_word' id='word_1_554' title='bbox 3324 3020 3470 3059; x_wconf 89' lang='lat' dir='ltr'><strong>nunc</strong></span> <span class='ocrx_word' id='word_1_555' title='bbox 3497 3018 3609 3057; x_wconf 91' lang='lat' dir='ltr'><strong>nou</strong></span> <span class='ocrx_word' id='word_1_556' title='bbox 3638 3001 3788 3057; x_wconf 68' lang='lat' dir='ltr'><strong>dissi-</strong></span> 
     </span>
    </p>
   </div>
   <div class='ocr_carea' id='block_1_79' title="bbox 2211 3096 3788 3171">
    <p class='ocr_par' dir='ltr' id='par_1_79' title="bbox 2211 3096 3788 3171">
     <span class='ocr_line' id='line_1_79' title="bbox 2211 3096 3788 3171; baseline -0.006 -15"><span class='ocrx_word' id='word_1_557' title='bbox 2211 3101 2388 3156; x_wconf 90' lang='lat' dir='ltr'><strong>milem</strong></span> <span class='ocrx_word' id='word_1_558' title='bbox 2437 3100 2648 3171; x_wconf 87' lang='lat' dir='ltr'><strong>reprobi</strong></span> <span class='ocrx_word' id='word_1_559' title='bbox 2695 3100 2792 3155; x_wconf 91' lang='lat' dir='ltr'><strong>viri</strong></span> <span class='ocrx_word' id='word_1_560' title='bbox 2827 3099 3088 3154; x_wconf 85' lang='lat' dir='ltr'><strong>malitiam</strong></span> <span class='ocrx_word' id='word_1_561' title='bbox 3114 3096 3472 3154; x_wconf 82' lang='lat' dir='ltr'><strong>conculcavit.</strong></span> <span class='ocrx_word' id='word_1_562' title='bbox 3506 3096 3788 3151; x_wconf 60' lang='lat' dir='ltr'><strong>Verumtao</strong></span> 
     </span>
    </p>
   </div>
   <div class='ocr_carea' id='block_1_80' title="bbox 2134 3183 3791 3260">
    <p class='ocr_par' dir='ltr' id='par_1_80' title="bbox 2134 3183 3791 3260">
     <span class='ocr_line' id='line_1_80' title="bbox 2134 3183 3791 3260; baseline -0.008 -11"><span class='ocrx_word' id='word_1_563' title='bbox 2134 3191 2178 3249; x_wconf 87' lang='lat' dir='ltr'><strong>C</strong></span> <span class='ocrx_word' id='word_1_564' title='bbox 2212 3209 2334 3250; x_wconf 89' lang='lat' dir='ltr'><strong>men</strong></span> <span class='ocrx_word' id='word_1_565' title='bbox 2367 3193 2490 3249; x_wconf 91' lang='lat' dir='ltr'><strong>nolo</strong></span> <span class='ocrx_word' id='word_1_566' title='bbox 2513 3193 2681 3248; x_wconf 87' lang='lat' dir='ltr'><strong>latcat-</strong></span> <span class='ocrx_word' id='word_1_567' title='bbox 2702 3193 2977 3248; x_wconf 87' lang='lat' dir='ltr'><strong>dominum</strong></span> <span class='ocrx_word' id='word_1_568' title='bbox 3003 3206 3181 3246; x_wconf 86' lang='lat' dir='ltr'><strong>meum</strong></span> <span class='ocrx_word' id='word_1_569' title='bbox 3211 3202 3390 3260; x_wconf 75' lang='lat' dir='ltr'><strong>regem</strong></span> <span class='ocrx_word' id='word_1_570' title='bbox 3412 3187 3541 3257; x_wconf 90' lang='lat' dir='ltr'><strong>quia</strong></span> <span class='ocrx_word' id='word_1_571' title='bbox 3573 3183 3791 3255; x_wconf 79' lang='lat' dir='ltr'><strong>pestifer</strong></span> 
     </span>
    </p>
   </div>
   <div class='ocr_carea' id='block_1_81' title="bbox 2213 3276 3791 3350">
    <p class='ocr_par' dir='ltr' id='par_1_81' title="bbox 2213 3276 3791 3350">
     <span class='ocr_line' id='line_1_81' title="bbox 2213 3276 3791 3350; baseline -0.01 -8"><span class='ocrx_word' id='word_1_572' title='bbox 2213 3286 2299 3343; x_wconf 92' lang='lat' dir='ltr'><strong>ille</strong></span> <span class='ocrx_word' id='word_1_573' title='bbox 2329 3287 2411 3341; x_wconf 87' lang='lat' dir='ltr'><strong>vir</strong></span> <span class='ocrx_word' id='word_1_574' title='bbox 2455 3288 2521 3342; x_wconf 87' lang='lat' dir='ltr'><strong>ad</strong></span> <span class='ocrx_word' id='word_1_575' title='bbox 2562 3284 2936 3340; x_wconf 82' lang='lat' dir='ltr'><strong>Ravennatem</strong></span> <span class='ocrx_word' id='word_1_576' title='bbox 2967 3282 3155 3338; x_wconf 86' lang='lat' dir='ltr'><strong>urbem</strong></span> <span class='ocrx_word' id='word_1_577' title='bbox 3186 3296 3313 3337; x_wconf 90' lang='lat' dir='ltr'><strong>suas</strong></span> <span class='ocrx_word' id='word_1_578' title='bbox 3347 3278 3607 3350; x_wconf 86' lang='lat' dir='ltr'><strong>epistolas</strong></span> <span class='ocrx_word' id='word_1_579' title='bbox 3631 3276 3791 3331; x_wconf 77' lang='lat' dir='ltr'><strong>fabri-</strong></span> 
     </span>
    </p>
   </div>
   <div class='ocr_carea' id='block_1_82' title="bbox 2210 3354 3791 3445">
    <p class='ocr_par' dir='ltr' id='par_1_82' title="bbox 2210 3354 3791 3445">
     <span class='ocr_line' id='line_1_82' title="bbox 2210 3354 3791 3445; baseline -0.009 -13"><span class='ocrx_word' id='word_1_580' title='bbox 2210 3378 2387 3442; x_wconf 87' lang='lat' dir='ltr'><strong>cavit;</strong></span> <span class='ocrx_word' id='word_1_581' title='bbox 2437 3377 2572 3431; x_wconf 88' lang='lat' dir='ltr'><strong>alias</strong></span> <span class='ocrx_word' id='word_1_582' title='bbox 2615 3375 2833 3445; x_wconf 88' lang='lat' dir='ltr'><strong>quidem</strong></span> <span class='ocrx_word' id='word_1_583' title='bbox 2890 3373 3100 3428; x_wconf 85' lang='lat' dir='ltr'><strong>occulte</strong></span> <span class='ocrx_word' id='word_1_584' title='bbox 3164 3354 3421 3440; x_wconf 76' lang='lat' dir='ltr'><strong>singulis,</strong></span> <span class='ocrx_word' id='word_1_585' title='bbox 3472 3367 3615 3422; x_wconf 90' lang='lat' dir='ltr'><strong>alias</strong></span> <span class='ocrx_word' id='word_1_586' title='bbox 3668 3381 3791 3420; x_wconf 86' lang='lat' dir='ltr'><strong>vero</strong></span> 
     </span>
    </p>
   </div>
   <div class='ocr_carea' id='block_1_83' title="bbox 2210 3454 3797 3532">
    <p class='ocr_par' dir='ltr' id='par_1_83' title="bbox 2210 3454 3797 3532">
     <span class='ocr_line' id='line_1_83' title="bbox 2210 3454 3797 3532; baseline -0.009 -11"><span class='ocrx_word' id='word_1_587' title='bbox 2210 3464 2574 3521; x_wconf 88' lang='lat' dir='ltr'><strong>communiter</strong></span> <span class='ocrx_word' id='word_1_588' title='bbox 2596 3461 2883 3528; x_wconf 90' lang='lat' dir='ltr'><strong>universis,</strong></span> <span class='ocrx_word' id='word_1_589' title='bbox 2914 3461 2967 3515; x_wconf 90' lang='lat' dir='ltr'><strong>itt</strong></span> <span class='ocrx_word' id='word_1_590' title='bbox 2992 3460 3186 3532; x_wconf 91' lang='lat' dir='ltr'><strong>quibus</strong></span> <span class='ocrx_word' id='word_1_591' title='bbox 3205 3474 3265 3515; x_wconf 90' lang='lat' dir='ltr'><strong>se</strong></span> <span class='ocrx_word' id='word_1_592' title='bbox 3288 3457 3562 3513; x_wconf 89' lang='lat' dir='ltr'><strong>facturum</strong></span> <span class='ocrx_word' id='word_1_593' title='bbox 3591 3454 3797 3517; x_wconf 81' lang='lat' dir='ltr'><strong>omnia,</strong></span> 
     </span>
    </p>
   </div>
   <div class='ocr_carea' id='block_1_84' title="bbox 2211 3547 3790 3627">
    <p class='ocr_par' dir='ltr' id='par_1_84' title="bbox 2211 3547 3790 3627">
     <span class='ocr_line' id='line_1_84' title="bbox 2211 3547 3790 3627; baseline -0.008 -17"><span class='ocrx_word' id='word_1_594' title='bbox 2211 3571 2543 3627; x_wconf 65' lang='lat' dir='ltr'><strong>quaecunque</strong></span> <span class='ocrx_word' id='word_1_595' title='bbox 2586 3555 2689 3626; x_wconf 88' lang='lat' dir='ltr'><strong>ipsi</strong></span> <span class='ocrx_word' id='word_1_596' title='bbox 2736 3552 3027 3618; x_wconf 87' lang='lat' dir='ltr'><strong>voluerint,</strong></span> <span class='ocrx_word' id='word_1_597' title='bbox 3059 3551 3126 3606; x_wconf 90' lang='lat' dir='ltr'><strong>de</strong></span> <span class='ocrx_word' id='word_1_598' title='bbox 3168 3551 3328 3605; x_wconf 87' lang='lat' dir='ltr'><strong>rebus</strong></span> <span class='ocrx_word' id='word_1_599' title='bbox 3361 3547 3629 3602; x_wconf 60' lang='lat' dir='ltr'><strong>Ecclesiae</strong></span> <span class='ocrx_word' id='word_1_600' title='bbox 3677 3562 3790 3614; x_wconf 59' lang='grc' dir='ltr'><strong>δρψ</strong></span> 
     </span>
    </p>
   </div>
   <div class='ocr_carea' id='block_1_85' title="bbox 2213 3637 3792 3721">
    <p class='ocr_par' dir='ltr' id='par_1_85' title="bbox 2213 3637 3792 3721">
     <span class='ocr_line' id='line_1_85' title="bbox 2213 3637 3792 3721; baseline -0.013 -15"><span class='ocrx_word' id='word_1_601' title='bbox 2213 3649 2416 3721; x_wconf 87' lang='lat' dir='ltr'><strong>pendit.</strong></span> <span class='ocrx_word' id='word_1_602' title='bbox 2443 3648 2595 3716; x_wconf 89' lang='lat' dir='ltr'><strong>Quod</strong></span> <span class='ocrx_word' id='word_1_603' title='bbox 2624 3647 2670 3702; x_wconf 83' lang='lat' dir='ltr'><strong>si</strong></span> <span class='ocrx_word' id='word_1_604' title='bbox 2713 3644 2893 3701; x_wconf 87' lang='lat' dir='ltr'><strong>verbis</strong></span> <span class='ocrx_word' id='word_1_605' title='bbox 2916 3645 3137 3699; x_wconf 90' lang='lat' dir='ltr'><strong>minime</strong></span> <span class='ocrx_word' id='word_1_606' title='bbox 3164 3640 3474 3704; x_wconf 81' lang='lat' dir='ltr'><strong>credet-ent,</strong></span> <span class='ocrx_word' id='word_1_607' title='bbox 3496 3637 3792 3694; x_wconf 87' lang='lat' dir='ltr'><strong>secundum</strong></span> 
     </span>
    </p>
   </div>
   <div class='ocr_carea' id='block_1_86' title="bbox 2214 3727 3793 3808">
    <p class='ocr_par' dir='ltr' id='par_1_86' title="bbox 2214 3727 3793 3808">
     <span class='ocr_line' id='line_1_86' title="bbox 2214 3727 3793 3808; baseline -0.011 -10"><span class='ocrx_word' id='word_1_608' title='bbox 2214 3745 2329 3799; x_wconf 75' lang='lat' dir='ltr'><strong>bzec</strong></span> <span class='ocrx_word' id='word_1_609' title='bbox 2366 3758 2522 3798; x_wconf 87' lang='lat' dir='ltr'><strong>suum</strong></span> <span class='ocrx_word' id='word_1_610' title='bbox 2555 3740 2801 3795; x_wconf 89' lang='lat' dir='ltr'><strong>nuntium</strong></span> <span class='ocrx_word' id='word_1_611' title='bbox 2827 3738 3013 3808; x_wconf 89' lang='lat' dir='ltr'><strong>jurare</strong></span> <span class='ocrx_word' id='word_1_612' title='bbox 3053 3734 3325 3804; x_wconf 71' lang='lat' dir='ltr'><strong>przecepit.</strong></span> <span class='ocrx_word' id='word_1_613' title='bbox 3358 3730 3510 3787; x_wconf 82' lang='lat' dir='ltr'><strong>Unde</strong></span> <span class='ocrx_word' id='word_1_614' title='bbox 3548 3744 3657 3783; x_wconf 90' lang='lat' dir='ltr'><strong>non</strong></span> <span class='ocrx_word' id='word_1_615' title='bbox 3700 3727 3793 3781; x_wconf 84' lang='lat' dir='ltr'><strong>dn-</strong></span> 
     </span>
    </p>
   </div>
   <div class='ocr_carea' id='block_1_87' title="bbox 2212 3819 3794 3902">
    <p class='ocr_par' dir='ltr' id='par_1_87' title="bbox 2212 3819 3794 3902">
     <span class='ocr_line' id='line_1_87' title="bbox 2212 3819 3794 3902; baseline -0.011 -15"><span class='ocrx_word' id='word_1_616' title='bbox 2212 3831 2328 3887; x_wconf 89' lang='lat' dir='ltr'><strong>bito</strong></span> <span class='ocrx_word' id='word_1_617' title='bbox 2387 3832 2651 3902; x_wconf 88' lang='lat' dir='ltr'><strong>quosdam</strong></span> <span class='ocrx_word' id='word_1_618' title='bbox 2697 3830 2763 3884; x_wconf 89' lang='lat' dir='ltr'><strong>de</strong></span> <span class='ocrx_word' id='word_1_619' title='bbox 2809 3825 3214 3882; x_wconf 79' lang='lat' dir='ltr'><strong>Ravennatibus</strong></span> <span class='ocrx_word' id='word_1_620' title='bbox 3279 3819 3559 3892; x_wconf 70' lang='lat' dir='ltr'><strong>maiestati</strong></span> <span class='ocrx_word' id='word_1_621' title='bbox 3606 3826 3794 3872; x_wconf 67' lang='lat' dir='ltr'><strong>vestae</strong></span> 
     </span>
    </p>
   </div>
   <div class='ocr_carea' id='block_1_88' title="bbox 2213 3911 3794 3994">
    <p class='ocr_par' dir='ltr' id='par_1_88' title="bbox 2213 3911 3794 3994">
     <span class='ocr_line' id='line_1_88' title="bbox 2213 3911 3794 3994; baseline -0.009 -18"><span class='ocrx_word' id='word_1_622' title='bbox 2213 3937 2519 3994; x_wconf 74' lang='lat' dir='ltr'><strong>suggerere,</strong></span> <span class='ocrx_word' id='word_1_623' title='bbox 2550 3930 2609 3975; x_wconf 86' lang='lat' dir='ltr'><strong>ut</strong></span> <span class='ocrx_word' id='word_1_624' title='bbox 2638 3920 2703 3974; x_wconf 89' lang='lat' dir='ltr'><strong>ad</strong></span> <span class='ocrx_word' id='word_1_625' title='bbox 2731 3917 2977 3974; x_wconf 88' lang='lat' dir='ltr'><strong>eamdem</strong></span> <span class='ocrx_word' id='word_1_626' title='bbox 3021 3915 3337 3971; x_wconf 88' lang='lat' dir='ltr'><strong>cathedram</strong></span> <span class='ocrx_word' id='word_1_627' title='bbox 3381 3911 3457 3967; x_wconf 71' lang='lat' dir='ltr'><strong>illi</strong></span> <span class='ocrx_word' id='word_1_628' title='bbox 3504 3911 3685 3964; x_wconf 78' lang='lat' dir='ltr'><strong>valeat</strong></span> <span class='ocrx_word' id='word_1_629' title='bbox 3714 3923 3794 3962; x_wconf 83' lang='lat' dir='ltr'><strong>re-</strong></span> 
     </span>
    </p>
   </div>
   <div class='ocr_carea' id='block_1_89' title="bbox 2214 3997 3795 4083">
    <p class='ocr_par' dir='ltr' id='par_1_89' title="bbox 2214 3997 3795 4083">
     <span class='ocr_line' id='line_1_89' title="bbox 2214 3997 3795 4083; baseline -0.01 -16"><span class='ocrx_word' id='word_1_630' title='bbox 2214 4013 2429 4083; x_wconf 84' lang='lat' dir='ltr'><strong>pedare.</strong></span> <span class='ocrx_word' id='word_1_631' title='bbox 2456 4010 2724 4065; x_wconf 81' lang='lat' dir='ltr'><strong>Nimirum</strong></span> <span class='ocrx_word' id='word_1_632' title='bbox 2754 4016 3002 4077; x_wconf 91' lang='lat' dir='ltr'><strong>raptores</strong></span> <span class='ocrx_word' id='word_1_633' title='bbox 3028 4005 3211 4059; x_wconf 85' lang='lat' dir='ltr'><strong>mundi</strong></span> <span class='ocrx_word' id='word_1_634' title='bbox 3236 4003 3326 4073; x_wconf 90' lang='lat' dir='ltr'><strong>qui</strong></span> <span class='ocrx_word' id='word_1_635' title='bbox 3349 4001 3602 4057; x_wconf 78' lang='lat' dir='ltr'><strong>ambiunt</strong></span> <span class='ocrx_word' id='word_1_636' title='bbox 3627 3997 3795 4054; x_wconf 75' lang='lat' dir='ltr'><strong>eccle-</strong></span> 
     </span>
    </p>
   </div>
   <div class='ocr_carea' id='block_1_90' title="bbox 2211 4086 3793 4172">
    <p class='ocr_par' dir='ltr' id='par_1_90' title="bbox 2211 4086 3793 4172">
     <span class='ocr_line' id='line_1_90' title="bbox 2211 4086 3793 4172; baseline -0.015 -8"><span class='ocrx_word' id='word_1_637' title='bbox 2211 4107 2430 4164; x_wconf 88' lang='lat' dir='ltr'><strong>siastica</strong></span> <span class='ocrx_word' id='word_1_638' title='bbox 2465 4107 2604 4160; x_wconf 90' lang='lat' dir='ltr'><strong>bona</strong></span> <span class='ocrx_word' id='word_1_639' title='bbox 2639 4101 2894 4172; x_wconf 88' lang='lat' dir='ltr'><strong>diripere,</strong></span> <span class='ocrx_word' id='word_1_640' title='bbox 2928 4100 3089 4155; x_wconf 88' lang='lat' dir='ltr'><strong>talem</strong></span> <span class='ocrx_word' id='word_1_641' title='bbox 3118 4096 3305 4152; x_wconf 89' lang='lat' dir='ltr'><strong>volunt</strong></span> <span class='ocrx_word' id='word_1_642' title='bbox 3333 4094 3678 4164; x_wconf 79' lang='lat' dir='ltr'><strong>episcopum,</strong></span> <span class='ocrx_word' id='word_1_643' title='bbox 3707 4086 3793 4157; x_wconf 89' lang='lat' dir='ltr'><strong>qui</strong></span> 
     </span>
    </p>
   </div>
   <div class='ocr_carea' id='block_1_91' title="bbox 2211 4177 3793 4267">
    <p class='ocr_par' dir='ltr' id='par_1_91' title="bbox 2211 4177 3793 4267">
     <span class='ocr_line' id='line_1_91' title="bbox 2211 4177 3793 4267; baseline -0.015 -14"><span class='ocrx_word' id='word_1_644' title='bbox 2211 4213 2399 4253; x_wconf 89' lang='lat' dir='ltr'><strong>eorum</strong></span> <span class='ocrx_word' id='word_1_645' title='bbox 2428 4196 2633 4267; x_wconf 91' lang='lat' dir='ltr'><strong>rapinis</strong></span> <span class='ocrx_word' id='word_1_646' title='bbox 2657 4209 2762 4248; x_wconf 92' lang='lat' dir='ltr'><strong>non</strong></span> <span class='ocrx_word' id='word_1_647' title='bbox 2790 4192 2968 4246; x_wconf 85' lang='lat' dir='ltr'><strong>valeat</strong></span> <span class='ocrx_word' id='word_1_648' title='bbox 2994 4188 3235 4244; x_wconf 88' lang='lat' dir='ltr'><strong>obviare.</strong></span> <span class='ocrx_word' id='word_1_649' title='bbox 3260 4185 3366 4240; x_wconf 83' lang='lat' dir='ltr'><strong>Vos</strong></span> <span class='ocrx_word' id='word_1_650' title='bbox 3387 4191 3595 4245; x_wconf 85' lang='lat' dir='ltr'><strong>autem,</strong></span> <span class='ocrx_word' id='word_1_651' title='bbox 3618 4177 3793 4234; x_wconf 75' lang='lat' dir='ltr'><strong>excel-</strong></span> 
     </span>
    </p>
   </div>
   <div class='ocr_carea' id='block_1_92' title="bbox 2213 4269 3792 4349">
    <p class='ocr_par' dir='ltr' id='par_1_92' title="bbox 2213 4269 3792 4349">
     <span class='ocr_line' id='line_1_92' title="bbox 2213 4269 3792 4349; baseline -0.016 -6"><span class='ocrx_word' id='word_1_652' title='bbox 2213 4288 2512 4342; x_wconf 87' lang='lat' dir='ltr'><strong>lentissime</strong></span> <span class='ocrx_word' id='word_1_653' title='bbox 2542 4285 2779 4349; x_wconf 86' lang='lat' dir='ltr'><strong>domine,</strong></span> <span class='ocrx_word' id='word_1_654' title='bbox 2808 4296 2969 4336; x_wconf 89' lang='lat' dir='ltr'><strong>aures</strong></span> <span class='ocrx_word' id='word_1_655' title='bbox 2995 4287 3203 4334; x_wconf 87' lang='lat' dir='ltr'><strong>vestras</strong></span> <span class='ocrx_word' id='word_1_656' title='bbox 3233 4290 3264 4329; x_wconf 91' lang='lat' dir='ltr'><strong>a</strong></span> <span class='ocrx_word' id='word_1_657' title='bbox 3296 4269 3579 4328; x_wconf 82' lang='lat' dir='ltr'><strong>venenatis</strong></span> <span class='ocrx_word' id='word_1_658' title='bbox 3611 4281 3792 4322; x_wconf 89' lang='lat' dir='ltr'><strong>eorum</strong></span> 
     </span>
    </p>
   </div>
   <div class='ocr_carea' id='block_1_93' title="bbox 2212 4359 3796 4442">
    <p class='ocr_par' dir='ltr' id='par_1_93' title="bbox 2212 4359 3796 4442">
     <span class='ocr_line' id='line_1_93' title="bbox 2212 4359 3796 4442; baseline -0.018 -6"><span class='ocrx_word' id='word_1_659' title='bbox 2212 4377 2455 4435; x_wconf 90' lang='lat' dir='ltr'><strong>consiliis</strong></span> <span class='ocrx_word' id='word_1_660' title='bbox 2487 4375 2741 4439; x_wconf 88' lang='lat' dir='ltr'><strong>claudite,</strong></span> <span class='ocrx_word' id='word_1_661' title='bbox 2782 4381 2837 4428; x_wconf 90' lang='lat' dir='ltr'><strong>et</strong></span> <span class='ocrx_word' id='word_1_662' title='bbox 2871 4366 3360 4442; x_wconf 77' lang='lat' dir='ltr'><strong>Splendidissituam</strong></span> <span class='ocrx_word' id='word_1_663' title='bbox 3390 4359 3580 4430; x_wconf 62' lang='lat' dir='ltr'><strong>gloriae</strong></span> <span class='ocrx_word' id='word_1_664' title='bbox 3606 4366 3796 4411; x_wconf 65' lang='lat' dir='ltr'><strong>vestra:</strong></span> 
     </span>
    </p>
   </div>
   <div class='ocr_carea' id='block_1_94' title="bbox 2213 4449 3791 4539">
    <p class='ocr_par' dir='ltr' id='par_1_94' title="bbox 2213 4449 3791 4539">
     <span class='ocr_line' id='line_1_94' title="bbox 2213 4449 3791 4539; baseline -0.017 -13"><span class='ocrx_word' id='word_1_665' title='bbox 2213 4471 2433 4535; x_wconf 86' lang='lat' dir='ltr'><strong>famam,</strong></span> <span class='ocrx_word' id='word_1_666' title='bbox 2475 4483 2596 4539; x_wconf 75' lang='lat' dir='ltr'><strong>qua:</strong></span> <span class='ocrx_word' id='word_1_667' title='bbox 2640 4481 2738 4538; x_wconf 90' lang='lat' dir='ltr'><strong>per</strong></span> <span class='ocrx_word' id='word_1_668' title='bbox 2785 4464 2948 4519; x_wconf 88' lang='lat' dir='ltr'><strong>totius</strong></span> <span class='ocrx_word' id='word_1_669' title='bbox 2986 4459 3172 4515; x_wconf 89' lang='lat' dir='ltr'><strong>mundi</strong></span> <span class='ocrx_word' id='word_1_670' title='bbox 3212 4454 3555 4511; x_wconf 89' lang='lat' dir='ltr'><strong>latitudinem</strong></span> <span class='ocrx_word' id='word_1_671' title='bbox 3587 4449 3791 4508; x_wconf 76' lang='lat' dir='ltr'><strong>volitat,</strong></span> 
     </span>
    </p>
   </div>
   <div class='ocr_carea' id='block_1_95' title="bbox 533 4538 3793 4657">
    <p class='ocr_par' dir='ltr' id='par_1_95' title="bbox 533 4539 3793 4657">
     <span class='ocr_line' id='line_1_95' title="bbox 533 4539 3793 4657; baseline -0.016 -14"><span class='ocrx_word' id='word_1_672' title='bbox 533 4589 729 4643; x_wconf 87' lang='lat' dir='ltr'><strong>hietate</strong></span> <span class='ocrx_word' id='word_1_673' title='bbox 760 4584 1078 4657; x_wconf 82' lang='lat' dir='ltr'><strong>promittite,</strong></span> <span class='ocrx_word' id='word_1_674' title='bbox 1104 4593 1156 4637; x_wconf 93' lang='lat' dir='ltr'><strong>ct</strong></span> <span class='ocrx_word' id='word_1_675' title='bbox 1188 4598 1272 4637; x_wconf 86' lang='lat' dir='ltr'><strong>me</strong></span> <span class='ocrx_word' id='word_1_676' title='bbox 1300 4581 1373 4635; x_wconf 86' lang='lat' dir='ltr'><strong>ad</strong></span> <span class='ocrx_word' id='word_1_677' title='bbox 1391 4596 1484 4634; x_wconf 85' lang='lat' dir='ltr'><strong>vos</strong></span> <span class='ocrx_word' id='word_1_678' title='bbox 1504 4579 1822 4650; x_wconf 86' lang='lat' dir='ltr'><strong>quantocius</strong></span> <span class='ocrx_word' id='word_1_679' title='bbox 1850 4577 2109 4633; x_wconf 74' lang='lat' dir='ltr'><strong>festinare</strong></span> <span class='ocrx_word' id='word_1_680' title='bbox 2138 4557 2186 4619; x_wconf 82' lang='grc' dir='ltr'><strong>Ῑ)</strong></span> <span class='ocrx_word' id='word_1_681' title='bbox 2213 4574 2436 4636; x_wconf 69' lang='lat' dir='ltr'><strong>Propter</strong></span> <span class='ocrx_word' id='word_1_682' title='bbox 2479 4577 2643 4615; x_wconf 76' lang='grc' dir='ltr'>υῐιυηι</span> <span class='ocrx_word' id='word_1_683' title='bbox 2686 4556 2962 4613; x_wconf 76' lang='grc' dir='ltr'><strong>Ιὶοωὶηθῐη</strong></span> <span class='ocrx_word' id='word_1_684' title='bbox 2999 4550 3268 4654; x_wconf 69' lang='lat' dir='ltr'><strong>Oﬂ&#39;uscare</strong></span> <span class='ocrx_word' id='word_1_685' title='bbox 3315 4545 3514 4657; x_wconf 39' lang='lat' dir='ltr'><strong>nolite...</strong></span> <span class='ocrx_word' id='word_1_686' title='bbox 3553 4539 3613 4597; x_wconf 90' lang='lat' dir='ltr'><strong>Si</strong></span> <span class='ocrx_word' id='word_1_687' title='bbox 3653 4554 3793 4657; x_wconf 65' lang='lat' dir='ltr'><strong>entqt</strong></span> 
     </span>
    </p>
   </div>
   <div class='ocr_carea' id='block_1_96' title="bbox 546 4670 2108 4741">
    <p class='ocr_par' dir='ltr' id='par_1_96' title="bbox 546 4670 2108 4741">
     <span class='ocr_line' id='line_1_96' title="bbox 546 4670 2108 4741; baseline -0.006 -8"><span class='ocrx_word' id='word_1_688' title='bbox 546 4681 723 4735; x_wconf 91' lang='lat' dir='ltr'><strong>ubete.</strong></span> <span class='ocrx_word' id='word_1_689' title='bbox 748 4677 950 4734; x_wconf 76' lang='lat' dir='ltr'><strong>Redeat</strong></span> <span class='ocrx_word' id='word_1_690' title='bbox 981 4677 1047 4730; x_wconf 89' lang='lat' dir='ltr'><strong>ad</strong></span> <span class='ocrx_word' id='word_1_691' title='bbox 1079 4674 1395 4730; x_wconf 81' lang='lat' dir='ltr'><strong>memoriam</strong></span> <span class='ocrx_word' id='word_1_692' title='bbox 1419 4671 1620 4726; x_wconf 90' lang='lat' dir='ltr'><strong>domini</strong></span> <span class='ocrx_word' id='word_1_693' title='bbox 1645 4672 1785 4741; x_wconf 83' lang='lat' dir='ltr'><strong>regis</strong></span> <span class='ocrx_word' id='word_1_694' title='bbox 1813 4670 1963 4740; x_wconf 87' lang='lat' dir='ltr'><strong>quia,</strong></span> <span class='ocrx_word' id='word_1_695' title='bbox 1986 4685 2108 4723; x_wconf 89' lang='lat' dir='ltr'><strong>cum</strong></span> 
     </span>
    </p>
   </div>
   <div class='ocr_carea' id='block_1_97' title="bbox 529 4765 2107 4844">
    <p class='ocr_par' dir='ltr' id='par_1_97' title="bbox 529 4765 2107 4844">
     <span class='ocr_line' id='line_1_97' title="bbox 529 4765 2107 4844; baseline -0.01 -14"><span class='ocrx_word' id='word_1_696' title='bbox 529 4776 670 4844; x_wconf 90' lang='lat' dir='ltr'><strong>apud</strong></span> <span class='ocrx_word' id='word_1_697' title='bbox 698 4771 1085 4828; x_wconf 83' lang='lat' dir='ltr'><strong>monasterium</strong></span> <span class='ocrx_word' id='word_1_698' title='bbox 1103 4767 1304 4823; x_wconf 86' lang='lat' dir='ltr'><strong>Classis</strong></span> <span class='ocrx_word' id='word_1_699' title='bbox 1328 4782 1358 4820; x_wconf 87' lang='lat' dir='ltr'><strong>a</strong></span> <span class='ocrx_word' id='word_1_700' title='bbox 1382 4766 1534 4820; x_wconf 85' lang='lat' dir='ltr'><strong>vobis</strong></span> <span class='ocrx_word' id='word_1_701' title='bbox 1556 4765 1892 4820; x_wconf 88' lang='lat' dir='ltr'><strong>discessurus</strong></span> <span class='ocrx_word' id='word_1_702' title='bbox 1911 4778 2107 4827; x_wconf 89' lang='lat' dir='ltr'><strong>essem,</strong></span> 
     </span>
    </p>
   </div>
   <div class='ocr_carea' id='block_1_98' title="bbox 1025 4853 2099 4928">
    <p class='ocr_par' dir='ltr' id='par_1_98' title="bbox 1025 4853 2099 4928">
     <span class='ocr_line' id='line_1_98' title="bbox 1025 4853 2099 4928; baseline -0.007 -13"><span class='ocrx_word' id='word_1_703' title='bbox 1025 4860 1248 4915; x_wconf 83' lang='lat' dir='ltr'><strong>Noveris</strong></span> <span class='ocrx_word' id='word_1_704' title='bbox 1279 4857 1466 4928; x_wconf 91' lang='lat' dir='ltr'><strong>procul</strong></span> <span class='ocrx_word' id='word_1_705' title='bbox 1504 4856 1668 4910; x_wconf 88' lang='lat' dir='ltr'><strong>dubio</strong></span> <span class='ocrx_word' id='word_1_706' title='bbox 1699 4854 1827 4925; x_wconf 84' lang='lat' dir='ltr'><strong>quia</strong></span> <span class='ocrx_word' id='word_1_707' title='bbox 1863 4853 1972 4918; x_wconf 79' lang='lat' dir='ltr'><strong>isti,</strong></span> <span class='ocrx_word' id='word_1_708' title='bbox 2000 4868 2099 4922; x_wconf 89' lang='lat' dir='ltr'><strong>pro</strong></span> 
     </span>
    </p>
   </div>
   <div class='ocr_carea' id='block_1_99' title="bbox 529 4945 2109 5025">
    <p class='ocr_par' dir='ltr' id='par_1_99' title="bbox 529 4945 2109 5025">
     <span class='ocr_line' id='line_1_99' title="bbox 529 4945 2109 5025; baseline -0.007 -18"><span class='ocrx_word' id='word_1_709' title='bbox 529 4972 636 5023; x_wconf 88' lang='lat' dir='ltr'><strong>quo</strong></span> <span class='ocrx_word' id='word_1_710' title='bbox 690 4970 774 5008; x_wconf 88' lang='lat' dir='ltr'><strong>me</strong></span> <span class='ocrx_word' id='word_1_711' title='bbox 819 4969 995 5025; x_wconf 78' lang='lat' dir='ltr'><strong>rogas,</strong></span> <span class='ocrx_word' id='word_1_712' title='bbox 1052 4950 1378 5021; x_wconf 80' lang='lat' dir='ltr'><strong>quandoque</strong></span> <span class='ocrx_word' id='word_1_713' title='bbox 1425 4948 1638 5002; x_wconf 87' lang='lat' dir='ltr'><strong>veniam</strong></span> <span class='ocrx_word' id='word_1_714' title='bbox 1697 4945 1997 5007; x_wconf 76' lang='lat' dir='ltr'><strong>exhibebo,</strong></span> <span class='ocrx_word' id='word_1_715' title='bbox 2054 4953 2109 4997; x_wconf 87' lang='lat' dir='ltr'><strong>ct</strong></span> 
     </span>
    </p>
   </div>
   <div class='ocr_carea' id='block_1_100' title="bbox 534 5037 2112 5112">
    <p class='ocr_par' dir='ltr' id='par_1_100' title="bbox 534 5037 2112 5112">
     <span class='ocr_line' id='line_1_100' title="bbox 534 5037 2112 5112; baseline -0.004 -17"><span class='ocrx_word' id='word_1_716' title='bbox 534 5043 795 5112; x_wconf 86' lang='lat' dir='ltr'><strong>quidquid</strong></span> <span class='ocrx_word' id='word_1_717' title='bbox 844 5042 990 5098; x_wconf 91' lang='lat' dir='ltr'><strong>circa</strong></span> <span class='ocrx_word' id='word_1_718' title='bbox 1053 5041 1199 5096; x_wconf 89' lang='lat' dir='ltr'><strong>illum</strong></span> <span class='ocrx_word' id='word_1_719' title='bbox 1258 5037 1687 5094; x_wconf 57' lang='lat' dir='ltr'><strong>misericordizcr</strong></span> <span class='ocrx_word' id='word_1_720' title='bbox 1738 5050 1901 5107; x_wconf 77' lang='lat' dir='ltr'><strong>egero</strong></span> <span class='ocrx_word' id='word_1_721' title='bbox 1944 5077 1957 5098; x_wconf 91' lang='lat'><strong>,</strong></span> <span class='ocrx_word' id='word_1_722' title='bbox 2016 5050 2112 5104; x_wconf 84' lang='lat' dir='ltr'><strong>pro</strong></span> 
     </span>
    </p>
   </div>
   <div class='ocr_carea' id='block_1_101' title="bbox 531 5126 2110 5189">
    <p class='ocr_par' dir='ltr' id='par_1_101' title="bbox 531 5126 2110 5189">
     <span class='ocr_line' id='line_1_101' title="bbox 531 5126 2110 5189; baseline -0.006 0"><span class='ocrx_word' id='word_1_723' title='bbox 531 5148 717 5189; x_wconf 89' lang='lat' dir='ltr'><strong>amore</strong></span> <span class='ocrx_word' id='word_1_724' title='bbox 744 5133 942 5189; x_wconf 89' lang='lat' dir='ltr'><strong>Christi</strong></span> <span class='ocrx_word' id='word_1_725' title='bbox 992 5143 1049 5189; x_wconf 89' lang='lat' dir='ltr'><strong>et</strong></span> <span class='ocrx_word' id='word_1_726' title='bbox 1098 5142 1187 5187; x_wconf 89' lang='lat' dir='ltr'><strong>ttta</strong></span> <span class='ocrx_word' id='word_1_727' title='bbox 1236 5132 1503 5186; x_wconf 87' lang='lat' dir='ltr'><strong>charilate</strong></span> <span class='ocrx_word' id='word_1_728' title='bbox 1551 5128 1852 5184; x_wconf 79' lang='lat' dir='ltr'><strong>cet-tissime</strong></span> <span class='ocrx_word' id='word_1_729' title='bbox 1897 5126 2110 5183; x_wconf 82' lang='lat' dir='ltr'><strong>faciam.</strong></span> 
     </span>
    </p>
   </div>
   <div class='ocr_carea' id='block_1_102' title="bbox 2217 4632 3796 4723">
    <p class='ocr_par' dir='ltr' id='par_1_102' title="bbox 2217 4632 3796 4723">
     <span class='ocr_line' id='line_1_102' title="bbox 2217 4632 3796 4723; baseline -0.016 -12"><span class='ocrx_word' id='word_1_730' title='bbox 2217 4632 2328 4712; x_wconf 75' lang='lat' dir='ltr'><strong>ille</strong></span> <span class='ocrx_word' id='word_1_731' title='bbox 2352 4656 2419 4710; x_wconf 89' lang='lat' dir='ltr'><strong>ad</strong></span> <span class='ocrx_word' id='word_1_732' title='bbox 2467 4653 2812 4723; x_wconf 86' lang='lat' dir='ltr'><strong>episcopatus</strong></span> <span class='ocrx_word' id='word_1_733' title='bbox 2848 4662 3027 4703; x_wconf 88' lang='lat' dir='ltr'><strong>arcem</strong></span> <span class='ocrx_word' id='word_1_734' title='bbox 3065 4642 3382 4706; x_wconf 84' lang='lat' dir='ltr'><strong>revertitur,</strong></span> <span class='ocrx_word' id='word_1_735' title='bbox 3417 4638 3588 4692; x_wconf 90' lang='lat' dir='ltr'><strong>totius</strong></span> <span class='ocrx_word' id='word_1_736' title='bbox 3616 4632 3796 4707; x_wconf 73' lang='lat' dir='ltr'><strong>populi</strong></span> 
     </span>
    </p>
   </div>
   <div class='ocr_carea' id='block_1_103' title="bbox 2214 4727 3795 4818">
    <p class='ocr_par' dir='ltr' id='par_1_103' title="bbox 2214 4727 3795 4818">
     <span class='ocr_line' id='line_1_103' title="bbox 2214 4727 3795 4818; baseline -0.018 -14"><span class='ocrx_word' id='word_1_737' title='bbox 2214 4763 2337 4818; x_wconf 91' lang='lat' dir='ltr'><strong>spes</strong></span> <span class='ocrx_word' id='word_1_738' title='bbox 2364 4762 2483 4817; x_wconf 73' lang='lat' dir='ltr'><strong>qua:</strong></span> <span class='ocrx_word' id='word_1_739' title='bbox 2510 4752 2691 4800; x_wconf 85' lang='lat' dir='ltr'><strong>erecta</strong></span> <span class='ocrx_word' id='word_1_740' title='bbox 2723 4741 2918 4803; x_wconf 87' lang='lat' dir='ltr'><strong>fuerat,</strong></span> <span class='ocrx_word' id='word_1_741' title='bbox 2951 4738 3171 4801; x_wconf 79' lang='lat' dir='ltr'><strong>labitur,</strong></span> <span class='ocrx_word' id='word_1_742' title='bbox 3199 4732 3371 4789; x_wconf 89' lang='lat' dir='ltr'><strong>servis</strong></span> <span class='ocrx_word' id='word_1_743' title='bbox 3414 4729 3509 4784; x_wconf 92' lang='lat' dir='ltr'><strong>Dei</strong></span> <span class='ocrx_word' id='word_1_744' title='bbox 3538 4727 3795 4799; x_wconf 82' lang='lat' dir='ltr'><strong>gaudium</strong></span> 
     </span>
    </p>
   </div>
   <div class='ocr_carea' id='block_1_104' title="bbox 2215 4815 3796 4904">
    <p class='ocr_par' dir='ltr' id='par_1_104' title="bbox 2215 4815 3796 4904">
     <span class='ocr_line' id='line_1_104' title="bbox 2215 4815 3796 4904; baseline -0.018 -10"><span class='ocrx_word' id='word_1_745' title='bbox 2215 4815 2438 4901; x_wconf 81' lang='lat' dir='ltr'><strong>tollitur,</strong></span> <span class='ocrx_word' id='word_1_746' title='bbox 2483 4842 2537 4889; x_wconf 85' lang='lat' dir='ltr'><strong>et</strong></span> <span class='ocrx_word' id='word_1_747' title='bbox 2577 4847 2866 4904; x_wconf 89' lang='lat' dir='ltr'><strong>pravorum</strong></span> <span class='ocrx_word' id='word_1_748' title='bbox 2895 4827 3159 4898; x_wconf 84' lang='lat' dir='ltr'><strong>nequitia,</strong></span> <span class='ocrx_word' id='word_1_749' title='bbox 3203 4838 3323 4894; x_wconf 69' lang='lat' dir='ltr'><strong>qua:</strong></span> <span class='ocrx_word' id='word_1_750' title='bbox 3364 4817 3667 4876; x_wconf 85' lang='lat' dir='ltr'><strong>formidare</strong></span> <span class='ocrx_word' id='word_1_751' title='bbox 3686 4815 3796 4885; x_wconf 87' lang='lat' dir='ltr'><strong>jam</strong></span> 
     </span>
    </p>
   </div>
   <div class='ocr_carea' id='block_1_105' title="bbox 2214 4911 3793 4998">
    <p class='ocr_par' dir='ltr' id='par_1_105' title="bbox 2214 4911 3793 4998">
     <span class='ocr_line' id='line_1_105' title="bbox 2214 4911 3793 4998; baseline -0.016 -14"><span class='ocrx_word' id='word_1_752' title='bbox 2214 4936 2475 4998; x_wconf 73' lang='lat' dir='ltr'><strong>coeperat,</strong></span> <span class='ocrx_word' id='word_1_753' title='bbox 2508 4926 2575 4981; x_wconf 88' lang='lat' dir='ltr'><strong>ad</strong></span> <span class='ocrx_word' id='word_1_754' title='bbox 2605 4923 2910 4980; x_wconf 88' lang='lat' dir='ltr'><strong>audendum</strong></span> <span class='ocrx_word' id='word_1_755' title='bbox 2931 4917 3114 4991; x_wconf 85' lang='lat' dir='ltr'><strong>pejora</strong></span> <span class='ocrx_word' id='word_1_756' title='bbox 3142 4914 3465 4971; x_wconf 85' lang='lat' dir='ltr'><strong>fiducialiter</strong></span> <span class='ocrx_word' id='word_1_757' title='bbox 3490 4911 3793 4998; x_wconf 73' lang='lat' dir='ltr'><strong>roboratur.</strong></span> 
     </span>
    </p>
   </div>
   <div class='ocr_carea' id='block_1_106' title="bbox 2216 4996 3795 5089">
    <p class='ocr_par' dir='ltr' id='par_1_106' title="bbox 2216 4996 3795 5089">
     <span class='ocr_line' id='line_1_106' title="bbox 2216 4996 3795 5089; baseline -0.015 -15"><span class='ocrx_word' id='word_1_758' title='bbox 2216 4996 2579 5089; x_wconf 83' lang='lat' dir='ltr'><strong>Quapropter,</strong></span> <span class='ocrx_word' id='word_1_759' title='bbox 2611 5031 2705 5072; x_wconf 75' lang='lat' dir='ltr'><strong>rex</strong></span> <span class='ocrx_word' id='word_1_760' title='bbox 2752 5011 3139 5075; x_wconf 88' lang='lat' dir='ltr'><strong>invictissime,</strong></span> <span class='ocrx_word' id='word_1_761' title='bbox 3181 5007 3325 5077; x_wconf 88' lang='lat' dir='ltr'><strong>quod</strong></span> <span class='ocrx_word' id='word_1_762' title='bbox 3356 5005 3424 5058; x_wconf 92' lang='lat' dir='ltr'><strong>ad</strong></span> <span class='ocrx_word' id='word_1_763' title='bbox 3453 5002 3667 5056; x_wconf 85' lang='lat' dir='ltr'><strong>laudent</strong></span> <span class='ocrx_word' id='word_1_764' title='bbox 3701 4996 3795 5051; x_wconf 88' lang='lat' dir='ltr'><strong>Dei</strong></span> 
     </span>
    </p>
   </div>
   <div class='ocr_carea' id='block_1_107' title="bbox 2217 5096 3799 5173">
    <p class='ocr_par' dir='ltr' id='par_1_107' title="bbox 2217 5096 3799 5173">
     <span class='ocr_line' id='line_1_107' title="bbox 2217 5096 3799 5173; baseline -0.015 -8"><span class='ocrx_word' id='word_1_765' title='bbox 2217 5120 2272 5165; x_wconf 91' lang='lat' dir='ltr'><strong>et</strong></span> <span class='ocrx_word' id='word_1_766' title='bbox 2315 5109 2542 5164; x_wconf 84' lang='lat' dir='ltr'><strong>salutem</strong></span> <span class='ocrx_word' id='word_1_767' title='bbox 2576 5107 2857 5164; x_wconf 90' lang='lat' dir='ltr'><strong>hominum</strong></span> <span class='ocrx_word' id='word_1_768' title='bbox 2889 5101 3159 5173; x_wconf 77' lang='lat' dir='ltr'><strong>cmpistis,</strong></span> <span class='ocrx_word' id='word_1_769' title='bbox 3191 5098 3256 5153; x_wconf 89' lang='lat' dir='ltr'><strong>ad</strong></span> <span class='ocrx_word' id='word_1_770' title='bbox 3289 5096 3448 5150; x_wconf 85' lang='lat' dir='ltr'><strong>finem</strong></span> <span class='ocrx_word' id='word_1_771' title='bbox 3477 5105 3652 5161; x_wconf 89' lang='lat' dir='ltr'><strong>usque</strong></span> <span class='ocrx_word' id='word_1_772' title='bbox 3674 5103 3799 5159; x_wconf 86' lang='lat' dir='ltr'><strong>pcr-</strong></span> 
     </span>
    </p>
   </div>
  </div>
