3950 5344
191 145 290 204 ιδτ

759 257 1088 314 ΙΞΡΙΒΤΟΙΛ
1129 256 1213 312 ιιι.

245 367 306 408 ω
343 369 615 410 ΒΕΧΒΙΕυδΙ
653 370 864 410 III'ZNKICI
903 371 940 408 11
981 369 1092 407 1311⁸.
1135 367 1348 416 ιἰιιωι,
1393 365 1714 406 ιιοιιιικοιιυιι

893 440 1088 480 REGI-2)].

189 519 590 572 Auccuexruu.
621 547 692 556 —
722 517 844 571 llaec
873 514 1100 584 epistola
1137 517 1448 584 scriptae-st
1483 510 1548 565 ad
1580 509 1776 564 Henri-

258 605 401 658 eunt
431 587 732 658 superioris
774 582 990 658 Πρηξῖρί
1027 582 1353 658 lilium,_;qui
1385 591 1598 658 mortuo
1625 589 1776 658 patre

163 664 172 673 '
259 649 516 710 noudtuu'
557 659 851 726 imperator
881 657 1058 710 fuerat
1087 649 1406 724 appellatus.
1445 654 1538 726 sed
1570 649 1774 720 regium

259 743 457 782 nomen
487 722 824 792 sustinebat;
853 728 944 794 qui
973 722 1251 796 proximus
1280 733 1362 778 est
1401 724 1467 776 ad
1495 722 1777 796 imperato-

253 799 390 868 riam
420 799 742 868 dignitatem
761 791 987 868 gradus:
1009 796 1340 868 Eratautcm
1367 803 1493 868 tunc
1523 791 1778 868 temporis

255 863 578 922 adolescens
607 863 828 936 ejusque
851 877 981 922 tutas
1011 883 1038 918 a
1073 863 1288 936 selectis
1322 863 1642 936 quibusdam
1671 863 1778 936 pri-

263 939 451 991 mariae
474 931 772 992 nobilitatis
802 935 1115 1007 proceribus
1145 931 1448 1007 tegebatur.
1481 931 1652 1007 Hujus
1679 931 1778 1007 igi-

257 1019 345 1062 tur
371 1009 736 1064 adolescentis
761 1002 1000 1062 animum
1021 1006 1174 1074 quasi
1205 1002 1533 1074 quibusdam
1549 1002 1778 1074 stimulis

259 1079 544 1147 impellere
569 1088 798 1134 ematur
828 1077 885 1132 S.
919 1071 1110 1132 doctor
1131 1077 1198 1147 ad
1224 1071 1378 1143 opem
1409 1071 1666 1147 Ecclesia;
1683 1071 1775 1147 Afe-

257 1141 676 1222 reiidam,_qu:e
705 1147 1076 1222 scelestissimi
1125 1141 1273 1222 illius
1309 1141 1778 1222 pseudupontilicis

257 1219 484 1272 Cadaloi
521 1213 706 1272 fu'rore
735 1219 969 1288 pessime
992 1213 1315 1288 vexabatur.
1339 1213 1602 1288 Quoniam
1653 1227 1778 1266 vero

261 1299 604 1357 cognoverat
645 1284 894 1342 eumdem
929 1287 1240 1348 Henricum,
1269 1284 1531 1357 et_pr_avis
1557 1298 1776 1338 suorum

255 1355 626 1428 quorumdam
653 1359 934 1422 consiliis,
958 1357 1154 1427 quibus
1195 1355 1376 1410 omnia
1407 1355 1688 1428 honestate
1725 1363 1780 1428 et

257 1424 462 1500 pietate
514 1429 724 1483 cariora
768 1440 946 1500 erant,
976 1424 1049 1500 et
1069 1443 1164 1500 sua
1196 1433 1385 1496 sponte
1415 1424 1778 1500 e:iam,_quod

257 1495 450 1570 postea
477 1502 656 1554 exitus
681 1499 952 1568 patefecit,
985 1498 1050 1550 ad
1084 1495 1319 1566 pejorent
1344 1509 1562 1570 causam
1594 1495 1776 1570 defen-

257 1563 494 1622 dendam
545 1563 717 1639 magis
768 1583 885 1624 esse
936 1563 1292 1639 propensam,
1343 1565 1550 1639 lenibus
1601 1563 1780 1639 verbis

1337 139 1536 196 LIBER
1579 137 1936 202 SEPTIMUS,
1981 135 2196 191 EPIST.
2233 133 2313 191 Ill.

1805 259 1848 314 Α
1883 255 2015 310 rime
2043 253 2325 308 dimicaret
2355 251 2570 322 (T.Liv.
2592 249 2914 310 Nec.iu,lib.
2940 248 3000 318 ι).
3035 247 3278 304 imbelles
3299 250 3454 318 pueri

3351 133 3460 190 158

1877 346 2012 402 bella
2029 344 2140 414 jam
2168 345 2376 415 spirant
2401 359 2499 413 pro
2530 351 2757 396 terrena:
2780 343 2934 396 unius
2958 341 3190 396 civitatis
3218 343 3453 400 honore;

1877 449 1928 494 et
1961 450 2036 504 tu,
2067 447 2116 492 te
2149 454 2254 492 non
2279 439 2488 492 excitas
2517 437 2582 490 ad
2612 436 2944 505 procinctum
2975 435 3305 504 premenda
3341 436 3464 488 uni-

1879 530 2099 586 versalis
2126 529 2380 586 Ecclesiae
2409 528 2688 584 libertate!

1948 620 2174 685 Quidam
2225 628 2484 688 praetcrea
2533 616 2854 680 consiliarii,
2887 616 2959 668 tui
3005 614 3252 668 videlicet
3301 614 3462 668 aulici

1879 710 2162 767 ministerii
2193 709 2590 778 dispensatores
2636 707 2716 768 (ut
2747 706 2885 760 fieda
2928 720 3024 775 per
3061 705 3324 776 populum.
3347 704 3464 757 val-

1879 811 2034 873 gatur
2065 799 2308 870 infamia)
2339 799 2404 853 de
2433 797 2810 870 persecutione
2833 796 3088 850 Romanae
3117 795 3464 866 gratulantur

1879 891 2158 954 Ecclesia},
2200 889 2418 958 utrique
2464 887 2672 942 scilicet
2711 887 2848 956 parti
2887 884 3127 940 faventes
3159 885 3468 954 blandeque

1879 991 2156 1046 canentes,
2197 989 2255 1034 ut
2281 979 2440 1034 modo
2468 993 2528 1032 se
2555 976 2879 1031 venerabilis
2921 990 3072 1046 papae
3103 975 3342 1029 fautores
3367 988 3466 1043 per

1880 1071 2262 1128 assentationis
2287 1069 2612 1124 lenocinium
2637 1066 3082 1132 asseranmnodo
3109 1063 3466 1135 primogenita

1883 1167 2097 1220 Satanae
2127 1162 2244 1216 falsi
2279 1175 2560 1216 successus
2589 1159 2706 1212 laeta
2735 1156 3072 1228 promittant.
3102 1155 3252 1222 Quod
3283 1163 3472 1208 tamen

1883 1258 1948 1312 de
1980 1254 2300 1325 quibusdam
2331 1251 2533 1308 sanctis
2567 1251 2718 1314 viris,
2751 1249 2842 1320 qui
2873 1248 2980 1302 tuis
3023 1257 3354 1300 consuevere
3385 1245 3466 1298 iii-

1885 1355 2088 1400 teresse
2136 1341 2410 1406 consiliis,
2459 1340 2611 1396 nefas
2655 1348 2736 1396 est
2783 1338 2948 1394 credi.
3001 1335 3166 1390 Plane
3219 1332 3470 1404 quisquis

1881 1447 2123 1492 sanctam
2164 1434 2404 1488 dividere
2432 1431 2656 1488 molitur
2691 1429 3009 1494 Ecclesium,
3041 1426 3340 1482 timendum
3365 1423 3472 1480 sibi

1884 1539 1970 1584 cst
2019 1545 2084 1584 ne
2134 1527 2426 1582 secundum
2467 1523 2834 1594 evangelicum
2883 1520 3206 1576 sententiam
3255 1527 3310 1572 et
3354 1518 3476 1588 ipse

257 1641 474 1696 acriora
521 1610 904 1710 ἀὶἱέῗιὶῖυυῗέἷ,
933 1610 1778 1700 ’ἷιιῖ
1813 1620 1854 1678 Β
1883 1623 2155 1704 dividatur
2196 1639 2209 1675 :
2242 1639 2260 1671 ι
2293 1618 2506 1684 Veniet,
2537 1615 2732 1687 inquit,
2767 1613 3025 1669 Dominus
3074 1612 3214 1666 servi
3247 1610 3388 1665 illius
3415 1610 3470 1666 in

261 1703 568 1774 termiscct',
621 1719 676 1763 ut
724 1703 884 1778 quem
929 1709 1134 1776 pudore
1179 1722 1284 1760 non
1335 1713 1567 1774 poterat,
1621 1703 1782 1758 minis

262 1781 456 1835 saltem
496 1792 552 1834 et
584 1779 776 1834 timore
809 1779 874 1832 ad
901 1778 1135 1832 ollicium
1169 1783 1467 1830 revocaret.

263 1891 475 1944 Domno
523 1887 761 1943 llsxuico
812 1885 1310 1958 prmccllentissimo
1373 1883 1518 1956 regi,
1567 1883 1784 1940 PETIWS

191 1993 446 2056 peccator
477 1981 774 2037 monachus
800 1981 1140 2036 servitutem.

263 2075 478 2129 Subditi
524 2072 726 2142 quique
779 2071 969 2125 timent
1025 2083 1230 2138 regem,
1285 2083 1382 2122 rex
1431 2079 1651 2121 necesse
1699 2073 1782 2118 est

191 2175 400 2220 metuat
429 2163 800 2220 Conditorem.
838 2161 942 2217 Sed
966 2177 1088 2216 cum
1112 2157 1390 2228 Scriptura
1415 2157 1596 2212 dicat:
1637 2175 1654 2206 ι
1684 2153 1782 2208 Cui

192 2256 314 2330 plus
335 2253 717 2320 committitur,
741 2251 860 2322 plus
891 2250 1184 2320 requiritur
1215 2247 1366 2320 (Luc.
1396 2244 1527 2316 xu);
1572 2245 1779 2300 setiam

193 2349 244 2402 in
279 2347 382 2401 hoc
424 2343 644 2415 expedit
679 2358 860 2413 regem
907 2341 1225 2412 propensius
1263 2337 1592 2401 formidare,
1639 2335 1782 2405 quod

191 2437 302 2499 illi,
336 2451 496 2504 quem
549 2432 729 2489 cordis
780 2431 988 2486 occulta
1042 2446 1147 2484 non
1202 2427 1421 2492 fallunt,
1468 2425 1679 2496 cogitur
1719 2425 1784 2478 de

187 2526 440 2595 pluribus
469 2523 737 2578 rationem
765 2523 1009 2576 reddere.
1035 2518 1166 2574 Cum
1199 2519 1359 2588 igitur
1382 2532 1472 2572 rex
1503 2517 1555 2570 in
1581 2515 1784 2584 judicio

189 2615 448 2670 discutiat
481 2614 774 2676 hominem,
803 2613 947 2666 Deus
985 2625 1185 2679 regem,
1214 2608 1432 2678 dignum
1471 2619 1538 2659 ne
1579 2613 1692 2668 est,
1727 2613 1785 2658 ut

203 2707 382 2778 pulvis
412 2707 594 2760 timeat
623 2705 925 2776 pulverem,
957 2713 1011 2758 et
1034 2703 1174 2757 idem
1206 2701 1381 2772 pulvis
1407 2699 1457 2752 in
1489 2713 1615 2770 rege
1645 2699 1783 2752 divi-

189 2817 317 2852 nant
363 2797 628 2868 despiciat
681 2794 1054 2865 majestatem?
1101 2793 1154 2846 In
1204 2792 1392 2848 diebus
1442 2790 1571 2852 tuis,
1600 2804 1632 2843 ι)
1667 2805 1780 2852 rex,

191 2891 446 2944 obortum
490 2897 574 2942 est
631 2885 735 2941 tale
789 2884 1124 2954 periculum,
1170 2881 1310 2952 quod
1359 2881 1598 2935 omnium
1650 2893 1784 2948 pene

191 2979 534 3034 transcendit
574 2976 843 3047 nequitias
889 2974 1233 3036 saeculorum,
1281 2970 1572 3042 apostolica
1619 2969 1773 3024 niini-
1815 2983 1855 3042 ρ

190 3087 312 3126 rum
337 3070 491 3124 sedes
523 3085 620 3140 per
646 3066 1064 3123 Interesiarcham
1094 3063 1240 3135 (100)
1265 3063 1572 3119 Parmensis
1599 3061 1784 3117 Eccle-

189 3161 290 3215 sia:
319 3160 608 3224 scinditur,
642 3158 831 3228 religio
872 3156 1200 3220 Christiana,
1250 3153 1618 3216 confunditur,
1654 3167 1784 3223 apo-

189 3254 456 3307 stolorum
507 3253 661 3306 labor
713 3250 1012 3316 evertitur,
1057 3259 1110 3304 et
1161 3247 1483 3302 universalis
1535 3245 1788 3314 splendor

191 3345 452 3398 Ειλιυδὶιςξ
493 3360 590 3416 per
617 3343 958 3398 tenebrosam
989 3341 1150 3397 unius
1188 3338 1522 3396 schismatici
1555 3337 1788 3393 hominis

187 3435 690 3504 concupiscentiam
721 3435 1058 3488 obscuratur.
1100 3432 1237 3500 Quid
1263 3431 1332 3486 ad
1359 3432 1473 3485 hinc
1500 3431 1664 3493 dices,
1694 3429 1786 3498 qui

189 3527 576 3581 ecclesiastica:
609 3524 938 3580 defensionis
970 3525 1144 3580 oﬂicio
1192 3523 1454 3593 iungeris,
1478 3521 1568 3591 qui
1602 3521 1652 3574 iu
1693 3535 1780 3588 pa-

193 3619 375 3682 terni,
429 3619 506 3672 vel
559 3619 688 3672 aviti
738 3617 934 3687 sceptri
979 3617 1102 3687 jura
1153 3613 1436 3670 succedis?
1480 3614 1559 3666 An
1617 3611 1788 3682 plena:

192 3710 338 3767 forte
388 3711 552 3791 robur
595 3711 770 3764 ιιξιιιιίδ
817 3710 994 3763 adhuc
1026 3707 1120 3762 tibi
1158 3707 1344 3760 deesse
1392 3703 1787 3774 conquereris?

200 3805 312 3862 Sed
340 3822 467 3862 ecce
493 3803 623 3860 Joas
665 3821 756 3859 rex
787 3803 920 3859 Juda
955 3813 1106 3858 tener
1135 3801 1312 3855 adhuc
1344 3799 1408 3854 de
1435 3800 1598 3854 sai-tis
1630 3797 1788 3852 tectis

193 3897 381 3967 templi
427 3895 678 3950 celeriter
720 3893 1085 3947 instaurandis
1113 3907 1236 3946 cum
1289 3888 1661 3944 sacerdotibus
1707 3887 1786 3938 di-

191 3995 377 4057 sputat
405 3985 510 4055 (IV
544 3984 673 4056 Reg.
709 3985 802 4053 xu)
827 4000 840 4049 ;
869 3995 1200 4052 eosqueque
1231 3979 1480 4034 collatam
1511 3994 1540 4030 a
1590 3976 1786 4046 populo

193 4087 342 4132 vetat
385 4078 621 4130 retinere
665 4075 966 4145 pecuniam,
1021 4081 1294 4140 totamque
1329 4068 1626 4124 artificibus
1654 4083 1783 4136 ope-

197 4185 316 4221 rum
344 4166 550 4234 iudicat
579 4164 958 4220 exhibendam.
998 4163 1163 4216 David
1201 4161 1447 4220 vixdum
1463 4159 1786 4221 adolescen-

199 4258 287 4313 tiae
339 4258 502 4310 lintcn
553 4255 891 4326 ingrediens,
941 4255 1202 4308 adversus
1248 4249 1611 4310 Goliatltnon
1664 4265 1784 4304 cum

196 4349 398 4418 gladio,
431 4348 524 4402 sed
554 4363 676 4400 cum
706 4333 902 4416 lapillis
931 4345 1088 4414 quasi
1121 4342 1400 4418 pueriliter
1427 4341 1667 4404 dimicat,
1693 4341 1784 4394 sed
1821 4339 1866 4398 Ι)

195 4441 246 4498 ei
274 4451 440 4512 caput
469 4451 728 4510 tanquam
759 4439 842 4494 vir
870 4437 1052 4496 fortis.
1075 4437 1182 4492 ictu
1211 4434 1460 4505 pugionis
1501 4435 1745 4488 obtruuc.
1769 4441 1788 4485 t

195 4531 248 4604 (Ι
300 4531 430 4603 Reg.
486 4533 643 4600 avri).
691 4528 1138 4586 Adulescentulus
1182 4528 1358 4580 adhuc
1398 4523 1574 4579 Josias
1627 4521 1786 4593 243

197 4626 379 4680 oumia
411 4641 541 4678 vasa
564 4623 693 4678 Baal
717 4624 782 4678 de
807 4622 1004 4693 templo
1033 4620 1242 4675 Domini
1271 4635 1394 4674 cum
1420 4615 1788 4672 sacerdotibus

200 4715 450 4786 projicit,
488 4723 542 4768 et
591 4713 646 4766 in
693 4711 934 4768 convalle
980 4709 1215 4776 Cedron,
1267 4707 1479 4764 ﬂamma
1533 4713 1784 4767 vorante,

197 4807 482 4864 succendit
531 4805 646 4878 (IV
689 4806 818 4876 Reg.
870 4805 1061 4874 unt).
1107 4804 1185 4860 Illi
1237 4805 1400 4876 igitur
1453 4802 1788 4856 honorabant

199 4898 484 4968 templum,
528 4897 578 4951 in
613 4910 717 4966 quo
747 4895 970 4966 sanguis
997 4893 1277 4952 brutorum
1313 4891 1629 4952 animalium
1661 4891 1784 4944 fun-

197 4987 467 5050 debatur;
531 4993 584 5038 tu
634 5001 736 5040 non
781 4981 1058 5038 succurris
1106 4982 1380 5046 Ecclesiae,
1433 4981 1483 5034 in
1535 4997 1640 5050 qua
1691 4994 1786 5050 pro

195 5077 374 5132 Salute
409 5075 596 5129 mundi
641 5075 844 5129 Christi
885 5087 1080 5140 corpus
1113 5071 1377 5128 oll'ertur?
1421 5069 1587 5138 Nam,
1621 5081 1679 5128 ut
1720 5071 1787 5124 ad

195 5166 482 5236 gentilium
528 5179 738 5232 quoque
784 5175 1131 5216 rccurramus
1185 5160 1506 5224 historiam,
1557 5159 1786 5214 Annibal

195 5259 304 5322 ille,
335 5257 433 5329 qui
463 5254 972 5326 Carthaginensium
1001 5253 1105 5307 dux
1129 5255 1302 5310 factus
1324 5259 1428 5316 est,
1460 5267 1579 5306 cum
1613 5254 1788 5308 adhuc

1883 1703 1989 1778 die,
2025 1730 2128 1782 qua
2159 1729 2264 1767 non
2299 1721 2504 1781 sperat,
2543 1721 2596 1764 et
2624 1711 2783 1772 hora,
2811 1722 2914 1775 qua
2949 1705 3138 1768 nescit,
3181 1712 3236 1757 et
3265 1703 3470 1757 dividet

1883 1822 2038 1868 cum,
2089 1813 2404 1874 partemque
2434 1800 2550 1869 ejus
2599 1814 2722 1853 cum
2764 1795 3069 1851 infidelibus
3115 1801 3277 1864 ponet
3314 1791 3472 1863 (Luc.

1883 1899 2016 1962 xu).
2059 1916 2076 1948 ι
2111 1895 2278 1949 Porro
2309 1894 2374 1947 de
2421 1891 2622 1959 Phaleg
2672 1888 2780 1944 [ilio
2829 1886 3006 1940 lleber
3056 1885 3314 1954 scriptum
3363 1893 3466 1944 est,

1881 1989 2007 2058 quia
2045 1987 2097 2042 in
2128 1985 2318 2040 diebus
2347 1983 2462 2052 ejus
2509 1983 2678 2036 divisa
2717 1989 2798 2036 est
2831 1990 2972 2034 terra
3008 1976 3159 2048 (Gen.
3197 1977 3283 2048 .v);
3318 1977 3382 2029 de
3417 1983 3471 2028 te

1884 2095 2100 2152 quoque
2149 2075 2448 2132 cavendum
2491 2083 2574 2128 est
2621 2087 2688 2127 ne
2739 2071 2987 2134 dicatur,
3019 2068 3144 2136 quia
3195 2068 3248 2119 in
3281 2065 3478 2120 diebus

1887 2174 1990 2228 tuis
2021 2171 2192 2226 divisa
2217 2177 2300 2223 cst
2331 2165 2592 2220 Ecclesia.
2625 2161 2946 2218 Scribuntur
2977 2159 3220 2222 annales”,
3255 2163 3476 2211 texatur

1887 2265 2110 2320 historia
2143 2279 2262 2330 qua:
2293 2259 2436 2314 dicat
2465 2257 2591 2327 quia
2621 2255 2791 2310 Nerva
2824 2251 3275 2307 clementissimus
3307 2249 3473 2315 impe-

1889 2365 2034 2409 rator
2082 2349 2386 2422 pacilieavit
2434 2343 2764 2406 Ecclesium,
2824 2339 3214 2396 Constantinus
3264 2333 3470 2391 conlir~

1887 2447 2074 2512 mavit,
2127 2441 2461 2498 Theodosius
2509 2435 2806 2500 exaltavit,
2867 2443 2920 2488 et
2973 2447 3095 2488 cum
3147 2437 3469 2500 perventum

1887 2527 2060 2592 fuerit
2083 2535 2149 2590 ad
2175 2543 2246 2600 te,
2271 2532 2560 2603 gloriosum
2593 2543 2658 2583 ne
2688 2525 2781 2581 tibi
2810 2535 2912 2588 est,
2943 2523 2986 2577 si
3016 2521 3229 2576 dicatur
3262 2535 3277 2571 :
3309 2517 3470 2572 Heiu-

1891 2633 2032 2684 ricus
2079 2624 2301 2682 divisit?
2338 2621 2496 2678 Absit
2531 2621 2635 2674 hoc
2670 2633 2698 2671 τι
2731 2625 2781 2670 te
2803 2657 2818 2681 ,
2857 2623 2914 2668 ut
2943 2614 3084 2666 hanc
3129 2609 3270 2678 legat
3301 2607 3472 2662 histo-

1888 2721 2022 2776 riam
2051 2715 2340 2788 posteritas
2367 2720 2591 2767 ventura
2619 2709 2684 2764 de
2716 2716 2786 2763 te.
2815 2703 2929 2759 Noli
2955 2715 3083 2772 ergo
3105 2715 3224 2755 esse
3249 2697 3470 2766 Phaleg,

1887 2815 1976 2886 qui
2029 2811 2312 2882 conjuncta
2351 2805 2558 2861 dividas
2608 2799 2773 2874 (Gen.
2817 2797 2917 2868 x);
2965 2795 3062 2850 sed
3117 2802 3234 2886 esto
3271 2789 3472 2886 Chr-isti

1887 2881 2202 2974 discipulus,
2235 2901 2323 2969 qui
2353 2897 2524 2976 divisa
2555 2892 2868 2962 coujungas.
2899 2889 2937 2942 li
2973 2900 3099 2942 vero
3125 2883 3212 2955 qui
3239 2881 3304 2936 ad
3336 2881 3470 2934 diti-

1890 3001 2096 3056 sionem
2125 2995 2432 3068 apostolica:
2460 2991 2606 3047 sedis
2651 2987 2922 3043 diabolica
2948 2982 3349 3038 succenduntur
3387 2979 3472 3031 in-

1889 3092 2110 3154 stinctu,
2149 3088 2388 3152 Dathan,
2414 3095 2470 3138 et
2497 3083 2724 3147 Abii-on,
2759 3088 2921 3150 atque
2962 3077 3137 3131 Cliore
3175 3073 3241 3127 ad
3270 3085 3474 3126 memo-

1892 3186 2338 3242 riamrevocent,
2377 3185 2433 3231 et
2462 3191 2528 3232 ex
2570 3188 2756 3230 eorum
2803 3165 3193 3241 perditionibus
3220 3161 3475 3231 colligant

1890 3276 2080 3346 (Nam.
2131 3270 2276 3342 xvi),
2323 3255 2414 3338 qui
2452 3267 2574 3321 ﬁnis
2607 3265 2769 3319 etiam
2809 3275 2897 3326 se,
2929 3258 3020 3328 qui
3054 3273 3158 3312 non
3189 3251 3482 3308 dissimilia

1889 3345 2186 3428 sectantur,
2214 3367 2510 3432 exspectat.
2545 3357 2620 3412 illi
2655 3371 2785 3411 sane
2815 3351 3049 3408 schisma
3076 3345 3470 3416 fecerantSyu-

1887 3472 2107 3528 agogae,
2177 3455 2263 3510 isti
2329 3450 2648 3505 divisionem
2725 3443 3105 3498 maehinantur
3189 3435 3472 3490 Ecclesium

1889 3526 2252 3618 Quamobrem
2287 3545 2428 3600 sicut
2471 3541 2592 3598 illos
2621 3538 2804 3606 utique
2835 3534 3076 3588 viventes
3109 3537 3252 3582 terra
3284 3526 3472 3595 deglu-
3521 3570 3524 3572 .

1891 3644 2008 3708 tiit;
2040 3641 2120 3696 sic
2150 3637 2238 3694 isti
2267 3652 2362 3705 per
2387 3630 2746 3690 schismaticaz
2785 3623 3034 3696 nequitia:
3063 3619 3314 3676 meritum
3346 3632 3473 3686 pru-
3525 3659 3528 3661 _

1889 3707 2097 3798 dentes,
2127 3740 2182 3786 et
2205 3730 2440 3784 scientes
2477 3729 2796 3794 merguntur
2824 3717 2876 3772 in
2913 3723 3193 3769 tartarum.
3226 3707 3337 3763 Nec
3366 3707 3474 3777 glo-

1891 3797 2096 3882 rientur
2143 3822 2236 3892 qui
2285 3815 2573 3874 manifeste
2622 3811 2880 3866 Romanze
2927 3801 3180 3865 Ecclesia:
3231 3797 3504 3854 schisma;

1891 3933 1996 3973 non
2049 3887 2284 3976 faciunt,
2333 3909 2426 3964 sed
2472 3915 2652 3960 tamen
2702 3895 2988 3956 annucndo
3039 3901 3094 3948 et
3149 3887 3496 3960 negligendu-

1889 4005 2259 4066 scindentibus
2313 4015 2416 4056 non
2457 3996 2745 4060 resistunt,
2795 3990 2922 4063 quia
2977 3985 3131 4041 sicut.
3164 3995 3272 4036 non
3324 3979 3480 4035 solus

1891 4099 1998 4163 ille,
2029 4096 2122 4166 qui
2151 4095 2286 4150 dixit
2319 4107 2380 4148 ;,ι
2412 4089 2468 4148 ιιι
2495 4085 2698 4144 cretum
2721 4077 3108 4140 conscendam,
3135 4086 3299 4143 super
3325 4081 3476 4124 asu-a

1891 4192 2014 4251 ρωιί
2048 4165 2311 4246 Ῠρχιιιιιιιιο
2361 4184 2554 4240 solium
2605 4192 2780 4234 meum
2830 4172 2979 4248 (ha.
3031 4169 3186 4240 xw);
3228 4186 3246 4219 ι
3281 4165 3374 4222 sed
3425 4177 3478 4218 et

1893 4297 2084 4340 oumes
2122 4281 2360 4335 fautores
2390 4275 2506 4343 ejus
2549 4278 2770 4340 repente
2810 4273 2935 4321 sunt
2964 4279 2995 4318 e
3039 4261 3177 4316 ctelo
3222 4254 3472 4326 proiecti,

1893 4377 1964 4430 ita
1995 4389 2099 4428 non
2128 4370 2286 4425 modo
2315 4367 2513 4428 Cborc,
2541 4361 2634 4416 sed
2675 4367 2732 4414 et
2769 4353 3059 4425 complices
3088 4349 3224 4420 ejus,
3256 4345 3475 4402 ducenti

1891 4465 2142 4520 videlicet
2179 4455 2568 4530 quinquaginta
2614 4452 2716 4506 viri
2751 4445 2992 4504 ccclesiis
3029 4442 3172 4514 ignis
3217 4445 3344 4496 sunt
3391 4437 3476 4491 iu-

1892 4554 2082 4610 ceudio
2123 4526 2386 4605 devorati.
2435 4542 2589 4599 Unde
2637 4537 2938 4598 cavendum
2987 4542 3111 4599 est,
3151 4545 3220 4586 ne
3266 4526 3478 4582 malitia

1891 4643 2232 4702 subditorum
2259 4635 2520 4692 redundet
2545 4633 2599 4687 in
2631 4644 2838 4701 regem,
2871 4635 2924 4680 et
2953 4625 2998 4682 si
3031 4638 3138 4678 non
3165 4619 3480 4690 delinquen-

1895 4723 2000 4791 tem
2029 4774 2042 4796 ,
2089 4747 2197 4786 non
2249 4737 2430 4783 tamen
2487 4739 2588 4794 pro
2637 4721 2842 4776 viribus
2885 4717 3282 4788 prohibentem.
3345 4708 3480 4764 Nam

1896 4823 2228 4894 Gregoriaua
2256 4815 2532 4874 sententia
2555 4823 2636 4870 est
2662 4828 2676 4866 :
2707 4809 2858 4866 Facti
2897 4807 3110 4878 culpam
3142 4805 3326 4864 habet,
3367 4799 3482 4870 qui,

1897 4921 2040 4994 quod
2079 4925 2277 4990 potest,
2313 4910 2540 4982 negligit
2577 4907 2882 4968 emendare.
2913 4902 3226 4960 Cavendum
3261 4906 3365 4962 est,
3406 4895 3484 4948 ius

1896 4989 2096 5084 quam,
2114 5028 2146 5066 ο
2169 5011 2296 5070 'rcx,
2323 5019 2392 5058 ne
2431 5002 2570 5058 dum
2597 5011 2651 5060 tu
2677 4995 2880 5071 pateris
2901 4995 3068 5052 dividi
3101 4989 3489 5051 sacerdotium.

1897 5081 2062 5176 ξω
2082 5111 2227 5154 ιιιιιιιι
2252 5106 2492 5167 quoque,
2523 5096 2664 5168 quod
2691 5087 2851 5152 absit,
2875 5087 3150 5144 dividatur
3175 5081 3489 5152 imperium-

1895 5168 2030 5250 l—‘i—am
2057 5192 2198 5245 sicut
2228 5201 2380 5242 sacra
2415 5193 2658 5244 testatur
2699 5179 2950 5242 hiStoria,
2985 5195 3106 5236 mox
3141 5187 3199 5232 ut
3242 5168 3370 5227 Saul
3401 5179 3494 5232 al"

1897 5281 2183 5344 prehendit
2225 5274 2607 5338 summitatem
2655 5271 2798 5344 pallii
2850 5267 3158 5332 Samuelis,
3201 5272 3255 5320 et
3303 5253 3497 5316 scidit.
