3950 5344
1892 128 1957 156 κη

456 179 578 293 utne

1019 217 1074 289 s.
1120 212 1321 288 rem
1361 220 1639 289 ttAltllANl
1678 212 1828 293 opp.
1862 218 2046 288 esas
2088 226 2218 289 seu
2260 216 2501 289 renes
2534 222 2573 286 t.
2611 262 2679 273 -
2706 224 2926 290 EPIST.
2967 226 3096 288 LIB.
3142 229 3270 291 \‘tit.

3627 227 3744 289 uo

467 362 560 408 tuo
609 319 819 405 meliori
869 333 919 404 te
950 327 998 420 (1
1016 347 1055 402 γ
1081 347 1227 418 Reg.
1254 348 1364 421 xv).
1405 370 1421 403 ι
1473 349 1643 404 Porro
1692 360 1872 413 autem
1915 350 2053 405 sicut
2158 349 2298 405 cavi.
2328 346 2399 404 Ut
2424 350 2490 405 de
2521 359 2572 404 te
2600 358 2835 420 Quoque,
2869 352 3009 406 sicut
3039 351 3105 406 dc
3147 351 3270 417 illo,
3312 350 3511 406 celebri
3560 367 3744 422 quau-

462 442 688 513 pallium
742 442 871 495 illud
921 435 1084 495 vestis
1133 451 1252 496 erat
1295 441 1598 507 Samuelis,
1651 443 1730 498 sic
1778 453 1832 499 et
1862 453 2051 499 sancta

466 530 703 587 Ecclesia
752 530 917 589 vestis
961 541 1045 588 est
1101 532 1285 603 utique
1343 527 1740 604 Redemptoris.
1805 535 1902 591 Cui
1957 550 2053 605 per

467 622 799 694 Prophetam
847 624 1050 679 dicitur
1079 644 1091 679 :
1125 643 1143 678 t
1172 624 1578 683 Confessioncm
1605 637 1659 684 et
1687 628 1936 684 decorem
1965 629 2046 682 in;

461 715 626 771 duisti
665 714 838 788 (Psal.
889 716 1028 787 cm).
1068 735 1085 767 ι
1115 716 1520 773 Conl'csSionem
1558 720 1756 790 quippe
1794 720 2052 774 Dominus
2100 734 2103 743 ‘

465 804 662 885 induit,
694 818 819 864 cmn
869 807 972 863 sibi
1004 819 1316 877 peccatores
1342 809 1579 864 associat
1625 811 1937 881 pmnitendo
1964 827 2050 868 sa-

464 910 650 979 natos;
685 900 934 957 decorem
964 916 1113 966 vero,
1146 913 1267 955 cum
1299 902 1520 957 sibimet
1544 902 1840 958 clementer
1868 904 2049 975 agglu-

467 984 605 1065 ti'nat
647 993 962 1048 innocentes
1004 994 1179 1048 nitore
1219 994 1445 1064 justitia:
1491 995 1790 1066 speciosus.
1819 995 2047 1053 Pallium

464 1084 629 1161 igitur
670 1083 940 1161 Samuelis
985 1076 1113 1139 Sanl
1156 1085 1371 1155 abrupit
1413 1094 1470 1142 et
1515 1101 1737 1158 regnum
1781 1090 2043 1158 perdidit;

464 1160 667 1231 Christi
694 1172 961 1232 scinditur
991 1176 1394 1243 vestimentum,
1420 1186 1475 1233 et
1508 1177 1634 1234 licet
1663 1195 1765 1234 non
1795 1181 2047 1235 scinden-

458 1255 551 1335 iis,
582 1279 760 1326 tamen
805 1271 1053 1328 scindere
1099 1272 1491 1342 permittentis,
1527 1273 1689 1328 stabit
1729 1272 2075 1347 imperiumi,

461 1361 841 1445 lnconsutilem
869 1372 1072 1420 vestem
1098 1356 1227 1419 Iesu
1257 1363 1410 1423 miles
1432 1364 1652 1436 gentilis
1681 1366 1874 1420 metuit
1902 1366 2046 1427 scin-

462 1451 613 1519 dere,
646 1459 701 1506 et
729 1448 1024 1507 Christiani
1064 1468 1168 1508 non
1199 1464 1454 1508 verentur
1482 1451 1777 1511 Ecclesiam
1825 1470 1925 1525 per
1958 1470 2045 1511 er-

461 1559 640 1615 rorem
691 1544 1097 1602 schismaticam
1150 1547 1448 1618 separare?
1499 1546 1632 1620 Cum
1691 1564 1820 1620 ergo
1877 1549 2044 1604 veStis

461 1636 658 1693 Christi
721 1648 907 1693 sancta
966 1634 1178 1694 dicatur
1245 1638 1522 1711 Ecclesia,
1581 1641 1773 1697 scissio
1839 1641 2038 1707 vestis,

2161 440 2339 509 duque
2374 454 2471 509 per
2496 434 2749 511 populum
2780 442 3063 498 devotione
3096 442 3310 498 dicatur
3341 461 3353 496 :
3381 443 3609 510 utinam,
3643 455 3745 501 aut

2154 546 2261 587 non
2309 542 2646 601 nasceretur,
2694 542 2787 590 aut
2834 544 2940 591 non
2990 544 3322 600 moreretur;
3374 532 3524 604 imo.
3567 547 3623 595 ut
3672 536 3746 598 de

2153 625 2328 681 sacris
2357 626 2569 696 paginis
2596 627 2950 684 adhibeamus
2982 628 3316 700 exemplum,
3344 629 3479 686 illud
3516 631 3747 703 implea-

2157 727 2243 773 tur
2268 717 2325 773 in
2350 727 2411 773 te
2430 719 2582 790 quod
2609 720 2775 776 David
2812 720 2915 779 sibi
2946 719 3113 775 Deum
3141 719 3305 775 Israel
3344 720 3551 777 dixisse
3582 738 3740 778 com-

2153 814 2420 865 memorat
2448 828 2463 865 :
2497 822 2518 864 t
2551 810 2704 866 Sicut
2738 812 2829 866 lus
2877 822 3103 877 aurorae,
3149 812 3360 867 oriente
3406 813 3545 877 sole,
3579 830 3742 871 mane

2152 902 2356 973 absque
2411 900 2642 959 nubibus
2687 902 2901 970 rutilat,
2944 914 3001 959 et
3041 904 3180 959 sicut
3222 903 3423 974 pluviis
3471 907 3744 976 germinat

2152 995 2329 1059 herba
2366 996 2443 1051 de
2482 1004 2623 1053 terra
2657 994 2755 1066 (II
2788 992 2919 1066 Reg.
2951 995 3160 1066 xxttt):
3197 1015 3217 1048 ι
3249 996 3331 1055 δῖε
3369 984 3495 1052 eum
3547 998 3743 1073 eodem

2150 1087 2319 1142 David
2358 1102 2462 1143 non
2490 1087 2761 1143 immerito
2786 1088 2965 1144 valeas
2989 1088 3172 1158 etipse
3205 1097 3429 1143 cantare
3456 1088 3745 1145 :«Cuacta

2149 1177 2295 1241 salus
2329 1188 2467 1242 mea,
2507 1187 2561 1231 et
2587 1177 2764 1232 omnis
2791 1178 3061 1245 voluntas,
3089 1193 3189 1234 nec
3222 1187 3305 1232 est
3336 1178 3633 1248 quidquam
3673 1195 3743 1235 ex

2147 1283 2212 1325 eo
2236 1269 2379 1337 quod
2406 1284 2510 1323 non
2550 1268 2816 1341 germinet
2840 1268 3052 1342 (Isim).
3085 1291 3104 1323 ι

2220 1360 2463 1431 Utraque
2492 1369 2759 1432 praeterea
2786 1363 3023 1434 dignitas
3048 1403 3064 1426 ,
3095 1372 3152 1418 et
3187 1364 3383 1435 regalis
3412 1363 3663 1428 scilicet,
3689 1371 3748 1419 et

2147 1444 2520 1517 saeerdbtalis,
2549 1452 2692 1508 sicut
2734 1453 3111 1522 principaliter
3152 1454 3205 1508 in
3257 1453 3481 1509 Christo
3524 1454 3747 1509 sibimet

2146 1543 2380 1600 invicem
2412 1544 2675 1615 singulari
2700 1546 3035 1602 sacramenti
3095 1547 3325 1603 veritate
3371 1548 3742 1610 connectitur,

2146 1637 2228 1692 sic
2266 1637 2321 1692 in
2355 1637 2675 1693 Christiano
2701 1637 2898 1709 popqu
2920 1647 3108 1693 mutuo
3126 1638 3360 1708 quodam
3394 1638 3499 1693 sibi
3534 1638 3743 1694 ite-dere

463 1712 781 1786 divisionem
812 1730 1052 1786 minatur
1092 1731 1252 1803 regia:
1284 1729 1589 1806 potestatis.
1622 1731 1756 1788 Hinc
1790 1744 1874 1789 est
1905 1732 2043 1790 forte
2073 1724 2117 1785 Β
2147 1727 2446 1800 copulatur.
2478 1727 2720 1798 Utraque
2744 1728 2991 1783 videlicet
3025 1727 3250 1784 alterum
3285 1730 3515 1784 invicem
3539 1730 3744 1783 mima.

462 1825 605 1905 quod
636 1819 818 1891 urbes",
863 1824 1078 1905 oppida,
1109 1826 1222 1882 sive
1264 1826 1556 1898 provinciae
1591 1826 1753 1898 hujus
1787 1830 1935 1900 regni
1977 1829 2047 1884 ab

460 1902 663 1971 exteris
690 1902 930 1987 quotidie
956 1917 1229 1975 cernimus
1253 1919 1565 1975 nationibus
1592 1920 1861 1990 usurpari.

530 2003 804 2061 Baltassar
825 2022 1043 2078 nempe,
1071 2007 1199 2078 quia
1228 2024 1351 2063 vasa
1376 2006 1585 2063 Domini
1614 2007 1865 2065 foedanda
1890 2008 2046 2065 labiis

459 2097 751 2177 Gentilium
804 2098 1046 2169 protulit,
1094 2114 1217 2155 mox
1264 2115 1328 2153 ex
1376 2114 1472 2155 ore
1518 2098 1754 2154 Danielis
1794 2100 2040 2177 audivit:

458 2174 485 2247 ξι
522 2191 762 2247 Divisum
799 2198 883 2247 est
910 2184 1139 2263 regnum.
1173 2202 1342 2257 tuum,
1366 2184 1426 2246 et
1454 2193 1635 2248 datum
1676 2201 1757 2247 est
1792 2174 1959 2249 Medis
1991 2202 2047 2249 et

463 2278 644 2335 Persis
672 2279 834 2352 (Dan.
872 2282 947 2353 ν).
1001 2302 1019 2335 ι
1058 2279 1175 2338 Heli
1214 2282 1505 2338 sacerdotii
1551 2283 1811 2355 dignitate
1863 2283 2040 2338 detru-

460 2369 630 2451 ditur,
659 2370 785 2425 dum
817 2387 922 2427 non
952 2372 1182 2427 intentat
1210 2373 1333 2429 ﬁliis
1355 2374 1599 2438 verbera,
1629 2374 1723 2429 sed
1749 2373 2041 2438 blanditur,

463 2471 738 2532 utcunque
765 2472 944 2518 tamen
975 2463 1239 2533 corripuit
1268 2464 1405 2527 illos,
1447 2465 1541 2521 sed
1587 2464 1809 2521 lenitate
1851 2465 2040 2536 patris,

458 2567 567 2624 non
616 2552 932 2607 austeritate
975 2552 1245 2623 pontiﬁcis
1274 2550 1327 2627 (1
1355 2552 1479 2625 Reg.
1509 2556 1604 2624 tt),
1651 2564 1812 2624 atque
1840 2554 2042 2611 idcirco

455 2641 766 2716 cervicibus
802 2641 1043 2698 ell‘raetis
1085 2643 1336 2699 occubuit
1380 2644 1432 2716 (Ι
1463 2642 1584 2716 Reg.
1616 2645 1722 2717 tv),
1750 2646 1874 2715 quia
1922 2660 2042 2711 pec-

458 2734 707 2789 cantibus
737 2733 1090 2790 inclementer
1118 2732 1357 2791 indulsit.
1400 2738 1598 2792 Acbias
1626 2739 1886 2808 propheta
1930 2738 2043 2807 pal-

459 2823 589 2877 lium
639 2840 796 2880 suum
828 2825 879 2878 in
927 2822 1206 2904 duodecim
1256 2838 1437 2897 partes
1482 2829 1670 2892 scidit,
1706 2838 1760 2882 et
1803 2829 1939 2884 dixit
1975 2830 2041 2885 ad

460 2910 750 2971 Jeroboam
784 2933 798 2969 :
833 2935 850 2968 ι
883 2913 1033 2972 Tolle
1066 2917 1161 2972 tibi
1193 2918 1377 2973 decem
1408 2920 1694 2976 scissuras.
1725 2920 1850 2976 llazc
1894 2921 2039 2977 enim

458 3007 591 3082 dicit
620 3007 879 3064 Dominus
915 3000 1058 3065 Deus
1088 3008 1254 3066 Israel
1289 3028 1302 3064 :
1334 3010 1476 3065 Ecce
1523 3027 1622 3083 ego
1668 3012 1911 3067 scindam
1959 3027 2041 3067 rev

2150 1819 2220 1893 tis
2250 1828 2336 1874 est
2371 1819 2578 1889 indiga,
2611 1818 2740 1873 dum
2781 1826 2837 1873 et
2890 1817 3253 1873 sacerdotium
3306 1817 3459 1891 regni
3512 1817 3743 1874 tuitione

2144 1912 2470 1984 protegitur,
2514 1920 2576 1969 et.
2592 1926 2818 1982 regnum
2846 1909 3203 1965 sacerdotalis
3235 1902 3397 1964 cilicii
3449 1910 3742 1965 sanctitate

2148 2002 2385 2061 fulcitur.
2416 1996 2533 2057 Rex
2563 2003 2707 2057 enim
2732 1992 3109 2073 praecingitur
3139 2002 3339 2074 gladio,
3391 2012 3453 2057 ut
3494 2002 3742 2073 hostibus

2147 2095 2661 2153 Ecclesia-munitus
2685 2105 2955 2150 occurrat.
2990 2094 3259 2149 Sacerdos
3297 2094 3610 2149 orationum
3653 2100 3738 2147 va;

2146 2199 2234 2244 cat
2255 2187 2522 2252 excubiis,
2550 2197 2605 2240 ut
2637 2187 2748 2257 regi
2795 2202 2915 2242 cum
2958 2182 3158 2257 populo
3191 2186 3359 2240 Deum
3416 2186 3739 2255 placabilem

2146 2280 2357 2337 reddat.
2398 2276 2491 2333 llle
2519 2276 2619 2333 sub
2658 2277 2810 2348 lance
2832 2278 3058 2349 justitiaa
3094 2278 3305 2349 negotia
3336 2279 3501 2337 debet
3526 2289 3738 2334 terrena

2145 2368 2429 2432 dirimere;
2457 2367 2559 2423 iste
2576 2366 2777 2427 ﬂuenta
2803 2367 3042 2423 curiosus
3068 2368 3268 2438 eloquii
3303 2368 3466 2423 debet
3512 2368 3740 2427 sitienti-

2144 2460 2245 2517 bus
2266 2461 2572 2531 propinare.
2602 2459 2693 2515 Ille
2715 2461 3041 2519 constitutus
3071 2469 3178 2525 est,
3233 2469 3293 2514 ut
3344 2470 3609 2517 nocentes
3660 2471 3739 2514 at-

2144 2565 2249 2621 que
2276 2552 2532 2607 scelestos
2552 2551 2801 2623 legalium
2828 2551 3180 2607 sanctinnum’
3195 2567 3423 2605 censura
3455 2561 3731 2615 coerceat;

2146 2644 2247 2700 iste
2275 2643 2341 2699 ad
2379 2644 2482 2697 hoc
2523 2642 2804 2697 ordinatus
2853 2651 2958 2705 est,
2997 2652 3055 2696 nt
3083 2656 3181 2712 per
3212 2641 3393 2697 claves
3427 2641 3693 2697 Ecclesia:
3718 2682 3735 2706 ,

2144 2751 2278 2806 quas
2306 2737 2533 2805 accepit.
2562 2733 2697 2788 alios
2734 2733 2847 2787 zelo
2898 2732 3143 2788 canonici
3186 2732 3391 2804 vigoris
3446 2733 3736 2803 astringat,

2144 2829 2277 2884 alios
2304 2816 2400 2900 per
2431 2828 2896 2887 mansuetudinem
2932 2826 3317 2883 ecclesiastica.-
3367 2826 3595 2897 pietatis
3643 2825 3735 2879 ab—

2145 2922 2337 2979 solvat.
2371 2921 2475 2975 Sed
2500 2920 2626 2974 audi
2675 2918 2898 2974 Paulum
2928 2918 2996 2974 de
3026 2919 3239 2991 regibus
3271 2908 3661 2991 disputantem,
3686 2927 3743 2974 α

2146 3024 2347 3069 rectam
2383 3012 2577 3084 regalis
2620 3010 2779 3066 ollicii
2831 3011 3027 3066 lineam
3075 3010 3363 3077 iacientem
3398 3030 3413 3065 :
3444 3024 3572 3066 nam
3623 3022 3739 3082 post

461 3113 625 3167 gnum
650 3097 716 3153 de
739 3113 898 3151 manu
927 3098 1252 3166 Salomonis,
1286 3108 1339 3155 et
1363 3100 1500 3155 dabo
1527 3102 1621 3156 tibi
1650 3102 1837 3156 decem
1869 3088 2113 3158 tribusc
2146 3103 2312 3162 multa
2337 3102 2415 3158 sic
2445 3102 2522 3156 ait
2552 3119 2564 3156 :
2604 3120 2622 3152 ί
2658 3101 2750 3156 Dei
2773 3100 2917 3157 enim
2944 3101 3187 3156 minister
3221 3110 3307 3157 est
3333 3102 3428 3156 tibi
3463 3102 3517 3155 in
3561 3101 3741 3163 bono;

460 3187 589 3259 (III
618 3186 745 3262 Reg.
788 3190 898 3263 tu).
949 3189 1201 3247 t'Divisio
1237 3207 1367 3264 ergo
1415 3190 1581 3248 vestis
1627 3193 1916 3250 scissuram
1956 3210 2043 3250 re-

455 3268 609 3349 gaiis
633 3280 905 3351 signiﬁcat
933 3282 1360 3357 ditionis._.Quod
1388 3284 1513 3353 quia
1557 3298 1895 3354 nequaquam
1938 3284 2043 3340 Do-

458 3374 647 3430 minus
679 3375 731 3429 in
771 3374 960 3431 diebus
991 3375 1293 3432 Salomonis
1317 3376 1575 3447 implevit,
1607 3377 1699 3432 sed
1734 3377 1784 3431 in
1816 3380 2044 3446 posteris

461 3463 578 3533 ejus
622 3466 736 3521 lucc
781 3467 1048 3521 sententia
1076 3466 1277 3535 viguit;
1310 3466 1377 3522 de
1408 3476 1462 3524 te
1507 3478 1721 3538 quoque
1770 3451 1915 3538 plum
1961 3479 2046 3523 est

457 3542 684 3612 credere
712 3558 853 3626 quod
884 3557 976 3611 tibi
1008 3558 1100 3633 qui
1127 3559 1388 3614 innocens
1416 3575 1498 3624 es,
1527 3572 1752 3632 regnum
1774 3546 2043 3631 integrum

455 3648 837 3723 permanebit;
862 3657 985 3717 post
1034 3657 1085 3704 le
1112 3664 1242 3729 vero
1270 3649 1635 3719 subiectorum
1679 3661 1890 3707 tuorum
1933 3667 2046 3707 me-

452 3737 602 3813 ritis,
631 3739 732 3794 nisi
760 3737 898 3793 forte
923 3755 982 3795 se
1007 3740 1302 3810 corrigam,
1328 3739 1682 3797 transferetur
1704 3751 1762 3798 et
1788 3742 2046 3798 concedet

452 3831 517 3885 in
543 3838 782 3885 exteros.
815 3828 971 3886 Sicut
999 3826 1142 3886 cnim
1174 3848 1269 3903 per
1300 3822 1572 3895 Danielem
1601 3832 1800 3892 dicitur
1833 3850 1847 3884 ι
1877 3848 1898 3882 ‹
1937 3830 2043 3885 Do-

453 3908 705 3995 ‘ininatur
729 3921 986 3979 Excelsus
1033 3940 1193 3996 super
1224 3941 1444 3997 regnum
1489 3924 1765 3980 hominum
1786 3966 1801 3984 ,
1839 3926 1893 3979 et
1918 3923 2042 3978 ἐπὶ·

454 4008 682 4080 ἐυηιιυθ
716 4010 950 4068 voluerit
973 4014 1064 4069 dat
1090 4014 1216 4070 illud
1234 4013 1401 4085 (Dan.
1422 4012 1693 4084 n)».Natn
1722 4023 1779 4069 et
1803 4014 2046 4085 Assyrio-

462 4117 584 4155 rum
612 4117 857 4171 regnum,
880 4111 938 4159 et
960 4096 1403 4161 Laccdtemonutn
1432 4106 1769 4176 aliorumque
1807 4102 2042 4175 gentium

469 4208 568 4262 per
615 4193 833 4250 definita
884 4205 1187 4266 temporum
1238 4199 1412 4268 spatia
1465 4212 1523 4253 se
1571 4206 1895 4261 tenuerunt,
1947 4212 2045 4252 nec

467 4276 670 4344 diutius
693 4286 920 4359 przelixit
949 4289 1318 4345 diuturnitatis
1343 4290 1650 4353 terminum,
1683 4290 1824 4344 sicut
1856 4303 2043 4344 eorum

465 4385 735 4433 mstantur
777 4378 1003 4434 annales
1045 4380 1305 4458 excedere
1346 4388 1659 4458 potuerunt.
1706 4380 1842 4434 lluic
1879 4379 2041 4435 etiam

2144 3197 2188 3253 si
2216 3205 2395 3252 autem
2420 3194 2619 3251 malum
2642 3194 2858 3256 feceris,
2889 3193 3038 3249 time.
3069 3193 3182 3248 Non
3225 3194 3370 3248 enim
3398 3182 3527 3249 sine
3578 3210 3737 3250 causa

2143 3286 2377 3358 gladium
2427 3294 2627 3354 portat.
2662 3284 2752 3339 Dei
2795 3285 2939 3338 enim
2968 3284 3218 3339 minister
3253 3292 3380 3349 est,
3431 3284 3639 3340 vindex
3685 3287 3747 3339 in-

2144 3378 2280 3433 iram
2306 3370 2354 3433 ei
2386 3376 2475 3447 qui
2501 3374 2700 3429 malum
2726 3375 2837 3445 agit
2867 3368 3039 3445 (Rom.
3073 3375 3212 3444 xm).
3254 3394 3274 3427 ι
3327 3373 3383 3429 Si
3412 3389 3548 3447 ergo
3579 3385 3637 3430 tu
3677 3390 3733 3429 es

2144 3467 2392 3521 minister
2431 3464 2569 3526 Dei,
2619 3478 2789 3535 quare
2817 3478 2925 3517 non
2979 3463 3224 3518 defendis
3266 3464 3570 3519 Ecclesiam
3599 3464 3689 3519 Dei
3716 3463 3751 3517 τ·

2142 3544 2254 3613 Ctir
2272 3556 2522 3619 armaris,
2546 3556 2591 3611 si
2615 3571 2719 3610 non
2743 3554 3041 3625 przeliaris?
3060 3554 3169 3609 Cur
3195 3554 3525 3622 accingeris,
3547 3555 3595 3609 si
3612 3571 3748 3630 ωηο.

2140 3649 2510 3724 gredientibus
2541 3663 2646 3702 non
2675 3646 2923 3703 resistis?
2949 3646 3082 3714 Quis
3110 3646 3209 3701 sub
3252 3646 3442 3703 :estivo
3485 3649 3749 3708 meridiay.

2147 3752 2233 3797 tur
2273 3739 2590 3796 umbraculo
2620 3754 2847 3794 securus
2892 3733 3095 3816 poterit
3122 3737 3401 3808 disputare
3446 3738 3517 3793 de
3568 3739 3751 3794 bello?

2142 3834 2314 3891 Porro
2333 3833 2603 3895 veraciter
2628 3832 2926 3907 siuecausa
2955 3830 3191 3901 gladium
3221 3839 3431 3899 portas,
3457 3820 3568 3886 nisi
3604 3833 3732 3886 resi-

2145 3924 2404 3997 stentium
2453 3910 2564 3979 Deo
2604 3922 2739 3979 colla
2774 3921 3126 3987 transfodias,
3180 3938 3279 3976 nec
3319 3922 3526 3977 vindex
3585 3938 3646 3979 es
3686 3924 3747 3977 in

2139 4018 2282 4074 iram
2305 4017 2353 4075 ei
2382 4017 2472 4087 qui
2505 4015 2703 4071 malum
2727 4016 2857 4088 agit,
2890 4016 3016 4069 dum
3066 4014 3119 4068 in
3150 4004 3529 4069 adulterantes
3557 4013 3749 4069 Erclc-.

2144 4089 2280 4164 siam
2312 4106 2418 4162 non
2445 4105 2751 4182 consurgis,
2779 4114 2837 4166 et
2867 4120 2987 4158 ctnn
3016 4102 3271 4159 Simeonc
3285 4113 3341 4174 et
3365 4103 3495 4158 Levi
3522 4105 3735 4158 violate

2145 4200 2350 4257 sororis
2379 4194 2726 4269 epprobrium
2759 4212 2788 4252 a
2816 4197 2979 4252 demo
3003 4195 3299 4265 lsrael‘uon
3332 4192 3557 4266 repellis
3585 4196 3733 4265 (Cen.

2145 4278 2352 4362 χίιίν).
2393 4284 2648 4346 vertatur
2670 4304 2803 4361 ergo
2828 4280 2987 4343 docta
3014 4304 3208 4343 manus
3249 4288 3315 4342 ad
3362 4287 3644 4357 capulum,
3688 4295 3737 4342 et

2147 4398 2268 4437 cum
2298 4379 2466 4434 David
2506 4379 2558 4432 in
2586 4366 2962 4438 Amalecbitas'
3002 4377 3201 4447 impetu
3252 4375 3481 4446 fulguris
3519 4377 3668 4431 irrue
3684 4374 3735 4445 (ι

461 4469 650 4526 Italico
701 4487 867 4543 regno
914 4457 1201 4542 aliquando
1249 4455 1507 4528 dominati
1557 4454 1684 4526 sunt
1726 4469 1919 4547 Graeci,
1949 4471 2046 4526 ali-
2076 4453 2279 4553 DEBeg.
2318 4469 2483 4537 xxx);
2525 4478 2581 4524 et
2600 4470 2740 4524 sicut
2775 4468 2861 4522 ille
2890 4467 3222 4522 latrunculos
3246 4466 3461 4537 subegit
3488 4463 3572 4523 sic
3601 4477 3654 4521 et
3683 4456 3733 4520 tu

465 4562 680 4631 quando
720 4561 879 4625 Galli,
910 4562 1224 4633 plerumque
1250 4562 1446 4617 Latini.
1472 4561 1550 4616 Tu
1578 4577 1784 4632 quaeso,
1812 4558 2042 4633 gloriose

449 4670 586 4726 rex,
616 4671 646 4709 a
671 4654 854 4726 pravis
880 4653 1221 4715 consiliariis,
1265 4664 1536 4722 tanquam.
1560 4669 1589 4705 a
1624 4654 1901 4708 venenatis
1931 4669 2041 4708 ser-

468 4748 707 4814 pentium
738 4743 910 4800 sibilis
959 4761 1119 4799 aures
1164 4746 1377 4809 obtura,
1407 4744 1458 4798 in
1499 4743 1653 4799 virile
1680 4753 1731 4798 te
1760 4745 1923 4818 robur
1950 4759 2045 4813 per

466 4834 711 4888 ardorem
739 4822 963 4906 spiritus
983 4834 1183 4897 excita,
1207 4832 1454 4902 collapsa:
1476 4831 1632 4887 matri
1658 4842 1761 4887 tuae
1789 4832 2063 4887 Romana!

452 4916 722 4978 Ecclesia:
763 4920 981 4978 manum
1021 4924 1269 4993 porrige,
1305 4933 1360 4976 et
1396 4917 1658 4992 "tanquam
1691 4906 2044 4993 archangelus

468 5010 714 5078 Raphael
743 5029 773 5067 a
814 5014 948 5069 Sara
982 5014 1090 5069 lilia
1137 5011 1337 5078 Raguel
1367 5012 1708 5074 daemonium,
1749 5028 1776 5066 a
1817 5029 1924 5078 quo
1968 5016 2045 5067 vi-

2147 4562 2332 4617 hostes
2361 4558 2617 4615 Ecclesia:
2645 4558 2855 4614 vibrato
2885 4557 3108 4627 iustitiae
3145 4558 3406 4612 mucrone
3460 4557 3733 4628 transfige,

2147 4651 2361 4707 Sentiat
2411 4649 2610 4705 sentiat
2633 4646 2956 4703 veterrimus
2984 4646 3071 4709 ille
3102 4646 3287 4709 draco,
3340 4645 3612 4701 Cadalons
3664 4646 3736 4698 vi-

2146 4740 2341 4797 delicet
2368 4740 2714 4811 perturbator
2743 4737 3027 4801 Ecclesite,
3049 4752 3274 4791 eversor
3292 4736 3607 4805 apostolica:
3658 4737 3734 4790 di-

2145 4833 2402 4904 sciplinte,
2435 4832 2683 4887 inimicus
2705 4830 2894 4886 Salutis
2923 4831 3190 4894 humanae,
3232 4832 3455 4908 sentiat,
3494 4830 3732 4898 inquam,

2146 4924 2300 4979 radix
2322 4923 2555 4992 peccati,
2580 4934 2755 4993 prmco
2781 4921 2974 4976 diaboli
3007 4908 3033 4986 ,’
3063 4920 3339 4992 apostolus
3392 4920 3728 4979 Antichristi,

2147 5029 2202 5077 ct
2226 5018 2356 5078 uuid
2397 5016 2549 5078 plura
2581 5016 2799 5072 dicant?
2819 5016 3013 5078 sagitta
3051 5017 3311 5078 producta
3359 5015 3427 5069 dc
3475 5015 3727 5078 pharetra
