3950 5344
211 283 314 340 {il

1233 293 1236 298 '
1326 282 1522 340 LIBER
1565 281 1932 350 SEPTIMUS,
1962 283 2176 340 EPIST.
2206 285 2293 341 IV.

3379 291 3487 347 Ui

197 409 299 456 ,εει
319 400 561 455 nominis
597 400 865 462 tenebrosi
895 413 1118 469 serpens
1147 398 1404 463 lubricus,
1442 400 1661 454 coluber
1691 408 1796 453 tor-
1825 403 1874 461 Α
1905 410 2036 454 tum.
2069 400 2198 466 Sed,
2225 418 2259 456 ο
2284 402 2486 456 utinam
2509 417 2608 473 ego
2636 411 2762 459 ante
2789 401 3028 459 tribunal
3080 388 3229 464 luunt
3273 405 3484 476 adiudi-

211 503 427 557 tuosus,
450 493 981 553 stercus-hominum,
1004 492 1196 545 latriua
1220 492 1532 554 criminum,
1583 493 1797 545 sentina

209 587 494 648 vitiorum,
526 585 859 639 abominatio
880 584 1026 646 caeli,
1056 583 1220 656 246
1246 583 1508 652 projectio
1539 584 1798 652 paradisi,

198 676 472 747 .pubulum
505 675 718 738 tartari,
759 674 951 745 stipula
1001 675 1140 744 ignis
1189 676 1398 735 aeterni,
1456 675 1654 728 sentiat
1699 673 1802 727 iste

205 770 419 822 motum
452 767 614 836 regia:
641 765 961 834 maiestatis,
1003 776 1059 820 ut
1112 757 1388 820 terrenum
1419 775 1624 819 metuat
1651 767 1799 836 prin-

206 859 410 926 cipem,
435 859 528 927 qui
553 859 813 912 audacter
837 866 1094 926 provocat
1120 858 1176 912 in
1217 857 1355 912 bella
1392 857 1699 921 caelestem;
1743 866 1800 910 et

205 948 336 1015 quia
365 948 496 1002 dicit
529 948 786 1018 insipiens
829 949 886 1003 in
933 949 1102 1005 corde
1149 965 1282 1005 suo:
1319 969 1338 1001 ε
1373 949 1485 1006 Non
1528 961 1614 1005 est
1657 949 1799 1005 tiens

194 1037 384 1106 {ll-al.
410 1040 566 1106 xui);
612 1058 631 1090 ι
662 1041 972 1110 experiatur
1010 1043 1186 1097 inesse
1217 1044 1364 1114 regio
1393 1044 1594 1113 pecteri
1643 1044 1799 1098 Chri-

204 1132 400 1186 stianaz
434 1132 556 1186 tidei
586 1132 860 1200 pietatem,
893 1150 993 1204 pro
1013 1133 1209 1189 divina;
1234 1135 1440 1189 militia:
1470 1137 1666 1191 castris
1688 1151 1796 1190 non

201 1220 485 1274 enervlter
529 1219 928 1291 conﬂigentem.
987 1222 1227 1291 Regnum
1287 1239 1417 1294 ergo
1448 1235 1594 1280 tuum
1645 1242 1794 1282 arma

197 1311 512 1380 corripiat,
563 1319 623 1365 ut
664 1326 786 1366 cum
831 1311 1222 1369 Melchisedech
1272 1323 1376 1368 stet
1431 1317 1796 1371 sacerdotium

205 1399 366 1470 (Cen.
415 1404 566 1471 xw);
613 1402 983 1456 sacerdotium
1028 1412 1194 1469 oret,
1242 1415 1306 1458 ut
1372 1405 1574 1460 avitum
1627 1407 1793 1462 David

201 1494 480 1548 cxaltetur
511 1495 817 1564 imperium.
850 1494 982 1550 Nam
1007 1497 1082 1549 ad
1108 1497 1212 1551 hoc
1235 1511 1341 1567 pro
1371 1506 1421 1552 te
1475 1499 1793 1554 universalis

201 1596 323 1639 orat
349 1586 614 1652 Ecclesia,
647 1598 706 1642 ut
733 1599 788 1643 et
813 1590 965 1645 labor
994 1601 1116 1647 unus
1150 1592 1200 1646 ei
1231 1593 1471 1662 quietem
1502 1595 1696 1663 pariat,
1738 1604 1793 1650 et

199 1679 544 1759 orationibus
583 1680 728 1735 illius
748 1682 917 1749 gloria
965 1685 1060 1738 tibi
1107 1685 1448 1754 triumphalis
1493 1698 1787 1751 accrescat,

200 1771 344 1825 sicut
366 1782 421 1824 et
444 1756 657 1842 Moyses
679 1776 872 1829 orabat
903 1791 1076 1846 eoque
1104 1778 1262 1831 simul
1284 1788 1496 1844 orante,
1519 1781 1788 1847 vincebat;
1822 1756 1868 1816 Β

193 1861 246 1911 si
279 1875 411 1914 rem
442 1861 744 1917 remitteret
787 1880 978 1918 manus
1011 1865 1242 1936 Moyses,
1289 1869 1586 1935 superabat-
1627 1871 1794 1938 proti-

193 1965 303 2002 nus
322 1949 807 2020 Amalech,(E.rod.
833 1955 989 2022 xvtt).
1048 1955 1186 2010 Hinc
1228 1965 1284 2008 et
1327 1957 1616 2023 Apostolus
1668 1959 1791 2013 ait:

209 2061 226 2089 ι
258 2041 502 2095 Obsecro
525 2043 762 2111 primum
809 2046 1053 2100 omnium
1077 2046 1192 2100 lleri
1219 2048 1644 2110 obsecrationes,
1693 2064 1792 2119 po-

200 2132 538 2193 stulationes,
571 2135 872 2204 gratiarum
897 2137 1140 2192 actiones
1162 2151 1259 2208 pro
1277 2139 1529 2193 omnibus
1558 2141 1790 2194 homini-

201 2224 321 2287 bus,
351 2239 454 2293 pro
499 2227 740 2292 regibus,
799 2239 856 2282 et
897 2231 1167 2294 omnibus,
1234 2232 1408 2300 quiin
1465 2233 1793 2288 sublimitate

201 2323 324 2371 sunt
349 2316 630 2368 constituti
661 2316 710 2385 (1
735 2315 870 2370 Tim.
900 2318 984 2387 tt).
1025 2337 1044 2370 ι
1073 2318 1254 2385 Quare
1299 2321 1436 2376 hoc?
1465 2322 1607 2376 Audi
1648 2324 1790 2393 quod

199 2405 483 2472 sequitur:
523 2425 543 2457 r
603 2405 671 2462 Ut
690 2408 929 2476 quietam
957 2419 1012 2464 et
1049 2411 1392 2479 tranquillam
1445 2414 1611 2466 vitam
1667 2429 1794 2484 aga-

202 2511 320 2550 mus
343 2496 397 2549 in
437 2498 584 2551 omni
616 2499 816 2566 pietate
867 2509 922 2553 et
960 2502 1210 2556 castitate
1265 2502 1446 2573 (Ibid.
1475 2505 1514 2574 ).
1546 2525 1564 2555 ι
1624 2505 1792 2562 Porro

195 2589 326 2658 quia
361 2590 658 2658 splendida:
686 2593 960 2647 memorize
987 2603 1144 2662 pater
1167 2595 1286 2663 ejus
1339 2597 1656 2666 magnificus
1691 2599 1790 2651 im-

202 2689 421 2748 perator
447 2680 756 2736 sublimiter
802 2683 1061 2736 exaltavit
1111 2685 1430 2748 Ecclesiam,
1485 2694 1541 2739 tu
1574 2701 1790 2756 quoque

199 2771 338 2829 sicut
375 2769 492 2840 ejus
517 2773 693 2827 haeres
727 2773 958 2842 imperii,
984 2775 1064 2827 sic
1097 2775 1261 2827 etiam
1315 2775 1368 2830 in
1408 2775 1789 2832 ecclesiastica:

199 2863 466 2917 cautionis
489 2862 616 2930 jura
655 2864 906 2919 succede.
938 2865 1105 2932 Igitur
1130 2866 1180 2918 in
1204 2866 1560 2922 ecclesiastici
1613 2877 1788 2924 status

199 2954 578 3010 incolumitate
625 2957 887 3010 servanda
939 2957 1240 3011 clarissima
1291 2957 1502 3013 soboles
1546 2960 1787 3028 paternis

197 3047 523 3116 respondeat
556 3047 845 3112 institutis;
872 3056 930 3101 et
961 3048 1032 3101 ab
1062 3048 1260 3102 arbore
1307 3063 1401 3102 sua
1447 3065 1556 3103 non
1597 3051 1788 3119 deger-

1903 507 1995 547 cer
2023 507 2145 546 reus
2176 493 2573 560 perduellionis,
2597 494 2725 549 dum
2758 505 2814 550 tu
2841 505 3022 552 tamen
3055 499 3107 552 in
3139 498 3486 557 adversarios

1901 583 2209 652 apostolicae
2236 584 2380 638 sedis
2399 585 2639 640 vindices
2664 585 2865 640 arbiter
2885 588 3172 657 aequitatis.
3204 589 3259 643 In
3309 591 3458 650 cervi
3469 620 3485 634 -

1900 674 1979 728 cis
2010 690 2141 729 meae
2165 673 2409 744 jugulum
2440 677 2647 731 securis
2673 677 2880 732 vibrata
2918 679 3194 746 desazviat,
3247 690 3484 737 tantum-

1900 768 2058 821 mo‘lo
2089 767 2330 821 ltomann
2365 768 2604 823 Ecclesia
2662 769 2891 840 pr0prize
2946 770 3225 841 dignitatis
3272 773 3488 842 apicem

1898 871 1995 926 per
2023 864 2074 910 te
2103 865 2347 925 reparata
2373 858 2724 913 conscendat.
2754 858 2924 913 Porro
2950 860 2993 913 si
3025 858 3320 915 Cadaloum
3369 862 3478 917 cito

1895 947 2044 1001 velut
2067 947 2208 1002 alter
2229 948 2614 1004 Constantiorne
2643 951 2830 1005 Arium
2879 951 3040 1024 247
3099 953 3333 1010 destruis
3366 994 3379 1016 ,
3421 965 3488 1010 et.

1897 1038 2170 1104 Ecclesiae,
2199 1055 2296 1110 pro
2315 1056 2420 1110 qua
2450 1041 2702 1096 Christus
2730 1052 2974 1098 mortuus
2987 1053 3070 1098 est
3097 1059 3284 1114 pacem
3309 1043 3479 1100 rel'or-

1896 1146 2048 1188 mare
2072 1134 2385 1190 contendis:
2413 1133 2580 1188 faciat
2605 1144 2656 1188 te
2679 1134 2818 1189 Deus
2851 1135 2903 1188 in
2935 1136 3184 1205 proximo
3220 1137 3288 1191 de
3309 1151 3478 1207 regno

1895 1222 2180 1292 imperiale
2212 1223 2480 1295 fastigium
2507 1226 2790 1290 scandere,
2826 1235 2879 1279 et
2910 1241 2941 1279 a
2967 1227 3179 1281 cunctis
3232 1226 3491 1284 hostibus.

1896 1317 2002 1370 tuis
2050 1317 2276 1387 insignis
2330 1318 2516 1388 gloria:
2556 1318 2741 1373 titulos
2795 1329 3108 1389 reportare:
3164 1319 3398 1390 alioquin
3430 1320 3478 1376 si

1893 1408 2068 1464 adhuc
2095 1407 2422 1470 dissimulas,
2459 1411 2508 1464 si
2561 1411 2744 1464 mundi
2793 1409 3156 1480 periclitantis
3210 1425 3473 1476 errorem,

1893 1511 2015 1550 cum
2049 1498 2226 1567 possis
2281 1499 2516 1563 abolere,
2544 1501 2836 1563 detrectas,
2865 1509 2919 1554 et
2968 1499 3197 1570 reliqua.
3241 1500 3493 1559 Cohibeo-

1892 1586 2162 1653 spiritum,
2187 1596 2238 1642 et
2263 1591 2669 1660 consequentia:
2699 1590 2948 1660 relinquo
2976 1591 3268 1646 lectoribus
3321 1593 3478 1648 intel-

1893 1677 2110 1733 lectum.

2455 1751 2784 1807 EPISTOLA
2825 1753 2912 1808 IV.

1895 1854 2166 1895 ιυηικτι
2219 1825 2654 1906 λιιειιιεριεεορι,
2711 1859 2975 1900 BONIFACII
3026 1861 3345 1902 ALBANENSiS
3403 1861 3486 1902 IS"

1965 1926 2302 1967 αετεκοκυιι
2343 1929 2703 1970 ωιιυικλιιωι
2739 1930 3098 1971 EPISCOPORUI
3138 1933 3205 1970 AD
3229 1932 3478 1972 AGNETEI

1966 1995 2390 2046 lﬂPERATRICEI,
2416 1999 2629 2040 .LVRICI
2668 2001 2705 2038 Il
2743 2001 2852 2038 HIP.
2890 2001 3122 2040 υκοιιεκ.

1893 2071 2627 2148 Ακευκεκτωί.ττΡειίεηιι
2667 2075 2979 2148 imperatrir
3008 2078 3186 2147 Agnes
3239 2093 3335 2148 per
3389 2077 3477 2132 lit-

1966 2152 2129 2216 teras,
2157 2152 2212 2196 ut
2237 2144 2456 2213 pallium
2491 2145 2807 2216 Moguntino
2833 2144 3254 2216 archiepiscopo
3282 2162 3476 2202 recen-

1966 2222 2050 2268 ter
2069 2212 2600 2268 electo’mitteretur.‘
2626 2215 2954 2269 lteseribunt
2998 2212 3250 2272 doctores
3275 2218 3479 2273 beatis-

1961 2284 2084 2339 simi
2119 2285 2398 2353 asset-etis
2422 2285 2659 2353 episcopi
2709 2285 3027 2347 cardinales.
3090 2288 3143 2342 id
3199 2288 3318 2341 ﬁeri
3367 2305 3476 2344 non

1962 2349 2598 2428 posseﬁonsolerecnim
2611 2349 3210 2428 RomanamEcclesiam
3225 2360 3488 2428 cuiquam
3531 2420 3544 2427 ,

1962 2425 2187 2495 antistiti
2222 2426 2455 2495 absenti,
2487 2425 2586 2479 nisi
2618 2427 2706 2495 qui
2743 2426 2934 2494 priusa
2961 2442 3170 2481 summo
3194 2425 3470 2495 poutitice,

1962 2504 2055 2567 aut
2084 2494 2197 2560 ejus
2218 2494 2392 2567 legato
2421 2494 3024 2567 examinatusidoneus
3045 2494 3205 2552 tantae
3226 2497 3476 2567 dignitati

1964 2564 2214 2638 inventus
2239 2565 2424 2638 luerit,
2451 2565 2670 2638 pallium
2701 2566 2956 2638 tribuere.
2989 2564 3475 2638 Oporterqigitu!‘

1961 2635 2227 2706 eumdem
2277 2634 2657 2706 llloguutinum
2705 2634 3173 2706 archiepiscopum
3246 2634 3475 2706 Bonnam

1961 2704 2253 2776 proﬁcisci,
2280 2706 2433 2776 utibi
2476 2705 2804 2775 approbatus
2828 2715 2881 2759 et
2919 2709 3024 2760 voti
3049 2704 3292 2776 icompos
3347 2705 3478 2768 clie-

1960 2782 2102 2837 ctus,
2133 2774 2184 2827 in
2214 2775 2442 2839 patriam
2473 2774 2794 2828 revertatur.

1959 2866 2329 2920 Serenissimzc
2359 2867 2684 2935 imperatrici
2733 2869 2962 2928 AGNETI,
3014 2868 3342 2924 "UMBEBTUS
3387 2885 3476 2924 ara-

1887 2957 2284 3027 chiepiscopus,
2311 2966 2365 3011 et
2395 2957 2714 3012 BONWACIUS
2743 2958 3066 3012 Albanensis
3093 2976 3212 3012 cum
3260 2953 3474 3014 caeteris

1884 3046 2252 3101 cardinalibus
2289 3047 2575 3117 episcopis,
2607 3043 3046 3102 concurdissimae
3086 3047 3359 3104 ﬁdelitatis
3379 3050 3476 3104 οὺ·

197 3115 367 3194 minet
394 3153 578 3194 ramus
609 3139 662 3192 in
689 3140 886 3203 fructu,
918 3155 1080 3210 quam
1109 3155 1204 3208 per
1239 3141 1519 3196 traducem
1567 3115 1784 3199 virtutis
1813 3115 1857 3176 Ο
1888 3137 2153 3206 sequium-

197 3240 251 3285 et
279 3232 470 3300 gratia:
497 3232 664 3285 decus
684 3241 930 3286 exornat.
969 3232 1073 3287 Sed
1110 3234 1247 3286 sicut
1275 3233 1404 3287 olim
1459 3250 1555 3304 per
1610 3235 1779 3298 illum,

197 3335 305 3376 non
344 3320 542 3374 amodo
566 3335 663 3390 per
685 3329 819 3393 teet
844 3321 1081 3391 collapsa
1139 3333 1388 3392 resurgat
1435 3325 1690 3386 Ecclesia,
1730 3334 1787 3380 et

193 3410 565 3466 ecclesiastica
595 3423 716 3481 qua:
749 3411 970 3466 confusa
1001 3420 1085 3465 est
1111 3411 1362 3467 reﬂoreat
1396 3414 1701 3483 disciplina.

263 3501 470 3557 ‘Bu'rius
499 3503 643 3558 forte
697 3503 907 3558 locutus
965 3519 1082 3559 sum
1135 3506 1270 3573 regi,
1323 3507 1620 3574 praisertim
1661 3521 1782 3560 cum

198 3595 457 3650 Salomon
485 3595 628 3650 dicat
662 3614 675 3648 :
707 3613 725 3645 ε
750 3597 804 3649 In
827 3595 1157 3665 cogitatione
1179 3606 1265 3648 tua
1293 3597 1404 3666 regi
1423 3612 1490 3650 ne
1511 3597 1781 3657 detrahas,

198 3688 333 3740 etin
371 3695 582 3740 secreto
602 3687 796 3741 cubilis
829 3680 1019 3749 tui,'.ne
1044 3687 1389 3741 malediteris
1433 3688 1603 3747 diviti,
1655 3687 1781 3756 quia

191 3778 313 3832 avis
339 3778 460 3833 coeli
489 3778 726 3846 portabit
755 3789 940 3833 vocem
967 3786 1137 3843 tuam,
1169 3788 1225 3834 et
1254 3781 1342 3848 qui
1373 3779 1532 3833 habet
1569 3794 1784 3848 pennas

199 3869 544 3924 annuntiabit
575 3872 899 3925 sententiam
926 3869 1126 3938 (Hrcle.
1151 3870 1227 3939 ι).
1283 3889 1302 3920 ›
1350 3870 1415 3923 Et
1451 3885 1659 3932 revera,
1690 3870 1780 3938 qui

199 3961 474 4036 peculatus
492 3963 698 4015 crimen
729 3961 973 4023 incurrit,
991 3961 1043 4014 in
1055 3959 1370 4030 diacoposin
1390 3957 1781 4028 cngituriul'aro

192 4055 314 4107 "cire
335 4053 478 4120 quod
510 4052 653 4115 tulit,
683 4052 776 4106 sed
808 4060 934 4106 tunc
964 4049 1315 4106 deferendum
1367 4059 1451 4103 est
1498 4051 1631 4118 regi,
1660 4064 1780 4102 cum

195 4158 293 4199 rex
319 4142 662 4210 obtemperat
686 4141 995 4206 Conditori;
1031 4141 1268 4209 alioquin
1302 4155 1425 4194 cum
1450 4156 1542 4192 rex
1587 4140 1782 4194 divinis

201 4220 422 4289 resultat
452 4234 716 4304 imperiis,
762 4234 874 4304 ipse
922 4247 1134 4303 quoque
1185 4234 1308 4304 jure
1357 4233 1721 4287 contemnitur
1751 4248 1781 4287 a

197 4326 472 4391 subjectis.
518 4326 573 4381 Si
612 4326 739 4394 quis
758 4328 901 4382 enim
933 4328 1206 4398 proprius,
1260 4341 1364 4380 non
1398 4325 1490 4380 Dei
1529 4341 1620 4382 rex
1661 4342 1786 4382 esse

187 4417 558 4480 convincitur,
585 4418 677 4486 qtti
702 4416 758 4470 in
790 4410 876 4471 dic
919 4431 1110 4485 pugna:
1147 4431 1252 4471 non
1297 4424 1406 4470 stat
1453 4431 1550 4486 pro
1587 4418 1781 4471 castris

198 4511 472 4574 Ecclesiaa,
508 4521 566 4564 et
587 4511 668 4564 sic
692 4512 923 4580 propriis
956 4510 1296 4574 utilitatibus,
1330 4511 1634 4580 specialiter
1665 4528 1780 4566 me-

199 4602 315 4668 tuit,
340 4612 400 4656 at
430 4602 605 4661 ruina:
630 4602 991 4670 periclitantis
1028 4603 1282 4658 Ecclesiae
1314 4618 1418 4656 non
1475 4614 1782 4660 succurrat.
1827 4635 1839 4651 -

197 4692 296 4746 Sed
319 4700 522 4746 etcum
553 4707 650 4761 per
671 4692 862 4746 Isaiam
895 4692 1157 4746 Dominus
1180 4693 1359 4748 dicat:
1411 4711 1430 4742 ι
1480 4693 1686 4760 Venite,
1733 4703 1790 4749 te

194 4783 395 4852 arguitc
425 4799 514 4836 me
543 4783 678 4854 (lsa.
714 4784 787 4851 t);
823 4801 842 4834 ι
869 4798 965 4837 cur
988 4783 1150 4839 homo
1177 4785 1244 4836 ab
1271 4783 1487 4838 homine
1518 4783 1784 4852 despiciat

196 4876 339 4946 :rgui
375 4891 542 4943 quem
580 4884 798 4930 constat
849 4876 1037 4928 eadem
1087 4875 1428 4930 mortalitatis
1486 4874 1602 4944 lege
1657 4889 1790 4929 εστι-ι

195 4966 426 5038 stringi?
457 4965 678 5018 Et'cum
710 4965 824 5035 lege
874 4963 1070 5020 l'oren‘si
1100 4974 1315 5020 cautum
1347 4965 1440 5030 sit,
1481 4975 1540 5018 ut
1587 4965 1678 5035 qui
1731 4963 1784 5018 in

189 5063 569 5125 peremptores
592 5063 874 5121 parentum
898 5062 1012 5107 non
1043 5054 1354 5117 ulciscitur,
1387 5054 1437 5108 iu
1480 5053 1570 5121 jus
1617 5057 1790 5110 hanc-.-

197 5145 402 5170 ,εἷα-.-τινι
430 5145 788 5170 κειΑΛΑΑΑξιι-ιξη
822 5143 1131 5170 ,ιι-..Λολσιιοι-
1166 5146 1482 5170 ..ρΙκεΙΙΛΙκ-
1535 5162 1626 5170 Α..-
1697 5144 1782 5170 ...ιζ

1956 3229 2003 3286 Α
2027 3230 2315 3301 longojam
2349 3239 2592 3300 tempore
2639 3245 2866 3300 prorsus
2899 3231 3167 3301 imperiali
3207 3224 3474 3303 majestati

1889 3323 2124 3377 Ecclesia
2164 3320 2405 3376 Romana
2436 3324 2558 3392 plus
2595 3338 2700 3377 non
2723 3324 2909 3378 debuit
2945 3340 3106 3393 quam
3138 3336 3333 3380 vestrae
3356 3327 3475 3396 glo-

1883 3411 1999 3475 riae,
2027 3426 2095 3465 ex
2124 3411 2276 3480 cujus
2301 3412 2548 3467 videlicet
2576 3422 2775 3466 sancta:
2791 3415 3094 3469 devotionis
3109 3416 3286 3469 studio
3306 3416 3473 3470 iutilia

1885 3506 2146 3568 beneﬁcis
2183 3517 2238 3561 ct
2265 3523 2458 3577 magna
2489 3508 2744 3578 suscepit.
2792 3506 2870 3563 Ita
2926 3510 3201 3573 nimirum,
3249 3519 3308 3566 ut
3351 3509 3476 3578 jure

1885 3597 2084 3651 dicaris
2115 3597 2173 3650 Β.
2207 3597 2356 3650 Petri
2376 3599 2745 3666 apostolorum
2791 3599 3051 3666 principis
3084 3600 3216 3658 tilia,
3265 3608 3322 3652 et
3377 3599 3470 3653 Dei

1883 3687 2276 3754 omnipotentis
2301 3687 2352 3740 in
2378 3688 2676 3742 commisso
2703 3688 2797 3740 tibi
2853 3689 3114 3757 regimine
3164 3689 3340 3746 lidelis
3376 3703 3475 3742 an-

1883 3779 2030 3833 cilla.
2054 3778 2109 3833 Si
2131 3779 2256 3847 quid
2277 3795 2404 3845 ergo
2427 3778 2824 3849 magniﬁcentia
2850 3789 3025 3833 vestra
3055 3778 3352 3832 Romanam
3375 3792 3472 3846 pes

1885 3873 1949 3926 tit
1973 3873 2292 3936 Ecclesiam,
2345 3872 2490 3942 quod
2539 3872 2816 3927 canonicis
2861 3873 3044 3930 obviet
3093 3869 3316 3946 regulis,
3362 3881 3472 3926 non

1882 3963 2123 4026 malitiae,
2153 3965 2298 4032 quod
2325 3964 2485 4028 absit,
2518 3964 2874 4027 ascribimus;
2905 3963 3000 4017 sed
3058 3961 3471 4017 consiliatorum

1884 4065 2188 4110 vestrorum
2249 4055 2426 4125 potius
2480 4054 2798 4123 ignorantia:
2850 4054 3191 4124 deputamus.
3243 4051 3474 4111 Petistis

1882 4146 2024 4201 enim
2047 4154 2107 4199 ut
2135 4146 2357 4200 domino
2385 4145 2698 4214 Moguntin
2728 4132 2942 4214 pailiuru
2969 4145 3294 4207 mitteretur,
3324 4142 3470 4212 quod

1881 4233 2257 4304 proculdubio
2285 4241 2600 4290 sanctorum
2639 4233 2859 4292 Patrum
2915 4233 3287 4289 sanctionibus
3341 4244 3471 4301 pro-

1883 4325 2043 4380 batur
2076 4323 2381 4378 adversurn.
2404 4324 2506 4394 Ipsi
2535 4325 2801 4394 siquidem
2829 4323 3112 4393 pontiﬁces
3137 4339 3200 4378 ex
3229 4323 3469 4390 antiqua;

1887 4413 2194 4470 traditionis
2217 4429 2344 4481 usu,
2369 4415 2434 4467 ad
2479 4413 2843 4484 apostolorum
2874 4414 3071 4468 debent
3112 4412 3295 4465 limina
3342 4427 3467 4480 pro-

1886 4524 2096 4578 perare,
2124 4517 2178 4562 et
2202 4508 2324 4570 hoe,
2355 4509 2472 4562 sine
2490 4523 2599 4576 quo
2622 4505 3021 4576 metropolitani
3053 4519 3176 4561 esse
3207 4519 3316 4563 non
3345 4517 3469 4572 pos-

1883 4608 2032 4660 sunt,
2057 4598 2272 4668 signum
2295 4596 2737 4654 consutnmandzn
2762 4609 2874 4648 sua:
2895 4595 3173 4664 dignitatis
3198 4593 3464 4661 accipere.

1883 4689 2043 4754 Quod
2075 4688 2118 4743 si
2150 4688 2276 4748 huic
2302 4685 2591 4740 assertioni
2621 4683 2869 4739 fortassis
2921 4682 3194 4750 objicitur,
3219 4697 3247 4734 a
3273 4679 3470 4734 Roma-

1887 4777 1970 4836 nis
1999 4776 2344 4847 pontiﬁcibus
2365 4774 2592 4846 pallium
2641 4773 2709 4828 ad
2749 4771 2980 4844 plurima
3028 4772 3143 4826 loca
3195 4784 3334 4838 saepe
3377 4783 3472 4837 |er

1889 4871 2112 4932 nuntios
2137 4871 2302 4924 fuisse
2323 4865 2730 4932 transmissum,l
2758 4866 2863 4920 hoc
2890 4866 3165 4933 negotium
3193 4861 3283 4915 tali
3326 4860 3474 4918 vide.

1877 4970 1975 5026 “tur
2005 4957 2374 5021 declarations
2399 4955 2692 5026 distingui;
2723 4951 2850 5023 quia
2883 4960 3013 5008 tunc
3038 4951 3294 5021 temporis
3315 4945 3480 5016 legati,

1889 5053 2144 5122 Romana:
2173 5048 2429 5106 Ecclesia:
2452 5046 2569 5100 vice
2598 5063 2750 5118 papa:
2775 5043 3166 5113 iungebantur,
3212 5055 3308 5110 per
3358 5049 3483 5104 pr.0-.

2456 5135 2533 5168 11ιέ
2568 5137 2736 5168 :..:.....
2757 5149 2850 5168 nnc
2912 5135 3004 5166 ιιιιῖ
3035 5139 3100 5166 ..Α
3150 5131 3486 5166 ηηίεηηηειιιις

1887 5149 1975 5170 δοιά.
1986 5149 2090 5168 ’.ξιιμ
2126 5149 2274 5168 ΑΑηΔι
2285 5149 2317 5168 ᾖ.
2327 5150 2377 5168 ιιι
2391 5149 2404 5168 ὁ
