3950 5344
506 304 614 363 ωδ

1073 305 1130 360 S.
1172 301 1379 359 PETRI
1404 304 1689 360 DAMIAM
1716 304 1873 361 OPP.
1916 304 2096 361 PARS
2134 305 2264 364 SEU
2304 308 2538 366 'l'OMUS
2576 310 2623 364 ι.
2656 339 2722 349 -—
2758 311 2979 367 El’iST.
3014 312 3138 367 LIB.
3169 311 3300 368 \‘lli.

3656 316 3767 371 4H

491 422 591 475 tui.
615 418 807 493 (Gut-:6.
840 416 1037 487 Regist.
1063 418 1098 471 Ι.
1124 428 1218 482 vn,
1245 434 1326 487 ep.
1352 417 1432 487 5),
1455 418 1557 472 nisi
1581 415 1748 489 25.8
1768 415 2077 485 ille,quam-
2105 428 2152 484 Α
2181 434 2298 475 ess.-
2340 421 2703 492 conspiceret,
2734 434 2930 493 praesto
2964 425 3281 503 sulijnnait:
3316 444 3337 477 ι
3367 426 3507 494 Quia
3540 427 3655 483 hac
3684 428 3769 484 lo.-

488 511 572 564 vis
594 509 769 564 bonus
792 516 937 562 esset
961 516 1015 561 et
1040 506 1239 576 justus,
1269 505 1573 562 Candidum
1599 504 1963 571 defensorem,
1982 506 2074 574 qui

491 599 545 652 in
567 598 671 652 illis
701 597 942 667 partibus
963 594 1301 666 apocrisiarii
1337 594 1667 665 fungebatur
1693 592 1891 654 cilicio.
1921 596 1988 649 ab
2012 610 2078 649 eo

489 687 884 743 examinandas
913 686 1106 754 adiret,
1126 686 1313 756 sicque
1331 686 1604 756 accipiens
1622 686 1843 757 pallium
1858 685 2078 756 dignam

490 781 544 835 in
578 780 753 849 legato
777 795 878 835 suo
920 778 1164 835 Romano
1193 779 1436 849 pontifici
1469 779 1827 834 reverentiam
1853 779 2079 835 exhibe-

492 881 594 926 ret.
624 868 908 927 Mauritius
931 872 1095 925 etiam
1127 871 1425 940 imperator
1466 870 1535 924 ab
1579 870 1772 925 eodem
1814 869 2080 940 Gregorio

490 975 592 1029 per
612 958 773 1031 longa
806 970 1049 1029 tempora
1073 958 1407 1029 supplicans,
1440 958 1617 1022 aliter,
1642 958 1789 1028 quod
1820 960 1886 1015 de
1915 958 2085 1028 pallio

490 1053 742 1121 petierat,
796 1067 903 1107 non
931 1050 1193 1121 implevit.
1233 1052 1335 1108 nisi
1382 1051 1510 1121 quia
1554 1050 1818 1106 Maximus
1848 1050 2083 1106 .Saloni-

491 1152 651 1196 tanns
693 1140 980 1212 episcopus
1004 1141 1312 1197 Ravennam
1342 1157 1511 1211 usque
1528 1142 1793 1211 pervenit,
1825 1156 1993 1213 seque
2016 1158 2084 1198 ex

497 1231 584 1286 bis
616 1232 886 1302 capitulis,
920 1247 1041 1301 quae
1064 1232 1280 1288 sibimet
1296 1231 1507 1302 objecta
1530 1232 1749 1289 fuerant
1770 1248 1953 1289 coram
1972 1234 2081 1298 his,

486 1322 684 1391 quibus
707 1323 808 1378 hoc
847 1322 1108 1393 judicium
1134 1321 1432 1392 injunctum
1454 1324 1652 1391 fuerat,
1679 1324 1843 1395 digna
1868 1323 2086 1381 satisfa-

493 1411 676 1466 ctione
716 1413 966 1483 purgavit
1006 1413 1178 1483 tloatt.
1227 1412 1423 1483 Reyist.
1470 1414 1506 1468 ι.
1539 1430 1593 1480 v,
1619 1431 1700 1485 ep.
1732 1414 1801 1471 25
1828 1424 1885 1472 et
1912 1415 1959 1469 .l.
1988 1430 2087 1475 vn.

491 1504 643 1572 epist.
676 1504 818 1577 l29).
864 1504 1153 1561 Enimvero
1180 1515 1236 1561 et
1262 1507 1455 1562 beatus
1500 1521 1636 1578 papa
1670 1506 1935 1562 Damasus
1980 1505 2085 1561 hoc

491 1593 735 1649 decrevit
766 1594 931 1665 (apud
955 1594 1172 1651 lvonem
1199 1597 1613 1662 Carnotensetn,
1638 1596 1733 1651 lib.
1760 1596 1823 1667 t),
1852 1605 1911 1651 ut
1935 1596 2088 1667 quis-

490 1687 615 1755 quis
639 1687 1178 1757 metropolitanorum
1212 1688 1355 1744 ultra
1387 1697 1498 1744 tres
1544 1703 1761 1743 menses
1815 1696 1939 1758 post
1990 1704 2084 1743 or-

491 1777 825 1833 dinationem
854 1792 1007 1833 suam
1036 1778 1283 1835 Romano
1317 1778 1558 1849 pontifici
1588 1779 1747 1833 fidem
1781 1794 1934 1833 suam
1974 1793 2075 1832 ex-

491 1882 713 1937 ponere,
760 1878 815 1923 et
868 1869 1087 1940 pallium
1147 1869 1390 1941 ﬂagitare
1442 1869 1731 1934 distulerit,
1790 1869 2077 1925 commissa

490 1967 676 2013 careat
699 1958 985 2030 dignitate.
1012 1959 1354 2030 Quapropter
1376 1961 1491 2031 ipse
1520 1960 1770 2031 dominus
1812 1958 2081 2031 Mogunti-

490 2064 592 2106 nus
614 2049 818 2107 electus
840 2060 1021 2107 vester
1045 2053 1113 2107 ad
1140 2024 1721 2123 apostolorumtimina
1757 2051 1940 2106 venire
1970 2067 2078 2107 non

492 2138 728 2205 diﬂ'erat,
790 2141 977 2211 sicque
1028 2142 1289 2212 perfectio
1337 2158 1450 2198 suae
1499 2142 1779 2213 dignitatis
1823 2144 2083 2197 canonice

491 2238 547 2283 et
578 2230 957 2285 ordiuabiliter
1001 2232 1115 2285 ﬂat.
1149 2230 1447 2305 Sivejenim
1496 2248 1615 2296 nos,
1665 2232 1782 2286 sive
1819 2230 2082 2285 Dominus

496 2328 700 2384 uester,
744 2321 1004 2392 quidquid
1058 2337 1156 2392 pro
1202 2322 1443 2392 quolibet
1497 2320 1808 2376 mortalium
1859 2334 2083 2375 necesse

497 2421 584 2467 est
613 2428 795 2484 agere,
824 2429 924 2484 pro
952 2426 1143 2470 vestrae
1165 2414 1504 2472 celsitudinis
1538 2414 1711 2486 gloria
1762 2426 1868 2471 non
1919 2413 2080 2470 dubi-

415 2491 427 2501 ’
495 2511 672 2558 tamus
698 2503 937 2574 implere.

946 2585 957 2597 ’
1063 2595 1394 2652 EPISTOLA
1438 2595 1504 2650 V.

1116 2695 1182 2733 AD
1205 2694 1442 2733 EAMDEI.

702 2767 1114 2837 (Ilabetur'tom.
1141 2768 1259 2835 ΙΙΙ,
1303 2780 1478 2841 estque
1526 2784 1703 2839 opust.
1755 2766 1867 2837 56.)

1048 2881 1381 2938 EPISTULA
1424 2882 1510 2937 Vl.

1123 2989 1192 3026 AD
1232 2988 1469 3027 EAIDEI.

491 3058 979 3131 Auouuenruat.—
1007 3060 1266 3115 Eamdem
1317 3062 1619 3131 Agnetem,
1663 3077 1784 3131 qua
1830 3061 2079 3116 Rainal.ii

565 3130 1078 3210 (Ξᾳιιιίιιιὶρρξεεομί,
1111 3130 1468 3210 llertnisindae
1504 3130 1758 3210 aﬂinis’et
1783 3132 1950 3210 ipsius
1980 3131 2076 3187 Pco
2108 3147 2152 3210 ρ

568 3200 634 3270 tri
666 3199 912 3254 Datniani
967 3199 1254 3269 pt'wSentia
1291 3202 1573 3266 destituta,
1625 3199 1947 3270 quibusdam
1992 3218 2080 3256 so—

565 3268 711 3341 lebat
741 3278 898 3323 antea
950 3268 1015 3324 de
1059 3273 1221 3325 rebus
1268 3277 1334 3324 ad
1378 3268 1658 3341 pietatem
1689 3272 2083 3341 pertinentibus

565 3340 814 3408 colloqui,
847 3350 899 3394 et
921 3341 1142 3394 consilia
1171 3355 1268 3394 sua
1296 3340 1476 3395 omnia
1515 3342 1939 3404 communicare,
1991 3344 2084 3397 tri—

570 3410 704 3463 stior
753 3410 1141 3480 aliquantulum
1177 3411 1462 3466 videbatur
1508 3409 1724 3476 effecta,
1770 3410 2086 3468 consolatur

563 3491 616 3552 et
640 3480 991 3552 hortatur,_ut
1017 3480 1070 3534 in
1100 3480 1303 3552 Christi
1332 3482 1630 3537 amicitiam
1657 3497 1715 3536 se
1748 3483 1962 3552 penitus
2005 3483 2085 3536 in-

568 3549 749 3620 sinuet
774 3550 841 3604 ab
873 3550 962 3605 illo
987 3550 1167 3604 omnia
1190 3552 1380 3606 solatia
1412 3552 1663 3620 petenda,
1692 3549 1927 3620 quandiu
1956 3568 2080 3608 cum

566 3619 656 3672 illo
678 3621 768 3684 sit,
797 3635 1072 3692 nunquam
1097 3635 1155 3675 se
1183 3621 1354 3676 solam
1386 3619 1507 3676 esse
1536 3619 1854 3677 arbitretur.

571 3710 808 3766 Dominae
836 3727 946 3766 suae
972 3712 1305 3782 imperatrici
1343 3714 1574 3780 Acus-rt,
1636 3711 1851 3770 PETRUS
1894 3730 2085 3785 pecca-

495 3808 581 3855 tor
609 3803 905 3858 mouachus
931 3804 1269 3860 servitutem.

566 3894 833 3959 Arbitror,
888 3898 1218 3975 venerabilis
1264 3898 1504 3965 domina,
1554 3901 1809 3970 quoniam
1861 3916 1928 3955 ex
1976 3916 2084 3969 quo

494 3985 746 4042 dominus
815 3989 1107 4045 Bainaldus
1154 3990 1408 4047 Comaute
1458 3992 1603 4049 sedis
1658 3993 1984 4062 episcopus,
2029 4000 2086 4045 et

493 4086 679 4133 saneta
709 4079 903 4135 mulier
932 4079 1277 4138 Hermisinda
1316 4084 1507 4139 relicta
1529 4085 1800 4153 quondam
1830 4084 2081 4154 germani

495 4169 598 4231 tui,
626 4184 725 4238 ego
750 4185 964 4240 quoque
992 4187 1185 4227 servus
1208 4182 1354 4238 tuus,
1381 4176 1447 4228 ad
1472 4174 1692 4244 propria
1745 4175 1948 4244 quique
2000 4188 2085 4229 re-

494 4263 776 4327 cessimus,
807 4279 960 4319 mens
984 4277 1072 4318 tua
1102 4281 1245 4320 nunc
1266 4266 1509 4331 ﬂuctuat,
1549 4275 1603 4320 et
1651 4266 1797 4320 velut
1841 4267 2081 4321 omnium

494 4352 749 4409 destituta
777 4354 991 4420 solatio,
1015 4355 1184 4410 solam
1221 4370 1279 4410 se
1306 4357 1631 4411 remansisse
1656 4356 1921 4425 deplorat.
1953 4356 2087 4412 Gra-

492 4452 589 4498 vat
644 4444 783 4500 forte
831 4445 1088 4515 longioris
1127 4461 1359 4501 censura
1401 4446 1621 4515 silentii,
1669 4457 1724 4503 et
1752 4448 1966 4503 taedium
2000 4457 2083 4504 est

498 4536 916 4609 colloquentium
950 4555 1089 4595 nunc
1114 4540 1305 4595 deesse
1351 4541 1718 4609 praesentiam,
1760 4556 1895 4610 quos
1939 4556 2081 4610 saepe

500 4630 771 4703 refugiens
803 4672 817 4695 ,
874 4631 1000 4686 dum
1036 4631 1326 4699 adessent,
1395 4632 1701 4689 remotioris
1736 4633 1918 4709 anguli
1956 4634 2079 4688 lati-

498 4723 679 4779 bulum
738 4722 1051 4794 expetebas.
1123 4723 1443 4779 Tolerantus
1512 4725 1655 4779 eniut
1728 4739 1869 4795 saepe
1939 4725 2083 4795 quod

496 4814 667 4885 gratis
702 4813 975 4879 offertur;
1020 4814 1352 4885 pet-fruimur
1379 4857 1393 4879 ,
1437 4817 1580 4886 quod
1619 4815 1895 4871 diﬂicilius
1929 4857 1944 4882 ,
1983 4816 2084 4871 ob—

499 4904 731 4958 tinemus
772 4920 784 4955 :
828 4904 1264 4973 parvipendimus
1299 4906 1443 4974 quod
1504 4906 1743 4960 abundat
1782 4922 1794 4958 :
1836 4915 1892 4959 et
1938 4905 2084 4974 quod

503 4995 693 5050 deesse
760 4995 1164 5064 conspicimus,
1239 4996 1514 5051 inhianter
1582 5004 1852 5067 optamus.
1919 4993 2084 5066 259

502 5083 700 5138 Verum
730 5085 816 5156 pia
853 5100 1005 5143 mens
1036 5094 1149 5154 tua,
1186 5102 1305 5158 quae
1334 5087 1499 5142 divini
1548 5086 1750 5141 amoris
1786 5085 1909 5156 igne
1942 5100 2086 5139 suc-

500 5171 653 5212 nandi
708 5174 845 5212 vnlie
898 5176 1147 5212 nmniltna
1208 5187 1397 5208 mut-mo
1490 5189 1829 5212 nnmmmmm
1874 5189 1936 5212 av
1986 5172 2085 5212 Im-

2178 524 2337 568 cutus
2366 527 2484 567 sum
2515 513 2688 579 vobis,
2722 514 2953 571 tristitia.
2979 516 3221 587 implevit
3247 533 3341 573 eor
3371 527 3644 585 vestrum;
3672 520 3772 575 sed

2179 617 2280 673 ego
2315 604 2598 661 veritatem
2636 605 2760 661 dico
2799 607 2950 663 vobis
2979 625 2994 662 :
3023 607 3259 679 Expedit
3300 617 3359 665 ut
3402 624 3504 681 ego
3552 610 3771 667 vatiam.

2181 693 2240 749 Si
2274 695 2418 751 enim
2454 713 2562 752 non
2600 697 2806 764 abiero,
2848 698 3160 756 Paracletus
3189 718 3299 756 non
3328 703 3510 758 veniet
3544 704 3614 758 ad
3640 720 3769 768 vos;

2181 786 2225 841 si
2262 797 2445 843 autem
2470 787 2677 856 abiero,
2705 791 2915 846 mittam
2941 806 3066 847 eum
3102 792 3169 846 ad
3207 808 3301 848 vos
3324 792 3509 864 (Joan.
3543 793 3621 863 ι).
3654 815 3675 847 ι
3713 796 3773 850 Si

2182 892 2309 950 ergo
2349 879 2685 938 illuminator
2715 883 2977 939 mentium
3006 882 3245 955 Spiritus
3273 886 3591 955 apostolicis
3626 885 3774 943 illabi

2183 972 2493 1041 pectoribus
2522 973 2679 1044 plena
2707 974 2992 1033 diﬂusione
3018 992 3126 1033 non
3157 987 3392 1047 poterat,
3424 980 3528 1035 nisi
3561 978 3775 1036 Veritas

2182 1062 2319 1133 ipsa,
2350 1077 2469 1132 quae
2498 1063 2580 1121 eis
2619 1060 2768 1121 illum
2812 1067 3078 1125 missurus
3118 1080 3260 1136 erat,
3304 1072 3644 1142 corporalem
3690 1074 3775 1130 sui

2182 1154 2526 1224 praesentiam
2551 1156 2621 1211 ab
2647 1170 2836 1212 eorum
2863 1157 3222 1217 subtraxisset
3246 1161 3553 1229 obtutibus,
3572 1174 3778 1234 quanto

2183 1244 2357 1316 magis
2393 1259 2615 1302 necesse
2654 1255 2738 1303 est
2784 1257 2842 1303 ut
2887 1265 3055 1320 purus
3097 1252 3265 1307 homo
3289 1252 3358 1307 ab
3386 1252 3671 1308 hominum
3718 1269 3781 1310 se

2185 1334 2485 1406 frequentia
2521 1338 2825 1406 subtrahat,
2865 1350 3132 1411 quatenus
3158 1343 3377 1413 superni
3407 1344 3655 1401 nmneris
3683 1359 3777 1401 ca—

2185 1434 2289 1502 pa'x
2319 1432 2453 1489 fiat?
2488 1432 2687 1503 Sicque
2715 1449 2872 1491 mens
2902 1436 3136 1493 humana
3164 1437 3290 1492 dum
3317 1446 3487 1494 vacat
3518 1438 3588 1493 ab
3616 1454 3775 1509 ape.

2186 1524 2359 1579 ctihus
2391 1524 2703 1591 hominum,
2737 1527 2917 1582 sancti
2963 1527 3199 1599 Spiritus
3239 1537 3517 1586 mereatur
3562 1530 3778 1600 ingres'

2185 1631 2324 1672 sum.
2373 1617 2577 1673 Eorum
2623 1633 2775 1691 ergo,
2819 1622 2912 1692 qui
2959 1631 3137 1680 tecum
3167 1618 3653 1694 conversabantur,
3685 1628 3781 1682 ab.

2186 1708 2438 1775 sentiam,
2464 1709 2573 1765 noli
2593 1711 2853 1782 deputare
2867 1711 3162 1784 jacturam,
3186 1714 3299 1771 imo
3318 1716 3514 1772 salutis
3534 1719 3777 1782 occasio,

2109 1791 2151 1848 Β
2180 1799 2529 1870 perfectionis
2554 1802 2762 1859 lucrum
2793 1814 2847 1860 et
2874 1809 3166 1878 propensio
3194 1810 3363 1864 nostri
3393 1794 3577 1866 meriti
3605 1811 3776 1881 depu-

2187 1899 2327 1945 tetur
2344 1901 2740 1962 argumentum,
2764 1895 2913 1964 quia,
2933 1896 3060 1952 dum
3077 1897 3337 1967 strepitus
3355 1899 3577 1953 humani
3596 1909 3783 1955 cessat

2183 1980 2436 2051 alloquii,
2483 1984 2817 2039 construitur
2860 1986 2914 2040 iu
2960 1995 3015 2043 te
3056 2003 3152 2058 per
3191 1988 3464 2044 silentium
3513 1990 3774 2058 templum

2184 2069 2416 2139 Spiritus
2458 2072 2656 2129 sancti.
2688 2072 2828 2130 Hinc
2854 2084 2969 2142 est,
3000 2077 3241 2146 qnodde
3267 2076 3551 2132 lsraelitiei
3592 2080 3774 2149 templi

2182 2162 2585 2219 constructione
2627 2178 2782 2220 sacra
2824 2174 3052 2221 testatur
3079 2166 3326 2233 historia,
3374 2168 3503 2239 quia
3550 2169 3783 2227 malleus

2182 2263 2232 2309 et
2277 2258 2504 2315 securis.
2532 2264 2587 2310 et
2613 2271 2776 2313 omne
2801 2255 3188 2315 ferramentum
3217 2275 3324 2316 non
3347 2270 3478 2315 sunt
3502 2261 3691 2314 audita
3722 2261 3773 2316 in

2183 2347 2342 2402 domo
2364 2347 2575 2403 Domini
2601 2363 2725 2404 cum
2747 2348 2952 2405 aedifica
2962 2358 3108 2405 retur
3131 2349 3181 2421 (ul
3205 2348 3331 2420 Reg.
3357 2350 3457 2420 vt).
3489 2350 3777 2421 Templum

2182 2438 2380 2508 quippe
2426 2438 2520 2493 Dei
2564 2454 2662 2508 per
2704 2439 2978 2495 silentium
3017 2441 3235 2519 crescit,
3281 2440 3409 2511 quia
3452 2457 3581 2495 cum
3624 2457 3775 2497 utens

2185 2529 2419 2584 humana
2449 2544 2545 2599 per
2587 2532 2858 2587 exteriora
2905 2546 2966 2586 se
3005 2518 3172 2587 verba
3215 2546 3319 2586 non
3351 2531 3550 2597 fundit,
3585 2531 3640 2585 iu
3688 2518 3777 2587 suo

2183 2618 2349 2674 blime
2376 2619 2651 2691 fastigium
2683 2621 2979 2691 spiritualis
3004 2622 3217 2678 aedificii
3242 2630 3518 2678 structura
3546 2640 3776 2679 consur-

2183 2710 2298 2779 git,
2348 2718 2608 2780 tantoque
2656 2712 3045 2779 subcrescens,
3100 2712 3153 2767 in
3204 2712 3395 2767 altiora
3447 2713 3787 2779 sustollitur,

2152 2876 2155 2883 Ι
2184 2810 2388 2869 quanto
2426 2815 2522 2871 per
2550 2800 2748 2856 silentii
2787 2802 3085 2858 custodiant
3113 2802 3468 2858 circumclusa
3486 2843 3503 2866 ,
3533 2818 3658 2857 sese
3685 2819 3777 2857 ex-

2186 2897 2454 2951 trinsecus
2482 2893 2706 2951 ftmdere
2749 2897 3086 2965 prohibetur.
3122 2896 3319 2952 Custos
3363 2892 3512 2951 enim
3550 2896 3777 2965 justitite

2184 2988 2478 3043 silentium.
2523 2987 2592 3042 Et
2632 3001 2729 3055 per
2769 2986 3060 3043 Jeretuiam
3103 2988 3343 3044 dicitur:
3380 2986 3408 3039 ι’
3434 2987 3650 3042 Bonum
3693 2997 3785 3042 est

2186 3077 2485 3148 praestolari
2519 3094 2643 3132 cum
2682 3079 2898 3134 silentio
2927 3079 3163 3134 salutare
3190 3079 3420 3134 Domini.
3452 3078 3667 3134 Bonum
3696 3089 3776 3134 est

2186 3171 2300 3225 viro
2324 3187 2453 3226 cum
2484 3172 2781 3241 portaverit
2813 3170 3001 3243 jugum
3029 3171 3097 3227 ab
3125 3172 3488 3228 adolescentia
3514 3187 3618 3227 sua
3647 3189 3662 3225 :
3694 3187 3775 3227 se-

2185 3261 2332 3316 debit
2359 3262 2655 3326 solitarius,
2684 3271 2741 3316 et
2770 3262 2988 3326 tacebit,
3020 3263 3146 3331 quia
3189 3263 3389 3319 levabit
3417 3278 3477 3317 se
3523 3278 3694 3333 super
3719 3280 3778 3318 se

2185 3349 2401 3420 (Thren.
2436 3353 2540 3423 tu).
2579 3372 2597 3403 ι
2633 3351 2921 3408 Solitaritts
2947 3352 3124 3422 plane,
3154 3352 3280 3406 dum
3312 3361 3476 3416 tacet,
3509 3369 3573 3407 se
3604 3352 3774 3407 elevat

2184 3456 2346 3511 super
2380 3457 2472 3507 se,
2516 3442 2641 3512 quia
2692 3458 2846 3498 meus
2889 3443 3158 3507 humana,
3203 3443 3330 3498 dum
3386 3443 3527 3496 intra
3578 3442 3772 3497 silentii
3859 3432 3868 3441 ’

2184 3532 2419 3587 claustra
2456 3533 2690 3601 undique
2714 3532 3177 3596 circumcluditur,
3216 3533 3268 3586 in
3299 3532 3583 3602 superiora
3610 3531 3775 3586 subli-

2185 3623 2288 3678 mis
2314 3626 2563 3695 erigitur,
2596 3626 2665 3680 ad
2692 3625 2860 3681 Deum
2887 3641 2985 3697 per
3009 3625 3229 3681 cteleste
3255 3625 3593 3680 desiderium
3635 3624 3777 3696 rapis

2185 3728 2290 3781 tur,
2320 3725 2375 3770 et
2404 3716 2456 3770 in
2498 3731 2691 3771 amore
2710 3717 2827 3787 cjus
2862 3733 2960 3785 per
2987 3718 3237 3773 ardorem
3283 3717 3523 3786 Spiritus
3565 3717 3773 3772 inﬂam:

2185 3818 2382 3873 matur,
2412 3816 2464 3864 et
2506 3818 2759 3878 tanquam
2802 3807 2923 3864 fons
2968 3809 3145 3875 vivus,
3192 3810 3318 3865 dum
3362 3825 3460 3879 per
3489 3810 3772 3864 verborum

2182 3898 2414 3954 circulos
2462 3898 2626 3954 ﬂuere
2672 3900 2801 3956 hinc
2846 3901 2969 3956 inde
3016 3916 3121 3955 non
3150 3900 3368 3963 sinitur,
3401 3900 3565 3955 undis
3590 3916 3774 3954 excit--

2184 3988 2458 4044 scentibus
2500 3988 2553 4043 in
2585 3988 2777 4043 altiora
2822 3989 3147 4044 cumulatur.
3193 3988 3478 4058 Templum
3522 4004 3659 4057 ergo
3702 3988 3771 4043 tui

2183 4079 2423 4150 pectoris
2450 4095 2593 4135 nunc
2621 4094 2718 4149 per
2744 4079 3017 4135 silentium
3047 4088 3280 4145 crescat,
3308 4081 3573 4134 virtutum
3618 4080 3769 4149 spiri-

2186 4170 2407 4225 tualium
2439 4180 2692 4241 tanquam
2719 4170 3026 4227 cmicstium
3053 4170 3291 4241 lapidum
3333 4170 3388 4225 in
3420 4179 3472 4226 te
3501 4178 3769 4224 structura

2183 4272 2492 4333 consurgat,
2546 4263 2636 4317 ubi
2687 4278 2954 4334 supernus
3000 4262 3091 4318 ille
3136 4277 3387 4333 sponsus,
3432 4277 3600 4331 quem
3652 4261 3771 4315 totis

2184 4352 2481 4421 visceribus
2503 4352 2701 4423 diligis,
2733 4353 2875 4407 velut
2901 4353 2954 4408 in
2989 4354 3235 4409 thalamo
3255 4368 3353 4408 suo
3383 4352 3771 4407 delectabiliter

2188 4444 2510 4512 requiescat.
2566 4445 2833 4499 Memento
2884 4445 3065 4514 itaque
3109 4446 3250 4514 quod
3296 4443 3593 4514 Apustnlus
3639 4444 3714 4498 ait
3752 4460 3766 4493 :

2190 4551 2208 4584 ι
2240 4533 2373 4599 Quia
2405 4532 2811 4589 fundamentum
2837 4533 2981 4588 aliud
3010 4550 3169 4590 nemo
3199 4544 3374 4603 potest
3408 4550 3613 4603 ponere
3641 4549 3777 4604 prte-

2189 4632 2270 4679 ter
2300 4623 2352 4677 id
2381 4625 2527 4694 quod
2554 4626 2788 4695 positum
2816 4635 2917 4690 est,
2949 4625 3198 4681 Christus
3221 4625 3397 4682 Jcsus.
3437 4627 3495 4681 Si
3527 4627 3652 4696 quis
3680 4642 3769 4694 po-

2182 4717 2353 4772 suerit
2398 4733 2559 4787 super
2604 4720 2706 4774 ltoc
2746 4718 3162 4773 fundamentum
3208 4734 3422 4785 aurum,
3463 4728 3767 4788 argentum.

2187 4808 2389 4879 lapides
2427 4810 2715 4878 pretiosos,
2755 4809 2917 4879 ligna,
2952 4808 3153 4867 fenum.
3201 4809 3452 4879 stipulas,
3489 4809 3652 4878 quale
3680 4824 3768 4861 cu-

2178 4899 2375 4969 jusque
2417 4898 2584 4954 fuerit
2624 4896 2824 4971 [Opus],
2873 4899 3012 4970 ignis
3056 4899 3305 4968 probabit
3349 4897 3396 4966 (l
3432 4896 3557 4951 Cor.
3599 4896 3701 4967 tu).
3741 4914 3760 4946 ι

2180 4991 2318 5056 Quid
2339 4991 2482 5046 enim
2505 5002 2600 5060 per
2628 5006 2842 5056 aurum,
2864 5002 3147 5061 argentum
3171 5000 3227 5045 et
3250 4989 3456 5059 lapides
3480 4989 3761 5058 pretiosos,

2181 5081 2285 5136 nisi
2336 5083 2499 5136 robur
2540 5090 2598 5137 el.
2641 5090 2959 5137 ornamenta
2987 5080 3280 5135 virtutum?
3323 5079 3464 5146 Quid
3497 5093 3627 5134 vero
3671 5092 3765 5146 per

2182 5173 2323 5212 “mm
2380 5172 2558 5212 fnmun
2601 5182 2651 5212 at
2699 5174 2924 5212 aliIn-Inc
2975 5173 3076 5212 nisi
3123 5169 3387 5212 frnaililstc
3423 5172 3666 5212 innititur
3694 5169 3765 5212 vi-
