3950 5344
208 257 337 313 445
1411 282 1607 337 ΗΒΕἶῖ
1646 285 2008 353 SEPTIMUS,
2053 289 2266 348 EI’IST.
2316 295 2441 350 γιιι.

202 381 372 424 certe
415 387 514 440 per
555 379 800 430 eum.’.em
842 379 1153 450 Apostolqu
1182 387 1377 443 dicitur
1410 409 1423 444 :
1462 410 1479 444 ι
1520 394 1808 450 Sumentes
1838 401 1883 461 Α
2362 408 2519 478 251
2564 410 2746 467 EPIS’I
2763 412 2895 469 OLA
2941 417 3046 472 VII.

3392 307 3504 367 446

203 474 436 518 scutum
472 470 622 533 lidei,
676 471 724 523 ιη
754 487 860 540 quo
901 477 1120 543 possitis
1149 481 1327 535 omnia
1361 483 1463 536 tela
1493 487 1807 554 nequissimi

202 557 376 623 ignea
424 562 772 630 exstinguere
815 563 1030 635 (Ep/tes.
1071 571 1166 639 Vl).
1204 592 1222 624 ι
1275 572 1412 643 Ignis
1453 591 1605 646 ergo,
1651 593 1810 646 quem

200 647 596 704 clandestinus
637 653 808 708 hostis
839 656 1102 722 inmittit,
1149 661 1385 716 inveniat
1418 665 1468 717 in
1499 674 1550 719 te
1575 668 1810 733 pretiosa

202 736 440 789 metaila
470 737 748 794 virtutum.
783 758 888 797 non
916 746 1144 816 stipulas
1172 761 1227 804 et
1273 752 1488 808 l'ontiles
1532 755 1807 823 vitiorum,

201 835 268 875 ut
316 826 631 886 furentibus
674 832 927 899 ﬂammis,
956 854 1094 907 quas
1139 842 1365 898 callidus
1410 845 1692 902 insidiator
1717 868 1811 905 ex-

200 914 416 981 sema,
444 934 551 972 non
579 924 806 978 materia
834 929 1010 995 putris
1031 946 1094 985 ac
1117 930 1325 1002 fragilis
1346 938 1614 992 enerviter
1632 942 1806 1007 cedat,

199 1008 302 1058 sed
352 1008 784 1078 impenetrabilis
817 1033 881 1072 ae
928 1021 1164 1076 robusta:
1203 1027 1490 1083 soliditatis
1532 1031 1683 1102 vigor
1714 1035 1809 1089 ob-

198 1103 396 1164 sistat,
432 1115 491 1158 ut
530 1107 623 1161 illa
664 1111 835 1166 virtus
862 1114 1143 1181 Altissimi,
1187 1136 1308 1189 qua:
1351 1123 1629 1194 virginalis
1670 1129 1807 1183 uteri

199 1195 513 1269 visceribus
537 1200 876 1258 obumbravit
901 1204 1050 1276 (Luc.
1079 1213 1142 1278 ι),
1167 1223 1402 1268 mentem
1426 1232 1639 1287 quoque
1661 1229 1805 1274 tuam

197 1285 257 1339 iu
311 1300 578 1355 perpetuo
632 1297 907 1351 vernantis
953 1300 1225 1368 pudicitiae
1274 1305 1452 1361 virore
1504 1285 1804 1376 custodiat,

195 1391 465 1449 eamque,
490 1386 634 1451 quod
676 1386 834 1450 absit,
866 1404 896 1442 a
926 1392 1076 1446 duris
1102 1396 1396 1463 spiritualis
1427 1402 1681 1470 nequitiae
1717 1419 1804 1457 va-

198 1473 434 1540 poribus
462 1474 528 1546 [Γ.
564 1477 900 1548 obumbrari,
928 1484 1004 1537 rel
1029 1485 1230 1557 aliquid
1257 1490 1426 1545 simile
1451 1494 1801 1569 desideratur]

198 1577 314 1615 non
349 1566 652 1633 permittat.

273 1654 574 1712 Co..solare
615 1658 799 1726 igitur,
843 1667 1168 1722 venerabilis
1207 1669 1444 1736 domina,
1485 1682 1540 1729 et
1573 1691 1601 1726 a
1642 1676 1803 1730 corde

204 1751 300 1794 tuo
341 1759 507 1799 omne
550 1749 766 1804 tzedium
809 1754 955 1807 noxii
1005 1759 1256 1812 mmroris
1287 1763 1512 1830 expelle.
1554 1764 1802 1820 Christus
1837 1760 1876 1818 Β

197 1829 273 1882 sit
301 1832 686 1889 confabulatur
713 1847 852 1904 tuus,
887 1841 1136 1899 Christus
1166 1846 1258 1901 tibi
1291 1829 1692 1907 contubernalis
1729 1855 1800 1908 sit

197 1929 256 1972 et
283 1922 546 1988 conviva;
580 1927 689 1980 imo
715 1928 964 1987 Christus
1000 1935 1114 2003 ipse
1154 1945 1260 1991 tua:
1297 1941 1404 1992 sint
1431 1941 1654 2006 delicim,
1688 1944 1800 2014 ipse

198 2014 534 2081 quotidianae
575 2019 883 2078 rel'ectionis
920 2028 1158 2095 epulum,
1201 2030 1314 2098 ipse
1353 2031 1449 2086 tibi
1487 2035 1560 2088 sit
1597 2035 1798 2092 intima:

196 2103 510 2161 dulcedinis
538 2109 873 2168 alimentum.
904 2116 1038 2171 Cum
1084 2119 1175 2174 illo
1202 2121 1359 2174 simul
1389 2123 1526 2193 lege,
1553 2142 1673 2180 cum
1708 2129 1796 2184 illo

193 2197 396 2267 iugiter
425 2203 617 2270 psalle,
645 2221 767 2260 cum
798 2208 887 2263 illo
913 2212 1143 2280 denique
1176 2225 1229 2271 te
1260 2216 1311 2271 in
1337 2220 1642 2288 pmimento
1669 2240 1795 2278 ora-

201 2298 320 2341 tura
347 2302 656 2359 prosterne,
686 2311 807 2351 cum
834 2298 924 2352 illo
957 2310 1006 2355 te
1029 2304 1207 2370 erige;
1241 2321 1364 2360 cmn
1393 2307 1487 2361 illo
1515 2319 1568 2364 te
1590 2312 1792 2368 dormi-

201 2389 378 2436 Inram
411 2385 644 2442 lectulus
684 2391 908 2458 capiat,
938 2409 1058 2447 cum
1091 2397 1280 2450 eodem
1322 2415 1486 2468 sopor
1533 2403 1790 2459 inveniat.

199 2470 332 2539 Ejus
361 2484 414 2528 te
439 2477 668 2543 pudicus
697 2489 857 2548 atque
892 2483 1161 2549 virgineus
1198 2488 1478 2556 amplexus
1504 2495 1789 2563 astringat,

197 2571 252 2616 ut
279 2564 332 2616 in
367 2575 420 2620 te
449 2583 666 2636 quoque
693 2572 962 2627 veraciter
987 2575 1274 2643 impleatur
1302 2582 1446 2648 quod
1475 2597 1573 2650 per
1602 2584 1789 2640 Isaiam

197 2651 397 2705 dicitur
425 2672 437 2705 :
474 2674 491 2705 ι
529 2655 796 2712 Gaudebit
823 2674 1052 2728 sponsus
1077 2678 1239 2732 super
1262 2681 1547 2735 sponsam,
1573 2681 1627 2724 et
1657 2688 1788 2742 gau-

197 2743 344 2797 debit
370 2761 534 2815 super
561 2757 612 2802 te
643 2750 784 2804 Deus
814 2759 936 2806 tuus
964 2752 1098 2822 (ha.
1152 2758 1321 2825 Lxu);
1359 2779 1376 2810 ι
1411 2769 1466 2814 et
1495 2770 1550 2814 tu
1579 2764 1787 2831 specia-

197 2832 264 2886 lis
286 2835 464 2891 dicere
491 2839 694 2906 valeas,
721 2844 864 2912 quod
891 2846 1156 2914 generalis
1185 2865 1380 2918 sponsa
1409 2852 1540 2907 dicit
1569 2853 1622 2907 in
1649 2853 1788 2909 Call-

199 2927 320 2981 ticis
348 2946 361 2981 :
401 2948 418 2980 ι
455 2929 692 2987 Dilectus
725 2950 876 2990 meus
906 2937 1048 2993 inter
1078 2940 1243 2995 ubera
1273 2957 1393 2997 mea
1427 2947 1788 3001 commorabi-

201 3027 285 3071 tur
306 3018 484 3088 (Caut.
511 3024 577 3092 ι).
596 3024 848 3080 »ϐοιιεῐιιι
871 3029 1013 3082 enim
1039 3033 1180 3099 quod
1205 3032 1347 3086 inter
1367 3034 1532 3088 ubera
1556 3038 1786 3105 pectoris

2532 519 2599 556 AD
2638 520 2872 560 E.\”DEM.

1915 583 2310 665 :\Bt;_UtlEN'_t_l’_M.
2338 617 2405 665 -τ
2433 590 2711 661 Signilirat
2737 608 2952 665 quanta:
2992 599 3100 653 sibi
3133 602 3391 660 molestia:
3425 609 3498 664 sit

1986 657 2054 744 ab
2078 669 2148 744 ea.
2168 659 2425 744 d_i;jungil,
2457 657 2521 744 et
2541 679 2688 732 spem
2732 657 3012 744 propinqui
3049 657 3495 744 reditus

1987 735 2089 779 tur.
2132 726 2364 813 Interith
2389 726 2653 813 bet-tatur,
2696 726 2748 813 u_i
2789 726 3208 813 tit-agnitudinem
3233 726 3496 813 φῆἧιῖυ.

1985 811 2134 859 rtun,
2176 801 2674 885 qiuart'ltiigentibus
2712 801 2900 885 Deum:
2924 809 2977 863 in
3016 811 3152 885 ctylo
3195 801 3491 885 pra-parata

1982 877 2136 948 sunt,
2169 871 2540 948 considerans,
2572 875 2636 926 ad
2671 879 2975 947 excitu-lum
3016 871 3248 948 Christi,
3283 871 3495 941 labores

1982 945 2032 1024 et
2082 938 2550 1024 incommoditates
2599 955 2651 998 et
2699 938 2888 1024 aspera
2926 965 3161 1024 quaeque
3207 938 3490 1024 tantisper,

1982 1007 2104 1091 dum
2158 1009 2209 1061 in
2264 1021 2416 1065 arcto
2468 1014 2567 1091 hoc
2613 1007 2859 1086 corporis
2907 1007 3177 1078 domicilio
3225 1007 3490 1091 versatur:

1983 1077 2218 1146 perferre
2249 1096 2352 1134 non
2384 1084 2686 1139 erubescat.

1982 1191 2220 1247 Domina:
2249 1211 2360 1250 sua:
2390 1196 2717 1267 impcratrici
2747 1201 2976 1269 Acxzrt,
3001 1203 3220 1262 Ρετιιυι
3240 1218 3493 1277 peccator

1910 1283 2202 1338 monachus
2232 1285 2489 1355 quidquid
2519 1305 2728 1345 servus.

1979 1371 2241 1439 Quoniam
2273 1392 2302 1429 a
2335 1389 2520 1433 sancta
2551 1383 2836 1449 prtesentia
2867 1394 3044 1439 vestra
3074 1398 3310 1444 remotus
3335 1405 3451 1444 sum
3472 1430 3489 1458 ,

1907 1473 1961 1518 et
1985 1465 2086 1521 hoc
2115 1479 2355 1538 tempore
2379 1472 2655 1528 vobiscum
2683 1490 2803 1531 esse
2837 1493 2943 1532 non
2972 1495 3211 1549 possum,
3243 1484 3378 1540 satis
3395 1485 3492 1540 do—

1907 1557 2010 1622 leo,
2041 1568 2096 1613 et
2122 1561 2430 1629 quotidiana
2461 1564 2850 1625 lamentatione
2879 1572 3113 1640 suspiro.
3147 1573 3367 1630 Interim
3410 1586 3496 1632 ta-

1909 1663 2054 1713 men,
2085 1658 2370 1720 antequam
2401 1653 2467 1706 ad
2501 1670 2594 1710 vos
2625 1657 2863 1723 redeam,
2909 1661 3099 1715 hortor
3124 1675 3365 1719 sanctam
3397 1683 3490 1736 pa»

1908 1736 2148 1792 tientiam
2174 1753 2430 1809 vestram,
2459 1752 2513 1797 ut
2542 1761 2644 1802 non
2673 1749 2721 1802 ei
2749 1765 2911 1818 grave
2934 1751 3003 1805 sit
3026 1769 3215 1824 aspera
3237 1756 3490 1824 quaelibet

1905 1848 1970 1886 ac
1999 1835 2132 1888 dura
2165 1835 2427 1905 perferre,
2451 1848 2505 1893 et
2529 1855 2626 1909 pro
2657 1858 2840 1896 amore
2871 1845 3107 1900 cwlestis
3134 1849 3312 1917 sponsi
3340 1850 3490 1904 solliv

1903 1924 2219 1990 citudiuem,
2274 1927 2356 1984 vel
2405 1930 2568 2008 et_iam
2622 1933 2909 1989 necessarii
2958 1947 3202 2005 sumptus
3250 1938 3484 2008 inopiam

1901 2014 2187 2072 sustinere.
2211 2017 2344 2072 Cum
2376 1992 2518 2074 enim
2554 2020 2804 2080 Christus
2831 2040 2926 2094 pro
2954 2034 3006 2079 te
3043 2027 3325 2095 pertulerit
3360 2045 3486 2084 cru-

1901 2123 2040 2172 cem,
2071 2109 2198 2178 quid
2241 2112 2436 2166 mirmn
2469 2115 2512 2168 si
2565 2125 2619 2170 lu
2665 2121 2935 2175 sustineas
2975 2137 3074 2191 pro
3117 2124 3258 2180 illius
3297 2140 3484 2181 amere

1899 2199 2248 2268 pauperiem?
2292 2201 2348 2256 Si
2391 2205 2516 2270 ille,
2565 2208 2650 2262 cui
2699 2208 2934 2265 Virtutes
2981 2222 3034 2266 ct
3079 2213 3483 2272 Dominationes

1900 2290 2298 2348 t'anmlabantur
2326 2295 2377 2348 in
2403 2297 2559 2361 coelo,
2589 2310 2765 2369 sputa,
2802 2301 3024 2371 ﬂagella,
3051 2306 3361 2373 opprobria,
3390 2322 3482 2362 co-

1898 2378 2104 2450 laphos,
2129 2392 2183 2438 et
2203 2385 2388 2454 alapas
2408 2388 2712 2456 patiebatur
2734 2393 2786 2446 in
2814 2395 3041 2458 mundo;
3073 2397 3197 2463 quid
3227 2413 3480 2467 maguum

1849 2480 1851 2483 '
1897 2472 1939 2524 si
1968 2481 2042 2536 tu,
2071 2490 2189 2543 qua:
2218 2487 2357 2530 terra
2386 2494 2465 2544 es,
2490 2479 2780 2549 imperialis
2801 2483 2987 2554 gloria:
3013 2502 3202 2542 vanam
3228 2489 3482 2558 projicias

1898 2579 2168 2636 pompam,
2195 2577 2246 2620 et
2293 2585 2397 2623 non
2444 2572 2625 2625 mundi
2675 2573 2938 2643 reginam,
2978 2577 3094 2639 sed.
3134 2579 3276 2646 quod
3320 2580 3480 2649 longe

1895 2653 2178 2722 gloriosius
2223 2666 2341 2720 est,
2388 2666 2438 2712 te
2485 2660 2727 2727 praebeas
2767 2664 2951 2717 aiterni
3006 2665 3149 2733 regis
3189 2666 3480 2720 ancillam?

1895 2743 2205 2801 Recordare
2245 2749 2387 2816 quod
2423 2749 2554 2803 dicit
2596 2752 2882 2821 Apostolus
2913 2772 2924 2806 :
2962 2773 2980 2804 ι
3017 2755 3286 2812 Exeamus
3317 2758 3480 2827 igitur

1893 2835 1958 2888 a.l
2001 2849 2120 2887 emn
2162 2845 2314 2890 extra
2343 2848 2542 2904 castra,
2586 2840 2969 2911 improperium
3013 2845 3130 2914 ejus
3169 2855 3473 2914 portantes;

1895 2942 1998 2978 non
2030 2925 2170 2979 enim
2201 2927 2464 2983 habemus
2490 2930 2577 2985 hic
2604 2941 2910 2987 manentem
2940 2935 3234 3000 civitatem,
3264 2937 3358 2992 sed
3394 2937 3477 2991 l‘n-

1895 3024 2068 3068 turam
2085 3015 2738 3088 inquirimus(llebr.vut,
2755 3023 2864 3092 15).
2889 3044 2906 3075 ι
2938 3023 3352 3080 Felixnimirunt
3371 3027 3476 3083 tale

197 3122 291 3161 cor
334 3110 570 3168 hominis
607 3114 768 3169 situm
813 3126 917 3170 est.
967 3119 1203 3176 Dilectus
1232 3138 1360 3191 ergo
1391 3123 1532 3178 inter
1574 3141 1784 3196 sponsa:
1815 3133 1857 3194 C
1890 3107 2300 3173 commemium’
2331 3109 2418 3164 “bi
2462 3110 2619 3164 dam“
2662 3111 2855 3180 ¹¹¹¹’¹¹¹¹¹’
2892 3115 3094 3170 mum"
3123 3132 3346 3183 aurum;
3376 3133 3474 3188 pro

198 3198 356 3253 ubera
379 3214 770 3268 commoratur,
792 3223 914 3261 cum
938 3224 967 3263 a
992 3210 1131 3265 fideli
1155 3213 1395 3281 qualibet
1425 3217 1604 3271 anima
1632 3219 1786 3273 Chri-

195 3299 310 3343 stus
355 3301 468 3346 toto
513 3294 677 3349 corde
725 3297 988 3368 diligitur.
1042 3299 1177 3357 lluic
1223 3320 1353 3374 ergo
1400 3320 1598 3374 sponso
1641 3310 1786 3364 dicat

193 3384 370 3438 anima
397 3397 583 3441 sancta
617 3397 702 3441 tua
732 3408 746 3443 :
777 3409 798 3445 ε
836 3391 977 3448 Ecce
1009 3403 1062 3446 tu
1097 3395 1320 3463 pulcher
1349 3412 1428 3461 es,
1463 3399 1656 3456 dilecte
1686 3403 1782 3468 mi,

193 3485 248 3527 et
293 3477 554 3542 decorus;
587 3479 1018 3538 Iectulusnoster
1067 3485 1290 3542 ﬂoridus
1336 3487 1548 3558 (Ibid.).
1591 3511 1609 3542 ι
1667 3493 1784 3562 Ipse

196 3569 333 3622 enim
382 3573 666 3638 speciosus
717 3574 886 3630 forma
935 3593 1046 3646 pra:
1099 3578 1222 3634 liliis
1272 3581 1550 3636 hominum
1603 3581 1779 3654 (Psal.

199 3661 358 3729 xuv).
395 3681 412 3712 ι
451 3662 518 3716 Ει
545 3665 672 3733 quia
703 3678 922 3737 propter
962 3667 1077 3739 ejus
1113 3687 1353 3726 amorem
1399 3675 1606 3744 regales
1636 3677 1780 3730 infu-

198 3748 271 3802 las
296 3754 686 3821 contempsisti,
714 3755 993 3825 imperiale
1020 3758 1294 3829 fastigium
1323 3762 1642 3832 despexisti,
1669 3767 1780 3836 ipse

199 3854 409 3904 corona,
458 3843 574 3912 ipse
605 3845 696 3899 tibi
735 3847 802 3902 sit
833 3864 1091 3919 purpura,
1124 3851 1238 3920 ipse
1268 3853 1431 3908 totius
1469 3854 1655 3924 gloria:
1686 3857 1776 3911 tibi

199 3943 453 4000 pnrparet
498 3935 655 3989 beata
698 3951 1048 4006 ornamenta;
1101 3953 1157 3998 ut
1203 3947 1394 4001 merito
1426 3949 1624 4004 debeas
1655 3966 1776 4004 cum

199 4018 451 4089 Propheta
485 4035 706 4080 cantare
735 4043 750 4080 :
787 4048 804 4080 ι
841 4030 1015 4086 Induit
1041 4050 1126 4087 me
1154 4036 1412 4092 Dominus
1456 4041 1778 4096 vestimento

201 4111 396 4178 Salutis,
432 4126 485 4171 et
521 4117 833 4175 indumento
864 4121 1061 4178 lmtitize
1103 4125 1455 4183 circumdedit
1487 4146 1590 4194 me,
1621 4134 1775 4202 quasi

199 4220 416 4274 sponsus
460 4209 749 4266 decoratus
792 4229 1014 4280 corona,
1049 4227 1102 4271 et
1149 4220 1303 4287 quasi
1349 4238 1542 4290 sponsa
1584 4235 1775 4279 ornata

201 4296 472 4351 monilibus
511 4299 627 4354 suis
659 4295 794 4370 (lita.
827 4305 958 4374 th).
993 4326 1010 4356 ι
1059 4305 1154 4361 llic
1205 4309 1253 4362 in
1289 4317 1339 4364 te
1368 4313 1644 4368 societatis
1677 4315 1776 4368 hu-

199 4401 351 4440 mana:
380 4390 690 4445 consoletur
712 4393 1011 4449 absentiam
1031 4436 1045 4461 ,
1075 4398 1159 4452 hic
1185 4399 1276 4452 tibi
1310 4400 1386 4455 vel
1417 4419 1513 4470 pro
1533 4404 1771 4458 omnium

1889 3197 2125 3253 tenebris
2166 3197 2362 3266 lucem,
2395 3217 2490 3271 pro
2520 3203 2748 3258 terrenis
2774 3205 3068 3260 honoribus
3094 3207 3332 3262 caelestis
3362 3209 3475 3279 glo-

1887 3287 1980 3343 riae
2023 3306 2399 3360 comparamus
2440 3295 2779 3363 dignitatem.
2831 3297 2980 3353 Sicut
3027 3300 3168 3354 enim
3213 3316 3310 3370 per
3349 3317 3474 3370 pro-

1886 3379 2101 3447 phetam
2132 3381 2331 3435 dicitur
2359 3399 2371 3436 :
2410 3404 2428 3435 ι
2466 3383 2654 3441 Omnis
2678 3404 2805 3442 caro
2832 3388 3042 3453 fenum,
3075 3399 3130 3444 et
3158 3391 3334 3445 onmis
3359 3391 3472 3463 glo-

1888 3470 1963 3522 ria
1990 3469 2104 3540 ejus
2149 3479 2400 3542 tanquam
2446 3475 2544 3530 llos
2587 3476 2724 3542 feni;
2773 3480 2880 3533 ruit
2923 3480 3125 3544 fenum,
3159 3491 3211 3535 et
3233 3481 3330 3536 llos
3354 3481 3470 3550 ejus

1884 3560 2112 3626 cecidit;
2143 3563 2235 3631 qui
2263 3574 2442 3619 autem
2469 3577 2649 3621 servat
2681 3569 2900 3622 verbum
2945 3569 3173 3636 Domini,
3208 3581 3388 3626 manet
3414 3574 3469 3627 in

1882 3660 2142 3705 lBlL'l‘lllllll
2175 3651 2309 3723 (Isa.
2340 3657 2448 3724 XL).
2485 3676 2504 3707 ι
2544 3657 2715 3713 Porro
2749 3669 2929 3715 autem
2958 3662 3050 3730 qui
3101 3663 3259 3717 hodie
3293 3664 3468 3718 indui-

1886 3751 1971 3795 tur
2003 3759 2260 3811 purpura,
2304 3761 2428 3800 cras
2477 3747 2767 3804 includitur
2811 3752 3108 3820 sepultura.
3151 3752 3316 3808 llodie
3346 3755 3467 3823 quis

1884 3833 2191 3888 hominibus
2217 3835 2545 3905 dominatur,
2575 3856 2696 3895 cras
2723 3851 2902 3897 autem
2934 3859 2964 3896 a
2997 3847 3266 3899 vermibus
3289 3846 3464 3901 IaCltlS

1880 3926 2106 3992 putredo
2146 3927 2468 3980 corroditur.
2502 3927 2668 3984 llodie
2708 3932 2975 4000 regalibus
3021 3932 3203 3988 infulis
3251 3936 3464 3990 redimi-

1883 4022 1987 4079 tur,
2019 4032 2140 4069 cras
2172 4017 2368 4072 vilibus
2409 4019 2712 4088 panniculis
2749 4023 2998 4078 exanime
3026 4025 3254 4080 cadaver
3283 4029 3466 4083 obvol-

1881 4105 2041 4159 vitur.
2069 4106 2234 4162 llodie
2261 4108 2500 4179 splendet
2522 4123 2811 4170 coronatus
2836 4117 2888 4170 in
2916 4118 3108 4188 regalis
3130 4121 3463 4177 excellentia:

1879 4197 2034 4264 solio,
2060 4214 2181 4253 cras
2212 4197 2342 4254 fetet
2374 4204 2645 4258 marcidus
2669 4205 2722 4259 in
2752 4209 3017 4276 sepulcro.
3055 4209 3182 4266 llmc
3221 4212 3384 4282 igitur
3410 4224 3465 4268 et

1880 4289 2206 4358 hujusmodi,
2252 4295 2468 4349 domina
2515 4297 2611 4362 mi,
2661 4299 2932 4356 subtiliter
2975 4317 3164 4372 pensa,
3205 4314 3258 4357 et
3306 4305 3464 4373 hujus

1879 4386 2000 4440 vita:
2030 4386 2242 4442 labores
2271 4405 2392 4443 cum
2424 4388 2552 4445 Jesu
2594 4408 2736 4446 nunc
2777 4395 3152 4462 mquanimiter
3180 4396 3370 4460 tolera,
3405 4411 3464 4453 ut

192 4473 436 4543 iussione,
465 4489 520 4533 et
545 4480 864 4537 allocutione
894 4484 1155 4552 sullieiat;
1191 4490 1276 4544 hic
1306 4491 1450 4544 velut
1484 4493 1643 4558 aller,
1676 4496 1769 4548 sed

1911 4492 1997 4530 um
2041 4477 2176 4546 ipse,
2206 4479 2295 4548 qui
2321 4480 2596 4549 judicatus
2639 4493 2741 4550 est,
2782 4483 3123 4553 judicaturus
3161 4487 3459 4552 advenerit,

197 4565 333 4637 longe
376 4572 744 4638 przestantior,
787 4572 1020 4629 Helcana
1062 4581 1329 4634 veraciter
1368 4582 1509 4637 dicat
1542 4602 1554 4637 :
1594 4603 1611 4634 ι
1651 4584 1768 4640 lNon

189 4657 284 4725 jam
306 4661 486 4725 Anna,
511 4664 607 4718 sed
629 4666 826 4736 Agnes,
851 4685 949 4722 cur
970 4669 1083 4735 lies,
1107 4681 1161 4726 et
1182 4690 1349 4744 qnarc
1375 4693 1478 4731 non
1506 4682 1764 4745 comedis,

195 4758 421 4818 ctquam
471 4751 543 4805 ob
587 4768 697 4808 rem
729 4755 986 4828 allligitur
1016 4778 1108 4816 cor
1139 4766 1325 4818 tuum?
1372 4769 1613 4837 nunquid
1655 4787 1767 4825 non

193 4856 279 4910 ego
299 4841 493 4896 melior
514 4859 632 4898 sum
661 4863 822 4915 quam
857 4850 1041 4906 decem
1070 4853 1200 4908 lilii?
1219 4856 1302 4924 »(1
1325 4857 1450 4928 Reg.
1478 4864 1540 4931 l.)
1559 4862 1765 4931 Elque-

193 4936 319 4984 mam
367 4932 628 5000 Helcana,
662 4937 753 4992 Dei
786 4941 935 4994 zelus
969 4943 1188 5011 dicitur,
1234 4948 1381 5003 zelus
1425 4951 1520 5006 Dei
1551 4954 1766 5010 dilectio

192 5024 556 5094 Redemptoris
582 5030 817 5085 animum
863 5044 1010 5086 tuum
1044 5037 1095 5088 in
1128 5040 1274 5094 omni
1311 5045 1560 5099 mteroris
1586 5055 1638 5099 et
1665 5064 1764 5100 an-

185 5119 362 5189 gcszize
391 5119 556 5175 tmdio
578 5127 906 5191 consoletur,
940 5139 994 5180 ut
1023 5129 1074 5207 in
1099 5147 1221 5188 eum
1253 5145 1304 5188 te
1331 5133 1382 5188 in
1406 5142 1574 5205 omni,
1601 5159 1761 5211 quant
1807 5114 1825 5129 .

1100 5227 1198 5258 enin
1241 5225 1354 5258 Αἶα-ο
1386 5233 1546 5258 ιιι-ει...
1563 5253 1570 5258 .
1586 5236 1755 5258 -..l.-_..

189 5212 400 5258 rami-is-
433 5213 754 5258 :ttlvareitam
793 5219 1044 5258 nmiiniqc

1880 4576 1932 4621 tu
1959 4568 2099 4622 velut
2122 4586 2225 4622 una
2251 4570 2316 4623 de
2344 4572 2680 4640 sapientibus
2705 4574 3000 4642 virginibus
3023 4575 3230 4629 niuatis
3259 4575 3461 4648 lampa-

1876 4663 2032 4717 dibus
2078 4661 2293 4731 (Matth.
2341 4666 2490 4732 xxv),
2540 4665 2588 4718 ei
2635 4666 2888 4720 decenter
2928 4683 3206 4732 occurras,
3257 4679 3310 4723 et
3362 4685 3462 4739 pro

1877 4753 2157 4822 temporali
2189 4768 2424 4822 purpura
2449 4754 2642 4808 stolam
2672 4756 3093 4814 immortalitatis
3117 4759 3370 4828 accipias,
3397 4776 3462 4814 ac

1874 4859 1972 4913 pro
1997 4859 2215 4908 corona,
2244 4858 2363 4910 qua:
2393 4845 2458 4898 de
2487 4853 2702 4902 terreno
2734 4845 2907 4900 fuerat
2933 4847 3194 4905 fabricata
3223 4852 3458 4915 metallo,

1872 4934 2002 4990 illud
2029 4935 2274 4991 diadema
2318 4934 2604 5005 suscipias,
2633 4936 2772 5008 quod
2816 4936 2867 4990 in
2895 4939 3032 4998 etnlo
3063 4941 3258 4996 factum
3287 4951 3370 4995 est
3397 4939 3464 4994 de

1873 5028 2049 5099 iapide
2077 5029 2335 5101 pretioso.

2314 5137 2482 5212 252
2524 5141 2854 5204 EPISTOLA
2897 5145 3032 5206 γιιι.
