3950 5344
137 318 259 380 849

1303 323 1504 382 LIBER
1546 324 2160 394 SEPTIMUSEPIST.
2203 323 2335 388 Xlli.

3301 331 3406 409 130‘

135 438 296 508 quasi
320 446 536 495 stercus
560 439 835 494 hominum
865 439 1004 494 intra
1021 437 1234 494 latrinae
1257 440 1540 497 cuniculos
1556 441 1722 495 obru~
1751 452 1796 506 Α
1829 455 1976 501 tuum
2005 456 2063 502 ut
2103 451 2409 518 requireres
2438 439 2724 508 [luminum
2755 447 2921 510 Deum
2952 466 3161 526 patrum
3189 466 3407 513 tuorum

136 539 277 590 tum.
317 545 388 583 ne
436 530 660 584 naribus
688 529 966 584 hominum
993 529 1060 584 de
1088 539 1291 586 caatero
1337 531 1526 597 feteat,
1557 533 1724 602 spira.

134 633 263 672 men
296 620 552 675 obstruit.
585 619 719 674 Huic
744 619 927 690 itaque
959 619 1048 674 tali
1077 621 1198 676 viro
1221 631 1456 676 vestram
1483 636 1730 676 comnm-

136 709 352 763 uicasse
403 707 768 779 prudentiam,
819 708 1058 764 fossores
1092 709 1145 766 in
1201 726 1355 781 agro,
1397 720 1728 766 mercatores

134 797 193 850 in
225 796 368 860 foro,
414 797 616 854 milites
665 798 1032 854 vociferantur
1066 799 1117 853 in
1155 800 1388 870 publico.
1422 799 1562 866 Heu,
1589 803 1726 871 proh

135 887 291 941 dolor
320 888 333 940 Ξ
371 887 456 942 vir
487 887 936 952 eminentissime,
967 889 1058 944 ubi
1089 898 1216 944 tunc
1244 899 1402 944 erant
1429 891 1625 945 uberes
1649 887 1724 944 illi

124 976 504 1046 ‘lacrymarum
544 979 664 1043 rivi,
687 994 822 1047 quos
865 979 1006 1033 velut
1032 988 1350 1043 torrentem,
1402 981 1469 1034 de
1502 981 1722 1036 ferven-

137 1069 349 1124 tissima
381 1070 455 1140 pii
484 1071 720 1138 pectoris
743 1080 1106 1124 consueveras
1136 1072 1410 1126 cbaritate
1436 1070 1728 1140 profunde-

135 1175 216 1225 re,
239 1171 318 1223 et,
343 1163 518 1216 sancti
544 1160 778 1232 Spiritus
800 1176 987 1216 amore
1012 1176 1322 1226 succensus,
1349 1178 1454 1216 non
1473 1165 1728 1217 cessabas

133 1254 442 1310 madefacta
487 1254 702 1310 fletibus
715 1269 816 1311 ora
851 1255 1071 1326 rigare?
1099 1254 1339 1311 lluccine
1366 1257 1569 1311 redacti
1599 1267 1727 1311 sunt

134 1345 604 1416 deemosynarum
635 1347 862 1410 fructus,
881 1347 1079 1416 quibus
1095 1347 1281 1416 utique
1296 1363 1393 1417 per
1407 1348 1723 1402 continuum

133 1443 624 1512 quadragesimalis
667 1442 858 1514 jejunii
905 1458 1127 1499 cursum
1168 1441 1417 1497 liberalis
1467 1442 1726 1512 piissimze

131 1515 441 1588 clementia:
487 1544 593 1588 tua:
618 1533 881 1604 largitas,
907 1548 1014 1587 non
1053 1533 1214 1588 modo
1246 1533 1610 1603 indigentium
1641 1547 1724 1587 re-

133 1628 339 1681 creavit
399 1628 656 1698 inopiam,
691 1627 784 1681 sed
825 1627 988 1680 etiam
1025 1627 1093 1680 ad
1127 1629 1295 1680 nostri
1347 1625 1726 1696 Redemptoris

130 1719 440 1788 exeinplm
463 1720 709 1789 et..pedes
740 1717 887 1782 lavit.
918 1726 974 1772 et
995 1717 1176 1772 οεευισ.
1203 1716 1439 1787 deﬁgere
1465 1731 1572 1772 non
1595 1732 1726 1771 eru—

1829 536 1916 608 (ll
1949 538 2136 592 ματ-αι.
2163 541 2301 612 χιι).
2335 565 2354 594 ο
2397 541 2533 598 Hinc
2561 551 2641 598 cst
2670 545 2811 614 quod
2843 547 3049 611 Achab,
3081 550 3206 617 quia
3239 549 3415 605 liene-

1829 627 1934 682 dab
1982 639 2161 700 regem
2211 630 2398 702 Syriae,
2460 648 2621 702 quem
2665 634 2806 690 bello
2853 639 3208 702 contriverat,
3255 641 3410 696 abire

1827 719 2074 788 permisit
2099 720 2345 788 illmsum,
2373 738 2440 776 ex
2464 738 2561 778 ore
2583 727 2857 794 propheta:
2881 728 3265 798 quoddignum
3287 741 3407 785 erat

1827 810 2031 866 audivit
2071 821 2090 866 ':
2136 829 2155 862 ι
2201 812 2338 880 Quia
2380 815 2652 880 dimisisti,
2711 817 2908 887 inquit,
2957 820 3130 873 virum
3185 821 3405 890 dignum

1829 908 2002 954 morte
2028 901 2094 957 de
2119 913 2280 957 manu
2317 911 2429 967 tua,
2455 906 2559 960 erit
2587 907 2765 961 anima
2808 917 2894 960 tua
2931 925 3027 976 pro
3062 910 3240 963 anima
3264 911 3402 980 citis,

1827 999 1883 1042 et
1913 989 2144 1058 populus
2176 999 2299 1046 tuus
2321 1006 2417 1061 pro
2441 992 2642 1062 populo
2657 994 2908 1065 ejusUll
2935 997 3058 1067 Reg.
3081 999 3196 1066 xx).
3222 1017 3241 1050 υ
3269 999 3406 1055 Hinc

1827 1087 1910 1131 est
1935 1079 2078 1148 quod
2105 1079 2236 1133 Sani
2265 1095 2488 1150 regnum
2517 1082 2771 1150 perdidit,
2810 1087 3066 1154 quoniam
3093 1087 3256 1155 impie
3285 1089 3410 1157 pius

1829 1167 1882 1222 in
1911 1166 2064 1238 Agag
2105 1182 2288 1238 regem
2329 1170 2628 1236 Amalech,
2651 1173 2793 1228 sicut
2819 1175 3039 1245 dignum
3068 1176 3266 1242 fuerat,
3300 1196 3401 1232 nor

1826 1257 2121 1313 vindicavit
2149 1258 2200 1328 (Ι
2223 1257 2350 1328 Reg.
2378 1261 2492 1329 xv).
2517 1260 2671 1328 Quod
2696 1263 2740 1316 si
2761 1279 2915 1318 suam
2940 1281 3084 1320 nunc
3108 1266 3161 1320 in
3188 1276 3239 1320 te
3265 1268 3404 1324 Deus

1825 1349 2172 1418 omnipotens
2199 1350 2568 1419 expostularet
2593 1349 2865 1420 iniuriam,
2899 1363 2953 1408 et
2979 1356 3120 1411 hanc
3150 1356 3246 1410 tibi
3279 1373 3400 1427 pro-

1825 1447 2051 1508 poneret
2095 1439 2311 1509 dignam
2361 1439 2716 1496 retributione
2741 1443 3021 1513 querelam
3067 1461 3168 1516 ego
3211 1457 3282 1510 te,
3321 1447 3399 1500 iu-

1825 1531 2036 1598 quiens,
2066 1546 2178 1600 prze
2205 1531 2416 1586 cunctis
2446 1531 2596 1603 regni
2626 1533 2702 1586 tui
2730 1534 3063 1604 principibus
3093 1537 3282 1602 extuli,
3305 1553 3401 1608 egc

1826 1635 1925 1690 per
1971 1630 2206 1676 cunctos
2249 1622 2482 1678 Romani
2537 1622 2672 1679 fines
2712 1624 2922 1696 imperii
2952 1627 3215 1698 insignem
3248 1640 3409 1700 atque

1828 1712 2175 1782 conspicuum
2199 1715 2480 1780 constitui,
2540 1731 2640 1786 ego
2684 1717 2777 1773 tibi
2813 1719 2867 1774 in
2911 1723 3208 1792 peregrinae
3248 1734 3440 1778 terra»

134 1811 249 1864 tum
277 1811 301 1862 ἶ)
335 1811 488 1865 unde
545 1811 838 1866 [immuni
873 1809 1026 1864 vobis
1062 1819 1146 1864 εει
1169 1803 1313 1879 quod
1348 1823 1447 1879 per
1465 1809 1718 1879 Aggagum
1751 1807 1798 1866 Β
1826 1805 2070 1884 partibus
2105 1805 2273 1859 multo
2299 1805 2480 1875 plures
2508 1822 2669 1876 quam
2698 1810 2764 1864 de
2789 1811 3157 1880 paternojure
3185 1828 3410 1869 succcsq

132 1903 198 1956 de
225 1900 318 1956 illo
336 1902 459 1956 viro
484 1902 722 1956 dicitur:
753 1921 774 1953 ι
805 1901 908 1969 Qui
936 1902 1129 1956 habuit
1153 1901 1460 1971 pecuniam,
1498 1908 1554 1985 et
1576 1900 1725 1954 misit

133 2007 252 2046 eam
291 1992 346 2046 in
379 1993 660 2048 sacculum
687 2003 965 2063 pertusum
1014 1992 1167 2064 (A99.
1199 1993 1262 2063 ι).
1306 2012 1324 2044 ι
1355 1992 1412 2046 in
1439 2001 1721 2062 pertusum

131 2081 332 2151 quippe
360 2083 640 2138 sacculum
665 2084 926 2153 quidquid
947 2098 1047 2154 per
1075 2085 1189 2138 oris
1215 2085 1426 2139 aditum
1461 2083 1720 2150 mittitur,

135 2189 230 2242 per
254 2173 578 2242 irruptionis
609 2174 814 2229 exitum
838 2189 1064 2230 necesse
1086 2183 1169 2230 est
1198 2169 1465 2231 elabatur.
1495 2175 1563 2229 Et
1591 2174 1721 2245 quid

133 2265 380 2334 prodest,
420 2267 467 2319 si
506 2265 685 2334 primo
724 2279 818 2334 per
841 2265 1292 2336 constipationem
1323 2266 1566 2336 pecuniae
1596 2281 1722 2320 cru-

136 2368 291 2408 mena
323 2365 620 2425 turgescat,
655 2365 711 2410 et
732 2371 831 2426 per
854 2355 1127 2426 iacturam
1158 2357 1380 2410 incuria:
1406 2354 1722 2411 vacuefacto

134 2461 260 2502 mox
285 2445 517 2503 folleat?
541 2447 606 2501 Et
639 2448 858 2518 quidem
880 2447 1140 2502 adversus
1162 2447 1553 2504 Anticltristum
1576 2447 1720 2502 hunc

135 2540 366 2594 viriliter
392 2540 668 2596 dimicasti
685 2541 908 2611 ejusque
946 2540 1230 2596 conatibus
1256 2539 1531 2611 sacrilegis
1559 2551 1724 2610 atque

133 2632 427 2700 perversis,
473 2647 599 2686 cum
651 2631 1002 2686 serenissima
1030 2642 1195 2700 atque
1220 2630 1522 2686 clarissima
1551 2645 1720 2686 uxore

133 2733 220 2776 tua
280 2723 622 2793 frequentius
683 2724 966 2789 obstitisti,
1009 2740 1152 2778 nunc
1176 2735 1356 2777 autem
1389 2723 1576 2778 nescio
1598 2723 1722 2792 quis

131 2825 335 2870 sancta:
384 2815 661 2886 religionis
694 2823 886 2870 vestra:
933 2812 1396 2870 constantiamab
1419 2814 1726 2869 baciuteiw

133 2908 278 2963 tione
324 2908 682 2978 compescuit.
716 2915 1036 2977 tantumque
1063 2907 1282 2961 virtutis
1327 2922 1391 2961 ac
1414 2905 1720 2961 severitatis

130 3001 375 3056 honesta:
427 3002 662 3070 rigorem
719 2998 975 3070 pestifera
1020 2999 1357 3073 suggerendo
1409 2998 1636 3053 mollivit
1665 3007 1722 3053 et

130 3093 287 3160 quasi
312 3100 552 3162 imptum
576 3109 713 3163 opus
735 3094 970 3148 obruere
992 3093 1281 3162 persuasit.
1318 3092 1470 3147 Unde
1491 3099 1546 3147 et
1568 3091 1722 3146 Salo-

1824 1899 1970 1954 sivas
2011 1898 2230 1954 divitias
2276 1900 2502 1966 contuli,
2533 1902 2847 1974 nullumque
2879 1913 2954 1970 te,
2991 1915 3186 1974 praeter
3210 1908 3428 1978 regalis.

1819 1988 2036 2059 imperii
2085 1989 2470 2060 principatum,
2506 2007 2613 2046 non
2641 1994 2817 2047 dicam
2857 1998 3180 2064 priccedere,
3212 1999 3306 2052 sed
3337 2014 3437 2060 ne,»

1822 2083 1906 2138 vel
1953 2084 2289 2154 aequiparare
2346 2085 2588 2154 permisi.
2629 2087 2786 2154 Quod
2835 2091 2881 2144 si
2909 2090 3024 2145 hinc
3056 2084 3229 2160 pauca
3251 2103 3404 2155 sunt,

1825 2175 1961 2228 adde
1985 2177 2127 2244 quod
2153 2184 2209 2229 et
2232 2177 2374 2230 acuti
2405 2176 2586 2230 cordis
2633 2178 2904 2249 ingenium
2928 2189 2982 2235 et
3004 2181 3306 2237 facundiam
3335 2185 3416 2240 ad-~

1823 2265 2171 2334 loquendum,
2219 2273 2274 2320 et
2305 2268 2448 2320 vires
2471 2268 2537 2321 ad
2577 2267 2886 2325 bellandum
2912 2272 3106 2327 tradidi
3145 2276 3414 2346 aerigida»

1824 2356 2114 2417 multorum
2135 2357 2374 2412 hostium
2406 2360 2634 2428 pedibus
2663 2362 2771 2416 tuis
2800 2363 2937 2418 colla
2969 2365 3258 2420 substravi.
3291 2367 3412 2436 Ego

1824 2443 1918 2499 tibi
1971 2445 2088 2500 haec
2127 2446 2313 2500 omnia
2339 2462 2462 2501 eum
2493 2449 2679 2505 multis
2707 2451 2942 2506 aliarum
2978 2454 3237 2510 virtutum
3261 2456 3403 2510 doti-

1822 2534 1922 2590 bus
1967 2535 2192 2601 contuli,
2246 2545 2303 2592 et
2349 2547 2404 2591 tu
2432 2539 2808 2596 adversarium
2843 2558 3022 2597 meum
3052 2560 3081 2598 a
3127 2561 3211 2600 me
3233 2548 3414 2617 proje-a‘

1821 2635 1992 2690 ct-mn,
2024 2641 2056 2680 a
2079 2628 2341 2683 membris
2366 2630 2504 2685 meis
2531 2646 2756 2701 prorsus
2783 2635 3108 2702 abscissum,
3131 2640 3408 2694 communi

1822 2720 2166 2775 sacerdotum
2191 2732 2434 2776 meorum
2460 2725 2726 2779 sententia
2752 2729 3167 2783 condemnatum
3194 2731 3246 2784 in
3265 2746 3418 2786 com-

1821 2813 2136 2866 munionem
2185 2815 2461 2884 suscipere
2507 2815 2931 2873 decrevisti?Si
2970 2820 3105 2885 haec,
3155 2821 3402 2890 inquam,

1825 2904 1918 2958 tibi
1950 2905 2090 2959 Deus
2124 2920 2224 2975 per
2252 2906 2630 2976 semetipsum,
2687 2909 2772 2963 vir
2801 2909 3050 2980 insignis,
3083 2922 3402 2982 opponeret,

1823 2999 1948 3068 quid
1979 3001 2346 3056 excusationis
2367 3002 2727 3057 obtenderet?
2753 3006 2896 3074 quod
2932 3005 3406 3074 tergiversatiouis

1825 3089 2100 3161 aufugium
2128 3093 2425 3161 prudenliie
2469 3102 2575 3147 tutu
2599 3095 2870 3149 subtilitas
2913 3095 3178 3150 inveniret
3205 3096 3228 3148 τ
3259 3094 3410 3162 Haec,

132 3199 255 3237 mon
280 3184 361 3238 ait
392 3203 406 3239 :
446 3202 466 3236 ‹
495 3184 596 3252 Qui
626 3184 802 3241 mollis
823 3193 878 3240 et
902 3185 1196 3240 dissolutus
1215 3193 1299 3238 est
1323 3185 1376 3239 in
1403 3198 1566 3252 opere
1594 3199 1714 3246 suo,
1745 3179 1788 3240 C
1821 3191 1876 3236 et
1908 3181 1994 3236 his
2023 3183 2243 3248 similia,
2273 3199 2394 3254 quae
2425 3185 2518 3240 tibi
2571 3197 2794 3254 possent
2843 3183 3032 3256 obiici,
3057 3187 3142 3241 vir
3173 3187 3406 3257 insignis

131 3275 408 3332 fraterest
435 3293 534 3343 sua
547 3293 720 3347 opera
745 3277 1056 3348 dissipantis
1081 3276 1266 3349 (Prov.
1295 3278 1474 3351 xvm).
1506 3297 1528 3331 ι
1558 3276 1721 3349 255

131 3367 266 3434 Quia
293 3369 545 3425 videlicet
572 3371 662 3440 qui
679 3380 852 3440 coepta
879 3371 1022 3425 bona
1050 3371 1300 3426 districte
1325 3387 1433 3426 non
1462 3372 1718 3440 exsequi-

132 3469 240 3524 tur,
255 3460 609 3518 dissolutione
623 3463 966 3534 negligentia
993 3480 1213 3520 manum
1243 3466 1575 3523 destruentis
1601 3467 1720 3520 imi~

132 3561 298 3608 tatur.

197 3665 295 3721 Dic
323 3667 479 3733 mihi,
505 3671 586 3722 vir
631 3669 934 3741 magniﬁce,
971 3670 1016 3725 si
1047 3672 1169 3743 quis
1203 3672 1446 3732 honestis
1474 3687 1537 3727 ac
1566 3671 1721 3743 pudi-

132 3756 368 3810 cissimis
406 3757 661 3812 thalamis
711 3760 816 3813 tuis
873 3761 1075 3816 inferre
1117 3761 1395 3816 moliretur
1442 3763 1716 3831 iujuriam,

131 3848 250 3916 quis
280 3852 626 3904 necessarius
663 3860 804 3915 tuus,
845 3853 965 3922 quis
1016 3853 1347 3908 domesticus
1384 3854 1608 3908 auderet
1645 3853 1717 3906 illi

131 3940 498 3995 familiaritate
531 3941 782 4014 conjungi
818 3945 840 3997 ?
869 3945 1000 4012 Quis
1049 3945 1260 3999 illorum
1286 3955 1637 4016 przn‘sumerct
1665 3944 1716 3998 iu

131 4034 389 4088 amicitia:
440 4034 644 4090 l'cedere
696 4037 934 4106 copulari
961 4038 983 4090 ?
1015 4038 1070 4092 Si
1099 4053 1230 4109 ergo
1278 4039 1440 4092 homo
1473 4053 1596 4092 cum
1620 4036 1717 4090 ad-

129 4127 373 4180 versario
393 4126 602 4180 domini
627 4127 709 4181 sui
759 4129 1063 4184 concordia:
1105 4129 1279 4184 fmdus
1316 4129 1455 4184 inire
1484 4143 1590 4183 non
1622 4141 1719 4182 au-

130 4217 238 4277 det,
261 4229 377 4287 quo
409 4227 568 4287 pacto
591 4219 897 4274 sublimitas
924 4228 1012 4275 tua
1046 4221 1121 4275 illi
1176 4223 1586 4284 communicare
1608 4235 1716 4274 non

131 4309 332 4373 timuit,
359 4309 452 4378 qui
478 4325 732 4380 sponsam
760 4301 986 4373 Christi,
1027 4315 1268 4366 Sanctam
1297 4312 1504 4366 scilicet.
1527 4311 1718 4366 Eccle-

130 4400 281 4461 siam,
342 4401 496 4470 quasi
543 4417 642 4470 per
683 4403 902 4456 obsceni
949 4403 1202 4458 lenocinii
1235 4414 1484 4474 stuprum
1513 4404 1732 4460 violare

128 4492 477 4560 praesumpsit
508 4489 654 4546 i'Dei
681 4494 878 4562 quippe
901 4494 1073 4548 hostis
1104 4510 1224 4549 esse
1242 4496 1599 4557 convincitur,
1624 4495 1714 4565 qui

129 4582 240 4651 eius
287 4582 514 4638 inimico
568 4583 621 4636 in
668 4584 906 4639 amicitia
955 4585 1212 4640 sociatur.
1261 4585 1399 4641 Hinc
1439 4596 1543 4649 est,
1571 4589 1714 4657 quod

126 4688 245 4726 cum
302 4672 490 4728 Joram
541 4689 634 4727 rex
674 4674 868 4744 Israel,
905 4676 990 4742 vir
1020 4676 1205 4746 utique
1246 4677 1513 4743 funestus,
1535 4690 1589 4731 et
1614 4678 1719 4732 im-

125 4766 260 4834 pius,
307 4766 547 4821 Eliseum
579 4767 908 4834 consuleret,
961 4769 1185 4825 dicens:
1224 4791 1242 4822 ι
1279 4771 1456 4839 Quare
1487 4788 1716 4845 congre-

125 4857 270 4925 gavit
325 4856 594 4912 Dominus
647 4868 755 4913 tres
800 4875 955 4929 rech
1004 4863 1125 4926 hos,
1176 4872 1236 4917 ut
1282 4864 1518 4925 traderet
1545 4879 1640 4919 eos
1664 4866 1715 4919 in

127 4965 346 5003 manum
371 4949 574 5005 Moab?
605 4971 623 5002 ι
653 4950 954 5021 Ilespoudit
977 4952 1181 5006 uiscus
1208 4971 1220 5006 :
1252 4973 1269 5003 ε
1302 4955 1444 5009 Vivit
1463 4954 1726 5011 Dominus-

126 5040 490 5104 exercituuui,
545 5041 598 5094 iu
654 5041 806 5109 cujus
850 5051 1143 5114 conspectu
1195 5055 1300 5108 sto,
1359 5045 1577 5114 quodsi
1609 5061 1715 5102 nou

128 5130 330 5184 vultum
372 5129 635 5200 Josapbat
681 5131 842 5204 Regis
870 5132 1026 5187 ludas
1063 5110 1473 5200 ~erubescerem,
1507 5152 1608 5192 nec
1636 5139 1719 5194 at-

130 5226 418 5280 tcndissem
445 5226 667 5282 auidem
697 5236 768 5282 ιο.
802 5242 902 5281 nec
934 5227 1290 5282 resoexissem
1313 5227 1369 5282 ll
1387 5227 1558 5282 Vtica.
1577 5230 1712 5282 ml.»

1824 3281 1985 3345 atque
2025 3273 2296 3337 sublimis,
2340 3277 2604 3340 attende;
2662 3285 2845 3332 reatus
2881 3277 3102 3332 admissi
3134 3278 3404 3348 piaculum

1821 3362 1996 3433 digna:
2043 3365 2379 3432 paenitentiae
2419 3363 2632 3420 ﬂetibus
2672 3367 2829 3421 ablue
2863 3385 2882 3420 ε»
2907 3367 3122 3423 letltalis
3151 3369 3406 3424 amicitiae

1821 3455 1996 3512 foedus
2049 3459 2330 3528 abrumpe,
2371 3468 2424 3512 te
2469 3459 2761 3529 deliquisse
2787 3460 2962 3533 palam
2993 3462 3423 3517 omnibus-con-

1822 3551 1995 3612 litere.
2023 3559 2080 3603 et
2107 3551 2162 3605 in
2187 3551 2415 3622 gratiam
2459 3553 2603 3606 sedis
2651 3554 2980 3623 apostolicae,
3029 3552 3180 3622 cujus
3215 3553 3414 3609 nobilis-

1819 3649 1874 3696 et
1893 3639 2187 3711 praeclarus
2217 3658 2275 3696 es
2305 3642 2467 3707 filius,
2489 3643 2596 3699 sub
2617 3644 2900 3698 celeritate
2923 3653 3220 3707 revertere,
3244 3643 3412 3715 256

1819 3745 2089 3802 quatenus
2146 3733 2258 3802 qui,
2305 3734 2446 3802 quod
2480 3749 2508 3786 a
2538 3733 2796 3788 membris
2820 3733 3018 3789 diaboli
3061 3735 3402 3800 laudabatur,

1818 3821 2060 3893 explodis
2084 3839 2098 3876 :
2125 3822 2294 3894 (cum)
2315 3833 2370 3876 et
2394 3823 2506 3894 ipse
2527 3837 2623 3892 per
2649 3823 2880 3878 lamenta
2901 3824 3233 3894 paenitentia:
3245 3839 3408 3894 sp0n-

1822 3922 1873 3968 te
1893 3915 2203 3985 corrigeris,
2237 3915 2395 3969 simul
2431 3930 2552 3968 cum
2586 3929 2713 3985 rege
2768 3915 2956 3979 David,
2989 3932 3094 3969 non
3126 3916 3285 3970 modo
3311 3931 3404 3970 ve-

1822 4006 1966 4060 niam
1993 4021 2023 4060 a
2055 4007 2182 4072 Deo,
2211 4008 2304 4062 sed
2328 4007 2630 4077 etgraciam
2651 4011 3004 4080 consequaris
3024 4009 3107 4080 (ΙΙ
3123 4008 3250 4081 Reg.
3282 4011 3402 4080 xu).

1819 4099 2015 4154 Pareat
2041 4099 2120 4153 ori
2154 4115 2273 4154 meo
2290 4099 2596 4156 sublimitas
2623 4109 2738 4167 tua,
2769 4102 3402 4174 virmagnifice,necnmn

1821 4190 2108 4246 adversum
2163 4200 2237 4256 te,
2282 4191 2378 4246 sed
2404 4205 2503 4261 pro
2547 4207 2607 4248 se
2635 4192 2873 4248 locutum
2889 4177 3020 4271 esse
3047 4192 3322 4262 conjiciat,
3352 4203 3410 4247 et

1820 4283 1964 4352 quod
2012 4299 2042 4337 a
2093 4298 2180 4337 me
2232 4283 2433 4339 dictum
2485 4295 2591 4351 cst,
2619 4301 2757 4341 «non
2791 4287 3002 4351 livoris,
3049 4287 3130 4340 vel
3179 4287 3284 4340 odii
3323 4285 3406 4339 foo

1820 4375 2004 4430 mitem
2031 4416 2046 4441 ,
2083 4376 2177 4432 sed
2213 4375 2558 4432 medicinalis
2598 4391 2744 4431 cura:
2776 4378 2954 4448 potius
2985 4379 3206 4446 deputet
3236 4376 3405 4431 ustio.

1822 4478 1964 4522 netu.
2400 4531 2430 4536 η

2380 4534 2716 4594 EPISTOLA
2762 4541 2851 4595 XI.

2441 4645 2506 4682 ΑΙ)
2546 4646 2784 4685 EUMDEM.

2045 4719 2307 4785 (Ilabetur
2343 4729 2470 4776 tom.
2514 4722 2628 4785 Ill,
2670 4736 2845 4795 estque
2882 4741 3059 4795 opma.
3101 4726 3168 4782 57
3200 4731 3215 4797 )

2371 4831 2708 4891 EPISTOLA
2748 4835 2860 4890 XII.

2447 4943 2514 4980 All
2551 4941 2792 4982 εωιυεδι.

2093 5009 2356 5084 (Habetur
2397 5026 2526 5070 (om.
2568 5013 2691 5084 III,
2731 5017 2786 5069 in
2826 5030 3004 5084 opusc.

2358 5104 2705 5164 EPISTULA
2750 5105 2887 5182 xm.
2914 5135 2918 5139 ς

2025 5210 2091 5248 ΑΙ)
2126 5211 2341 5249 εωιυωι
2377 5214 2606 5262 ειυδρυε
2644 5213 2862 5258 UXOREM
2903 5214 3226 5259 BEATRICEM.
