3950 5344
508 279 612 343 tat

1056 274 1115 332 S.
1148 274 1353 331 PETRI
1396 274 1680 330 DAMIANI
1718 273 1872 329 OPP.
1912 272 2103 329 PARS
2130 271 2275 343 SEU
2303 272 2607 331 TOMUSJ.
2647 306 2714 316 —-
2738 273 2951 332 EPIST.
2996 276 3123 332 LIB.
3168 278 3298 336 Vill.

3672 278 3788 335 ‘5'!

585 395 625 450 F
633 395 755 451 ilius
806 393 892 449 hic
944 402 1147 453 noster.
1197 392 1366 448 abbas
1415 391 1662 446 videlicet
1697 390 2005 446 monasterii
2032 388 2091 445 ὃ.
2126 401 2165 454 Α
2199 390 2464 459 siquidem
2516 406 2705 461 parva,
2755 395 2850 447 sed
2902 391 3213 459 fructifera;
3259 394 3409 449 abies
3463 401 3648 449 autem
3696 403 3787 450 est

512 487 740 553 Joannis
791 484 1085 555 Baptistae,
1123 483 1505 539 bibliothecam
1531 483 1684 548 emit,
1711 484 1805 539 sed
1825 483 1948 553 quia
1982 498 2087 539 non

507 586 689 657 potest
728 575 967 646 pretium
1008 573 1186 643 inepia
1239 572 1607 640 constrigente
1640 572 1974 640 persolvere,
1998 585 2093 626 ne-

509 666 767 730 cessitate
796 663 1136 733 compellitur
1160 678 1189 717 a
1221 677 1309 717 me
1339 663 1626 717 reddenda
1654 662 1974 732 quantitatis
1994 677 2092 716 att—

442 796 443 799 η
506 756 696 819 gilium
729 753 993 826 ﬂagitare.
1025 752 1129 815 Sed
1158 753 1301 823 quod
1331 752 1398 807 ad
1425 766 1666 822 przescns
1698 752 1829 808 mihi
1857 768 1962 808 non
1989 751 2087 809 ad-

501 849 670 923 ]aeet,
698 847 766 903 ab
788 847 907 903 aliis
933 846 1184 915 exigendi
1211 845 1485 901 licentiam
1514 844 1729 910 tribuo;
1760 844 1905 914 quod
1934 860 1963 898 a
1993 860 2089 899 no-

507 938 615 1007 ιιι..
667 937 924 992 divitibus
967 936 1177 992 scilicet
1223 934 1498 1006 episcopis
1557 948 1664 989 non
1697 936 2026 1005 assequitur,
2060 950 2091 990 a

508 1030 664 1091 vobis
692 1029 884 1084 saltem
906 1028 1116 1097 exiguis
1143 1043 1207 1083 ac
1230 1025 1575 1096 pauperculis
1609 1027 1663 1079 in
1688 1026 1871 1097 aliquo
1896 1042 2091 1082 conso-

510 1120 670 1181 lolttr.
696 1121 847 1187 Quod
875 1120 919 1176 si
949 1119 1083 1175 dicit
1120 1120 1315 1190 aliquis
1346 1137 1361 1174 :
1390 1117 1618 1174 Mundus
1671 1120 1960 1174 adversum
1995 1135 2095 1176 nos

510 1213 664 1287 furit,
715 1214 914 1269 bellum
960 1214 1184 1286 ingruit,
1232 1222 1291 1268 et
1340 1226 1538 1268 vacare
1586 1227 1686 1267 nos
1720 1213 1786 1267 ad
1820 1211 2092 1267 offerenda

509 1307 623 1363 Deo
678 1321 903 1363 munera
959 1321 1065 1361 non
1101 1305 1391 1376 permittit,
1423 1305 1608 1359 audiat
1642 1306 1765 1374 quia
1798 1304 1961 1361 Iosue
1985 1304 2093 1359 dux

508 1395 674 1453 lsrael
705 1395 757 1450 in
772 1394 991 1450 deserto
1013 1396 1380 1466 pugnabat,et
1400 1393 1678 1466 Moysesin
1697 1403 1900 1458 monte,
1924 1395 2095 1447 mani-

510 1487 611 1541 bus
635 1486 687 1545 in
709 1485 906 1541 emittm
925 1486 1168 1542 extensis
1194 1486 1385 1541 orabat
1405 1486 1604 1557 (Exod.
1626 1487 1792 1555 xvtt);
1819 1485 1934 1549 sed,
1956 1486 2096 1541 sicut

512 1578 794 1648 Scriptura
823 1578 1090 1647 perhibet,
1145 1593 1268 1633 cum
1303 1578 1600 1632 remitteret
1630 1593 1822 1632 manus
1864 1576 2095 1648 Moyses,

511 1669 803 1738 superabat
831 1668 1122 1734 Amalech;
1153 1684 1273 1724 eum
1310 1684 1441 1724 vero
1471 1684 1663 1723 manus
1689 1670 1942 1739 erigeret,
1978 1684 2099 1723 cor-

2193 498 2441 553 procera,
2500 485 2594 539 sed
2651 485 2956 540 infecunda.
3012 486 3121 542 Sed
3182 487 3268 541 illa
3327 487 3575 557 quidem.
3637 488 3786 555 quod

2193 574 2373 628 minus
2403 574 2564 630 habet
2595 575 2646 629 in
2681 576 2894 641 robore,
2922 585 3238 646 compensat
3285 577 3338 630 in
3385 591 3618 629 uvarum
3659 590 3787 645 pro-

2195 663 2476 719 ﬂuentium
2501 666 2782 733 ubertate;
2822 666 2925 722 ista
2949 683 3077 723 vero
3101 667 3230 723 licet
3261 668 3336 723 nil
3364 667 3619 723 conferat
3641 682 3789 725 ntea-

2194 755 2589 827 siserigendis,
2622 766 2804 814 tamen
2835 767 2918 814 est
2941 766 3067 829 apta
3103 757 3384 823 fructuris,
3412 768 3469 814 et
3496 758 3648 829 quod
3678 773 3787 811 non

2194 843 2425 908 deliciis,
2453 846 2673 901 exhibet
2709 845 2968 901 aediliciis.
3018 847 3329 903 Ubiautem
3372 849 3480 903 duo
3515 848 3624 902 ista
3652 862 3787 902 con-
3832 892 3835 895 λ

2194 944 2438 999 currunt,
2468 935 2724 990 nimirum
2770 945 2827 990 ut
2860 937 3019 992 simul
3058 945 3116 993 et
3149 939 3452 1008 proceritas
3480 937 3705 992 arboris
3729 948 3785 992 et

2194 1036 2491 1095 proventus
2521 1027 2593 1081 sit
2628 1028 2913 1091 ubertatis,
2942 1038 3150 1098 quanto
3180 1030 3375 1091 rarior,
3406 1037 3564 1084 tanto
3594 1029 3788 1098 πιλίοιὶ

2196 1129 2286 1170 res
2319 1125 2404 1169 est
2433 1116 2589 1186 digna
2622 1117 2902 1172 miraculo.
2939 1117 3051 1173 Hoc
3092 1119 3256 1189 igitur
3286 1120 3338 1173 in
3370 1119 3528 1174 vobis
3557 1120 3789 1190 gentium

2194 1209 2381 1280 gratia:
2404 1210 2670 1279 reperitur
2695 1211 2925 1280 insigne,
2949 1223 3006 1266 et
3031 1212 3085 1266 in
3111 1212 3277 1267 Deum
3305 1214 3521 1269 scilicet
3554 1214 3784 1267 Immitis

2195 1312 2260 1352 ac
2284 1308 2473 1353 sancta
2501 1299 2737 1366 devotio,
2762 1310 2818 1354 et
2844 1316 2971 1369 erga
3012 1302 3268 1355 mundum
3307 1303 3559 1358 sublimis
3598 1314 3793 1373 poter-

2198 1393 2284 1447 tia:
2307 1393 2594 1457 celsitudo,
2629 1402 2689 1448 ut
2720 1395 2821 1449 diei
2851 1409 2955 1448 non
2992 1395 3265 1451 immerito
3302 1395 3530 1452 valeatis
3561 1408 3616 1451 ct
3652 1398 3793 1450 vitis

2195 1484 2422 1539 excelsa:
2469 1493 2523 1539 et
2571 1485 2778 1539 abicies
2824 1485 3130 1541 fructuosas.
3185 1487 3261 1541 De
3305 1489 3570 1557 mysterio
3601 1497 3789 1543 autem

2197 1584 2397 1629 mutua:
2418 1576 2782 1639 continentiae,
2824 1591 2986 1647 quam
3014 1578 3158 1633 inter
3194 1594 3310 1643 vos,
3342 1581 3454 1634 Deo
3484 1589 3650 1643 teste,
3673 1595 3793 1635 ser-

2199 1668 2358 1730 vatis,
2390 1667 2480 1722 ditt
2512 1682 2620 1734 me,
2645 1667 2836 1732 fateor,
2869 1669 3066 1740 duplex
3088 1671 3273 1741 opinio
3298 1672 3583 1743 tenuit,ut
3611 1673 3787 1726 virum

511 1760 705 1815 ruebat
750 1759 1029 1827 Amalech,
1083 1770 1139 1816 et
1177 1761 1434 1816 vincebat
1462 1761 1646 1817 lsrael.
1674 1761 1810 1817 Hinc
1834 1763 2095 1832 propheta
2126 1763 2173 1820 Β
2200 1758 2602 1826 quidemtuum
2633 1759 2934 1814 arbitrarer
2958 1762 3205 1817 hilariter
3227 1763 3330 1817 hoc
3355 1763 3641 1833 pudicitiae
3672 1779 3790 1818 mu-

510 1850 647 1906 dicit
671 1867 685 1904 :
717 1867 738 1902 ι
772 1849 974 1907 Levate
995 1853 1158 1907 corda
1187 1859 1366 1906 vestra
1391 1866 1515 1906 cum
1538 1852 1787 1906 manibus
1815 1852 1882 1906 ad
1926 1852 2095 1907 Deum

510 1938 730 2012 (Tltren.
779 1940 885 2012 ιιι).
944 1959 963 1992 ι
1011 1939 1119 1996 Cor
1164 1942 1363 2012 quippe
1387 1956 1511 1997 cum
1563 1942 1812 1996 manibus
1839 1942 1906 1996 ad
1930 1943 2096 1999 Deum

514 2033 657 2100 levat
713 2033 833 2104 qui;
879 2034 1009 2090 dum
1061 2035 1367 2090 orationum
1418 2036 1529 2089 Deo
1567 2044 1691 2089 vota
1741 2034 2020 2105 persolvit,
2046 2036 2097 2090 ei

511 2138 750 2194 quoque,
786 2125 869 2178 vel
916 2126 983 2181 ad
1006 2133 1326 2180 ornamenta
1348 2125 1729 2188 ecclesiarum,
1759 2125 1842 2179 vel
1879 2125 1947 2180 ad
1974 2125 2100 2179 sub-

510 2214 648 2275 sidia
666 2230 981 2284 pauperum,
999 2215 1160 2287 257
1189 2230 1370 2270 rerum
1400 2231 1621 2270 suarum
1649 2216 1787 2272 dona
1822 2216 2100 2283 transmit:

512 2306 598 2360 tit.
632 2306 925 2362 luduamus
950 2323 1085 2378 ergo
1114 2307 1270 2364 nobis
1295 2307 1519 2362 loricam
1561 2308 1826 2363 honorum
1848 2322 2095 2378 operum,

511 2407 569 2453 et
586 2398 768 2468 iacula
819 2415 923 2454 non
954 2400 1267 2455 timebimus
1318 2399 1626 2470 impiorum.
1661 2399 1815 2456 Unde
1841 2399 2094 2455 Salomon

514 2489 570 2544 in
606 2488 917 2545 Proverbiis
946 2509 961 2546 :
991 2509 1010 2542 ι
1044 2489 1121 2545 Ne
1149 2506 1368 2562 paveas,
1415 2490 1611 2560 inquit,
1656 2491 1940 2562 repentino
1989 2500 2099 2545 ter-

514 2594 639 2635 rore
691 2580 965 2638 irruentes
1006 2581 1102 2636 tibi
1138 2590 1438 2653 potestates
1492 2583 1809 2653 impiorum,
1837 2582 2098 2637 Dominus

508 2672 656 2727 enim
704 2672 814 2727 erit
850 2673 909 2727 iu
942 2674 1111 2729 latere
1148 2683 1238 2728 tuo
1268 2682 1323 2729 et
1373 2675 1645 2730 custodiet
1695 2675 1889 2741 pedem
1922 2681 2093 2737 tuum,

512 2777 582 2829 ne
610 2763 845 2833 capiaris
866 2760 1050 2832 (Prov.
1078 2764 1179 2833 ιιι).
1220 2784 1238 2816 ι
1277 2763 1431 2819 Unde
1452 2773 1633 2820 autem
1651 2766 1947 2821 debeamus
1960 2765 2100 2819 hanc

512 2854 798 2909 audaciam
826 2862 1006 2911 mente
1031 2856 1317 2926 concipere
1336 2865 1536 2925 praesto
1563 2855 1846 2925 subjuuxit
1873 2872 1888 2908 :
1924 2874 1943 2904 ι
1977 2853 2096 2910 Noli

513 2945 809 3015 prohibere
858 2945 1180 3001 benefacere
1211 2962 1334 3001 eum
1374 2948 1464 3016 qui
1506 2954 1723 3017 potest;
1772 2947 1816 3001 si
1841 2945 2008 3010 vales,
2042 2954 2100 3001 et

517 3036 634 3107 ipse
665 3035 895 3107 benefac
923 3051 938 3091 :
980 3052 1049 3092 ne
1075 3037 1225 3092 dicas
1259 3037 1433 3091 amico
1465 3047 1557 3091 tuo
1584 3054 1597 3090 :
1641 3035 1806 3101 Vade,
1831 3044 1885 3092 et
1913 3053 2096 3093 rever-

514 3135 654 3190 (οἴει
692 3142 818 3183 cras
848 3128 988 3183 dabo
1013 3128 1129 3193 tibi:
1162 3127 1491 3196 cumﬁlalim
1514 3126 2091 3199 POSSiSdal'eUbMJJ
2126 3121 2167 3184 (ἶ
2200 3140 2450 3194 dominus
2475 3154 2627 3195 meus
2646 3140 2859 3195 vetulus
2888 3150 2996 3204 est,
3028 3131 3286 3210 volupt'ati
3310 3156 3537 3211 operam
3568 3140 3712 3196 dabo
3731 3141 3781 3193 τι

513 3216 903 3275 Conﬂdcndum
943 3229 1027 3275 est
1045 3232 1195 3291 ergo.
1229 3234 1336 3274 non
1363 3219 1417 3272 in
1462 3218 1632 3297 ferro,
1664 3218 1749 3273 vel
1777 3218 1966 3283 armis,
1998 3219 2094 3274 sed

514 3306 573 3361 in
603 3309 859 3378 operibus
906 3310 1145 3379 pietatis.
1187 3311 1300 3381 Ego
1326 3321 1509 3365 autem
1543 3311 1782 3366 venirem
1807 3313 1874 3365 ad
1904 3321 2097 3367 vestrae

506 3395 772 3466 iussionis
812 3399 1124 3471 imperium,
1180 3404 1282 3463 nisi
1338 3403 1857 3463 senectusiucurva
1886 3412 2093 3459 tremu-

511 3489 626 3545 lum
676 3490 998 3561 reprimeret
1055 3509 1321 3564 gressum.
1393 3494 1773 3551 Verumtamen
1806 3496 1975 3551 lrater
2012 3496 2098 3550 hic

511 3579 693 3634 Videat
723 3589 778 3635 et
802 3582 1121 3652 perpendat,
1157 3584 1201 3638 si
1239 3598 1326 3638 me
1355 3597 1520 3638 causa
1575 3584 1855 3639 rationalis
1883 3584 2093 3640 invitat.

513 3669 902 3727 Excellentiam
968 3683 1226 3743 praeterea
1271 3682 1507 3729 vestram
1538 3674 1820 3729 humiliter
1845 3675 2093 3741 obsecro,

513 3761 641 3816 utsi
677 3777 837 3832 quem
869 3763 936 3817 ad
973 3762 1266 3820 Teutonico
1307 3764 1421 3820 loca
1459 3765 1808 3828 transmittis,
1843 3781 1941 3835 pro
1966 3767 2096 3821 cha-

511 3851 673 3909 ritate
731 3863 919 3910 nostra
955 3856 1020 3909 ad
1059 3856 1332 3911 dominam
1373 3874 1548 3913 meam
1576 3860 1835 3929 Agnetem
1865 3860 2102 3929 inspera-

513 3941 702 3999 tricem
731 3943 872 4001 hanc
900 3946 1180 4015 epistolam
1203 3948 1408 4021 dirigas
1432 3948 1602 4019 (lilii).

942 4124 959 4135 ρ
1044 4057 1378 4114 EPISTOLA
1420 4058 1560 4114 XIV.

511 4182 583 4224 ΑΒ
630 4180 930 4223 BEATRICEI
981 4185 1259 4237 DUCISSAM,
1316 4187 1639 4228 GOTilll-‘REDI
1693 4190 1844 4232 DUCIS
1891 4192 2093 4232 TUSCIE

1188 4257 1426 4297 ΗΧΟΚΕΜ.

510 4329 1220 4387 Alcumenam—Beatrici
1245 4331 1546 4388 Gothifredi
1561 4335 1714 4391 ducis
1736 4336 1888 4392 uxori
1907 4338 2096 4393 scribit

582 4416 642 4456 se
666 4416 988 4475 magnopere
1011 4401 1370 4457 cxhilaratum
1393 4407 1536 4473 quod
1564 4409 1915 4475 comperisset
1939 4409 2082 4463 illam

579 4474 833 4527 concordi
879 4473 1159 4529 voluntate
1202 4489 1324 4529 cum
1378 4480 1496 4528 viro
1543 4491 1642 4531 suo
1692 4473 2086 4533 continentiam
2121 4481 2167 4539 υ

496 4529 507 4558 ⁸
580 4557 819 4598 servare.
867 4543 1124 4616 Proponit
1166 4545 1214 4599 ei
1257 4529 1569 4618 sanctarum
1599 4529 2091 4618 exanimiiiiiiti;

576 4627 721 4683 rum,
776 4615 1052 4683 eaque’ttt
1100 4622 1227 4670 ante
1281 4615 1467 4670 oculos
1522 4617 1719 4672 habeat
1768 4615 1824 4673 et
1886 4620 2086 4675 imitari

578 4682 793 4738 studeat
817 4682 1084 4760 hortatur.
1121 4684 1556 4760 Hospitalitatem
1585 4688 1853 4760 praecipue
1883 4689 1933 4743 in
1960 4705 2090 4760 pau-

576 4767 739 4877 geres
782 4764 836 4809 et
866 4756 918 4808 in
951 4755 1222 4810 Ecclesias
1266 4755 1699 4812 munificentiam
1730 4755 1779 4812 ei
1809 4755 2089 4815 commen-

616 4833 691 4877 at.

616 4833 691 4877 at.

581 4912 841 4971 BEATRICI
887 4916 1360 4972 excellentiSsimte
1407 4917 1529 4973 duci
1579 4918 1795 4975 Psrncs
1840 4926 2093 4989 psecator

506 5005 807 5059 monachus
832 5007 1161 5075 quotidianae
1186 5009 1449 5064 orationis
1475 5008 1805 5066 instantiam.

581 5092 802 5148 Gaudeo
842 5094 996 5164 plane
1028 5098 1081 5151 in
1125 5109 1176 5153 te
1211 5106 1374 5169 atque
1401 5099 1794 5170 gloriosissimo
1822 5105 1941 5158 viro
1976 5115 2090 5171 tuo,

510 5185 917 5255 dispositionem
946 5190 1334 5262 omnipotentis
1377 5193 1470 5247 Dei
1523 5193 1873 5251 vehementer
1917 5197 2094 5251 admi-

510 5291 623 5332 ror.
661 5276 761 5344 Qui
794 5277 1049 5336 nimirum
1075 5282 1204 5337 dum
1245 5298 1341 5339 vos
1367 5283 1419 5338 in
1455 5292 1565 5339 tam
1595 5285 1814 5341 sublimi
1859 5296 2095 5340 terrente

2180 4436 2508 4508 specialiter
2549 4438 2755 4493 addidit
2804 4456 2817 4491 :

2198 1864 2300 1902 nus
2327 1847 2553 1916 oli'erre;
2611 1859 2662 1905 te
2706 1865 2834 1905 vero
2867 1852 3137 1924 gignendo
3170 1854 3340 1924 prolis
3367 1854 3649 1908 desiderio
3678 1869 3786 1908 non

2197 1940 2299 1994 hoc
2351 1939 2582 1995 libenter
2630 1942 2937 1997 admittere.
2987 1942 3154 2014 258
3198 1936 3466 1999 Sed‘cnm
3512 1943 3787 2013 gloriosus

2197 2031 2338 2094 idem
2369 2030 2455 2085 vir
2484 2047 2656 2101 nuper
2675 2034 2807 2087 mihi
2830 2043 2957 2088 ante
2977 2046 3385 2090 sacrosanctum
3408 2050 3614 2106 corpus
3643 2035 3785 2091 beati

2196 2123 2561 2192 apostolorum
2583 2124 2842 2196 principis
2862 2126 3167 2181 intimasset
3180 2136 3427 2182 sanctum
3449 2127 3782 2182 desiderium

2207 2226 2357 2270 tuum
2391 2227 2448 2271 et
2487 2217 2760 2286 pudicitia:
2804 2227 3065 2288 perpetuo
3112 2219 3503 2274 cons-nanda:
3545 2219 3791 2289 proposi-

2199 2316 2335 2373 tum,
2386 2307 2581 2374 fateor,
2629 2330 2647 2361 ι
2698 2309 2938 2365 Ltetattts
2980 2326 3099 2365 sum
3136 2311 3188 2365 in
3220 2312 3306 2367 his
3333 2328 3456 2382 quae
3482 2312 3632 2367 dicta
3661 2322 3792 2366 sunt

2198 2403 2328 2458 mihi
2360 2404 2533 2473 (Paul.
2573 2404 2742 2472 cui).
2796 2425 2814 2457 ι
2863 2414 2918 2459 et
2953 2406 3216 2461 exsultavi
3256 2409 3629 2462 vehementer.
3669 2406 3787 2462 Jam

2198 2496 2463 2566 siquidem
2496 2497 2729 2552 solutum
2757 2509 2842 2554 est
2866 2499 2920 2554 in
2949 2511 3000 2554 te
3029 2499 3156 2555 illud
3186 2500 3425 2571 antiqua:
3455 2500 3791 2555 maledictio.

2199 2590 2283 2644 nis
2310 2589 2565 2659 elogium,
2609 2605 2717 2660 qtto
2742 2592 2932 2662 pritute
2963 2591 3172 2646 mulieri
3204 2592 3410 2647 dictum
3436 2601 3519 2646 est
3549 2611 3564 2645 :
3620 2611 3640 2643 ι
3676 2592 3787 2647 Sub

2198 2681 2298 2735 viri
2329 2688 2598 2751 potestate
2645 2682 2779 2747 eris,
2820 2691 2876 2736 et
2918 2683 3033 2751 ipse
3077 2682 3447 2737 dominabitur
3494 2684 3591 2738 tibi
3630 2680 3783 2753 (Gen.

2200 2771 2305 2842 ιιι).
2347 2788 2366 2821 ι
2409 2769 2633 2825 Constat
2673 2771 2833 2842 plane
2872 2769 3065 2826 Saram
3099 2772 3369 2827 castitatis
3412 2788 3479 2828 ex
3524 2772 3784 2841 tunejam

2198 2861 2453 2917 habuisse
2490 2863 2848 2933 propositum,
2893 2876 3017 2918 cum
3067 2865 3118 2920 id
3151 2864 3324 2930 fleret,
3354 2868 3503 2935 quod
3535 2880 3696 2919 sacra
3723 2866 3787 2918 de

2201 2953 2288 3008 illa
2320 2963 2509 3008 narrat
2533 2954 2777 3019 historia,
2806 2956 2931 3025 quia
2957 2955 3233 3011 desierant
3265 2954 3416 3011 Sara:
3447 2956 3571 3011 fieri
3605 2956 3788 3010 mulic-

2200 3045 2336 3099 bria.
2367 3045 2437 3098 Et.
2458 3046 2678 3115 insuper
2712 3045 2799 3099 illa
2836 3044 2971 3100 dicit
2998 3062 3012 3095 :
3046 3064 3063 3096 ι
3093 3044 3385 3114 Postquam
3415 3047 3706 3107 conxeuui,
3733 3055 3785 3097 ct

2200 3230 2355 3301 (Gen.
2382 3232 2563 3303 xvm.)
2603 3231 2808 3298 Quibus
2860 3232 3048 3301 utique
3092 3232 3274 3286 verbis
3300 3232 3652 3302 perspicuum
3681 3240 3786 3293 est,

2197 3335 2319 3376 eam
2342 3321 2610 3376 castitatis
2623 3322 2736 3392 jam
2761 3331 2890 3376 tunc
2915 3323 3152 3376 tenuisse
3178 3322 3538 3392 propositum.
3574 3320 3642 3374 Et
3666 3329 3785 3389 post

2197 3410 2311 3466 haec
2335 3412 2469 3467 dixit
2495 3412 2639 3468 Deus
2667 3413 2733 3467 ad
2763 3413 3036 3468 Abraham
3070 3429 3084 3464 :
3132 3432 3150 3464 ι
3198 3411 3393 3468 Omnia
3424 3426 3549 3481 qua:
3588 3410 3790 3465 dixerit

2201 3505 2296 3559 tibi
2347 3503 2505 3571 Sara,
2548 3505 2670 3559 audi
2717 3520 2897 3560 vocem
2938 3505 3056 3577 ejus
3087 3502 3239 3576 (Gen.
3284 3503 3420 3575 xxi).
3456 3523 3475 3555 ι
3507 3503 3673 3567 Ecce,
3702 3502 3787 3555 cui

2197 3595 2348 3666 prius
2377 3596 2655 3652 Abraham
2698 3597 3064 3666 imperaverat
3102 3606 3157 3651 et
3199 3594 3449 3651 dominus
3479 3593 3785 3652 dicebatur.

2191 3686 2305 3756 jam
2333 3685 2407 3741 illi
2432 3703 2531 3758 per
2550 3689 2819 3743 castitatis
2842 3688 3092 3744 meritum
3117 3687 3334 3743 obedire
3360 3684 3701 3755 ptmcipitnr,
3730 3692 3786 3736 ut

2198 3777 2313 3848 eius
2340 3778 2646 3849 verbisjam
2670 3780 2722 3835 in
2753 3781 2965 3835 cunctis
2994 3777 3213 3833 obediat
3240 3776 3334 3846 qui
3355 3774 3458 3829 sibi
3485 3775 3643 3844 prius
3670 3784 3786 3827 taao

2198 3884 2359 3941 quam
2391 3870 2652 3925 Dominus
2681 3870 2994 3939 itnperarat.

2267 3980 2401 4036 Cum
2431 3995 2541 4050 quo
2575 3979 2702 4035 illud
2728 3980 2893 4036 etiam
2929 3979 3118 4034 salutis
3143 3978 3450 4050 exemplum
3482 3980 3556 4034 ab
3584 3978 3786 4034 eisdem

2195 4072 2523 4143 patriarchis
2566 4071 2849 4137 addiscite,
2895 4080 2956 4127 ιιι
2997 4072 3350 4127 humanitatis
3388 4070 3634 4127 ofIicium
3676 4086 3779 4127 non

2196 4163 2483 4236 negligatis
2512 4163 2812 4235 hospitibus
2836 4162 3117 4219 exhibere.
3153 4163 3230 4218 De
3251 4164 3336 4217 his
3364 4164 3513 4219 enim
3546 4164 3777 4232 Aposto—

2198 4254 2281 4310 lus
2308 4271 2431 4310 cum
2475 4254 2827 4326 prtemisisset
2861 4270 2875 4307 :
2917 4271 2934 4303 ι
2981 4251 3236 4309 Charitas
3265 4252 3635 4307 fraternitatis
3666 4269 3781 4307 ma-

2199 4355 2327 4401 neat
2369 4347 2421 4399 in
2472 4346 2642 4408 vobis,
2688 4355 2744 4400 et
2781 4344 3205 4415 hospitaiitatetn
3242 4345 3409 4399 nolite
3451 4344 3725 4407 oblivisci,
3762 4362 3779 4393 ι

2871 4456 2890 4489 ι
2940 4436 3045 4492 Per
3095 4437 3237 4492 hanc
3279 4436 3425 4492 enim
3464 4435 3789 4505 placuerunt

2195 4530 2416 4600 quidam
2435 4529 2642 4601 angelis
2662 4530 2897 4600 hospitio
2913 4530 3147 4600 receptis
3172 4528 3362 4599 (Hebr.
3392 4531 3540 4603 aut).
3584 4548 3604 4580 ι
3638 4527 3787 4583 Sicut

2196 4620 2341 4676 enim
2379 4635 2531 4675 sacra
2582 4620 2746 4675 tradit
2789 4620 3017 4676 historia
3066 4637 3083 4673 :
3136 4637 3155 4669 ι
3211 4612 3344 4675 Cum
3390 4618 3680 4673 venissent
3721 4618 3783 4671 ad

2196 4710 2470 4764 Abraham
2517 4717 2625 4765 tres
2679 4708 2803 4774 viri,
2853 4707 3128 4764 festinavit
3175 4708 3228 4762 in
3265 4707 3685 4762 tabernaculum
3723 4705 3787 4759 ad

2199 4801 2410 4865 Soram,
2443 4801 2688 4871 dixitque
2717 4801 2765 4856 ei
2794 4818 2807 4855 :
2840 4800 3119 4863 Accelera,
3146 4800 3247 4854 tria
3277 4808 3393 4853 sata
3420 4800 3616 4854 simila:
3646 4814 3788 4853 (oin-

2202 4892 2392 4956 misce,
2414 4901 2471 4948 et
2492 4892 2574 4947 fac
2601 4893 2993 4950 subcinericios
3014 4908 3201 4963 panes.
3233 4911 3252 4946 ι
3280 4893 3484 4949 Deinde
3509 4896 3785 4962 sequitur:

2200 5000 2217 5031 ι
2254 4980 2371 5052 ipse
2399 4997 2531 5035 vero
2564 4984 2630 5038 ad
2660 4991 2967 5039 armentum
3013 4983 3278 5046 cucurrit,
3308 4993 3365 5036 et
3405 4980 3527 5035 tulit
3556 4983 3685 5036 inde
3716 4981 3789 5033 vi-

2196 5072 2363 5126 tulutn
2411 5074 2760 5128 tenerrimum
2795 5074 3081 5144 optimum,
3133 5084 3241 5127 etc.
3269 5068 3424 5143 (Gen.
3455 5080 3639 5139 mn).
3678 5089 3697 5120 ι
3732 5068 3789 5123 in

2193 5163 2387 5231 quibus
2405 5165 2585 5234 utique
2600 5167 2739 5220 sacri
2753 5164 3143 5235 eloquiiverbis
3166 5164 3271 5220 hoc
3288 5164 3680 5219 atten;'e;i:‘u;n
3711 5169 3790 5215 ist

2194 5257 2449 5323 quoniam
2476 5256 2774 5322 Abraham,
2798 5267 2857 5311 ut
2883 5256 3274 5313 humanitatem
3297 5255 3586 5309 exhiberet
3610 5253 3791 5321 hospi-
