  <div class='ocr_page' id='page_1' title='image "/cluster/home/n/w/nwhite01/storage/ocr_20150623/144/hvd.32044010574010/232.png"; bbox 0 0 3950 5344; ppageno 0'>
   <div class='ocr_carea' id='block_1_1' title="bbox 140 262 249 318">
    <p class='ocr_par' dir='ltr' id='par_1_1' title="bbox 140 262 249 318">
     <span class='ocr_line' id='line_1_1' title="bbox 140 262 249 318; baseline 0.018 -2"><span class='ocrx_word' id='word_1_1' title='bbox 140 262 249 318; x_wconf 68' lang='grc'>453</span> 
     </span>
    </p>
   </div>
   <div class='ocr_carea' id='block_1_2' title="bbox 1419 259 2436 326">
    <p class='ocr_par' dir='ltr' id='par_1_2' title="bbox 1419 259 2436 326">
     <span class='ocr_line' id='line_1_2' title="bbox 1419 259 2436 326; baseline -0.001 -8"><span class='ocrx_word' id='word_1_2' title='bbox 1419 263 1619 318; x_wconf 79' lang='lat' dir='ltr'><strong>LlBER</strong></span> <span class='ocrx_word' id='word_1_3' title='bbox 1663 259 2024 326; x_wconf 78' lang='lat' dir='ltr'><strong>SEPTIMUS,</strong></span> <span class='ocrx_word' id='word_1_4' title='bbox 2067 260 2282 316; x_wconf 71' lang='lat' dir='ltr'><strong>EPIST.</strong></span> <span class='ocrx_word' id='word_1_5' title='bbox 2324 262 2436 317; x_wconf 74' lang='lat' dir='ltr'><strong>XV.</strong></span> 
     </span>
    </p>
   </div>
   <div class='ocr_carea' id='block_1_3' title="bbox 143 361 3418 454">
    <p class='ocr_par' dir='ltr' id='par_1_3' title="bbox 143 361 3418 454">
     <span class='ocr_line' id='line_1_3' title="bbox 143 361 3418 454; baseline 0.002 -19"><span class='ocrx_word' id='word_1_6' title='bbox 143 394 302 435; x_wconf 87' lang='lat' dir='ltr'><strong>suam</strong></span> <span class='ocrx_word' id='word_1_7' title='bbox 334 393 476 449; x_wconf 90' lang='lat' dir='ltr'><strong>opus</strong></span> <span class='ocrx_word' id='word_1_8' title='bbox 503 361 1008 448; x_wconf 40' lang='lat' dir='ltr'><strong>pietatis&#39;implevit.</strong></span> <span class='ocrx_word' id='word_1_9' title='bbox 1041 377 1191 432; x_wconf 59' lang='lat' dir='ltr'><strong>Unde</strong></span> <span class='ocrx_word' id='word_1_10' title='bbox 1234 386 1431 446; x_wconf 64' lang='lat' dir='ltr'><strong>praesto</strong></span> <span class='ocrx_word' id='word_1_11' title='bbox 1455 376 1733 445; x_wconf 80' lang='lat' dir='ltr'><strong>subjungi-</strong></span> <span class='ocrx_word' id='word_1_12' title='bbox 1767 381 1806 434; x_wconf 79' lang='grc' dir='ltr'><strong>Α</strong></span> <span class='ocrx_word' id='word_1_13' title='bbox 1841 385 1915 428; x_wconf 87' lang='lat' dir='ltr'><strong>rel</strong></span> <span class='ocrx_word' id='word_1_14' title='bbox 1949 376 2211 429; x_wconf 86' lang='lat' dir='ltr'><strong>auditum.</strong></span> <span class='ocrx_word' id='word_1_15' title='bbox 2237 377 2408 442; x_wconf 85' lang='lat' dir='ltr'><strong>Quam</strong></span> <span class='ocrx_word' id='word_1_16' title='bbox 2438 392 2560 431; x_wconf 89' lang='lat' dir='ltr'><strong>mox</strong></span> <span class='ocrx_word' id='word_1_17' title='bbox 2593 387 2649 432; x_wconf 92' lang='lat' dir='ltr'><strong>ut</strong></span> <span class='ocrx_word' id='word_1_18' title='bbox 2672 379 2868 436; x_wconf 83' lang='lat' dir='ltr'><strong>nobilis</strong></span> <span class='ocrx_word' id='word_1_19' title='bbox 2897 381 3088 438; x_wconf 87' lang='lat' dir='ltr'><strong>mulier</strong></span> <span class='ocrx_word' id='word_1_20' title='bbox 3109 392 3163 438; x_wconf 87' lang='lat' dir='ltr'><strong>et</strong></span> <span class='ocrx_word' id='word_1_21' title='bbox 3189 385 3418 454; x_wconf 72' lang='lat' dir='ltr'><strong>insignis</strong></span> 
     </span>
    </p>
   </div>
   <div class='ocr_carea' id='block_1_4' title="bbox 146 467 1729 540">
    <p class='ocr_par' dir='ltr' id='par_1_4' title="bbox 146 467 1729 540">
     <span class='ocr_line' id='line_1_4' title="bbox 146 467 1729 540; baseline -0.005 -14"><span class='ocrx_word' id='word_1_22' title='bbox 146 484 276 526; x_wconf 91' lang='lat' dir='ltr'><strong>tur:</strong></span> <span class='ocrx_word' id='word_1_23' title='bbox 321 491 338 522; x_wconf 81' lang='grc' dir='ltr'>ι</span> <span class='ocrx_word' id='word_1_24' title='bbox 394 470 542 525; x_wconf 82' lang='lat' dir='ltr'><strong>Tulit</strong></span> <span class='ocrx_word' id='word_1_25' title='bbox 580 485 792 539; x_wconf 76' lang='lat' dir='ltr'><strong>quoque</strong></span> <span class='ocrx_word' id='word_1_26' title='bbox 841 471 1113 540; x_wconf 86' lang='lat' dir='ltr'><strong>butyrum,</strong></span> <span class='ocrx_word' id='word_1_27' title='bbox 1157 477 1210 523; x_wconf 90' lang='lat' dir='ltr'><strong>et</strong></span> <span class='ocrx_word' id='word_1_28' title='bbox 1251 469 1356 533; x_wconf 89' lang='lat' dir='ltr'><strong>lac,</strong></span> <span class='ocrx_word' id='word_1_29' title='bbox 1404 477 1460 522; x_wconf 90' lang='lat' dir='ltr'><strong>et</strong></span> <span class='ocrx_word' id='word_1_30' title='bbox 1504 467 1729 521; x_wconf 90' lang='lat' dir='ltr'><strong>vitulum</strong></span> 
     </span>
    </p>
   </div>
   <div class='ocr_carea' id='block_1_5' title="bbox 144 559 1733 632">
    <p class='ocr_par' dir='ltr' id='par_1_5' title="bbox 144 559 1733 632">
     <span class='ocr_line' id='line_1_5' title="bbox 144 559 1733 632; baseline -0.003 -17"><span class='ocrx_word' id='word_1_31' title='bbox 144 578 310 632; x_wconf 81' lang='lat' dir='ltr'><strong>quem</strong></span> <span class='ocrx_word' id='word_1_32' title='bbox 347 573 590 623; x_wconf 86' lang='lat' dir='ltr'><strong>coxerat,</strong></span> <span class='ocrx_word' id='word_1_33' title='bbox 619 574 671 615; x_wconf 83' lang='lat' dir='ltr'><strong>et</strong></span> <span class='ocrx_word' id='word_1_34' title='bbox 703 561 877 630; x_wconf 87' lang='lat' dir='ltr'><strong>posuit</strong></span> <span class='ocrx_word' id='word_1_35' title='bbox 905 575 1088 617; x_wconf 85' lang='lat' dir='ltr'><strong>coram</strong></span> <span class='ocrx_word' id='word_1_36' title='bbox 1110 561 1221 625; x_wconf 89' lang='lat' dir='ltr'><strong>eis;</strong></span> <span class='ocrx_word' id='word_1_37' title='bbox 1256 560 1370 628; x_wconf 88' lang='lat' dir='ltr'><strong>ipse</strong></span> <span class='ocrx_word' id='word_1_38' title='bbox 1398 573 1528 613; x_wconf 89' lang='lat' dir='ltr'><strong>vero</strong></span> <span class='ocrx_word' id='word_1_39' title='bbox 1555 559 1733 612; x_wconf 78' lang='lat' dir='ltr'><strong>stabat</strong></span> 
     </span>
    </p>
   </div>
   <div class='ocr_carea' id='block_1_6' title="bbox 139 652 1733 725">
    <p class='ocr_par' dir='ltr' id='par_1_6' title="bbox 139 652 1733 725">
     <span class='ocr_line' id='line_1_6' title="bbox 139 652 1733 725; baseline -0.003 -16"><span class='ocrx_word' id='word_1_40' title='bbox 139 655 297 722; x_wconf 75' lang='lat' dir='ltr'><strong>juxta</strong></span> <span class='ocrx_word' id='word_1_41' title='bbox 309 671 404 710; x_wconf 88' lang='lat' dir='ltr'><strong>eos</strong></span> <span class='ocrx_word' id='word_1_42' title='bbox 417 654 721 708; x_wconf 70' lang='lat' dir='ltr'><strong>subat-bore</strong></span> <span class='ocrx_word' id='word_1_43' title='bbox 734 652 866 725; x_wconf 82' lang='lat' dir='ltr'><strong>(Gen</strong></span> <span class='ocrx_word' id='word_1_44' title='bbox 880 692 895 706; x_wconf 94' lang='lat'><strong>.</strong></span> <span class='ocrx_word' id='word_1_45' title='bbox 915 653 1089 716; x_wconf 82' lang='lat' dir='ltr'><strong>xvur).</strong></span> <span class='ocrx_word' id='word_1_46' title='bbox 1112 672 1129 703; x_wconf 75' lang='grc' dir='ltr'><strong><em>ι</em></strong></span> <span class='ocrx_word' id='word_1_47' title='bbox 1149 652 1162 706; x_wconf 96' lang='grc' dir='ltr'><strong>Ι</strong></span> <span class='ocrx_word' id='word_1_48' title='bbox 1171 669 1264 722; x_wconf 90' lang='lat' dir='ltr'><strong>pse</strong></span> <span class='ocrx_word' id='word_1_49' title='bbox 1287 665 1414 705; x_wconf 87' lang='lat' dir='ltr'><strong>vero</strong></span> <span class='ocrx_word' id='word_1_50' title='bbox 1427 666 1549 704; x_wconf 91' lang='lat' dir='ltr'><strong>cum</strong></span> <span class='ocrx_word' id='word_1_51' title='bbox 1564 664 1733 704; x_wconf 84' lang='lat' dir='ltr'><strong>uxore</strong></span> 
     </span>
    </p>
   </div>
   <div class='ocr_carea' id='block_1_7' title="bbox 145 743 1732 813">
    <p class='ocr_par' dir='ltr' id='par_1_7' title="bbox 145 743 1732 813">
     <span class='ocr_line' id='line_1_7' title="bbox 145 743 1732 813; baseline -0.004 -11"><span class='ocrx_word' id='word_1_52' title='bbox 145 762 245 802; x_wconf 88' lang='lat' dir='ltr'><strong>sua</strong></span> <span class='ocrx_word' id='word_1_53' title='bbox 295 745 642 800; x_wconf 82' lang='lat' dir='ltr'><strong>ministrabat</strong></span> <span class='ocrx_word' id='word_1_54' title='bbox 668 745 987 813; x_wconf 91' lang='lat' dir='ltr'><strong>hospitibus,</strong></span> <span class='ocrx_word' id='word_1_55' title='bbox 1037 759 1137 799; x_wconf 88' lang='lat' dir='ltr'><strong>nec</strong></span> <span class='ocrx_word' id='word_1_56' title='bbox 1172 743 1526 798; x_wconf 80' lang='lat' dir='ltr'><strong>humanitatis</strong></span> <span class='ocrx_word' id='word_1_57' title='bbox 1571 743 1732 796; x_wconf 86' lang='lat' dir='ltr'><strong>obse-</strong></span> 
     </span>
    </p>
   </div>
   <div class='ocr_carea' id='block_1_8' title="bbox 147 833 1731 906">
    <p class='ocr_par' dir='ltr' id='par_1_8' title="bbox 147 833 1731 906">
     <span class='ocr_line' id='line_1_8' title="bbox 147 833 1731 906; baseline -0.001 -19"><span class='ocrx_word' id='word_1_58' title='bbox 147 838 333 905; x_wconf 83' lang='lat' dir='ltr'><strong>quium</strong></span> <span class='ocrx_word' id='word_1_59' title='bbox 361 835 715 906; x_wconf 85' lang='lat' dir='ltr'><strong>delegandum</strong></span> <span class='ocrx_word' id='word_1_60' title='bbox 749 837 993 904; x_wconf 86' lang='lat' dir='ltr'><strong>personis</strong></span> <span class='ocrx_word' id='word_1_61' title='bbox 1022 835 1215 890; x_wconf 79' lang='lat' dir='ltr'><strong>vilibus</strong></span> <span class='ocrx_word' id='word_1_62' title='bbox 1243 835 1591 890; x_wconf 80' lang='lat' dir='ltr'><strong>decernebat.</strong></span> <span class='ocrx_word' id='word_1_63' title='bbox 1622 833 1731 887; x_wconf 92' lang='lat' dir='ltr'><strong>llo-</strong></span> 
     </span>
    </p>
   </div>
   <div class='ocr_carea' id='block_1_9' title="bbox 150 923 1732 996">
    <p class='ocr_par' dir='ltr' id='par_1_9' title="bbox 150 923 1732 996">
     <span class='ocr_line' id='line_1_9' title="bbox 150 923 1732 996; baseline -0.002 -16"><span class='ocrx_word' id='word_1_64' title='bbox 150 943 271 981; x_wconf 89' lang='lat' dir='ltr'><strong>rum</strong></span> <span class='ocrx_word' id='word_1_65' title='bbox 305 927 462 996; x_wconf 91' lang='lat' dir='ltr'><strong>plane</strong></span> <span class='ocrx_word' id='word_1_66' title='bbox 491 927 821 996; x_wconf 77' lang='lat' dir='ltr'><strong>sequebatur</strong></span> <span class='ocrx_word' id='word_1_67' title='bbox 848 924 1155 995; x_wconf 74' lang='lat' dir='ltr'><strong>exemplum</strong></span> <span class='ocrx_word' id='word_1_68' title='bbox 1191 933 1248 979; x_wconf 91' lang='lat' dir='ltr'><strong>et</strong></span> <span class='ocrx_word' id='word_1_69' title='bbox 1273 939 1408 979; x_wconf 89' lang='lat' dir='ltr'><strong>uxor</strong></span> <span class='ocrx_word' id='word_1_70' title='bbox 1439 923 1732 979; x_wconf 87' lang='lat' dir='ltr'><strong>Theodosii</strong></span> 
     </span>
    </p>
   </div>
   <div class='ocr_carea' id='block_1_10' title="bbox 152 1016 1731 1089">
    <p class='ocr_par' dir='ltr' id='par_1_10' title="bbox 152 1016 1731 1089">
     <span class='ocr_line' id='line_1_10' title="bbox 152 1016 1731 1089; baseline -0.004 -16"><span class='ocrx_word' id='word_1_71' title='bbox 152 1019 522 1089; x_wconf 79' lang='lat' dir='ltr'><strong>imperatoris,</strong></span> <span class='ocrx_word' id='word_1_72' title='bbox 573 1020 639 1073; x_wconf 89' lang='lat' dir='ltr'><strong>de</strong></span> <span class='ocrx_word' id='word_1_73' title='bbox 679 1034 808 1087; x_wconf 87' lang='lat' dir='ltr'><strong>qua,</strong></span> <span class='ocrx_word' id='word_1_74' title='bbox 851 1025 910 1071; x_wconf 89' lang='lat' dir='ltr'><strong>ut</strong></span> <span class='ocrx_word' id='word_1_75' title='bbox 950 1017 1139 1072; x_wconf 89' lang='lat' dir='ltr'><strong>eadem</strong></span> <span class='ocrx_word' id='word_1_76' title='bbox 1187 1017 1348 1072; x_wconf 82' lang='lat' dir='ltr'><strong>verba</strong></span> <span class='ocrx_word' id='word_1_77' title='bbox 1394 1016 1731 1080; x_wconf 89' lang='lat' dir='ltr'><strong>subnectam,</strong></span> 
     </span>
    </p>
   </div>
   <div class='ocr_carea' id='block_1_11' title="bbox 151 1105 1735 1178">
    <p class='ocr_par' dir='ltr' id='par_1_11' title="bbox 151 1105 1735 1178">
     <span class='ocr_line' id='line_1_11' title="bbox 151 1105 1735 1178; baseline -0.003 -17"><span class='ocrx_word' id='word_1_78' title='bbox 151 1110 427 1178; x_wconf 82' lang='lat' dir='ltr'><strong>tripartita</strong></span> <span class='ocrx_word' id='word_1_79' title='bbox 458 1119 688 1163; x_wconf 88' lang='lat' dir='ltr'><strong>testatur</strong></span> <span class='ocrx_word' id='word_1_80' title='bbox 710 1107 928 1161; x_wconf 83' lang='lat' dir='ltr'><strong>historia</strong></span> <span class='ocrx_word' id='word_1_81' title='bbox 956 1107 1069 1177; x_wconf 79' lang='lat' dir='ltr'><strong>(lib.</strong></span> <span class='ocrx_word' id='word_1_82' title='bbox 1094 1123 1170 1172; x_wconf 85' lang='lat' dir='ltr'><strong>Ix,</strong></span> <span class='ocrx_word' id='word_1_83' title='bbox 1201 1124 1247 1161; x_wconf 89' lang='lat' dir='ltr'><strong>c.</strong></span> <span class='ocrx_word' id='word_1_84' title='bbox 1279 1105 1370 1177; x_wconf 80' lang='grc'><strong>’51)</strong></span> <span class='ocrx_word' id='word_1_85' title='bbox 1403 1124 1417 1160; x_wconf 89' lang='lat'><strong>:</strong></span> <span class='ocrx_word' id='word_1_86' title='bbox 1453 1125 1468 1156; x_wconf 75' lang='grc' dir='ltr'>ι</span> <span class='ocrx_word' id='word_1_87' title='bbox 1505 1105 1735 1160; x_wconf 82' lang='lat' dir='ltr'><strong>Claude-</strong></span> 
     </span>
    </p>
   </div>
   <div class='ocr_carea' id='block_1_12' title="bbox 151 1196 1732 1270">
    <p class='ocr_par' dir='ltr' id='par_1_12' title="bbox 151 1196 1732 1270">
     <span class='ocr_line' id='line_1_12' title="bbox 151 1196 1732 1270; baseline -0.004 -16"><span class='ocrx_word' id='word_1_88' title='bbox 151 1217 296 1263; x_wconf 85' lang='lat' dir='ltr'><strong>rum,</strong></span> <span class='ocrx_word' id='word_1_89' title='bbox 339 1201 539 1270; x_wconf 83' lang='lat' dir='ltr'><strong>inquit,</strong></span> <span class='ocrx_word' id='word_1_90' title='bbox 573 1207 736 1267; x_wconf 88' lang='lat' dir='ltr'><strong>atque</strong></span> <span class='ocrx_word' id='word_1_91' title='bbox 762 1197 1022 1252; x_wconf 83' lang='lat' dir='ltr'><strong>debilium</strong></span> <span class='ocrx_word' id='word_1_92' title='bbox 1053 1197 1341 1252; x_wconf 79' lang='lat' dir='ltr'><strong>maximam</strong></span> <span class='ocrx_word' id='word_1_93' title='bbox 1368 1196 1604 1250; x_wconf 87' lang='lat' dir='ltr'><strong>habebat</strong></span> <span class='ocrx_word' id='word_1_94' title='bbox 1633 1209 1732 1248; x_wconf 91' lang='lat' dir='ltr'><strong>cu-</strong></span> 
     </span>
    </p>
   </div>
   <div class='ocr_carea' id='block_1_13' title="bbox 152 1287 1738 1358">
    <p class='ocr_par' dir='ltr' id='par_1_13' title="bbox 152 1287 1738 1358">
     <span class='ocr_line' id='line_1_13' title="bbox 152 1287 1738 1358; baseline -0.003 -12"><span class='ocrx_word' id='word_1_95' title='bbox 152 1309 294 1356; x_wconf 84' lang='lat' dir='ltr'><strong>ram,</strong></span> <span class='ocrx_word' id='word_1_96' title='bbox 323 1309 428 1346; x_wconf 89' lang='lat' dir='ltr'><strong>non</strong></span> <span class='ocrx_word' id='word_1_97' title='bbox 471 1293 664 1356; x_wconf 81' lang='lat' dir='ltr'><strong>servis,</strong></span> <span class='ocrx_word' id='word_1_98' title='bbox 712 1306 820 1346; x_wconf 90' lang='lat' dir='ltr'><strong>non</strong></span> <span class='ocrx_word' id='word_1_99' title='bbox 861 1290 982 1344; x_wconf 86' lang='lat' dir='ltr'><strong>aliis</strong></span> <span class='ocrx_word' id='word_1_100' title='bbox 1007 1290 1270 1345; x_wconf 86' lang='lat' dir='ltr'><strong>ministris</strong></span> <span class='ocrx_word' id='word_1_101' title='bbox 1297 1299 1477 1353; x_wconf 90' lang='lat' dir='ltr'><strong>utens,</strong></span> <span class='ocrx_word' id='word_1_102' title='bbox 1523 1287 1616 1342; x_wconf 89' lang='lat' dir='ltr'><strong>sed</strong></span> <span class='ocrx_word' id='word_1_103' title='bbox 1639 1303 1738 1358; x_wconf 86' lang='lat' dir='ltr'><strong>per</strong></span> 
     </span>
    </p>
   </div>
   <div class='ocr_carea' id='block_1_14' title="bbox 153 1380 1733 1454">
    <p class='ocr_par' dir='ltr' id='par_1_14' title="bbox 153 1380 1733 1454">
     <span class='ocr_line' id='line_1_14' title="bbox 153 1380 1733 1454; baseline -0.001 -14"><span class='ocrx_word' id='word_1_104' title='bbox 153 1385 500 1454; x_wconf 87' lang='lat' dir='ltr'><strong>semetipsam</strong></span> <span class='ocrx_word' id='word_1_105' title='bbox 533 1399 720 1454; x_wconf 79' lang='lat' dir='ltr'><strong>agens,</strong></span> <span class='ocrx_word' id='word_1_106' title='bbox 753 1392 806 1437; x_wconf 89' lang='lat' dir='ltr'><strong>et</strong></span> <span class='ocrx_word' id='word_1_107' title='bbox 836 1383 901 1437; x_wconf 89' lang='lat' dir='ltr'><strong>ad</strong></span> <span class='ocrx_word' id='word_1_108' title='bbox 933 1397 1121 1436; x_wconf 91' lang='lat' dir='ltr'><strong>eorum</strong></span> <span class='ocrx_word' id='word_1_109' title='bbox 1149 1382 1457 1437; x_wconf 86' lang='lat' dir='ltr'><strong>habitacula</strong></span> <span class='ocrx_word' id='word_1_110' title='bbox 1489 1380 1733 1438; x_wconf 87' lang='lat' dir='ltr'><strong>veniens.</strong></span> 
     </span>
    </p>
   </div>
   <div class='ocr_carea' id='block_1_15' title="bbox 152 1472 1736 1546">
    <p class='ocr_par' dir='ltr' id='par_1_15' title="bbox 152 1472 1736 1546">
     <span class='ocr_line' id='line_1_15' title="bbox 152 1472 1736 1546; baseline -0.004 -13"><span class='ocrx_word' id='word_1_111' title='bbox 152 1490 206 1533; x_wconf 91' lang='lat' dir='ltr'><strong>et</strong></span> <span class='ocrx_word' id='word_1_112' title='bbox 237 1480 535 1546; x_wconf 83' lang='lat' dir='ltr'><strong>unicuique</strong></span> <span class='ocrx_word' id='word_1_113' title='bbox 559 1477 703 1546; x_wconf 89' lang='lat' dir='ltr'><strong>quod</strong></span> <span class='ocrx_word' id='word_1_114' title='bbox 733 1492 867 1545; x_wconf 87' lang='lat' dir='ltr'><strong>opus</strong></span> <span class='ocrx_word' id='word_1_115' title='bbox 898 1475 1122 1530; x_wconf 86' lang='lat' dir='ltr'><strong>haberet</strong></span> <span class='ocrx_word' id='word_1_116' title='bbox 1143 1475 1408 1545; x_wconf 59' lang='lat' dir='ltr'><strong>praebens.</strong></span> <span class='ocrx_word' id='word_1_117' title='bbox 1448 1492 1467 1525; x_wconf 74' lang='grc' dir='ltr'><strong><em>ι</em></strong></span> <span class='ocrx_word' id='word_1_118' title='bbox 1502 1472 1736 1541; x_wconf 81' lang='lat' dir='ltr'><strong>Moxque</strong></span> 
     </span>
    </p>
   </div>
   <div class='ocr_carea' id='block_1_16' title="bbox 151 1564 1732 1640">
    <p class='ocr_par' dir='ltr' id='par_1_16' title="bbox 151 1564 1732 1640">
     <span class='ocr_line' id='line_1_16' title="bbox 151 1564 1732 1640; baseline -0.006 -14"><span class='ocrx_word' id='word_1_119' title='bbox 151 1571 427 1640; x_wconf 78' lang='lat' dir='ltr'><strong>subjungit</strong></span> <span class='ocrx_word' id='word_1_120' title='bbox 459 1588 472 1622; x_wconf 93' lang='lat'><strong>:</strong></span> <span class='ocrx_word' id='word_1_121' title='bbox 522 1589 540 1621; x_wconf 74' lang='grc' dir='ltr'>ι</span> <span class='ocrx_word' id='word_1_122' title='bbox 571 1570 661 1626; x_wconf 89' lang='lat' dir='ltr'><strong>Sic</strong></span> <span class='ocrx_word' id='word_1_123' title='bbox 685 1570 848 1624; x_wconf 84' lang='lat' dir='ltr'><strong>etiam</strong></span> <span class='ocrx_word' id='word_1_124' title='bbox 881 1583 976 1638; x_wconf 89' lang='lat' dir='ltr'><strong>per</strong></span> <span class='ocrx_word' id='word_1_125' title='bbox 1002 1568 1366 1623; x_wconf 85' lang='lat' dir='ltr'><strong>Ecclesiarum</strong></span> <span class='ocrx_word' id='word_1_126' title='bbox 1397 1564 1732 1621; x_wconf 89' lang='lat' dir='ltr'><strong>xenodochia</strong></span> 
     </span>
    </p>
   </div>
   <div class='ocr_carea' id='block_1_17' title="bbox 151 1653 1735 1724">
    <p class='ocr_par' dir='ltr' id='par_1_17' title="bbox 151 1653 1735 1724">
     <span class='ocr_line' id='line_1_17' title="bbox 151 1653 1735 1724; baseline -0.004 -11"><span class='ocrx_word' id='word_1_127' title='bbox 151 1662 489 1724; x_wconf 80' lang='lat' dir='ltr'><strong>discurrens,</strong></span> <span class='ocrx_word' id='word_1_128' title='bbox 521 1661 636 1714; x_wconf 85' lang='lat' dir='ltr'><strong>suis</strong></span> <span class='ocrx_word' id='word_1_129' title='bbox 663 1659 913 1712; x_wconf 91' lang='lat' dir='ltr'><strong>manibus</strong></span> <span class='ocrx_word' id='word_1_130' title='bbox 941 1658 1288 1713; x_wconf 85' lang='lat' dir='ltr'><strong>ministrabat</strong></span> <span class='ocrx_word' id='word_1_131' title='bbox 1315 1653 1567 1718; x_wconf 83' lang='lat' dir='ltr'><strong>inﬁrmis,</strong></span> <span class='ocrx_word' id='word_1_132' title='bbox 1597 1654 1735 1708; x_wconf 86' lang='lat' dir='ltr'><strong>ollas</strong></span> 
     </span>
    </p>
   </div>
   <div class='ocr_carea' id='block_1_18' title="bbox 1836 466 3418 539">
    <p class='ocr_par' dir='ltr' id='par_1_18' title="bbox 1836 466 3418 539">
     <span class='ocr_line' id='line_1_18' title="bbox 1836 466 3418 539; baseline 0.007 -21"><span class='ocrx_word' id='word_1_133' title='bbox 1836 466 2061 531; x_wconf 81' lang='lat' dir='ltr'><strong>audivit,</strong></span> <span class='ocrx_word' id='word_1_134' title='bbox 2085 466 2303 537; x_wconf 76' lang='lat' dir='ltr'><strong>indigna</strong></span> <span class='ocrx_word' id='word_1_135' title='bbox 2335 468 2497 522; x_wconf 91' lang='lat' dir='ltr'><strong>nimis</strong></span> <span class='ocrx_word' id='word_1_136' title='bbox 2511 478 2562 523; x_wconf 92' lang='lat' dir='ltr'><strong>et</strong></span> <span class='ocrx_word' id='word_1_137' title='bbox 2587 472 2738 539; x_wconf 91' lang='lat' dir='ltr'><strong>quasi</strong></span> <span class='ocrx_word' id='word_1_138' title='bbox 2767 474 3075 528; x_wconf 89' lang='lat' dir='ltr'><strong>nauseando</strong></span> <span class='ocrx_word' id='word_1_139' title='bbox 3099 473 3378 531; x_wconf 84' lang='lat' dir='ltr'><strong>fastidiens</strong></span> <span class='ocrx_word' id='word_1_140' title='bbox 3400 494 3418 529; x_wconf 83' lang='lat'><strong>:</strong></span> 
     </span>
    </p>
   </div>
   <div class='ocr_carea' id='block_1_19' title="bbox 1835 557 3414 636">
    <p class='ocr_par' dir='ltr' id='par_1_19' title="bbox 1835 557 3414 636">
     <span class='ocr_line' id='line_1_19' title="bbox 1835 557 3414 636; baseline 0.008 -25"><span class='ocrx_word' id='word_1_141' title='bbox 1835 557 2008 620; x_wconf 85' lang='lat' dir='ltr'><strong>Absit,</strong></span> <span class='ocrx_word' id='word_1_142' title='bbox 2065 559 2260 628; x_wconf 90' lang='lat' dir='ltr'><strong>inquit,</strong></span> <span class='ocrx_word' id='word_1_143' title='bbox 2298 559 2475 626; x_wconf 89' lang='lat' dir='ltr'><strong>absit,</strong></span> <span class='ocrx_word' id='word_1_144' title='bbox 2524 569 2601 634; x_wconf 2' lang='lat' dir='ltr'><strong>ut,</strong></span> <span class='ocrx_word' id='word_1_145' title='bbox 2631 576 2749 617; x_wconf 88' lang='lat' dir='ltr'><strong>eam</strong></span> <span class='ocrx_word' id='word_1_146' title='bbox 2796 579 3054 620; x_wconf 88' lang='lat' dir='ltr'><strong>vocemus</strong></span> <span class='ocrx_word' id='word_1_147' title='bbox 3082 566 3414 636; x_wconf 88' lang='lat' dir='ltr'><strong>Pauperem,</strong></span> 
     </span>
    </p>
   </div>
   <div class='ocr_carea' id='block_1_20' title="bbox 1834 649 3416 725">
    <p class='ocr_par' dir='ltr' id='par_1_20' title="bbox 1834 649 3416 725">
     <span class='ocr_line' id='line_1_20' title="bbox 1834 649 3416 725; baseline 0.01 -27"><span class='ocrx_word' id='word_1_148' title='bbox 1834 661 1956 717; x_wconf 67' lang='lat' dir='ltr'><strong>quae</strong></span> <span class='ocrx_word' id='word_1_149' title='bbox 1995 649 2235 705; x_wconf 66' lang='lat' dir='ltr'><strong>caelestis</strong></span> <span class='ocrx_word' id='word_1_150' title='bbox 2283 650 2467 722; x_wconf 63' lang='lat' dir='ltr'><strong>gloriae</strong></span> <span class='ocrx_word' id='word_1_151' title='bbox 2499 654 2685 722; x_wconf 83' lang='lat' dir='ltr'><strong>genuit</strong></span> <span class='ocrx_word' id='word_1_152' title='bbox 2736 655 3078 725; x_wconf 82' lang='lat' dir='ltr'><strong>largitorem;</strong></span> <span class='ocrx_word' id='word_1_153' title='bbox 3121 658 3285 723; x_wconf 89' lang='lat' dir='ltr'><strong>absit,</strong></span> <span class='ocrx_word' id='word_1_154' title='bbox 3331 660 3416 714; x_wconf 86' lang='lat' dir='ltr'><strong>in-</strong></span> 
     </span>
    </p>
   </div>
   <div class='ocr_carea' id='block_1_21' title="bbox 1835 741 3420 822">
    <p class='ocr_par' dir='ltr' id='par_1_21' title="bbox 1835 741 3420 822">
     <span class='ocr_line' id='line_1_21' title="bbox 1835 741 3420 822; baseline 0.009 -31"><span class='ocrx_word' id='word_1_155' title='bbox 1835 755 2015 808; x_wconf 86' lang='lat' dir='ltr'><strong>quam,</strong></span> <span class='ocrx_word' id='word_1_156' title='bbox 2044 750 2102 794; x_wconf 78' lang='lat' dir='ltr'><strong>ut</strong></span> <span class='ocrx_word' id='word_1_157' title='bbox 2128 741 2179 796; x_wconf 92' lang='lat' dir='ltr'><strong>in</strong></span> <span class='ocrx_word' id='word_1_158' title='bbox 2210 751 2350 796; x_wconf 88' lang='lat' dir='ltr'><strong>terra</strong></span> <span class='ocrx_word' id='word_1_159' title='bbox 2381 745 2633 813; x_wconf 89' lang='lat' dir='ltr'><strong>pauperis</strong></span> <span class='ocrx_word' id='word_1_160' title='bbox 2664 746 2735 800; x_wconf 89' lang='lat' dir='ltr'><strong>sit</strong></span> <span class='ocrx_word' id='word_1_161' title='bbox 2776 748 2934 817; x_wconf 84' lang='lat' dir='ltr'><strong>digna</strong></span> <span class='ocrx_word' id='word_1_162' title='bbox 2969 749 3266 816; x_wconf 88' lang='lat' dir='ltr'><strong>vocabulo,</strong></span> <span class='ocrx_word' id='word_1_163' title='bbox 3299 767 3420 822; x_wconf 64' lang='lat' dir='ltr'><strong>quae</strong></span> 
     </span>
    </p>
   </div>
   <div class='ocr_carea' id='block_1_22' title="bbox 1836 831 3418 908">
    <p class='ocr_par' dir='ltr' id='par_1_22' title="bbox 1836 831 3418 908">
     <span class='ocr_line' id='line_1_22' title="bbox 1836 831 3418 908; baseline 0.006 -24"><span class='ocrx_word' id='word_1_164' title='bbox 1836 846 1997 900; x_wconf 89' lang='lat' dir='ltr'><strong>super</strong></span> <span class='ocrx_word' id='word_1_165' title='bbox 2026 831 2246 901; x_wconf 77' lang='lat' dir='ltr'><strong>angelos</strong></span> <span class='ocrx_word' id='word_1_166' title='bbox 2272 832 2500 895; x_wconf 88' lang='lat' dir='ltr'><strong>elevata,</strong></span> <span class='ocrx_word' id='word_1_167' title='bbox 2535 835 2750 891; x_wconf 86' lang='lat' dir='ltr'><strong>divitias</strong></span> <span class='ocrx_word' id='word_1_168' title='bbox 2791 839 3035 908; x_wconf 83' lang='lat' dir='ltr'><strong>possidet</strong></span> <span class='ocrx_word' id='word_1_169' title='bbox 3075 839 3418 895; x_wconf 86' lang='lat' dir='ltr'><strong>immortales</strong></span> 
     </span>
    </p>
   </div>
   <div class='ocr_carea' id='block_1_23' title="bbox 1837 921 3418 998">
    <p class='ocr_par' dir='ltr' id='par_1_23' title="bbox 1837 921 3418 998">
     <span class='ocr_line' id='line_1_23' title="bbox 1837 921 3418 998; baseline 0.008 -24"><span class='ocrx_word' id='word_1_170' title='bbox 1837 921 1888 974; x_wconf 94' lang='lat' dir='ltr'><strong>in</strong></span> <span class='ocrx_word' id='word_1_171' title='bbox 1916 921 2075 981; x_wconf 60' lang='lat' dir='ltr'><strong>caelo.</strong></span> <span class='ocrx_word' id='word_1_172' title='bbox 2108 923 2186 976; x_wconf 83' lang='lat' dir='ltr'><strong>Ae</strong></span> <span class='ocrx_word' id='word_1_173' title='bbox 2219 924 2466 992; x_wconf 82' lang='lat' dir='ltr'><strong>protinus</strong></span> <span class='ocrx_word' id='word_1_174' title='bbox 2512 925 2736 981; x_wconf 88' lang='lat' dir='ltr'><strong>intulit:</strong></span> <span class='ocrx_word' id='word_1_175' title='bbox 2783 928 2948 983; x_wconf 86' lang='lat' dir='ltr'><strong>Estne</strong></span> <span class='ocrx_word' id='word_1_176' title='bbox 2996 931 3098 984; x_wconf 91' lang='lat' dir='ltr'><strong>mei</strong></span> <span class='ocrx_word' id='word_1_177' title='bbox 3147 931 3285 998; x_wconf 84' lang='lat' dir='ltr'><strong>juris</strong></span> <span class='ocrx_word' id='word_1_178' title='bbox 3329 932 3418 986; x_wconf 89' lang='lat' dir='ltr'><strong>hic</strong></span> 
     </span>
    </p>
   </div>
   <div class='ocr_carea' id='block_1_24' title="bbox 1837 1013 3418 1089">
    <p class='ocr_par' dir='ltr' id='par_1_24' title="bbox 1837 1013 3418 1089">
     <span class='ocr_line' id='line_1_24' title="bbox 1837 1013 3418 1089; baseline 0.008 -26"><span class='ocrx_word' id='word_1_179' title='bbox 1837 1013 1944 1066; x_wconf 88' lang='lat' dir='ltr'><strong>ulla</strong></span> <span class='ocrx_word' id='word_1_180' title='bbox 1986 1017 2292 1083; x_wconf 84' lang='lat' dir='ltr'><strong>possessio?</strong></span> <span class='ocrx_word' id='word_1_181' title='bbox 2320 1015 2415 1070; x_wconf 89' lang='lat' dir='ltr'><strong>Cui</strong></span> <span class='ocrx_word' id='word_1_182' title='bbox 2458 1031 2773 1087; x_wconf 88' lang='lat' dir='ltr'><strong>responsum</strong></span> <span class='ocrx_word' id='word_1_183' title='bbox 2805 1029 2887 1074; x_wconf 91' lang='lat' dir='ltr'><strong>est</strong></span> <span class='ocrx_word' id='word_1_184' title='bbox 2912 1023 3054 1089; x_wconf 87' lang='lat' dir='ltr'><strong>quod</strong></span> <span class='ocrx_word' id='word_1_185' title='bbox 3089 1024 3316 1077; x_wconf 85' lang='lat' dir='ltr'><strong>haberet</strong></span> <span class='ocrx_word' id='word_1_186' title='bbox 3343 1024 3418 1076; x_wconf 92' lang='lat' dir='ltr'><strong>ibi</strong></span> 
     </span>
    </p>
   </div>
   <div class='ocr_carea' id='block_1_25' title="bbox 1836 1105 3413 1186">
    <p class='ocr_par' dir='ltr' id='par_1_25' title="bbox 1836 1105 3413 1186">
     <span class='ocr_line' id='line_1_25' title="bbox 1836 1105 3413 1186; baseline 0.01 -30"><span class='ocrx_word' id='word_1_187' title='bbox 1836 1105 2019 1159; x_wconf 90' lang='lat' dir='ltr'><strong>villam</strong></span> <span class='ocrx_word' id='word_1_188' title='bbox 2052 1121 2242 1162; x_wconf 89' lang='lat' dir='ltr'><strong>novem</strong></span> <span class='ocrx_word' id='word_1_189' title='bbox 2271 1108 2487 1176; x_wconf 88' lang='lat' dir='ltr'><strong>quidem</strong></span> <span class='ocrx_word' id='word_1_190' title='bbox 2519 1111 2892 1168; x_wconf 89' lang='lat' dir='ltr'><strong>mansionibus</strong></span> <span class='ocrx_word' id='word_1_191' title='bbox 2919 1129 2982 1168; x_wconf 83' lang='lat' dir='ltr'><strong>ex</strong></span> <span class='ocrx_word' id='word_1_192' title='bbox 3013 1115 3235 1186; x_wconf 79' lang='lat' dir='ltr'><strong>antiquo</strong></span> <span class='ocrx_word' id='word_1_193' title='bbox 3262 1133 3413 1171; x_wconf 80' lang='lat' dir='ltr'><strong>more</strong></span> 
     </span>
    </p>
   </div>
   <div class='ocr_carea' id='block_1_26' title="bbox 1837 1196 3514 1272">
    <p class='ocr_par' dir='ltr' id='par_1_26' title="bbox 1837 1196 3514 1272">
     <span class='ocr_line' id='line_1_26' title="bbox 1837 1196 3514 1272; baseline 0.006 -22"><span class='ocrx_word' id='word_1_194' title='bbox 1837 1196 2169 1262; x_wconf 86' lang='lat' dir='ltr'><strong>distinctam,</strong></span> <span class='ocrx_word' id='word_1_195' title='bbox 2201 1213 2322 1268; x_wconf 68' lang='lat' dir='ltr'><strong>qua:</strong></span> <span class='ocrx_word' id='word_1_196' title='bbox 2353 1201 2721 1270; x_wconf 86' lang='lat' dir='ltr'><strong>postmodum,</strong></span> <span class='ocrx_word' id='word_1_197' title='bbox 2745 1203 2901 1272; x_wconf 83' lang='lat' dir='ltr'><strong>juxta</strong></span> <span class='ocrx_word' id='word_1_198' title='bbox 2937 1205 3250 1259; x_wconf 88' lang='lat' dir='ltr'><strong>modernam</strong></span> <span class='ocrx_word' id='word_1_199' title='bbox 3280 1223 3408 1259; x_wconf 89' lang='lat' dir='ltr'><strong>eou-</strong></span> <span class='ocrx_word' id='word_1_200' title='bbox 3512 1270 3514 1272; x_wconf 17' lang='grc' dir='ltr'><strong><em>ν</em></strong></span> 
     </span>
    </p>
   </div>
   <div class='ocr_carea' id='block_1_27' title="bbox 1839 1289 3423 1361">
    <p class='ocr_par' dir='ltr' id='par_1_27' title="bbox 1839 1289 3423 1361">
     <span class='ocr_line' id='line_1_27' title="bbox 1839 1289 3423 1361; baseline 0.005 -19"><span class='ocrx_word' id='word_1_201' title='bbox 1839 1289 2199 1353; x_wconf 88' lang='lat' dir='ltr'><strong>suetudinem,</strong></span> <span class='ocrx_word' id='word_1_202' title='bbox 2233 1291 2285 1344; x_wconf 92' lang='lat' dir='ltr'><strong>in</strong></span> <span class='ocrx_word' id='word_1_203' title='bbox 2329 1291 2592 1360; x_wconf 89' lang='lat' dir='ltr'><strong>plurimas</strong></span> <span class='ocrx_word' id='word_1_204' title='bbox 2624 1303 2708 1348; x_wconf 89' lang='lat' dir='ltr'><strong>est</strong></span> <span class='ocrx_word' id='word_1_205' title='bbox 2735 1294 2925 1349; x_wconf 89' lang='lat' dir='ltr'><strong>divisa.</strong></span> <span class='ocrx_word' id='word_1_206' title='bbox 2962 1294 3134 1360; x_wconf 84' lang='lat' dir='ltr'><strong>Hanc,</strong></span> <span class='ocrx_word' id='word_1_207' title='bbox 3163 1297 3258 1361; x_wconf 89' lang='lat' dir='ltr'><strong>ait,</strong></span> <span class='ocrx_word' id='word_1_208' title='bbox 3291 1311 3423 1350; x_wconf 88' lang='lat' dir='ltr'><strong>eon-</strong></span> 
     </span>
    </p>
   </div>
   <div class='ocr_carea' id='block_1_28' title="bbox 1838 1378 3417 1456">
    <p class='ocr_par' dir='ltr' id='par_1_28' title="bbox 1838 1378 3417 1456">
     <span class='ocr_line' id='line_1_28' title="bbox 1838 1378 3417 1456; baseline 0.008 -26"><span class='ocrx_word' id='word_1_209' title='bbox 1838 1378 1987 1432; x_wconf 89' lang='lat' dir='ltr'><strong>tinuo</strong></span> <span class='ocrx_word' id='word_1_210' title='bbox 2016 1378 2134 1447; x_wconf 86' lang='lat' dir='ltr'><strong>iure</strong></span> <span class='ocrx_word' id='word_1_211' title='bbox 2158 1380 2389 1440; x_wconf 86' lang='lat' dir='ltr'><strong>ecclesia</strong></span> <span class='ocrx_word' id='word_1_212' title='bbox 2417 1382 2518 1437; x_wconf 90' lang='lat' dir='ltr'><strong>ista</strong></span> <span class='ocrx_word' id='word_1_213' title='bbox 2552 1385 2845 1452; x_wconf 82' lang='lat' dir='ltr'><strong>possideat,</strong></span> <span class='ocrx_word' id='word_1_214' title='bbox 2877 1401 3108 1456; x_wconf 89' lang='lat' dir='ltr'><strong>eamque</strong></span> <span class='ocrx_word' id='word_1_215' title='bbox 3131 1387 3196 1441; x_wconf 91' lang='lat' dir='ltr'><strong>de</strong></span> <span class='ocrx_word' id='word_1_216' title='bbox 3219 1395 3417 1442; x_wconf 72' lang='lat' dir='ltr'><strong>cmtero</strong></span> 
     </span>
    </p>
   </div>
   <div class='ocr_carea' id='block_1_29' title="bbox 1841 1470 3420 1548">
    <p class='ocr_par' dir='ltr' id='par_1_29' title="bbox 1841 1470 3420 1548">
     <span class='ocr_line' id='line_1_29' title="bbox 1841 1470 3420 1548; baseline 0.004 -24"><span class='ocrx_word' id='word_1_217' title='bbox 1841 1485 2004 1524; x_wconf 89' lang='lat' dir='ltr'><strong>nemo</strong></span> <span class='ocrx_word' id='word_1_218' title='bbox 2032 1470 2331 1541; x_wconf 90' lang='lat' dir='ltr'><strong>Pauperem</strong></span> <span class='ocrx_word' id='word_1_219' title='bbox 2358 1474 2632 1544; x_wconf 89' lang='lat' dir='ltr'><strong>appellare</strong></span> <span class='ocrx_word' id='word_1_220' title='bbox 2671 1487 2983 1545; x_wconf 67' lang='lat' dir='ltr'><strong>praesumat.</strong></span> <span class='ocrx_word' id='word_1_221' title='bbox 3031 1477 3240 1533; x_wconf 88' lang='lat' dir='ltr'><strong>Talium</strong></span> <span class='ocrx_word' id='word_1_222' title='bbox 3286 1494 3420 1548; x_wconf 82' lang='lat' dir='ltr'><strong>ergo</strong></span> 
     </span>
    </p>
   </div>
   <div class='ocr_carea' id='block_1_30' title="bbox 1838 1564 3424 1643">
    <p class='ocr_par' dir='ltr' id='par_1_30' title="bbox 1838 1564 3424 1643">
     <span class='ocr_line' id='line_1_30' title="bbox 1838 1564 3424 1643; baseline 0.006 -27"><span class='ocrx_word' id='word_1_223' title='bbox 1838 1564 2096 1619; x_wconf 88' lang='lat' dir='ltr'><strong>nobilium</strong></span> <span class='ocrx_word' id='word_1_224' title='bbox 2144 1575 2262 1621; x_wconf 90' lang='lat' dir='ltr'><strong>esto</strong></span> <span class='ocrx_word' id='word_1_225' title='bbox 2301 1582 2515 1638; x_wconf 83' lang='lat' dir='ltr'><strong>semper</strong></span> <span class='ocrx_word' id='word_1_226' title='bbox 2553 1570 2769 1633; x_wconf 68' lang='lat' dir='ltr'><strong>aemula,</strong></span> <span class='ocrx_word' id='word_1_227' title='bbox 2804 1585 2904 1626; x_wconf 91' lang='lat' dir='ltr'><strong>nec</strong></span> <span class='ocrx_word' id='word_1_228' title='bbox 2955 1579 3008 1627; x_wconf 92' lang='lat' dir='ltr'><strong>te</strong></span> <span class='ocrx_word' id='word_1_229' title='bbox 3050 1573 3113 1625; x_wconf 90' lang='lat' dir='ltr'><strong>ad</strong></span> <span class='ocrx_word' id='word_1_230' title='bbox 3155 1574 3424 1643; x_wconf 88' lang='lat' dir='ltr'><strong>agendmn</strong></span> 
     </span>
    </p>
   </div>
   <div class='ocr_carea' id='block_1_31' title="bbox 1839 1655 3421 1732">
    <p class='ocr_par' dir='ltr' id='par_1_31' title="bbox 1839 1655 3421 1732">
     <span class='ocr_line' id='line_1_31' title="bbox 1839 1655 3421 1732; baseline 0.005 -24"><span class='ocrx_word' id='word_1_231' title='bbox 1839 1655 2042 1725; x_wconf 87' lang='lat' dir='ltr'><strong>aliquid</strong></span> <span class='ocrx_word' id='word_1_232' title='bbox 2083 1659 2419 1729; x_wconf 80' lang='lat' dir='ltr'><strong>generositas</strong></span> <span class='ocrx_word' id='word_1_233' title='bbox 2449 1660 2654 1725; x_wconf 89' lang='lat' dir='ltr'><strong>carnis,</strong></span> <span class='ocrx_word' id='word_1_234' title='bbox 2689 1661 2782 1714; x_wconf 88' lang='lat' dir='ltr'><strong>sed</strong></span> <span class='ocrx_word' id='word_1_235' title='bbox 2831 1663 3016 1730; x_wconf 90' lang='lat' dir='ltr'><strong>potius</strong></span> <span class='ocrx_word' id='word_1_236' title='bbox 3048 1662 3188 1716; x_wconf 91' lang='lat' dir='ltr'><strong>linea</strong></span> <span class='ocrx_word' id='word_1_237' title='bbox 3227 1678 3421 1732; x_wconf 85' lang='lat' dir='ltr'><strong>provo-</strong></span> 
     </span>
    </p>
   </div>
   <div class='ocr_carea' id='block_1_32' title="bbox 152 1731 3426 1825">
    <p class='ocr_par' dir='ltr' id='par_1_32' title="bbox 152 1731 3426 1825">
     <span class='ocr_line' id='line_1_32' title="bbox 152 1731 3426 1825; baseline -0.002 -19"><span class='ocrx_word' id='word_1_238' title='bbox 152 1767 339 1806; x_wconf 90' lang='lat' dir='ltr'><strong>corum</strong></span> <span class='ocrx_word' id='word_1_239' title='bbox 376 1760 721 1821; x_wconf 85' lang='lat' dir='ltr'><strong>exstergens,</strong></span> <span class='ocrx_word' id='word_1_240' title='bbox 761 1750 854 1820; x_wconf 86' lang='lat' dir='ltr'><strong>jus</strong></span> <span class='ocrx_word' id='word_1_241' title='bbox 894 1759 1144 1820; x_wconf 85' lang='lat' dir='ltr'><strong>gustans,</strong></span> <span class='ocrx_word' id='word_1_242' title='bbox 1190 1747 1423 1804; x_wconf 77' lang='lat' dir='ltr'><strong>offerens</strong></span> <span class='ocrx_word' id='word_1_243' title='bbox 1453 1745 1745 1802; x_wconf 72' lang='lat' dir='ltr'><strong>coclearia.</strong></span> <span class='ocrx_word' id='word_1_244' title='bbox 1781 1731 1830 1791; x_wconf 79' lang='grc' dir='ltr'><strong>Β</strong></span> <span class='ocrx_word' id='word_1_245' title='bbox 1857 1759 1942 1805; x_wconf 82' lang='lat' dir='ltr'><strong>cet</strong></span> <span class='ocrx_word' id='word_1_246' title='bbox 1967 1752 2292 1807; x_wconf 76' lang='lat' dir='ltr'><strong>sanctitatis.</strong></span> <span class='ocrx_word' id='word_1_247' title='bbox 2322 1752 2595 1810; x_wconf 78' lang='lat' dir='ltr'><strong>Frivolum</strong></span> <span class='ocrx_word' id='word_1_248' title='bbox 2621 1754 2818 1823; x_wconf 81' lang='lat' dir='ltr'><strong>quippe</strong></span> <span class='ocrx_word' id='word_1_249' title='bbox 2847 1763 2950 1820; x_wconf 67' lang='lat' dir='ltr'><strong>est,</strong></span> <span class='ocrx_word' id='word_1_250' title='bbox 2984 1731 3310 1825; x_wconf 72' lang='lat' dir='ltr'><strong>proavorum</strong></span> <span class='ocrx_word' id='word_1_251' title='bbox 3344 1754 3426 1824; x_wconf 70' lang='lat' dir='ltr'><strong>ja-</strong></span> 
     </span>
    </p>
   </div>
   <div class='ocr_carea' id='block_1_33' title="bbox 153 1839 1740 1915">
    <p class='ocr_par' dir='ltr' id='par_1_33' title="bbox 153 1839 1740 1915">
     <span class='ocr_line' id='line_1_33' title="bbox 153 1839 1740 1915; baseline -0.003 -18"><span class='ocrx_word' id='word_1_252' title='bbox 153 1859 349 1915; x_wconf 87' lang='lat' dir='ltr'><strong>panem</strong></span> <span class='ocrx_word' id='word_1_253' title='bbox 409 1843 691 1912; x_wconf 79' lang='lat' dir='ltr'><strong>frangens,</strong></span> <span class='ocrx_word' id='word_1_254' title='bbox 749 1843 1008 1913; x_wconf 84' lang='lat' dir='ltr'><strong>cibosque</strong></span> <span class='ocrx_word' id='word_1_255' title='bbox 1061 1841 1380 1896; x_wconf 90' lang='lat' dir='ltr'><strong>ministrans</strong></span> <span class='ocrx_word' id='word_1_256' title='bbox 1435 1839 1740 1908; x_wconf 85' lang='lat' dir='ltr'><strong>calicesque</strong></span> 
     </span>
    </p>
   </div>
   <div class='ocr_carea' id='block_1_34' title="bbox 153 1931 1736 2003">
    <p class='ocr_par' dir='ltr' id='par_1_34' title="bbox 153 1931 1736 2003">
     <span class='ocr_line' id='line_1_34' title="bbox 153 1931 1736 2003; baseline -0.003 -15"><span class='ocrx_word' id='word_1_257' title='bbox 153 1935 400 1998; x_wconf 89' lang='lat' dir='ltr'><strong>abluens,</strong></span> <span class='ocrx_word' id='word_1_258' title='bbox 427 1943 483 1988; x_wconf 90' lang='lat' dir='ltr'><strong>et</strong></span> <span class='ocrx_word' id='word_1_259' title='bbox 510 1935 614 1988; x_wconf 88' lang='lat' dir='ltr'><strong>alia</strong></span> <span class='ocrx_word' id='word_1_260' title='bbox 655 1941 850 1988; x_wconf 89' lang='lat' dir='ltr'><strong>cuncta</strong></span> <span class='ocrx_word' id='word_1_261' title='bbox 878 1933 1082 1988; x_wconf 81' lang='lat' dir='ltr'><strong>faciens</strong></span> <span class='ocrx_word' id='word_1_262' title='bbox 1120 1948 1240 2003; x_wconf 78' lang='lat' dir='ltr'><strong>qua:</strong></span> <span class='ocrx_word' id='word_1_263' title='bbox 1267 1932 1440 1986; x_wconf 87' lang='lat' dir='ltr'><strong>servis</strong></span> <span class='ocrx_word' id='word_1_264' title='bbox 1479 1940 1534 1984; x_wconf 92' lang='lat' dir='ltr'><strong>et</strong></span> <span class='ocrx_word' id='word_1_265' title='bbox 1577 1931 1736 1984; x_wconf 83' lang='lat' dir='ltr'><strong>mini-</strong></span> 
     </span>
    </p>
   </div>
   <div class='ocr_carea' id='block_1_35' title="bbox 155 2023 1736 2095">
    <p class='ocr_par' dir='ltr' id='par_1_35' title="bbox 155 2023 1736 2095">
     <span class='ocr_line' id='line_1_35' title="bbox 155 2023 1736 2095; baseline -0.004 -13"><span class='ocrx_word' id='word_1_266' title='bbox 155 2029 282 2082; x_wconf 88' lang='lat' dir='ltr'><strong>stris</strong></span> <span class='ocrx_word' id='word_1_267' title='bbox 308 2043 428 2083; x_wconf 90' lang='lat' dir='ltr'><strong>mos</strong></span> <span class='ocrx_word' id='word_1_268' title='bbox 453 2037 539 2082; x_wconf 91' lang='lat' dir='ltr'><strong>est</strong></span> <span class='ocrx_word' id='word_1_269' title='bbox 564 2026 878 2082; x_wconf 81' lang='lat' dir='ltr'><strong>solemniter</strong></span> <span class='ocrx_word' id='word_1_270' title='bbox 899 2026 1131 2095; x_wconf 82' lang='lat' dir='ltr'><strong>cperari.</strong></span> <span class='ocrx_word' id='word_1_271' title='bbox 1171 2045 1190 2076; x_wconf 70' lang='grc' dir='ltr'><strong><em>ι</em></strong></span> <span class='ocrx_word' id='word_1_272' title='bbox 1235 2025 1326 2079; x_wconf 71' lang='lat' dir='ltr'><strong>Va:</strong></span> <span class='ocrx_word' id='word_1_273' title='bbox 1367 2024 1523 2078; x_wconf 89' lang='lat' dir='ltr'><strong>nobis</strong></span> <span class='ocrx_word' id='word_1_274' title='bbox 1548 2023 1736 2093; x_wconf 76' lang='lat' dir='ltr'><strong>pigris,</strong></span> 
     </span>
    </p>
   </div>
   <div class='ocr_carea' id='block_1_36' title="bbox 154 2116 1740 2186">
    <p class='ocr_par' dir='ltr' id='par_1_36' title="bbox 154 2116 1740 2186">
     <span class='ocr_line' id='line_1_36' title="bbox 154 2116 1740 2186; baseline -0.003 -15"><span class='ocrx_word' id='word_1_275' title='bbox 154 2117 430 2172; x_wconf 72' lang='lat' dir='ltr'><strong>desidibus</strong></span> <span class='ocrx_word' id='word_1_276' title='bbox 458 2132 522 2171; x_wconf 92' lang='lat' dir='ltr'><strong>ac</strong></span> <span class='ocrx_word' id='word_1_277' title='bbox 543 2117 816 2186; x_wconf 89' lang='lat' dir='ltr'><strong>superbis,</strong></span> <span class='ocrx_word' id='word_1_278' title='bbox 845 2116 935 2186; x_wconf 90' lang='lat' dir='ltr'><strong>qui</strong></span> <span class='ocrx_word' id='word_1_279' title='bbox 968 2117 1069 2171; x_wconf 89' lang='lat' dir='ltr'><strong>hoc</strong></span> <span class='ocrx_word' id='word_1_280' title='bbox 1096 2116 1267 2171; x_wconf 87' lang='lat' dir='ltr'><strong>solum</strong></span> <span class='ocrx_word' id='word_1_281' title='bbox 1312 2130 1342 2169; x_wconf 91' lang='lat' dir='ltr'><strong>a</strong></span> <span class='ocrx_word' id='word_1_282' title='bbox 1373 2116 1529 2170; x_wconf 90' lang='lat' dir='ltr'><strong>nobis</strong></span> <span class='ocrx_word' id='word_1_283' title='bbox 1555 2125 1740 2169; x_wconf 79' lang='lat' dir='ltr'><strong>extor-</strong></span> 
     </span>
    </p>
   </div>
   <div class='ocr_carea' id='block_1_37' title="bbox 154 2205 1741 2279">
    <p class='ocr_par' dir='ltr' id='par_1_37' title="bbox 154 2205 1741 2279">
     <span class='ocr_line' id='line_1_37' title="bbox 154 2205 1741 2279; baseline 0 -19"><span class='ocrx_word' id='word_1_284' title='bbox 154 2225 321 2279; x_wconf 89' lang='lat' dir='ltr'><strong>qnere</strong></span> <span class='ocrx_word' id='word_1_285' title='bbox 368 2209 454 2262; x_wconf 78' lang='lat' dir='ltr'><strong>vix</strong></span> <span class='ocrx_word' id='word_1_286' title='bbox 501 2222 810 2278; x_wconf 88' lang='lat' dir='ltr'><strong>possumus,</strong></span> <span class='ocrx_word' id='word_1_287' title='bbox 855 2217 913 2260; x_wconf 90' lang='lat' dir='ltr'><strong>ut</strong></span> <span class='ocrx_word' id='word_1_288' title='bbox 949 2207 1221 2277; x_wconf 89' lang='lat' dir='ltr'><strong>simplices</strong></span> <span class='ocrx_word' id='word_1_289' title='bbox 1248 2215 1496 2276; x_wconf 88' lang='lat' dir='ltr'><strong>sumptus</strong></span> <span class='ocrx_word' id='word_1_290' title='bbox 1523 2214 1578 2262; x_wconf 92' lang='lat' dir='ltr'><strong>et</strong></span> <span class='ocrx_word' id='word_1_291' title='bbox 1608 2205 1741 2260; x_wconf 90' lang='lat' dir='ltr'><strong>resi-</strong></span> 
     </span>
    </p>
   </div>
   <div class='ocr_carea' id='block_1_38' title="bbox 155 2283 1739 2367">
    <p class='ocr_par' dir='ltr' id='par_1_38' title="bbox 155 2283 1739 2367">
     <span class='ocr_line' id='line_1_38' title="bbox 155 2283 1739 2367; baseline -0.003 -14"><span class='ocrx_word' id='word_1_292' title='bbox 155 2301 286 2353; x_wconf 88' lang='lat' dir='ltr'><strong>duas</strong></span> <span class='ocrx_word' id='word_1_293' title='bbox 327 2298 573 2353; x_wconf 89' lang='lat' dir='ltr'><strong>ciborum</strong></span> <span class='ocrx_word' id='word_1_294' title='bbox 618 2283 925 2354; x_wconf 88' lang='lat' dir='ltr'><strong>nostrorum</strong></span> <span class='ocrx_word' id='word_1_295' title='bbox 972 2297 1292 2367; x_wconf 90' lang='lat' dir='ltr'><strong>quisquilias</strong></span> <span class='ocrx_word' id='word_1_296' title='bbox 1339 2297 1390 2349; x_wconf 90' lang='lat' dir='ltr'><strong>in</strong></span> <span class='ocrx_word' id='word_1_297' title='bbox 1446 2309 1739 2366; x_wconf 81' lang='lat' dir='ltr'><strong>egenorum</strong></span> 
     </span>
    </p>
   </div>
   <div class='ocr_carea' id='block_1_39' title="bbox 156 2386 1743 2458">
    <p class='ocr_par' dir='ltr' id='par_1_39' title="bbox 156 2386 1743 2458">
     <span class='ocr_line' id='line_1_39' title="bbox 156 2386 1743 2458; baseline 0 -16"><span class='ocrx_word' id='word_1_298' title='bbox 156 2389 360 2458; x_wconf 82' lang='lat' dir='ltr'><strong>gremia</strong></span> <span class='ocrx_word' id='word_1_299' title='bbox 387 2388 728 2443; x_wconf 86' lang='lat' dir='ltr'><strong>ventilemus.</strong></span> <span class='ocrx_word' id='word_1_300' title='bbox 765 2387 820 2441; x_wconf 88' lang='lat' dir='ltr'><strong>Si</strong></span> <span class='ocrx_word' id='word_1_301' title='bbox 850 2387 974 2458; x_wconf 91' lang='lat' dir='ltr'><strong>quis</strong></span> <span class='ocrx_word' id='word_1_302' title='bbox 999 2397 1176 2442; x_wconf 85' lang='lat' dir='ltr'><strong>autem</strong></span> <span class='ocrx_word' id='word_1_303' title='bbox 1218 2386 1468 2443; x_wconf 78' lang='lat' dir='ltr'><strong>fortassis</strong></span> <span class='ocrx_word' id='word_1_304' title='bbox 1493 2396 1743 2442; x_wconf 79' lang='lat' dir='ltr'><strong>assenta-</strong></span> 
     </span>
    </p>
   </div>
   <div class='ocr_carea' id='block_1_40' title="bbox 159 2479 1740 2552">
    <p class='ocr_par' dir='ltr' id='par_1_40' title="bbox 159 2479 1740 2552">
     <span class='ocr_line' id='line_1_40' title="bbox 159 2479 1740 2552; baseline -0.001 -17"><span class='ocrx_word' id='word_1_305' title='bbox 159 2493 242 2536; x_wconf 87' lang='lat' dir='ltr'><strong>tor</strong></span> <span class='ocrx_word' id='word_1_306' title='bbox 268 2485 570 2546; x_wconf 80' lang='lat' dir='ltr'><strong>assisteret,</strong></span> <span class='ocrx_word' id='word_1_307' title='bbox 603 2483 695 2552; x_wconf 91' lang='lat' dir='ltr'><strong>qui</strong></span> <span class='ocrx_word' id='word_1_308' title='bbox 743 2497 840 2552; x_wconf 89' lang='lat' dir='ltr'><strong>pro</strong></span> <span class='ocrx_word' id='word_1_309' title='bbox 875 2481 1004 2552; x_wconf 78' lang='lat' dir='ltr'><strong>regii</strong></span> <span class='ocrx_word' id='word_1_310' title='bbox 1036 2482 1298 2550; x_wconf 72' lang='lat' dir='ltr'><strong>dignitate</strong></span> <span class='ocrx_word' id='word_1_311' title='bbox 1336 2481 1501 2552; x_wconf 74' lang='lat'><strong>259</strong></span> <span class='ocrx_word' id='word_1_312' title='bbox 1543 2479 1740 2550; x_wconf 72' lang='lat' dir='ltr'><strong>fastigii</strong></span> 
     </span>
    </p>
   </div>
   <div class='ocr_carea' id='block_1_41' title="bbox 156 2571 1740 2640">
    <p class='ocr_par' dir='ltr' id='par_1_41' title="bbox 156 2571 1740 2640">
     <span class='ocr_line' id='line_1_41' title="bbox 156 2571 1740 2640; baseline 0 -14"><span class='ocrx_word' id='word_1_313' title='bbox 156 2588 274 2626; x_wconf 82' lang='lat' dir='ltr'><strong>eam</strong></span> <span class='ocrx_word' id='word_1_314' title='bbox 303 2588 332 2626; x_wconf 92' lang='lat' dir='ltr'><strong>a</strong></span> <span class='ocrx_word' id='word_1_315' title='bbox 363 2573 668 2628; x_wconf 86' lang='lat' dir='ltr'><strong>sedulitatis</strong></span> <span class='ocrx_word' id='word_1_316' title='bbox 711 2571 870 2640; x_wconf 91' lang='lat' dir='ltr'><strong>hujus</strong></span> <span class='ocrx_word' id='word_1_317' title='bbox 918 2571 1218 2626; x_wconf 91' lang='lat' dir='ltr'><strong>ministerio</strong></span> <span class='ocrx_word' id='word_1_318' title='bbox 1248 2573 1578 2640; x_wconf 88' lang='lat' dir='ltr'><strong>prohiberet,</strong></span> <span class='ocrx_word' id='word_1_319' title='bbox 1626 2571 1740 2626; x_wconf 91' lang='lat' dir='ltr'><strong>aie-</strong></span> 
     </span>
    </p>
   </div>
   <div class='ocr_carea' id='block_1_42' title="bbox 157 2661 1743 2732">
    <p class='ocr_par' dir='ltr' id='par_1_42' title="bbox 157 2661 1743 2732">
     <span class='ocr_line' id='line_1_42' title="bbox 157 2661 1743 2732; baseline -0.003 -14"><span class='ocrx_word' id='word_1_320' title='bbox 157 2665 247 2718; x_wconf 85' lang='lat' dir='ltr'><strong>bat</strong></span> <span class='ocrx_word' id='word_1_321' title='bbox 292 2682 304 2718; x_wconf 91' lang='lat'>:</span> <span class='ocrx_word' id='word_1_322' title='bbox 358 2684 377 2716; x_wconf 76' lang='grc' dir='ltr'><strong>ς</strong></span> <span class='ocrx_word' id='word_1_323' title='bbox 414 2665 620 2718; x_wconf 82' lang='lat' dir='ltr'><strong>Aurum</strong></span> <span class='ocrx_word' id='word_1_324' title='bbox 671 2663 993 2718; x_wconf 80' lang='lat' dir='ltr'><strong>distribuere</strong></span> <span class='ocrx_word' id='word_1_325' title='bbox 1036 2677 1172 2732; x_wconf 88' lang='lat' dir='ltr'><strong>opus</strong></span> <span class='ocrx_word' id='word_1_326' title='bbox 1223 2661 1434 2732; x_wconf 88' lang='lat' dir='ltr'><strong>imperii</strong></span> <span class='ocrx_word' id='word_1_327' title='bbox 1479 2670 1592 2726; x_wconf 88' lang='lat' dir='ltr'><strong>est;</strong></span> <span class='ocrx_word' id='word_1_328' title='bbox 1643 2676 1743 2730; x_wconf 80' lang='lat' dir='ltr'><strong>ego</strong></span> 
     </span>
    </p>
   </div>
   <div class='ocr_carea' id='block_1_43' title="bbox 158 2751 1744 2826">
    <p class='ocr_par' dir='ltr' id='par_1_43' title="bbox 158 2751 1744 2826">
     <span class='ocr_line' id='line_1_43' title="bbox 158 2751 1744 2826; baseline -0.004 -16"><span class='ocrx_word' id='word_1_329' title='bbox 158 2765 338 2812; x_wconf 86' lang='lat' dir='ltr'><strong>autem</strong></span> <span class='ocrx_word' id='word_1_330' title='bbox 381 2772 480 2826; x_wconf 89' lang='lat' dir='ltr'><strong>pro</strong></span> <span class='ocrx_word' id='word_1_331' title='bbox 507 2757 624 2826; x_wconf 90' lang='lat' dir='ltr'><strong>ipso</strong></span> <span class='ocrx_word' id='word_1_332' title='bbox 655 2755 881 2823; x_wconf 83' lang='lat' dir='ltr'><strong>imperio</strong></span> <span class='ocrx_word' id='word_1_333' title='bbox 916 2755 1017 2809; x_wconf 87' lang='lat' dir='ltr'><strong>hoc</strong></span> <span class='ocrx_word' id='word_1_334' title='bbox 1050 2769 1186 2824; x_wconf 83' lang='lat' dir='ltr'><strong>Opus</strong></span> <span class='ocrx_word' id='word_1_335' title='bbox 1230 2753 1400 2807; x_wconf 81' lang='lat' dir='ltr'><strong>oll&#39;ero</strong></span> <span class='ocrx_word' id='word_1_336' title='bbox 1438 2753 1578 2806; x_wconf 89' lang='lat' dir='ltr'><strong>bona</strong></span> <span class='ocrx_word' id='word_1_337' title='bbox 1609 2751 1744 2805; x_wconf 88' lang='lat' dir='ltr'><strong>mihi</strong></span> 
     </span>
    </p>
   </div>
   <div class='ocr_carea' id='block_1_44' title="bbox 159 2841 1744 2911">
    <p class='ocr_par' dir='ltr' id='par_1_44' title="bbox 159 2841 1744 2911">
     <span class='ocr_line' id='line_1_44' title="bbox 159 2841 1744 2911; baseline -0.004 -11"><span class='ocrx_word' id='word_1_338' title='bbox 159 2847 341 2901; x_wconf 86' lang='lat' dir='ltr'><strong>omnia</strong></span> <span class='ocrx_word' id='word_1_339' title='bbox 364 2846 690 2902; x_wconf 87' lang='lat' dir='ltr'><strong>conferenti.</strong></span> <span class='ocrx_word' id='word_1_340' title='bbox 726 2864 744 2895; x_wconf 73' lang='grc' dir='ltr'><strong>ι</strong></span> <span class='ocrx_word' id='word_1_341' title='bbox 776 2843 888 2900; x_wconf 84' lang='lat' dir='ltr'><strong>Nec</strong></span> <span class='ocrx_word' id='word_1_342' title='bbox 921 2842 1221 2898; x_wconf 73' lang='lat' dir='ltr'><strong>sufﬁciebat</strong></span> <span class='ocrx_word' id='word_1_343' title='bbox 1249 2843 1348 2907; x_wconf 92' lang='lat' dir='ltr'><strong>illi,</strong></span> <span class='ocrx_word' id='word_1_344' title='bbox 1377 2851 1436 2896; x_wconf 89' lang='lat' dir='ltr'><strong>ut</strong></span> <span class='ocrx_word' id='word_1_345' title='bbox 1466 2843 1580 2911; x_wconf 90' lang='lat' dir='ltr'><strong>ipsa</strong></span> <span class='ocrx_word' id='word_1_346' title='bbox 1605 2841 1744 2895; x_wconf 60' lang='lat' dir='ltr'><strong>dun-</strong></span> 
     </span>
    </p>
   </div>
   <div class='ocr_carea' id='block_1_45' title="bbox 161 2934 1740 3007">
    <p class='ocr_par' dir='ltr' id='par_1_45' title="bbox 161 2934 1740 3007">
     <span class='ocr_line' id='line_1_45' title="bbox 161 2934 1740 3007; baseline -0.004 -16"><span class='ocrx_word' id='word_1_347' title='bbox 161 2947 310 2991; x_wconf 82' lang='lat' dir='ltr'><strong>taxat</strong></span> <span class='ocrx_word' id='word_1_348' title='bbox 339 2937 595 3007; x_wconf 86' lang='lat' dir='ltr'><strong>operibus</strong></span> <span class='ocrx_word' id='word_1_349' title='bbox 634 2936 851 3006; x_wconf 89' lang='lat' dir='ltr'><strong>pietatis</strong></span> <span class='ocrx_word' id='word_1_350' title='bbox 892 2935 1186 2998; x_wconf 88' lang='lat' dir='ltr'><strong>insisteret,</strong></span> <span class='ocrx_word' id='word_1_351' title='bbox 1223 2935 1324 2990; x_wconf 90' lang='lat' dir='ltr'><strong>nisi</strong></span> <span class='ocrx_word' id='word_1_352' title='bbox 1365 2942 1418 2988; x_wconf 90' lang='lat' dir='ltr'><strong>et</strong></span> <span class='ocrx_word' id='word_1_353' title='bbox 1447 2934 1740 3002; x_wconf 90' lang='lat' dir='ltr'><strong>imperato-</strong></span> 
     </span>
    </p>
   </div>
   <div class='ocr_carea' id='block_1_46' title="bbox 161 3025 1742 3094">
    <p class='ocr_par' dir='ltr' id='par_1_46' title="bbox 161 3025 1742 3094">
     <span class='ocr_line' id='line_1_46' title="bbox 161 3025 1742 3094; baseline -0.004 -9"><span class='ocrx_word' id='word_1_354' title='bbox 161 3046 297 3093; x_wconf 89' lang='lat' dir='ltr'><strong>rem,</strong></span> <span class='ocrx_word' id='word_1_355' title='bbox 331 3031 510 3085; x_wconf 88' lang='lat' dir='ltr'><strong>virum</strong></span> <span class='ocrx_word' id='word_1_356' title='bbox 538 3030 790 3085; x_wconf 81' lang='lat' dir='ltr'><strong>videlicet</strong></span> <span class='ocrx_word' id='word_1_357' title='bbox 827 3043 1004 3092; x_wconf 90' lang='lat' dir='ltr'><strong>suum,</strong></span> <span class='ocrx_word' id='word_1_358' title='bbox 1036 3028 1104 3082; x_wconf 89' lang='lat' dir='ltr'><strong>ad</strong></span> <span class='ocrx_word' id='word_1_359' title='bbox 1143 3026 1384 3094; x_wconf 89' lang='lat' dir='ltr'><strong>ejusdem</strong></span> <span class='ocrx_word' id='word_1_360' title='bbox 1418 3037 1620 3080; x_wconf 80' lang='lat' dir='ltr'><strong>sancta:</strong></span> <span class='ocrx_word' id='word_1_361' title='bbox 1650 3025 1742 3078; x_wconf 89' lang='lat' dir='ltr'><strong>de-</strong></span> 
     </span>
    </p>
   </div>
   <div class='ocr_carea' id='block_1_47' title="bbox 159 3087 1818 3191">
    <p class='ocr_par' dir='ltr' id='par_1_47' title="bbox 159 3087 1818 3191">
     <span class='ocr_line' id='line_1_47' title="bbox 159 3087 1818 3191; baseline -0.003 -20"><span class='ocrx_word' id='word_1_362' title='bbox 159 3119 397 3174; x_wconf 81' lang='lat' dir='ltr'><strong>votionis</strong></span> <span class='ocrx_word' id='word_1_363' title='bbox 419 3119 703 3174; x_wconf 87' lang='lat' dir='ltr'><strong>infantiam</strong></span> <span class='ocrx_word' id='word_1_364' title='bbox 731 3118 822 3191; x_wconf 64' lang='lat'><strong>[[2,</strong></span> <span class='ocrx_word' id='word_1_365' title='bbox 845 3114 1186 3187; x_wconf 86' lang='lat' dir='ltr'><strong>instantiam]</strong></span> <span class='ocrx_word' id='word_1_366' title='bbox 1216 3124 1555 3186; x_wconf 85' lang='lat' dir='ltr'><strong>provecaret.</strong></span> <span class='ocrx_word' id='word_1_367' title='bbox 1589 3113 1744 3168; x_wconf 87' lang='lat' dir='ltr'><strong>Unde</strong></span> <span class='ocrx_word' id='word_1_368' title='bbox 1773 3087 1818 3150; x_wconf 59' lang='grc' dir='ltr'><strong>(ἶ</strong></span> 
     </span>
    </p>
   </div>
   <div class='ocr_carea' id='block_1_48' title="bbox 161 3203 1745 3280">
    <p class='ocr_par' dir='ltr' id='par_1_48' title="bbox 161 3203 1745 3280">
     <span class='ocr_line' id='line_1_48' title="bbox 161 3203 1745 3280; baseline -0.006 -14"><span class='ocrx_word' id='word_1_369' title='bbox 161 3221 215 3266; x_wconf 90' lang='lat' dir='ltr'><strong>et</strong></span> <span class='ocrx_word' id='word_1_370' title='bbox 240 3211 357 3264; x_wconf 69' lang='lat' dir='ltr'><strong>haec</strong></span> <span class='ocrx_word' id='word_1_371' title='bbox 387 3211 504 3280; x_wconf 86' lang='lat' dir='ltr'><strong>ejus</strong></span> <span class='ocrx_word' id='word_1_372' title='bbox 534 3210 702 3264; x_wconf 87' lang='lat' dir='ltr'><strong>verba</strong></span> <span class='ocrx_word' id='word_1_373' title='bbox 735 3218 862 3263; x_wconf 88' lang='lat' dir='ltr'><strong>sunt</strong></span> <span class='ocrx_word' id='word_1_374' title='bbox 895 3226 908 3262; x_wconf 86' lang='lat'><strong>:</strong></span> <span class='ocrx_word' id='word_1_375' title='bbox 950 3225 969 3258; x_wconf 69' lang='grc' dir='ltr'><strong>ε</strong></span> <span class='ocrx_word' id='word_1_376' title='bbox 1007 3207 1254 3276; x_wconf 90' lang='lat' dir='ltr'><strong>Oportet,</strong></span> <span class='ocrx_word' id='word_1_377' title='bbox 1284 3203 1480 3273; x_wconf 91' lang='lat' dir='ltr'><strong>inquit,</strong></span> <span class='ocrx_word' id='word_1_378' title='bbox 1525 3212 1574 3257; x_wconf 92' lang='lat' dir='ltr'><strong>te</strong></span> <span class='ocrx_word' id='word_1_379' title='bbox 1599 3218 1745 3257; x_wconf 88' lang='lat' dir='ltr'><strong>sem-</strong></span> 
     </span>
    </p>
   </div>
   <div class='ocr_carea' id='block_1_49' title="bbox 162 3295 1748 3374">
    <p class='ocr_par' dir='ltr' id='par_1_49' title="bbox 162 3295 1748 3374">
     <span class='ocr_line' id='line_1_49' title="bbox 162 3295 1748 3374; baseline -0.006 -17"><span class='ocrx_word' id='word_1_380' title='bbox 162 3320 278 3374; x_wconf 86' lang='lat' dir='ltr'><strong>per,</strong></span> <span class='ocrx_word' id='word_1_381' title='bbox 303 3304 518 3366; x_wconf 86' lang='lat' dir='ltr'><strong>marite,</strong></span> <span class='ocrx_word' id='word_1_382' title='bbox 551 3303 788 3369; x_wconf 80' lang='lat' dir='ltr'><strong>cogitare</strong></span> <span class='ocrx_word' id='word_1_383' title='bbox 816 3301 944 3370; x_wconf 87' lang='lat' dir='ltr'><strong>quid</strong></span> <span class='ocrx_word' id='word_1_384' title='bbox 986 3300 1186 3354; x_wconf 87' lang='lat' dir='ltr'><strong>dudum</strong></span> <span class='ocrx_word' id='word_1_385' title='bbox 1218 3297 1391 3353; x_wconf 88' lang='lat' dir='ltr'><strong>fuisti.</strong></span> <span class='ocrx_word' id='word_1_386' title='bbox 1431 3297 1558 3366; x_wconf 86' lang='lat' dir='ltr'><strong>quid</strong></span> <span class='ocrx_word' id='word_1_387' title='bbox 1589 3295 1748 3350; x_wconf 88' lang='lat' dir='ltr'><strong>modo</strong></span> 
     </span>
    </p>
   </div>
   <div class='ocr_carea' id='block_1_50' title="bbox 162 3387 1746 3465">
    <p class='ocr_par' dir='ltr' id='par_1_50' title="bbox 162 3387 1746 3465">
     <span class='ocr_line' id='line_1_50' title="bbox 162 3387 1746 3465; baseline -0.006 -14"><span class='ocrx_word' id='word_1_388' title='bbox 162 3400 259 3452; x_wconf 81' lang='lat' dir='ltr'><strong>sis.</strong></span> <span class='ocrx_word' id='word_1_389' title='bbox 289 3397 416 3452; x_wconf 61' lang='lat' dir='ltr'><strong>llaec</strong></span> <span class='ocrx_word' id='word_1_390' title='bbox 441 3398 485 3451; x_wconf 91' lang='lat' dir='ltr'><strong>si</strong></span> <span class='ocrx_word' id='word_1_391' title='bbox 513 3412 728 3465; x_wconf 90' lang='lat' dir='ltr'><strong>semper</strong></span> <span class='ocrx_word' id='word_1_392' title='bbox 754 3395 1105 3464; x_wconf 81' lang='lat' dir='ltr'><strong>cogitaveris,</strong></span> <span class='ocrx_word' id='word_1_393' title='bbox 1139 3393 1380 3462; x_wconf 78' lang='lat' dir='ltr'><strong>ingratus</strong></span> <span class='ocrx_word' id='word_1_394' title='bbox 1410 3387 1746 3448; x_wconf 89' lang='lat' dir='ltr'><strong>benefactori</strong></span> 
     </span>
    </p>
   </div>
   <div class='ocr_carea' id='block_1_51' title="bbox 166 3481 1749 3556">
    <p class='ocr_par' dir='ltr' id='par_1_51' title="bbox 166 3481 1749 3556">
     <span class='ocr_line' id='line_1_51' title="bbox 166 3481 1749 3556; baseline -0.005 -14"><span class='ocrx_word' id='word_1_395' title='bbox 166 3505 268 3542; x_wconf 88' lang='lat' dir='ltr'><strong>non</strong></span> <span class='ocrx_word' id='word_1_396' title='bbox 311 3489 422 3543; x_wconf 91' lang='lat' dir='ltr'><strong>eris</strong></span> <span class='ocrx_word' id='word_1_397' title='bbox 453 3505 466 3541; x_wconf 89' lang='lat'>:</span> <span class='ocrx_word' id='word_1_398' title='bbox 509 3488 602 3542; x_wconf 90' lang='lat' dir='ltr'><strong>sed</strong></span> <span class='ocrx_word' id='word_1_399' title='bbox 633 3487 940 3556; x_wconf 87' lang='lat' dir='ltr'><strong>imperitun,</strong></span> <span class='ocrx_word' id='word_1_400' title='bbox 973 3485 1116 3555; x_wconf 90' lang='lat' dir='ltr'><strong>quod</strong></span> <span class='ocrx_word' id='word_1_401' title='bbox 1146 3484 1456 3553; x_wconf 87' lang='lat' dir='ltr'><strong>suscepisti,</strong></span> <span class='ocrx_word' id='word_1_402' title='bbox 1501 3481 1749 3553; x_wconf 85' lang='lat' dir='ltr'><strong>legaliter</strong></span> 
     </span>
    </p>
   </div>
   <div class='ocr_carea' id='block_1_52' title="bbox 163 3575 1743 3650">
    <p class='ocr_par' dir='ltr' id='par_1_52' title="bbox 163 3575 1743 3650">
     <span class='ocr_line' id='line_1_52' title="bbox 163 3575 1743 3650; baseline -0.007 -17"><span class='ocrx_word' id='word_1_403' title='bbox 163 3579 513 3650; x_wconf 86' lang='lat' dir='ltr'><strong>gubernabis,</strong></span> <span class='ocrx_word' id='word_1_404' title='bbox 544 3588 600 3632; x_wconf 90' lang='lat' dir='ltr'><strong>et</strong></span> <span class='ocrx_word' id='word_1_405' title='bbox 638 3578 829 3631; x_wconf 91' lang='lat' dir='ltr'><strong>harum</strong></span> <span class='ocrx_word' id='word_1_406' title='bbox 863 3591 1040 3631; x_wconf 88' lang='lat' dir='ltr'><strong>rerum</strong></span> <span class='ocrx_word' id='word_1_407' title='bbox 1083 3575 1324 3645; x_wconf 90' lang='lat' dir='ltr'><strong>placabis</strong></span> <span class='ocrx_word' id='word_1_408' title='bbox 1366 3575 1677 3628; x_wconf 82' lang='lat' dir='ltr'><strong>Auctorem.</strong></span> <span class='ocrx_word' id='word_1_409' title='bbox 1723 3590 1743 3622; x_wconf 78' lang='grc' dir='ltr'><strong><em>ι</em></strong></span> 
     </span>
    </p>
   </div>
   <div class='ocr_carea' id='block_1_53' title="bbox 167 3663 1749 3741">
    <p class='ocr_par' dir='ltr' id='par_1_53' title="bbox 167 3663 1749 3741">
     <span class='ocr_line' id='line_1_53' title="bbox 167 3663 1749 3741; baseline -0.007 -14"><span class='ocrx_word' id='word_1_410' title='bbox 167 3673 240 3727; x_wconf 87' lang='lat' dir='ltr'><strong>De</strong></span> <span class='ocrx_word' id='word_1_411' title='bbox 275 3673 380 3726; x_wconf 86' lang='lat' dir='ltr'><strong>hac</strong></span> <span class='ocrx_word' id='word_1_412' title='bbox 407 3673 590 3741; x_wconf 86' lang='lat' dir='ltr'><strong>itaque</strong></span> <span class='ocrx_word' id='word_1_413' title='bbox 617 3670 841 3724; x_wconf 90' lang='lat' dir='ltr'><strong>muliere</strong></span> <span class='ocrx_word' id='word_1_414' title='bbox 865 3669 1045 3722; x_wconf 89' lang='lat' dir='ltr'><strong>dicere</strong></span> <span class='ocrx_word' id='word_1_415' title='bbox 1072 3681 1357 3738; x_wconf 87' lang='lat' dir='ltr'><strong>possumus</strong></span> <span class='ocrx_word' id='word_1_416' title='bbox 1396 3665 1520 3733; x_wconf 90' lang='lat' dir='ltr'><strong>quia</strong></span> <span class='ocrx_word' id='word_1_417' title='bbox 1560 3663 1749 3732; x_wconf 70' lang='lat' dir='ltr'><strong>prima:</strong></span> 
     </span>
    </p>
   </div>
   <div class='ocr_carea' id='block_1_54' title="bbox 167 3755 1750 3832">
    <p class='ocr_par' dir='ltr' id='par_1_54' title="bbox 167 3755 1750 3832">
     <span class='ocr_line' id='line_1_54' title="bbox 167 3755 1750 3832; baseline -0.008 -16"><span class='ocrx_word' id='word_1_418' title='bbox 167 3762 378 3816; x_wconf 83' lang='lat' dir='ltr'><strong>mulieri</strong></span> <span class='ocrx_word' id='word_1_419' title='bbox 400 3776 623 3832; x_wconf 90' lang='lat' dir='ltr'><strong>prorsus</strong></span> <span class='ocrx_word' id='word_1_420' title='bbox 644 3759 928 3822; x_wconf 87' lang='lat' dir='ltr'><strong>absimilis,</strong></span> <span class='ocrx_word' id='word_1_421' title='bbox 960 3765 1015 3812; x_wconf 89' lang='lat' dir='ltr'><strong>et</strong></span> <span class='ocrx_word' id='word_1_422' title='bbox 1041 3758 1254 3811; x_wconf 88' lang='lat' dir='ltr'><strong>diversa</strong></span> <span class='ocrx_word' id='word_1_423' title='bbox 1285 3755 1522 3823; x_wconf 86' lang='lat' dir='ltr'><strong>loquitur</strong></span> <span class='ocrx_word' id='word_1_424' title='bbox 1541 3762 1595 3806; x_wconf 87' lang='lat' dir='ltr'><strong>et</strong></span> <span class='ocrx_word' id='word_1_425' title='bbox 1624 3768 1750 3806; x_wconf 87' lang='lat' dir='ltr'><strong>con-</strong></span> 
     </span>
    </p>
   </div>
   <div class='ocr_carea' id='block_1_55' title="bbox 165 3848 1749 3926">
    <p class='ocr_par' dir='ltr' id='par_1_55' title="bbox 165 3848 1749 3926">
     <span class='ocr_line' id='line_1_55' title="bbox 165 3848 1749 3926; baseline -0.008 -17"><span class='ocrx_word' id='word_1_426' title='bbox 165 3857 358 3921; x_wconf 87' lang='lat' dir='ltr'><strong>traria,</strong></span> <span class='ocrx_word' id='word_1_427' title='bbox 389 3871 552 3926; x_wconf 91' lang='lat' dir='ltr'><strong>quam</strong></span> <span class='ocrx_word' id='word_1_428' title='bbox 582 3855 675 3910; x_wconf 85' lang='lat' dir='ltr'><strong>illa</strong></span> <span class='ocrx_word' id='word_1_429' title='bbox 705 3853 852 3917; x_wconf 84' lang='lat' dir='ltr'><strong>fecit,</strong></span> <span class='ocrx_word' id='word_1_430' title='bbox 883 3861 1158 3922; x_wconf 85' lang='lat' dir='ltr'><strong>operatur.</strong></span> <span class='ocrx_word' id='word_1_431' title='bbox 1184 3850 1275 3904; x_wconf 85' lang='lat' dir='ltr'><strong>llla</strong></span> <span class='ocrx_word' id='word_1_432' title='bbox 1305 3848 1572 3918; x_wconf 87' lang='lat' dir='ltr'><strong>siquidem</strong></span> <span class='ocrx_word' id='word_1_433' title='bbox 1620 3861 1749 3915; x_wconf 76' lang='lat' dir='ltr'><strong>pro-</strong></span> 
     </span>
    </p>
   </div>
   <div class='ocr_carea' id='block_1_56' title="bbox 164 3940 1756 4016">
    <p class='ocr_par' dir='ltr' id='par_1_56' title="bbox 164 3940 1756 4016">
     <span class='ocr_line' id='line_1_56' title="bbox 164 3940 1756 4016; baseline -0.008 -13"><span class='ocrx_word' id='word_1_434' title='bbox 164 3949 396 4003; x_wconf 88' lang='lat' dir='ltr'><strong>hibitum</strong></span> <span class='ocrx_word' id='word_1_435' title='bbox 430 3963 650 4016; x_wconf 90' lang='lat' dir='ltr'><strong>pomum</strong></span> <span class='ocrx_word' id='word_1_436' title='bbox 692 3946 922 4016; x_wconf 89' lang='lat' dir='ltr'><strong>primum</strong></span> <span class='ocrx_word' id='word_1_437' title='bbox 952 3944 1206 4005; x_wconf 87' lang='lat' dir='ltr'><strong>comedit,</strong></span> <span class='ocrx_word' id='word_1_438' title='bbox 1233 3940 1430 3997; x_wconf 82' lang='lat' dir='ltr'><strong>deinde</strong></span> <span class='ocrx_word' id='word_1_439' title='bbox 1462 3941 1580 3992; x_wconf 90' lang='lat' dir='ltr'><strong>viro</strong></span> <span class='ocrx_word' id='word_1_440' title='bbox 1611 3951 1664 3994; x_wconf 88' lang='lat' dir='ltr'><strong>ut</strong></span> <span class='ocrx_word' id='word_1_441' title='bbox 1698 3945 1756 3992; x_wconf 89' lang='lat' dir='ltr'><strong>et</strong></span> 
     </span>
    </p>
   </div>
   <div class='ocr_carea' id='block_1_57' title="bbox 168 4031 1756 4107">
    <p class='ocr_par' dir='ltr' id='par_1_57' title="bbox 168 4031 1756 4107">
     <span class='ocr_line' id='line_1_57' title="bbox 168 4031 1756 4107; baseline -0.004 -16"><span class='ocrx_word' id='word_1_442' title='bbox 168 4040 278 4107; x_wconf 85' lang='lat' dir='ltr'><strong>ipse</strong></span> <span class='ocrx_word' id='word_1_443' title='bbox 307 4038 622 4092; x_wconf 89' lang='lat' dir='ltr'><strong>eomederet</strong></span> <span class='ocrx_word' id='word_1_444' title='bbox 645 4036 817 4092; x_wconf 87' lang='lat' dir='ltr'><strong>suasit</strong></span> <span class='ocrx_word' id='word_1_445' title='bbox 842 4033 994 4106; x_wconf 80' lang='lat' dir='ltr'><strong>(Gen.</strong></span> <span class='ocrx_word' id='word_1_446' title='bbox 1034 4035 1150 4104; x_wconf 84' lang='lat' dir='ltr'><strong>ut);</strong></span> <span class='ocrx_word' id='word_1_447' title='bbox 1190 4033 1291 4087; x_wconf 90' lang='lat' dir='ltr'><strong>ista</strong></span> <span class='ocrx_word' id='word_1_448' title='bbox 1336 4047 1466 4086; x_wconf 91' lang='lat' dir='ltr'><strong>vero</strong></span> <span class='ocrx_word' id='word_1_449' title='bbox 1496 4031 1612 4085; x_wconf 91' lang='lat' dir='ltr'><strong>viro</strong></span> <span class='ocrx_word' id='word_1_450' title='bbox 1653 4045 1756 4084; x_wconf 88' lang='lat' dir='ltr'><strong>suo</strong></span> 
     </span>
    </p>
   </div>
   <div class='ocr_carea' id='block_1_58' title="bbox 166 4125 1755 4196">
    <p class='ocr_par' dir='ltr' id='par_1_58' title="bbox 166 4125 1755 4196">
     <span class='ocr_line' id='line_1_58' title="bbox 166 4125 1755 4196; baseline -0.006 -9"><span class='ocrx_word' id='word_1_451' title='bbox 166 4145 216 4188; x_wconf 89' lang='lat' dir='ltr'><strong>et</strong></span> <span class='ocrx_word' id='word_1_452' title='bbox 263 4133 539 4187; x_wconf 68' lang='lat' dir='ltr'><strong>imitandae</strong></span> <span class='ocrx_word' id='word_1_453' title='bbox 585 4130 1015 4186; x_wconf 86' lang='lat' dir='ltr'><strong>conversationis</strong></span> <span class='ocrx_word' id='word_1_454' title='bbox 1063 4125 1396 4196; x_wconf 89' lang='lat' dir='ltr'><strong>exemplum,</strong></span> <span class='ocrx_word' id='word_1_455' title='bbox 1447 4132 1501 4180; x_wconf 87' lang='lat' dir='ltr'><strong>et</strong></span> <span class='ocrx_word' id='word_1_456' title='bbox 1551 4132 1755 4178; x_wconf 72' lang='lat' dir='ltr'><strong>sancta:</strong></span> 
     </span>
    </p>
   </div>
   <div class='ocr_carea' id='block_1_59' title="bbox 166 4216 1744 4289">
    <p class='ocr_par' dir='ltr' id='par_1_59' title="bbox 166 4216 1744 4289">
     <span class='ocr_line' id='line_1_59' title="bbox 166 4216 1744 4289; baseline -0.007 -11"><span class='ocrx_word' id='word_1_457' title='bbox 166 4226 568 4280; x_wconf 69' lang='lat' dir='ltr'><strong>exhortationis</strong></span> <span class='ocrx_word' id='word_1_458' title='bbox 617 4223 944 4277; x_wconf 89' lang='lat' dir='ltr'><strong>ministravit</strong></span> <span class='ocrx_word' id='word_1_459' title='bbox 990 4220 1284 4289; x_wconf 85' lang='lat' dir='ltr'><strong>eloquium.</strong></span> <span class='ocrx_word' id='word_1_460' title='bbox 1323 4216 1416 4271; x_wconf 89' lang='lat' dir='ltr'><strong>Illa</strong></span> <span class='ocrx_word' id='word_1_461' title='bbox 1469 4216 1633 4287; x_wconf 80' lang='lat' dir='ltr'><strong>igitur</strong></span> <span class='ocrx_word' id='word_1_462' title='bbox 1685 4222 1744 4268; x_wconf 88' lang='lat' dir='ltr'><strong>et</strong></span> 
     </span>
    </p>
   </div>
   <div class='ocr_carea' id='block_1_60' title="bbox 169 4309 1752 4384">
    <p class='ocr_par' dir='ltr' id='par_1_60' title="bbox 169 4309 1752 4384">
     <span class='ocr_line' id='line_1_60' title="bbox 169 4309 1752 4384; baseline -0.004 -15"><span class='ocrx_word' id='word_1_463' title='bbox 169 4318 374 4384; x_wconf 76' lang='lat' dir='ltr'><strong>agendo</strong></span> <span class='ocrx_word' id='word_1_464' title='bbox 410 4325 469 4371; x_wconf 87' lang='lat' dir='ltr'><strong>et</strong></span> <span class='ocrx_word' id='word_1_465' title='bbox 509 4314 782 4384; x_wconf 85' lang='lat' dir='ltr'><strong>loquendo</strong></span> <span class='ocrx_word' id='word_1_466' title='bbox 807 4315 873 4367; x_wconf 92' lang='lat' dir='ltr'><strong>de</strong></span> <span class='ocrx_word' id='word_1_467' title='bbox 905 4311 1138 4383; x_wconf 86' lang='lat' dir='ltr'><strong>paradisi</strong></span> <span class='ocrx_word' id='word_1_468' title='bbox 1188 4311 1530 4380; x_wconf 88' lang='lat' dir='ltr'><strong>possessione</strong></span> <span class='ocrx_word' id='word_1_469' title='bbox 1575 4309 1752 4362; x_wconf 84' lang='lat' dir='ltr'><strong>virum</strong></span> 
     </span>
    </p>
   </div>
   <div class='ocr_carea' id='block_1_61' title="bbox 170 4403 1642 4481">
    <p class='ocr_par' dir='ltr' id='par_1_61' title="bbox 170 4403 1642 4481">
     <span class='ocr_line' id='line_1_61' title="bbox 170 4403 1642 4481; baseline -0.005 -15"><span class='ocrx_word' id='word_1_470' title='bbox 170 4412 369 4481; x_wconf 77' lang='lat' dir='ltr'><strong>expulit</strong></span> <span class='ocrx_word' id='word_1_471' title='bbox 400 4427 414 4464; x_wconf 91' lang='lat'>:</span> <span class='ocrx_word' id='word_1_472' title='bbox 447 4410 551 4464; x_wconf 90' lang='lat' dir='ltr'><strong>ista</strong></span> <span class='ocrx_word' id='word_1_473' title='bbox 589 4423 746 4462; x_wconf 91' lang='lat' dir='ltr'><strong>suum</strong></span> <span class='ocrx_word' id='word_1_474' title='bbox 772 4407 951 4461; x_wconf 84' lang='lat' dir='ltr'><strong>verbis</strong></span> <span class='ocrx_word' id='word_1_475' title='bbox 980 4413 1034 4461; x_wconf 91' lang='lat' dir='ltr'><strong>et</strong></span> <span class='ocrx_word' id='word_1_476' title='bbox 1059 4404 1313 4473; x_wconf 90' lang='lat' dir='ltr'><strong>operibus</strong></span> <span class='ocrx_word' id='word_1_477' title='bbox 1347 4403 1642 4459; x_wconf 74' lang='lat' dir='ltr'><strong>revocavit.</strong></span> 
     </span>
    </p>
   </div>
   <div class='ocr_carea' id='block_1_62' title="bbox 232 4494 1755 4574">
    <p class='ocr_par' dir='ltr' id='par_1_62' title="bbox 232 4494 1755 4574">
     <span class='ocr_line' id='line_1_62' title="bbox 232 4494 1755 4574; baseline -0.008 -14"><span class='ocrx_word' id='word_1_478' title='bbox 232 4505 348 4560; x_wconf 74' lang='lat' dir='ltr'><strong>Noli</strong></span> <span class='ocrx_word' id='word_1_479' title='bbox 402 4513 696 4574; x_wconf 63' lang='lat' dir='ltr'><strong>praeterea,</strong></span> <span class='ocrx_word' id='word_1_480' title='bbox 737 4499 949 4554; x_wconf 88' lang='lat' dir='ltr'><strong>domina</strong></span> <span class='ocrx_word' id='word_1_481' title='bbox 997 4513 1136 4560; x_wconf 91' lang='lat' dir='ltr'><strong>mea,</strong></span> <span class='ocrx_word' id='word_1_482' title='bbox 1184 4496 1291 4551; x_wconf 91' lang='lat' dir='ltr'><strong>noli</strong></span> <span class='ocrx_word' id='word_1_483' title='bbox 1323 4497 1461 4551; x_wconf 87' lang='lat' dir='ltr'><strong>sicut</strong></span> <span class='ocrx_word' id='word_1_484' title='bbox 1508 4494 1755 4565; x_wconf 87' lang='lat' dir='ltr'><strong>plerique</strong></span> 
     </span>
    </p>
   </div>
   <div class='ocr_carea' id='block_1_63' title="bbox 169 4583 1757 4664">
    <p class='ocr_par' dir='ltr' id='par_1_63' title="bbox 169 4583 1757 4664">
     <span class='ocr_line' id='line_1_63' title="bbox 169 4583 1757 4664; baseline -0.009 -14"><span class='ocrx_word' id='word_1_485' title='bbox 169 4596 344 4651; x_wconf 66' lang='lat' dir='ltr'><strong>sarenli</strong></span> <span class='ocrx_word' id='word_1_486' title='bbox 392 4601 669 4664; x_wconf 88' lang='lat' dir='ltr'><strong>potentes,</strong></span> <span class='ocrx_word' id='word_1_487' title='bbox 700 4587 1056 4645; x_wconf 88' lang='lat' dir='ltr'><strong>ecclesiastici</strong></span> <span class='ocrx_word' id='word_1_488' title='bbox 1081 4586 1222 4656; x_wconf 91' lang='lat' dir='ltr'><strong>juris</strong></span> <span class='ocrx_word' id='word_1_489' title='bbox 1256 4585 1646 4640; x_wconf 85' lang='lat' dir='ltr'><strong>contiseatione</strong></span> <span class='ocrx_word' id='word_1_490' title='bbox 1677 4583 1757 4636; x_wconf 89' lang='lat' dir='ltr'><strong>di-</strong></span> 
     </span>
    </p>
   </div>
   <div class='ocr_carea' id='block_1_64' title="bbox 169 4674 1756 4753">
    <p class='ocr_par' dir='ltr' id='par_1_64' title="bbox 169 4674 1756 4753">
     <span class='ocr_line' id='line_1_64' title="bbox 169 4674 1756 4753; baseline -0.011 -8"><span class='ocrx_word' id='word_1_491' title='bbox 169 4700 395 4753; x_wconf 85' lang='lat' dir='ltr'><strong>tescere,</strong></span> <span class='ocrx_word' id='word_1_492' title='bbox 447 4687 544 4741; x_wconf 90' lang='lat' dir='ltr'><strong>sed</strong></span> <span class='ocrx_word' id='word_1_493' title='bbox 586 4683 744 4739; x_wconf 88' lang='lat' dir='ltr'><strong>stude</strong></span> <span class='ocrx_word' id='word_1_494' title='bbox 775 4682 952 4752; x_wconf 89' lang='lat' dir='ltr'><strong>potius</strong></span> <span class='ocrx_word' id='word_1_495' title='bbox 994 4679 1256 4735; x_wconf 90' lang='lat' dir='ltr'><strong>ecclesias</strong></span> <span class='ocrx_word' id='word_1_496' title='bbox 1297 4687 1483 4732; x_wconf 84' lang='lat' dir='ltr'><strong>tenues</strong></span> <span class='ocrx_word' id='word_1_497' title='bbox 1523 4674 1756 4744; x_wconf 75' lang='lat' dir='ltr'><strong>prtedio-</strong></span> 
     </span>
    </p>
   </div>
   <div class='ocr_carea' id='block_1_65' title="bbox 166 4763 1756 4835">
    <p class='ocr_par' dir='ltr' id='par_1_65' title="bbox 166 4763 1756 4835">
     <span class='ocr_line' id='line_1_65' title="bbox 166 4763 1756 4835; baseline -0.011 1"><span class='ocrx_word' id='word_1_498' title='bbox 166 4796 280 4835; x_wconf 87' lang='lat' dir='ltr'><strong>rum</strong></span> <span class='ocrx_word' id='word_1_499' title='bbox 315 4791 537 4834; x_wconf 90' lang='lat' dir='ltr'><strong>tuorum</strong></span> <span class='ocrx_word' id='word_1_500' title='bbox 569 4775 861 4832; x_wconf 89' lang='lat' dir='ltr'><strong>collatione</strong></span> <span class='ocrx_word' id='word_1_501' title='bbox 903 4773 1097 4828; x_wconf 88' lang='lat' dir='ltr'><strong>ditare.</strong></span> <span class='ocrx_word' id='word_1_502' title='bbox 1147 4771 1220 4825; x_wconf 88' lang='lat' dir='ltr'><strong>Da</strong></span> <span class='ocrx_word' id='word_1_503' title='bbox 1265 4779 1488 4831; x_wconf 86' lang='lat' dir='ltr'><strong>terram,</strong></span> <span class='ocrx_word' id='word_1_504' title='bbox 1525 4775 1584 4821; x_wconf 89' lang='lat' dir='ltr'><strong>et</strong></span> <span class='ocrx_word' id='word_1_505' title='bbox 1631 4763 1756 4820; x_wconf 93' lang='lat' dir='ltr'><strong>tolle</strong></span> 
     </span>
    </p>
   </div>
   <div class='ocr_carea' id='block_1_66' title="bbox 163 4855 1754 4927">
    <p class='ocr_par' dir='ltr' id='par_1_66' title="bbox 163 4855 1754 4927">
     <span class='ocr_line' id='line_1_66' title="bbox 163 4855 1754 4927; baseline -0.013 0"><span class='ocrx_word' id='word_1_506' title='bbox 163 4873 379 4927; x_wconf 70' lang='lat' dir='ltr'><strong>cretum.</strong></span> <span class='ocrx_word' id='word_1_507' title='bbox 409 4865 801 4925; x_wconf 83' lang='lat' dir='ltr'><strong>Possessiones</strong></span> <span class='ocrx_word' id='word_1_508' title='bbox 831 4862 1154 4919; x_wconf 73' lang='lat' dir='ltr'><strong>transitorize</strong></span> <span class='ocrx_word' id='word_1_509' title='bbox 1185 4858 1581 4915; x_wconf 84' lang='lat' dir='ltr'><strong>transferantur</strong></span> <span class='ocrx_word' id='word_1_510' title='bbox 1605 4855 1657 4908; x_wconf 92' lang='lat' dir='ltr'><strong>in</strong></span> <span class='ocrx_word' id='word_1_511' title='bbox 1688 4855 1754 4908; x_wconf 89' lang='lat' dir='ltr'><strong>ti-</strong></span> 
     </span>
    </p>
   </div>
   <div class='ocr_carea' id='block_1_67' title="bbox 163 4946 1757 5020">
    <p class='ocr_par' dir='ltr' id='par_1_67' title="bbox 163 4946 1757 5020">
     <span class='ocr_line' id='line_1_67' title="bbox 163 4946 1757 5020; baseline -0.012 -1"><span class='ocrx_word' id='word_1_512' title='bbox 163 4964 303 5020; x_wconf 87' lang='lat' dir='ltr'><strong>tulos</strong></span> <span class='ocrx_word' id='word_1_513' title='bbox 338 4957 690 5018; x_wconf 77' lang='lat' dir='ltr'><strong>bzereditatis</strong></span> <span class='ocrx_word' id='word_1_514' title='bbox 732 4967 964 5011; x_wconf 72' lang='lat' dir='ltr'><strong>:eteruze.</strong></span> <span class='ocrx_word' id='word_1_515' title='bbox 1016 4954 1201 5007; x_wconf 87' lang='lat' dir='ltr'><strong>Dicam</strong></span> <span class='ocrx_word' id='word_1_516' title='bbox 1251 4968 1400 5014; x_wconf 85' lang='lat' dir='ltr'><strong>sane,</strong></span> <span class='ocrx_word' id='word_1_517' title='bbox 1449 4947 1593 5018; x_wconf 89' lang='lat' dir='ltr'><strong>quod</strong></span> <span class='ocrx_word' id='word_1_518' title='bbox 1627 4946 1757 5002; x_wconf 80' lang='lat' dir='ltr'><strong>mihi</strong></span> 
     </span>
    </p>
   </div>
   <div class='ocr_carea' id='block_1_68' title="bbox 165 5037 1760 5113">
    <p class='ocr_par' dir='ltr' id='par_1_68' title="bbox 165 5037 1760 5113">
     <span class='ocr_line' id='line_1_68' title="bbox 165 5037 1760 5113; baseline -0.014 0"><span class='ocrx_word' id='word_1_519' title='bbox 165 5057 346 5113; x_wconf 86' lang='lat' dir='ltr'><strong>retulit</strong></span> <span class='ocrx_word' id='word_1_520' title='bbox 384 5051 706 5112; x_wconf 84' lang='lat' dir='ltr'><strong>lleinrieus,</strong></span> <span class='ocrx_word' id='word_1_521' title='bbox 733 5044 1056 5102; x_wconf 71' lang='lat' dir='ltr'><strong>venerabilis</strong></span> <span class='ocrx_word' id='word_1_522' title='bbox 1085 5052 1265 5097; x_wconf 90' lang='lat' dir='ltr'><strong>rector</strong></span> <span class='ocrx_word' id='word_1_523' title='bbox 1290 5038 1521 5097; x_wconf 71' lang='lat' dir='ltr'><strong>emnobii</strong></span> <span class='ocrx_word' id='word_1_524' title='bbox 1557 5037 1625 5092; x_wconf 90' lang='lat' dir='ltr'><strong>ad</strong></span> <span class='ocrx_word' id='word_1_525' title='bbox 1656 5037 1760 5092; x_wconf 89' lang='lat' dir='ltr'><strong>bo—</strong></span> 
     </span>
    </p>
   </div>
   <div class='ocr_carea' id='block_1_69' title="bbox 163 5127 1760 5206">
    <p class='ocr_par' dir='ltr' id='par_1_69' title="bbox 163 5127 1760 5206">
     <span class='ocr_line' id='line_1_69' title="bbox 163 5127 1760 5206; baseline -0.013 -5"><span class='ocrx_word' id='word_1_526' title='bbox 163 5163 346 5203; x_wconf 84' lang='lat' dir='ltr'><strong>norem</strong></span> <span class='ocrx_word' id='word_1_527' title='bbox 372 5147 670 5200; x_wconf 86' lang='lat' dir='ltr'><strong>beatarum</strong></span> <span class='ocrx_word' id='word_1_528' title='bbox 705 5136 965 5206; x_wconf 80' lang='lat' dir='ltr'><strong>virginum</strong></span> <span class='ocrx_word' id='word_1_529' title='bbox 991 5133 1164 5188; x_wconf 68' lang='lat' dir='ltr'><strong>Florae</strong></span> <span class='ocrx_word' id='word_1_530' title='bbox 1187 5141 1241 5187; x_wconf 93' lang='lat' dir='ltr'><strong>et</strong></span> <span class='ocrx_word' id='word_1_531' title='bbox 1268 5131 1508 5192; x_wconf 70' lang='lat' dir='ltr'><strong>Lucillm,</strong></span> <span class='ocrx_word' id='word_1_532' title='bbox 1540 5127 1592 5180; x_wconf 94' lang='lat' dir='ltr'><strong>in</strong></span> <span class='ocrx_word' id='word_1_533' title='bbox 1623 5127 1760 5181; x_wconf 82' lang='lat' dir='ltr'><strong>Are-</strong></span> 
     </span>
    </p>
   </div>
   <div class='ocr_carea' id='block_1_70' title="bbox 165 5219 1758 5293">
    <p class='ocr_par' dir='ltr' id='par_1_70' title="bbox 165 5219 1758 5293">
     <span class='ocr_line' id='line_1_70' title="bbox 165 5219 1758 5293; baseline -0.012 -2"><span class='ocrx_word' id='word_1_534' title='bbox 165 5241 272 5293; x_wconf 89' lang='lat' dir='ltr'><strong>tino</strong></span> <span class='ocrx_word' id='word_1_535' title='bbox 300 5233 595 5292; x_wconf 87' lang='lat' dir='ltr'><strong>territorio</strong></span> <span class='ocrx_word' id='word_1_536' title='bbox 655 5228 928 5281; x_wconf 83' lang='lat' dir='ltr'><strong>constituti</strong></span> <span class='ocrx_word' id='word_1_537' title='bbox 981 5243 994 5277; x_wconf 93' lang='lat'><strong>:</strong></span> <span class='ocrx_word' id='word_1_538' title='bbox 1041 5223 1291 5287; x_wconf 76' lang='lat' dir='ltr'><strong>Videsne,</strong></span> <span class='ocrx_word' id='word_1_539' title='bbox 1334 5223 1436 5288; x_wconf 86' lang='lat' dir='ltr'><strong>ait,</strong></span> <span class='ocrx_word' id='word_1_540' title='bbox 1473 5219 1758 5274; x_wconf 89' lang='lat' dir='ltr'><strong>basilicam</strong></span> 
     </span>
    </p>
   </div>
   <div class='ocr_carea' id='block_1_71' title="bbox 418 5315 1760 5344">
    <p class='ocr_par' dir='ltr' id='par_1_71' title="bbox 418 5315 1760 5344">
     <span class='ocr_line' id='line_1_71' title="bbox 418 5315 1760 5344; baseline 0 0"><span class='ocrx_word' id='word_1_541' title='bbox 418 5317 680 5344; x_wconf 70' lang='grc' dir='ltr'><strong>.,--ι...-.⁸“)</strong></span> <span class='ocrx_word' id='word_1_542' title='bbox 709 5315 824 5344; x_wconf 53' lang='lat' dir='ltr'><strong>Illa“</strong></span> <span class='ocrx_word' id='word_1_543' title='bbox 855 5316 1058 5344; x_wconf 69' lang='grc' dir='ltr'><strong>..ητΙῖηοΙ</strong></span> <span class='ocrx_word' id='word_1_544' title='bbox 1102 5315 1254 5344; x_wconf 61' lang='lat' dir='ltr'><strong>mal-sio</strong></span> <span class='ocrx_word' id='word_1_545' title='bbox 1289 5315 1388 5344; x_wconf 65' lang='grc' dir='ltr'><strong>ἴση.</strong></span> <span class='ocrx_word' id='word_1_546' title='bbox 1429 5318 1545 5344; x_wconf 57' lang='lat' dir='ltr'><strong>tanta!</strong></span> <span class='ocrx_word' id='word_1_547' title='bbox 1583 5315 1760 5344; x_wconf 66' lang='grc' dir='ltr'><strong>Ωιιηιί-</strong></span> 
     </span>
    </p>
   </div>
   <div class='ocr_carea' id='block_1_72' title="bbox 1785 4452 1834 4512">
    <p class='ocr_par' dir='ltr' id='par_1_72' title="bbox 1785 4452 1834 4512">
     <span class='ocr_line' id='line_1_72' title="bbox 1785 4452 1834 4512; baseline 0 0"><span class='ocrx_word' id='word_1_548' title='bbox 1785 4452 1834 4512; x_wconf 91' lang='lat' dir='ltr'><strong>D</strong></span> 
     </span>
    </p>
   </div>
   <div class='ocr_carea' id='block_1_73' title="bbox 1843 1843 3419 1917">
    <p class='ocr_par' dir='ltr' id='par_1_73' title="bbox 1843 1843 3419 1917">
     <span class='ocr_line' id='line_1_73' title="bbox 1843 1843 3419 1917; baseline 0.001 -20"><span class='ocrx_word' id='word_1_549' title='bbox 1843 1851 1996 1898; x_wconf 87' lang='lat' dir='ltr'><strong>ctare</strong></span> <span class='ocrx_word' id='word_1_550' title='bbox 2043 1843 2248 1910; x_wconf 89' lang='lat' dir='ltr'><strong>titulos,</strong></span> <span class='ocrx_word' id='word_1_551' title='bbox 2283 1845 2580 1914; x_wconf 82' lang='lat' dir='ltr'><strong>gloriosum</strong></span> <span class='ocrx_word' id='word_1_552' title='bbox 2628 1855 2938 1900; x_wconf 85' lang='lat' dir='ltr'><strong>sanctorum</strong></span> <span class='ocrx_word' id='word_1_553' title='bbox 2998 1846 3419 1917; x_wconf 74' lang='lat' dir='ltr'><strong>praecedentium</strong></span> 
     </span>
    </p>
   </div>
   <div class='ocr_carea' id='block_1_74' title="bbox 1841 1935 3425 2007">
    <p class='ocr_par' dir='ltr' id='par_1_74' title="bbox 1841 1935 3425 2007">
     <span class='ocr_line' id='line_1_74' title="bbox 1841 1935 3425 2007; baseline 0 -19"><span class='ocrx_word' id='word_1_554' title='bbox 1841 1935 2178 2006; x_wconf 71' lang='lat' dir='ltr'><strong>aequiparare</strong></span> <span class='ocrx_word' id='word_1_555' title='bbox 2205 1936 2527 2007; x_wconf 86' lang='lat' dir='ltr'><strong>triumphos.</strong></span> <span class='ocrx_word' id='word_1_556' title='bbox 2562 1936 2822 1991; x_wconf 83' lang='lat' dir='ltr'><strong>Helenam</strong></span> <span class='ocrx_word' id='word_1_557' title='bbox 2854 1938 3123 2006; x_wconf 82' lang='lat' dir='ltr'><strong>siquidem</strong></span> <span class='ocrx_word' id='word_1_558' title='bbox 3156 1935 3425 1991; x_wconf 86' lang='lat' dir='ltr'><strong>Constan-</strong></span> 
     </span>
    </p>
   </div>
   <div class='ocr_carea' id='block_1_75' title="bbox 1844 2025 3423 2094">
    <p class='ocr_par' dir='ltr' id='par_1_75' title="bbox 1844 2025 3423 2094">
     <span class='ocr_line' id='line_1_75' title="bbox 1844 2025 3423 2094; baseline 0.001 -16"><span class='ocrx_word' id='word_1_559' title='bbox 1844 2025 1938 2078; x_wconf 91' lang='lat' dir='ltr'><strong>tini</strong></span> <span class='ocrx_word' id='word_1_560' title='bbox 1983 2025 2240 2094; x_wconf 90' lang='lat' dir='ltr'><strong>principis</strong></span> <span class='ocrx_word' id='word_1_561' title='bbox 2284 2034 2510 2080; x_wconf 89' lang='lat' dir='ltr'><strong>matrem</strong></span> <span class='ocrx_word' id='word_1_562' title='bbox 2559 2025 2912 2080; x_wconf 86' lang='lat' dir='ltr'><strong>stabulariam</strong></span> <span class='ocrx_word' id='word_1_563' title='bbox 2962 2025 3129 2080; x_wconf 85' lang='lat' dir='ltr'><strong>fuisse</strong></span> <span class='ocrx_word' id='word_1_564' title='bbox 3180 2025 3423 2080; x_wconf 81' lang='lat' dir='ltr'><strong>Romana</strong></span> 
     </span>
    </p>
   </div>
   <div class='ocr_carea' id='block_1_76' title="bbox 1844 2117 3426 2188">
    <p class='ocr_par' dir='ltr' id='par_1_76' title="bbox 1844 2117 3426 2188">
     <span class='ocr_line' id='line_1_76' title="bbox 1844 2117 3426 2188; baseline 0.001 -19"><span class='ocrx_word' id='word_1_565' title='bbox 1844 2117 2006 2171; x_wconf 88' lang='lat' dir='ltr'><strong>tradit</strong></span> <span class='ocrx_word' id='word_1_566' title='bbox 2036 2117 2280 2172; x_wconf 85' lang='lat' dir='ltr'><strong>historia.</strong></span> <span class='ocrx_word' id='word_1_567' title='bbox 2310 2117 2466 2173; x_wconf 88' lang='lat' dir='ltr'><strong>Unde</strong></span> <span class='ocrx_word' id='word_1_568' title='bbox 2484 2126 2539 2172; x_wconf 90' lang='lat' dir='ltr'><strong>et</strong></span> <span class='ocrx_word' id='word_1_569' title='bbox 2562 2117 2803 2188; x_wconf 80' lang='lat' dir='ltr'><strong>Entmpii</strong></span> <span class='ocrx_word' id='word_1_570' title='bbox 2829 2119 2943 2174; x_wconf 71' lang='lat' dir='ltr'><strong>haec</strong></span> <span class='ocrx_word' id='word_1_571' title='bbox 2972 2117 3092 2172; x_wconf 86' lang='lat' dir='ltr'><strong>fere</strong></span> <span class='ocrx_word' id='word_1_572' title='bbox 3109 2118 3272 2172; x_wconf 87' lang='lat' dir='ltr'><strong>verba</strong></span> <span class='ocrx_word' id='word_1_573' title='bbox 3298 2126 3426 2171; x_wconf 80' lang='lat' dir='ltr'><strong>sunt</strong></span> 
     </span>
    </p>
   </div>
   <div class='ocr_carea' id='block_1_77' title="bbox 1844 2206 3425 2279">
    <p class='ocr_par' dir='ltr' id='par_1_77' title="bbox 1844 2206 3425 2279">
     <span class='ocr_line' id='line_1_77' title="bbox 1844 2206 3425 2279; baseline 0.001 -19"><span class='ocrx_word' id='word_1_574' title='bbox 1844 2207 2009 2277; x_wconf 76' lang='lat' dir='ltr'><strong>(Hist.</strong></span> <span class='ocrx_word' id='word_1_575' title='bbox 2036 2207 2131 2261; x_wconf 88' lang='lat' dir='ltr'><strong>lib.</strong></span> <span class='ocrx_word' id='word_1_576' title='bbox 2165 2207 2220 2279; x_wconf 55' lang='lat' dir='ltr'><strong>rs.)</strong></span> <span class='ocrx_word' id='word_1_577' title='bbox 2248 2226 2260 2261; x_wconf 92' lang='lat'><strong>:</strong></span> <span class='ocrx_word' id='word_1_578' title='bbox 2305 2227 2323 2259; x_wconf 71' lang='grc' dir='ltr'>ι</span> <span class='ocrx_word' id='word_1_579' title='bbox 2357 2207 2739 2272; x_wconf 88' lang='lat' dir='ltr'><strong>Constantino,</strong></span> <span class='ocrx_word' id='word_1_580' title='bbox 2783 2209 2976 2277; x_wconf 88' lang='lat' dir='ltr'><strong>inquit,</strong></span> <span class='ocrx_word' id='word_1_581' title='bbox 3012 2215 3248 2272; x_wconf 85' lang='lat' dir='ltr'><strong>mortuo,</strong></span> <span class='ocrx_word' id='word_1_582' title='bbox 3277 2206 3425 2261; x_wconf 86' lang='lat' dir='ltr'><strong>Con-</strong></span> 
     </span>
    </p>
   </div>
   <div class='ocr_carea' id='block_1_78' title="bbox 1845 2299 3429 2368">
    <p class='ocr_par' dir='ltr' id='par_1_78' title="bbox 1845 2299 3429 2368">
     <span class='ocr_line' id='line_1_78' title="bbox 1845 2299 3429 2368; baseline -0.001 -13"><span class='ocrx_word' id='word_1_583' title='bbox 1845 2300 2119 2355; x_wconf 88' lang='lat' dir='ltr'><strong>stantinus</strong></span> <span class='ocrx_word' id='word_1_584' title='bbox 2149 2316 2216 2355; x_wconf 89' lang='lat' dir='ltr'><strong>ex</strong></span> <span class='ocrx_word' id='word_1_585' title='bbox 2253 2301 2556 2355; x_wconf 87' lang='lat' dir='ltr'><strong>obseuriori</strong></span> <span class='ocrx_word' id='word_1_586' title='bbox 2610 2301 2959 2358; x_wconf 89' lang='lat' dir='ltr'><strong>matrimonio</strong></span> <span class='ocrx_word' id='word_1_587' title='bbox 3008 2299 3128 2368; x_wconf 90' lang='lat' dir='ltr'><strong>ejus</strong></span> <span class='ocrx_word' id='word_1_588' title='bbox 3174 2299 3317 2353; x_wconf 83' lang='lat' dir='ltr'><strong>filius</strong></span> <span class='ocrx_word' id='word_1_589' title='bbox 3362 2299 3429 2355; x_wconf 86' lang='lat' dir='ltr'><strong>de</strong></span> 
     </span>
    </p>
   </div>
   <div class='ocr_carea' id='block_1_79' title="bbox 1844 2389 3427 2459">
    <p class='ocr_par' dir='ltr' id='par_1_79' title="bbox 1844 2389 3427 2459">
     <span class='ocr_line' id='line_1_79' title="bbox 1844 2389 3427 2459; baseline -0.002 -15"><span class='ocrx_word' id='word_1_590' title='bbox 1844 2389 2121 2444; x_wconf 90' lang='lat' dir='ltr'><strong>Britannia</strong></span> <span class='ocrx_word' id='word_1_591' title='bbox 2144 2399 2365 2444; x_wconf 92' lang='lat' dir='ltr'><strong>creatus</strong></span> <span class='ocrx_word' id='word_1_592' title='bbox 2387 2398 2471 2444; x_wconf 91' lang='lat' dir='ltr'><strong>est</strong></span> <span class='ocrx_word' id='word_1_593' title='bbox 2491 2391 2802 2459; x_wconf 84' lang='lat' dir='ltr'><strong>imperator.</strong></span> <span class='ocrx_word' id='word_1_594' title='bbox 2839 2409 2856 2440; x_wconf 73' lang='grc' dir='ltr'><strong><em>ι</em></strong></span> <span class='ocrx_word' id='word_1_595' title='bbox 2891 2389 2987 2444; x_wconf 87' lang='lat' dir='ltr'><strong>Cui</strong></span> <span class='ocrx_word' id='word_1_596' title='bbox 3013 2389 3225 2444; x_wconf 90' lang='lat' dir='ltr'><strong>scilicet</strong></span> <span class='ocrx_word' id='word_1_597' title='bbox 3247 2403 3427 2444; x_wconf 87' lang='lat' dir='ltr'><strong>asser-</strong></span> 
     </span>
    </p>
   </div>
   <div class='ocr_carea' id='block_1_80' title="bbox 1847 2478 3426 2551">
    <p class='ocr_par' dir='ltr' id='par_1_80' title="bbox 1847 2478 3426 2551">
     <span class='ocr_line' id='line_1_80' title="bbox 1847 2478 3426 2551; baseline -0.003 -15"><span class='ocrx_word' id='word_1_598' title='bbox 1847 2481 1977 2536; x_wconf 86' lang='lat' dir='ltr'><strong>tioni</strong></span> <span class='ocrx_word' id='word_1_599' title='bbox 2004 2481 2196 2535; x_wconf 87' lang='lat' dir='ltr'><strong>beatus</strong></span> <span class='ocrx_word' id='word_1_600' title='bbox 2219 2480 2383 2535; x_wconf 90' lang='lat' dir='ltr'><strong>etiam</strong></span> <span class='ocrx_word' id='word_1_601' title='bbox 2415 2481 2470 2534; x_wconf 92' lang='lat' dir='ltr'><strong>in</strong></span> <span class='ocrx_word' id='word_1_602' title='bbox 2502 2482 2614 2535; x_wconf 91' lang='lat' dir='ltr'><strong>suis</strong></span> <span class='ocrx_word' id='word_1_603' title='bbox 2645 2480 2890 2551; x_wconf 88' lang='lat' dir='ltr'><strong>epistolis</strong></span> <span class='ocrx_word' id='word_1_604' title='bbox 2932 2480 3262 2548; x_wconf 89' lang='lat' dir='ltr'><strong>astipulatur</strong></span> <span class='ocrx_word' id='word_1_605' title='bbox 3296 2478 3426 2532; x_wconf 84' lang='lat' dir='ltr'><strong>Am-</strong></span> 
     </span>
    </p>
   </div>
   <div class='ocr_carea' id='block_1_81' title="bbox 1843 2569 3430 2644">
    <p class='ocr_par' dir='ltr' id='par_1_81' title="bbox 1843 2569 3430 2644">
     <span class='ocr_line' id='line_1_81' title="bbox 1843 2569 3430 2644; baseline -0.001 -18"><span class='ocrx_word' id='word_1_606' title='bbox 1843 2572 2057 2628; x_wconf 89' lang='lat' dir='ltr'><strong>brosius</strong></span> <span class='ocrx_word' id='word_1_607' title='bbox 2108 2572 2190 2644; x_wconf 88' lang='lat' dir='ltr'><strong>(S.</strong></span> <span class='ocrx_word' id='word_1_608' title='bbox 2243 2571 2437 2631; x_wconf 66' lang='lat' dir='ltr'><strong>Auum,</strong></span> <span class='ocrx_word' id='word_1_609' title='bbox 2492 2572 2568 2625; x_wconf 86' lang='lat' dir='ltr'><strong>De</strong></span> <span class='ocrx_word' id='word_1_610' title='bbox 2614 2572 2756 2626; x_wconf 80' lang='lat' dir='ltr'><strong>obitu</strong></span> <span class='ocrx_word' id='word_1_611' title='bbox 2809 2571 3067 2625; x_wconf 67' lang='lat' dir='ltr'><strong>Theudor.</strong></span> <span class='ocrx_word' id='word_1_612' title='bbox 3098 2570 3270 2641; x_wconf 64' lang='grc' dir='ltr'><strong>ξηιλ).</strong></span> <span class='ocrx_word' id='word_1_613' title='bbox 3323 2569 3430 2624; x_wconf 88' lang='lat' dir='ltr'><strong>Sed</strong></span> 
     </span>
    </p>
   </div>
   <div class='ocr_carea' id='block_1_82' title="bbox 1847 2661 3429 2732">
    <p class='ocr_par' dir='ltr' id='par_1_82' title="bbox 1847 2661 3429 2732">
     <span class='ocr_line' id='line_1_82' title="bbox 1847 2661 3429 2732; baseline -0.003 -15"><span class='ocrx_word' id='word_1_614' title='bbox 1847 2666 1960 2718; x_wconf 73' lang='lat' dir='ltr'><strong>hmc</strong></span> <span class='ocrx_word' id='word_1_615' title='bbox 1988 2663 2376 2718; x_wconf 86' lang='lat' dir='ltr'><strong>obscuritatem</strong></span> <span class='ocrx_word' id='word_1_616' title='bbox 2422 2663 2637 2732; x_wconf 79' lang='lat' dir='ltr'><strong>generis</strong></span> <span class='ocrx_word' id='word_1_617' title='bbox 2674 2671 2819 2715; x_wconf 88' lang='lat' dir='ltr'><strong>tanta</strong></span> <span class='ocrx_word' id='word_1_618' title='bbox 2851 2661 3280 2731; x_wconf 75' lang='lat' dir='ltr'><strong>przepollentium</strong></span> <span class='ocrx_word' id='word_1_619' title='bbox 3309 2675 3429 2714; x_wconf 90' lang='lat' dir='ltr'><strong>mo-</strong></span> 
     </span>
    </p>
   </div>
   <div class='ocr_carea' id='block_1_83' title="bbox 1849 2749 3426 2820">
    <p class='ocr_par' dir='ltr' id='par_1_83' title="bbox 1849 2749 3426 2820">
     <span class='ocr_line' id='line_1_83' title="bbox 1849 2749 3426 2820; baseline -0.004 -12"><span class='ocrx_word' id='word_1_620' title='bbox 1849 2770 1964 2808; x_wconf 87' lang='lat' dir='ltr'><strong>rum</strong></span> <span class='ocrx_word' id='word_1_621' title='bbox 1991 2753 2240 2808; x_wconf 88' lang='lat' dir='ltr'><strong>claritate</strong></span> <span class='ocrx_word' id='word_1_622' title='bbox 2267 2753 2518 2818; x_wconf 87' lang='lat' dir='ltr'><strong>mutavit,</strong></span> <span class='ocrx_word' id='word_1_623' title='bbox 2547 2760 2604 2806; x_wconf 91' lang='lat' dir='ltr'><strong>ut</strong></span> <span class='ocrx_word' id='word_1_624' title='bbox 2633 2751 2981 2820; x_wconf 86' lang='lat' dir='ltr'><strong>quamplures</strong></span> <span class='ocrx_word' id='word_1_625' title='bbox 3005 2750 3350 2820; x_wconf 89' lang='lat' dir='ltr'><strong>reperiantur</strong></span> <span class='ocrx_word' id='word_1_626' title='bbox 3374 2749 3426 2802; x_wconf 92' lang='lat' dir='ltr'><strong>in</strong></span> 
     </span>
    </p>
   </div>
   <div class='ocr_carea' id='block_1_84' title="bbox 1846 2842 3433 2914">
    <p class='ocr_par' dir='ltr' id='par_1_84' title="bbox 1846 2842 3433 2914">
     <span class='ocr_line' id='line_1_84' title="bbox 1846 2842 3433 2914; baseline -0.004 -15"><span class='ocrx_word' id='word_1_627' title='bbox 1846 2847 1976 2901; x_wconf 90' lang='lat' dir='ltr'><strong>orbe</strong></span> <span class='ocrx_word' id='word_1_628' title='bbox 2004 2845 2241 2900; x_wconf 76' lang='lat' dir='ltr'><strong>basilica:</strong></span> <span class='ocrx_word' id='word_1_629' title='bbox 2270 2845 2507 2899; x_wconf 90' lang='lat' dir='ltr'><strong>nominis</strong></span> <span class='ocrx_word' id='word_1_630' title='bbox 2539 2845 2654 2914; x_wconf 86' lang='lat' dir='ltr'><strong>ejus</strong></span> <span class='ocrx_word' id='word_1_631' title='bbox 2682 2843 2846 2914; x_wconf 75' lang='lat'><strong>260</strong></span> <span class='ocrx_word' id='word_1_632' title='bbox 2869 2842 3024 2897; x_wconf 91' lang='lat' dir='ltr'><strong>titulo</strong></span> <span class='ocrx_word' id='word_1_633' title='bbox 3051 2842 3346 2903; x_wconf 77' lang='lat' dir='ltr'><strong>decoratze,</strong></span> <span class='ocrx_word' id='word_1_634' title='bbox 3375 2849 3433 2893; x_wconf 87' lang='lat' dir='ltr'><strong>et</strong></span> 
     </span>
    </p>
   </div>
   <div class='ocr_carea' id='block_1_85' title="bbox 1847 2934 3435 3008">
    <p class='ocr_par' dir='ltr' id='par_1_85' title="bbox 1847 2934 3435 3008">
     <span class='ocr_line' id='line_1_85' title="bbox 1847 2934 3435 3008; baseline -0.004 -16"><span class='ocrx_word' id='word_1_635' title='bbox 1847 2939 1991 3008; x_wconf 89' lang='lat' dir='ltr'><strong>quod</strong></span> <span class='ocrx_word' id='word_1_636' title='bbox 2020 2939 2235 3007; x_wconf 89' lang='lat' dir='ltr'><strong>assequi</strong></span> <span class='ocrx_word' id='word_1_637' title='bbox 2274 2938 2633 3007; x_wconf 89' lang='lat' dir='ltr'><strong>nequiverunt</strong></span> <span class='ocrx_word' id='word_1_638' title='bbox 2674 2936 3048 3004; x_wconf 84' lang='lat' dir='ltr'><strong>imperatrices</strong></span> <span class='ocrx_word' id='word_1_639' title='bbox 3076 2934 3333 3004; x_wconf 71' lang='lat' dir='ltr'><strong>praecelsa</strong></span> <span class='ocrx_word' id='word_1_640' title='bbox 3368 2934 3435 2987; x_wconf 85' lang='lat' dir='ltr'><strong>ti-</strong></span> 
     </span>
    </p>
   </div>
   <div class='ocr_carea' id='block_1_86' title="bbox 1850 3025 3616 3100">
    <p class='ocr_par' dir='ltr' id='par_1_86' title="bbox 1850 3025 3616 3100">
     <span class='ocr_line' id='line_1_86' title="bbox 1850 3025 3616 3100; baseline -0.003 -16"><span class='ocrx_word' id='word_1_641' title='bbox 1850 3031 2082 3085; x_wconf 88' lang='lat' dir='ltr'><strong>tulorum</strong></span> <span class='ocrx_word' id='word_1_642' title='bbox 2111 3030 2479 3100; x_wconf 77' lang='lat' dir='ltr'><strong>generositate</strong></span> <span class='ocrx_word' id='word_1_643' title='bbox 2515 3029 2840 3100; x_wconf 76' lang='lat' dir='ltr'><strong>progenitzc,</strong></span> <span class='ocrx_word' id='word_1_644' title='bbox 2873 3029 2975 3081; x_wconf 89' lang='lat' dir='ltr'><strong>hoc</strong></span> <span class='ocrx_word' id='word_1_645' title='bbox 3003 3025 3301 3080; x_wconf 85' lang='lat' dir='ltr'><strong>stabnlaria</strong></span> <span class='ocrx_word' id='word_1_646' title='bbox 3336 3040 3433 3094; x_wconf 89' lang='lat' dir='ltr'><strong>per</strong></span> <span class='ocrx_word' id='word_1_647' title='bbox 3515 3035 3518 3038; x_wconf 76' lang='lat'><strong>‘</strong></span> <span class='ocrx_word' id='word_1_648' title='bbox 3607 3031 3616 3040; x_wconf 89' lang='lat'><em>’</em></span> 
     </span>
    </p>
   </div>
   <div class='ocr_carea' id='block_1_87' title="bbox 1850 3116 3433 3192">
    <p class='ocr_par' dir='ltr' id='par_1_87' title="bbox 1850 3116 3433 3192">
     <span class='ocr_line' id='line_1_87' title="bbox 1850 3116 3433 3192; baseline -0.004 -19"><span class='ocrx_word' id='word_1_649' title='bbox 1850 3122 2250 3192; x_wconf 90' lang='lat' dir='ltr'><strong>quamdam,.ut</strong></span> <span class='ocrx_word' id='word_1_650' title='bbox 2275 3121 2351 3175; x_wconf 89' lang='lat' dir='ltr'><strong>ita</strong></span> <span class='ocrx_word' id='word_1_651' title='bbox 2381 3121 2579 3183; x_wconf 87' lang='lat' dir='ltr'><strong>dicam,</strong></span> <span class='ocrx_word' id='word_1_652' title='bbox 2608 3118 2805 3173; x_wconf 89' lang='lat' dir='ltr'><strong>nobilis</strong></span> <span class='ocrx_word' id='word_1_653' title='bbox 2833 3119 2957 3171; x_wconf 75' lang='lat' dir='ltr'><strong>vita:</strong></span> <span class='ocrx_word' id='word_1_654' title='bbox 2979 3116 3286 3185; x_wconf 89' lang='lat' dir='ltr'><strong>prosapiam</strong></span> <span class='ocrx_word' id='word_1_655' title='bbox 3320 3129 3433 3168; x_wconf 89' lang='lat' dir='ltr'><strong>mc-</strong></span> 
     </span>
    </p>
   </div>
   <div class='ocr_carea' id='block_1_88' title="bbox 1849 3207 3432 3282">
    <p class='ocr_par' dir='ltr' id='par_1_88' title="bbox 1849 3207 3432 3282">
     <span class='ocr_line' id='line_1_88' title="bbox 1849 3207 3432 3282; baseline -0.008 -12"><span class='ocrx_word' id='word_1_656' title='bbox 1849 3217 1961 3270; x_wconf 89' lang='lat' dir='ltr'><strong>ruit</strong></span> <span class='ocrx_word' id='word_1_657' title='bbox 1997 3215 2263 3270; x_wconf 88' lang='lat' dir='ltr'><strong>obtinere.</strong></span> <span class='ocrx_word' id='word_1_658' title='bbox 2305 3214 2510 3269; x_wconf 88' lang='lat' dir='ltr'><strong>Precor</strong></span> <span class='ocrx_word' id='word_1_659' title='bbox 2553 3212 2736 3282; x_wconf 82' lang='lat' dir='ltr'><strong>igitur,</strong></span> <span class='ocrx_word' id='word_1_660' title='bbox 2790 3210 3043 3264; x_wconf 81' lang='lat' dir='ltr'><strong>notabilis</strong></span> <span class='ocrx_word' id='word_1_661' title='bbox 3088 3207 3327 3269; x_wconf 89' lang='lat' dir='ltr'><strong>domina,</strong></span> <span class='ocrx_word' id='word_1_662' title='bbox 3375 3214 3432 3259; x_wconf 91' lang='lat' dir='ltr'><strong>et</strong></span> 
     </span>
    </p>
   </div>
   <div class='ocr_carea' id='block_1_89' title="bbox 1849 3300 3431 3379">
    <p class='ocr_par' dir='ltr' id='par_1_89' title="bbox 1849 3300 3431 3379">
     <span class='ocr_line' id='line_1_89' title="bbox 1849 3300 3431 3379; baseline -0.008 -15"><span class='ocrx_word' id='word_1_663' title='bbox 1849 3309 2133 3377; x_wconf 77' lang='lat' dir='ltr'><strong>humiliter</strong></span> <span class='ocrx_word' id='word_1_664' title='bbox 2156 3322 2410 3379; x_wconf 84' lang='lat' dir='ltr'><strong>suggero,</strong></span> <span class='ocrx_word' id='word_1_665' title='bbox 2443 3313 2757 3361; x_wconf 87' lang='lat' dir='ltr'><strong>sanctarum</strong></span> <span class='ocrx_word' id='word_1_666' title='bbox 2787 3303 3096 3373; x_wconf 89' lang='lat' dir='ltr'><strong>principum</strong></span> <span class='ocrx_word' id='word_1_667' title='bbox 3123 3300 3431 3356; x_wconf 85' lang='lat' dir='ltr'><strong>testimonia</strong></span> 
     </span>
    </p>
   </div>
   <div class='ocr_carea' id='block_1_90' title="bbox 1849 3391 3434 3468">
    <p class='ocr_par' dir='ltr' id='par_1_90' title="bbox 1849 3391 3434 3468">
     <span class='ocr_line' id='line_1_90' title="bbox 1849 3391 3434 3468; baseline -0.009 -15"><span class='ocrx_word' id='word_1_668' title='bbox 1849 3400 2056 3468; x_wconf 77' lang='lat' dir='ltr'><strong>collige,</strong></span> <span class='ocrx_word' id='word_1_669' title='bbox 2107 3396 2540 3454; x_wconf 87' lang='lat' dir='ltr'><strong>conversationis</strong></span> <span class='ocrx_word' id='word_1_670' title='bbox 2579 3410 2766 3449; x_wconf 87' lang='lat' dir='ltr'><strong>carum</strong></span> <span class='ocrx_word' id='word_1_671' title='bbox 2799 3394 3026 3446; x_wconf 87' lang='lat' dir='ltr'><strong>formam</strong></span> <span class='ocrx_word' id='word_1_672' title='bbox 3065 3391 3273 3444; x_wconf 87' lang='lat' dir='ltr'><strong>tibimet</strong></span> <span class='ocrx_word' id='word_1_673' title='bbox 3305 3396 3434 3441; x_wconf 87' lang='lat' dir='ltr'><strong>ante</strong></span> 
     </span>
    </p>
   </div>
   <div class='ocr_carea' id='block_1_91' title="bbox 1849 3483 3438 3564">
    <p class='ocr_par' dir='ltr' id='par_1_91' title="bbox 1849 3483 3438 3564">
     <span class='ocr_line' id='line_1_91' title="bbox 1849 3483 3438 3564; baseline -0.008 -15"><span class='ocrx_word' id='word_1_674' title='bbox 1849 3509 1944 3548; x_wconf 90' lang='lat' dir='ltr'><strong>ora</strong></span> <span class='ocrx_word' id='word_1_675' title='bbox 1985 3493 2234 3564; x_wconf 81' lang='lat' dir='ltr'><strong>depinge,</strong></span> <span class='ocrx_word' id='word_1_676' title='bbox 2274 3503 2335 3546; x_wconf 89' lang='lat' dir='ltr'><strong>ut</strong></span> <span class='ocrx_word' id='word_1_677' title='bbox 2381 3493 2433 3544; x_wconf 94' lang='lat' dir='ltr'><strong>in</strong></span> <span class='ocrx_word' id='word_1_678' title='bbox 2479 3504 2667 3544; x_wconf 87' lang='lat' dir='ltr'><strong>earum</strong></span> <span class='ocrx_word' id='word_1_679' title='bbox 2715 3486 3172 3556; x_wconf 74' lang='lat' dir='ltr'><strong>contenqilationc</strong></span> <span class='ocrx_word' id='word_1_680' title='bbox 3213 3483 3438 3552; x_wconf 82' lang='lat' dir='ltr'><strong>colligas</strong></span> 
     </span>
    </p>
   </div>
   <div class='ocr_carea' id='block_1_92' title="bbox 1851 3572 3426 3650">
    <p class='ocr_par' dir='ltr' id='par_1_92' title="bbox 1851 3572 3426 3650">
     <span class='ocr_line' id='line_1_92' title="bbox 1851 3572 3426 3650; baseline -0.008 -15"><span class='ocrx_word' id='word_1_681' title='bbox 1851 3583 1978 3650; x_wconf 88' lang='lat' dir='ltr'><strong>quid</strong></span> <span class='ocrx_word' id='word_1_682' title='bbox 2010 3593 2192 3636; x_wconf 92' lang='lat' dir='ltr'><strong>tenere</strong></span> <span class='ocrx_word' id='word_1_683' title='bbox 2217 3582 2435 3643; x_wconf 89' lang='lat' dir='ltr'><strong>debeas,</strong></span> <span class='ocrx_word' id='word_1_684' title='bbox 2466 3579 2594 3649; x_wconf 92' lang='lat' dir='ltr'><strong>quid</strong></span> <span class='ocrx_word' id='word_1_685' title='bbox 2625 3577 2816 3631; x_wconf 86' lang='lat' dir='ltr'><strong>vitare.</strong></span> <span class='ocrx_word' id='word_1_686' title='bbox 2865 3575 2974 3630; x_wconf 84' lang='lat' dir='ltr'><strong>Nec</strong></span> <span class='ocrx_word' id='word_1_687' title='bbox 3000 3583 3107 3628; x_wconf 88' lang='lat' dir='ltr'><strong>tam</strong></span> <span class='ocrx_word' id='word_1_688' title='bbox 3136 3572 3426 3628; x_wconf 83' lang='lat' dir='ltr'><strong>delecteris</strong></span> 
     </span>
    </p>
   </div>
   <div class='ocr_carea' id='block_1_93' title="bbox 1851 3663 3439 3740">
    <p class='ocr_par' dir='ltr' id='par_1_93' title="bbox 1851 3663 3439 3740">
     <span class='ocr_line' id='line_1_93' title="bbox 1851 3663 3439 3740; baseline -0.008 -14"><span class='ocrx_word' id='word_1_689' title='bbox 1851 3673 2179 3727; x_wconf 89' lang='lat' dir='ltr'><strong>sublimitate</strong></span> <span class='ocrx_word' id='word_1_690' title='bbox 2211 3671 2468 3725; x_wconf 88' lang='lat' dir='ltr'><strong>natalium</strong></span> <span class='ocrx_word' id='word_1_691' title='bbox 2499 3685 2660 3740; x_wconf 89' lang='lat' dir='ltr'><strong>quam</strong></span> <span class='ocrx_word' id='word_1_692' title='bbox 2692 3667 3052 3738; x_wconf 90' lang='lat' dir='ltr'><strong>spiritualium</strong></span> <span class='ocrx_word' id='word_1_693' title='bbox 3093 3667 3291 3719; x_wconf 86' lang='lat' dir='ltr'><strong>decore</strong></span> <span class='ocrx_word' id='word_1_694' title='bbox 3325 3663 3439 3714; x_wconf 87' lang='lat' dir='ltr'><strong>vir-</strong></span> 
     </span>
    </p>
   </div>
   <div class='ocr_carea' id='block_1_94' title="bbox 1855 3754 3434 3838">
    <p class='ocr_par' dir='ltr' id='par_1_94' title="bbox 1855 3754 3434 3838">
     <span class='ocr_line' id='line_1_94' title="bbox 1855 3754 3434 3838; baseline -0.01 -17"><span class='ocrx_word' id='word_1_695' title='bbox 1855 3777 2049 3833; x_wconf 89' lang='lat' dir='ltr'><strong>tutum,</strong></span> <span class='ocrx_word' id='word_1_696' title='bbox 2087 3775 2144 3820; x_wconf 91' lang='lat' dir='ltr'><strong>ut</strong></span> <span class='ocrx_word' id='word_1_697' title='bbox 2173 3781 2291 3838; x_wconf 75' lang='lat' dir='ltr'><strong>qua:</strong></span> <span class='ocrx_word' id='word_1_698' title='bbox 2318 3780 2460 3818; x_wconf 92' lang='lat' dir='ltr'><strong>nunc</strong></span> <span class='ocrx_word' id='word_1_699' title='bbox 2489 3764 2630 3834; x_wconf 89' lang='lat' dir='ltr'><strong>apud</strong></span> <span class='ocrx_word' id='word_1_700' title='bbox 2657 3761 2905 3816; x_wconf 85' lang='lat' dir='ltr'><strong>homines</strong></span> <span class='ocrx_word' id='word_1_701' title='bbox 2930 3761 2982 3813; x_wconf 91' lang='lat' dir='ltr'><strong>in</strong></span> <span class='ocrx_word' id='word_1_702' title='bbox 3009 3767 3225 3812; x_wconf 89' lang='lat' dir='ltr'><strong>terrena</strong></span> <span class='ocrx_word' id='word_1_703' title='bbox 3257 3754 3434 3824; x_wconf 79' lang='lat' dir='ltr'><strong>digni-</strong></span> 
     </span>
    </p>
   </div>
   <div class='ocr_carea' id='block_1_95' title="bbox 1854 3844 3511 3928">
    <p class='ocr_par' dir='ltr' id='par_1_95' title="bbox 1854 3844 3511 3928">
     <span class='ocr_line' id='line_1_95' title="bbox 1854 3844 3511 3928; baseline -0.014 -14"><span class='ocrx_word' id='word_1_704' title='bbox 1854 3869 1967 3914; x_wconf 88' lang='lat' dir='ltr'><strong>tate</strong></span> <span class='ocrx_word' id='word_1_705' title='bbox 1995 3858 2275 3928; x_wconf 69' lang='lat' dir='ltr'><strong>praecellis,</strong></span> <span class='ocrx_word' id='word_1_706' title='bbox 2312 3856 2452 3924; x_wconf 90' lang='lat' dir='ltr'><strong>apud</strong></span> <span class='ocrx_word' id='word_1_707' title='bbox 2484 3854 2650 3908; x_wconf 86' lang='lat' dir='ltr'><strong>Deum</strong></span> <span class='ocrx_word' id='word_1_708' title='bbox 2677 3865 2915 3921; x_wconf 89' lang='lat' dir='ltr'><strong>quoque,</strong></span> <span class='ocrx_word' id='word_1_709' title='bbox 2940 3847 3082 3917; x_wconf 89' lang='lat' dir='ltr'><strong>quod</strong></span> <span class='ocrx_word' id='word_1_710' title='bbox 3123 3846 3278 3914; x_wconf 84' lang='lat' dir='ltr'><strong>longe</strong></span> <span class='ocrx_word' id='word_1_711' title='bbox 3322 3844 3437 3912; x_wconf 67' lang='lat' dir='ltr'><strong>glo-</strong></span> <span class='ocrx_word' id='word_1_712' title='bbox 3496 3906 3511 3918; x_wconf 48' lang='lat'><strong>.</strong></span> 
     </span>
    </p>
   </div>
   <div class='ocr_carea' id='block_1_96' title="bbox 1857 3937 3441 4018">
    <p class='ocr_par' dir='ltr' id='par_1_96' title="bbox 1857 3937 3441 4018">
     <span class='ocr_line' id='line_1_96' title="bbox 1857 3937 3441 4018; baseline -0.012 -12"><span class='ocrx_word' id='word_1_713' title='bbox 1857 3952 2053 4007; x_wconf 88' lang='lat' dir='ltr'><strong>riosius</strong></span> <span class='ocrx_word' id='word_1_714' title='bbox 2086 3959 2189 4018; x_wconf 88' lang='lat' dir='ltr'><strong>est,</strong></span> <span class='ocrx_word' id='word_1_715' title='bbox 2225 3949 2275 4002; x_wconf 90' lang='lat' dir='ltr'><strong>in</strong></span> <span class='ocrx_word' id='word_1_716' title='bbox 2320 3955 2632 4002; x_wconf 88' lang='lat' dir='ltr'><strong>sanctarum</strong></span> <span class='ocrx_word' id='word_1_717' title='bbox 2685 3942 2970 3997; x_wconf 91' lang='lat' dir='ltr'><strong>mulierum</strong></span> <span class='ocrx_word' id='word_1_718' title='bbox 3021 3937 3265 4007; x_wconf 72' lang='lat' dir='ltr'><strong>catalogo</strong></span> <span class='ocrx_word' id='word_1_719' title='bbox 3315 3951 3441 3990; x_wconf 85' lang='lat' dir='ltr'><strong>cou-</strong></span> 
     </span>
    </p>
   </div>
   <div class='ocr_carea' id='block_1_97' title="bbox 1855 4043 2133 4098">
    <p class='ocr_par' dir='ltr' id='par_1_97' title="bbox 1855 4043 2133 4098">
     <span class='ocr_line' id='line_1_97' title="bbox 1855 4043 2133 4098; baseline -0.007 0"><span class='ocrx_word' id='word_1_720' title='bbox 1855 4043 2032 4098; x_wconf 90' lang='lat' dir='ltr'><strong>scriba</strong></span> <span class='ocrx_word' id='word_1_721' title='bbox 2041 4043 2133 4097; x_wconf 88' lang='lat' dir='ltr'><strong>ris.</strong></span> 
     </span>
    </p>
   </div>
   <div class='ocr_carea' id='block_1_98' title="bbox 2402 4145 2904 4206">
    <p class='ocr_par' dir='ltr' id='par_1_98' title="bbox 2402 4145 2904 4206">
     <span class='ocr_line' id='line_1_98' title="bbox 2402 4145 2904 4206; baseline -0.016 0"><span class='ocrx_word' id='word_1_722' title='bbox 2402 4147 2737 4206; x_wconf 77' lang='lat' dir='ltr'><strong>EPISTOLA</strong></span> <span class='ocrx_word' id='word_1_723' title='bbox 2791 4145 2904 4200; x_wconf 82' lang='lat' dir='ltr'><strong>XV.</strong></span> 
     </span>
    </p>
   </div>
   <div class='ocr_carea' id='block_1_99' title="bbox 2229 4271 3092 4322">
    <p class='ocr_par' dir='ltr' id='par_1_99' title="bbox 2229 4271 3092 4322">
     <span class='ocr_line' id='line_1_99' title="bbox 2229 4271 3092 4322; baseline -0.015 -2"><span class='ocrx_word' id='word_1_724' title='bbox 2229 4284 2292 4322; x_wconf 70' lang='lat' dir='ltr'><strong>AD</strong></span> <span class='ocrx_word' id='word_1_725' title='bbox 2331 4284 2379 4321; x_wconf 84' lang='grc' dir='ltr'><strong>Β.</strong></span> <span class='ocrx_word' id='word_1_726' title='bbox 2422 4279 2595 4320; x_wconf 72' lang='lat' dir='ltr'><strong>DUCEM</strong></span> <span class='ocrx_word' id='word_1_727' title='bbox 2627 4279 2695 4318; x_wconf 81' lang='grc' dir='ltr'><strong>ΕΤ</strong></span> <span class='ocrx_word' id='word_1_728' title='bbox 2731 4271 3092 4315; x_wconf 61' lang='grc' dir='ltr'><strong>Ἀλκειιιοκεκ.</strong></span> 
     </span>
    </p>
   </div>
   <div class='ocr_carea' id='block_1_100' title="bbox 1856 4351 3442 4422">
    <p class='ocr_par' dir='ltr' id='par_1_100' title="bbox 1856 4351 3442 4422">
     <span class='ocr_line' id='line_1_100' title="bbox 1856 4351 3442 4422; baseline -0.014 -6"><span class='ocrx_word' id='word_1_729' title='bbox 1856 4363 2256 4418; x_wconf 69' lang='lat' dir='ltr'><strong>Anconstv&#39;ruu.</strong></span> <span class='ocrx_word' id='word_1_730' title='bbox 2292 4390 2360 4401; x_wconf 87' lang='lat'><strong>——</strong></span> <span class='ocrx_word' id='word_1_731' title='bbox 2387 4358 2648 4412; x_wconf 86' lang='lat' dir='ltr'><strong>llortatur</strong></span> <span class='ocrx_word' id='word_1_732' title='bbox 2675 4365 2734 4410; x_wconf 88' lang='lat' dir='ltr'><strong>ut</strong></span> <span class='ocrx_word' id='word_1_733' title='bbox 2769 4351 3051 4422; x_wconf 60' lang='lat' dir='ltr'><strong>prxsentia</strong></span> <span class='ocrx_word' id='word_1_734' title='bbox 3087 4355 3442 4401; x_wconf 84' lang='lat' dir='ltr'><strong>contemnens</strong></span> 
     </span>
    </p>
   </div>
   <div class='ocr_carea' id='block_1_101' title="bbox 1931 4419 3434 4488">
    <p class='ocr_par' dir='ltr' id='par_1_101' title="bbox 1931 4419 3434 4488">
     <span class='ocr_line' id='line_1_101' title="bbox 1931 4419 3434 4488; baseline -0.017 0"><span class='ocrx_word' id='word_1_735' title='bbox 1931 4437 1997 4488; x_wconf 89' lang='lat' dir='ltr'><strong>ad</strong></span> <span class='ocrx_word' id='word_1_736' title='bbox 2051 4433 2225 4486; x_wconf 86' lang='lat' dir='ltr'><strong>futura</strong></span> <span class='ocrx_word' id='word_1_737' title='bbox 2276 4439 2385 4484; x_wconf 89' lang='lat' dir='ltr'><strong>tota</strong></span> <span class='ocrx_word' id='word_1_738' title='bbox 2417 4429 2612 4481; x_wconf 87' lang='lat' dir='ltr'><strong>mentis</strong></span> <span class='ocrx_word' id='word_1_739' title='bbox 2642 4419 2973 4488; x_wconf 52' lang='lat' dir='ltr'><strong>cogitatione</strong></span> <span class='ocrx_word' id='word_1_740' title='bbox 3000 4419 3228 4478; x_wconf 76' lang='lat' dir='ltr'><strong>feratur,</strong></span> <span class='ocrx_word' id='word_1_741' title='bbox 3262 4430 3434 4488; x_wconf 71' lang='lat' dir='ltr'><strong>neque</strong></span> 
     </span>
    </p>
   </div>
   <div class='ocr_carea' id='block_1_102' title="bbox 1934 4485 3431 4583">
    <p class='ocr_par' dir='ltr' id='par_1_102' title="bbox 1934 4485 3431 4583">
     <span class='ocr_line' id='line_1_102' title="bbox 1934 4485 3431 4583; baseline -0.017 -25"><span class='ocrx_word' id='word_1_742' title='bbox 1934 4485 2163 4583; x_wconf 65' lang='lat' dir='ltr'><strong>terrenis</strong></span> <span class='ocrx_word' id='word_1_743' title='bbox 2193 4501 2386 4583; x_wconf 79' lang='lat' dir='ltr'><strong>quibus</strong></span> <span class='ocrx_word' id='word_1_744' title='bbox 2423 4497 2669 4578; x_wconf 78' lang='lat' dir='ltr'><strong>allluebat</strong></span> <span class='ocrx_word' id='word_1_745' title='bbox 2703 4486 2903 4573; x_wconf 53' lang='lat' dir='ltr'><strong>divitiis</strong></span> <span class='ocrx_word' id='word_1_746' title='bbox 2934 4489 3002 4542; x_wconf 88' lang='lat' dir='ltr'><strong>sit</strong></span> <span class='ocrx_word' id='word_1_747' title='bbox 3033 4485 3431 4583; x_wconf 42' lang='lat' dir='ltr'><strong>itttetitus,ﬂs‘eil</strong></span> 
     </span>
    </p>
   </div>
   <div class='ocr_carea' id='block_1_103' title="bbox 1933 4565 3443 4635">
    <p class='ocr_par' dir='ltr' id='par_1_103' title="bbox 1933 4565 3443 4635">
     <span class='ocr_line' id='line_1_103' title="bbox 1933 4565 3443 4635; baseline -0.017 -6"><span class='ocrx_word' id='word_1_748' title='bbox 1933 4577 1998 4629; x_wconf 91' lang='lat' dir='ltr'><strong>ad</strong></span> <span class='ocrx_word' id='word_1_749' title='bbox 2026 4565 2266 4629; x_wconf 68' lang='lat' dir='ltr'><strong>cmlesﬁa</strong></span> <span class='ocrx_word' id='word_1_750' title='bbox 2310 4578 2365 4623; x_wconf 91' lang='lat' dir='ltr'><strong>et</strong></span> <span class='ocrx_word' id='word_1_751' title='bbox 2400 4567 2728 4635; x_wconf 84' lang='lat' dir='ltr'><strong>sempiterna</strong></span> <span class='ocrx_word' id='word_1_752' title='bbox 2778 4565 3020 4617; x_wconf 84' lang='lat' dir='ltr'><strong>animum</strong></span> <span class='ocrx_word' id='word_1_753' title='bbox 3063 4565 3236 4626; x_wconf 80' lang='lat' dir='ltr'><strong>erigat</strong></span> <span class='ocrx_word' id='word_1_754' title='bbox 3273 4567 3443 4622; x_wconf 86' lang='lat' dir='ltr'><strong>eaque</strong></span> 
     </span>
    </p>
   </div>
   <div class='ocr_carea' id='block_1_104' title="bbox 1932 4641 2493 4700">
    <p class='ocr_par' dir='ltr' id='par_1_104' title="bbox 1932 4641 2493 4700">
     <span class='ocr_line' id='line_1_104' title="bbox 1932 4641 2493 4700; baseline -0.021 0"><span class='ocrx_word' id='word_1_755' title='bbox 1932 4647 2149 4700; x_wconf 89' lang='lat' dir='ltr'><strong>assidue</strong></span> <span class='ocrx_word' id='word_1_756' title='bbox 2181 4641 2493 4697; x_wconf 88' lang='lat' dir='ltr'><strong>meditetur.</strong></span> 
     </span>
    </p>
   </div>
   <div class='ocr_carea' id='block_1_105' title="bbox 1933 4737 3437 4813">
    <p class='ocr_par' dir='ltr' id='par_1_105' title="bbox 1933 4737 3437 4813">
     <span class='ocr_line' id='line_1_105' title="bbox 1933 4737 3437 4813; baseline -0.017 0"><span class='ocrx_word' id='word_1_757' title='bbox 1933 4759 2137 4813; x_wconf 90' lang='lat' dir='ltr'><strong>Domno</strong></span> <span class='ocrx_word' id='word_1_758' title='bbox 2162 4755 2220 4808; x_wconf 83' lang='grc' dir='ltr'><strong>Β.</strong></span> <span class='ocrx_word' id='word_1_759' title='bbox 2263 4747 2721 4808; x_wconf 78' lang='lat' dir='ltr'><strong>excellentissimo</strong></span> <span class='ocrx_word' id='word_1_760' title='bbox 2751 4743 2873 4800; x_wconf 79' lang='lat' dir='ltr'><strong>duri</strong></span> <span class='ocrx_word' id='word_1_761' title='bbox 2903 4748 2958 4794; x_wconf 89' lang='lat' dir='ltr'><strong>et</strong></span> <span class='ocrx_word' id='word_1_762' title='bbox 2995 4738 3297 4793; x_wconf 87' lang='lat' dir='ltr'><strong>marehioni</strong></span> <span class='ocrx_word' id='word_1_763' title='bbox 3330 4737 3437 4790; x_wconf 76' lang='lat' dir='ltr'><strong>Pr.-</strong></span> 
     </span>
    </p>
   </div>
   <div class='ocr_carea' id='block_1_106' title="bbox 1863 4829 3444 4904">
    <p class='ocr_par' dir='ltr' id='par_1_106' title="bbox 1863 4829 3444 4904">
     <span class='ocr_line' id='line_1_106' title="bbox 1863 4829 3444 4904; baseline -0.017 0"><span class='ocrx_word' id='word_1_764' title='bbox 1863 4847 1998 4904; x_wconf 79' lang='lat' dir='ltr'><strong>rn&#39;us</strong></span> <span class='ocrx_word' id='word_1_765' title='bbox 2025 4847 2248 4900; x_wconf 73' lang='lat' dir='ltr'><strong>ultimus</strong></span> <span class='ocrx_word' id='word_1_766' title='bbox 2268 4842 2654 4900; x_wconf 85' lang='lat' dir='ltr'><strong>monachorum</strong></span> <span class='ocrx_word' id='word_1_767' title='bbox 2682 4849 2872 4892; x_wconf 85' lang='lat' dir='ltr'><strong>servus</strong></span> <span class='ocrx_word' id='word_1_768' title='bbox 2902 4829 3113 4884; x_wconf 80' lang='lat' dir='ltr'><strong>ﬁdelem</strong></span> <span class='ocrx_word' id='word_1_769' title='bbox 3141 4829 3444 4883; x_wconf 88' lang='lat' dir='ltr'><strong>orationem</strong></span> 
     </span>
    </p>
   </div>
   <div class='ocr_carea' id='block_1_107' title="bbox 1867 4937 3392 4993">
    <p class='ocr_par' dir='ltr' id='par_1_107' title="bbox 1867 4937 3392 4993">
     <span class='ocr_line' id='line_1_107' title="bbox 1867 4937 3392 4993; baseline -0.014 -1"><span class='ocrx_word' id='word_1_770' title='bbox 1867 4941 1918 4993; x_wconf 89' lang='lat' dir='ltr'><strong>in</strong></span> <span class='ocrx_word' id='word_1_771' title='bbox 1950 4937 2186 4991; x_wconf 55' lang='lat' dir='ltr'><strong>Christe.</strong></span> <span class='ocrx_word' id='word_1_772' title='bbox 3385 4975 3392 4981; x_wconf 31' lang='grc' dir='ltr'>δ</span> 
     </span>
    </p>
   </div>
   <div class='ocr_carea' id='block_1_108' title="bbox 1938 5008 3459 5094">
    <p class='ocr_par' dir='ltr' id='par_1_108' title="bbox 1938 5008 3459 5094">
     <span class='ocr_line' id='line_1_108' title="bbox 1938 5008 3459 5094; baseline -0.018 -11"><span class='ocrx_word' id='word_1_773' title='bbox 1938 5028 2053 5083; x_wconf 88' lang='lat' dir='ltr'><strong>Non</strong></span> <span class='ocrx_word' id='word_1_774' title='bbox 2085 5027 2300 5094; x_wconf 72' lang='lat' dir='ltr'><strong>ignoro,</strong></span> <span class='ocrx_word' id='word_1_775' title='bbox 2340 5017 2846 5094; x_wconf 65' lang='lat' dir='ltr'><strong>praecellentissimo</strong></span> <span class='ocrx_word' id='word_1_776' title='bbox 2886 5009 3125 5074; x_wconf 87' lang='lat' dir='ltr'><strong>domine,</strong></span> <span class='ocrx_word' id='word_1_777' title='bbox 3160 5012 3287 5082; x_wconf 73' lang='lat' dir='ltr'><strong>quia</strong></span> <span class='ocrx_word' id='word_1_778' title='bbox 3328 5008 3371 5062; x_wconf 84' lang='lat' dir='ltr'><strong>si</strong></span> <span class='ocrx_word' id='word_1_779' title='bbox 3405 5013 3459 5056; x_wconf 71' lang='grc' dir='ltr'>ω</span> 
     </span>
    </p>
   </div>
   <div class='ocr_carea' id='block_1_109' title="bbox 1866 5102 3458 5191">
    <p class='ocr_par' dir='ltr' id='par_1_109' title="bbox 1866 5102 3458 5191">
     <span class='ocr_line' id='line_1_109' title="bbox 1866 5102 3458 5191; baseline -0.019 -12"><span class='ocrx_word' id='word_1_780' title='bbox 1866 5122 2207 5191; x_wconf 90' lang='lat' dir='ltr'><strong>omnipotens</strong></span> <span class='ocrx_word' id='word_1_781' title='bbox 2238 5118 2380 5173; x_wconf 90' lang='lat' dir='ltr'><strong>Deus</strong></span> <span class='ocrx_word' id='word_1_782' title='bbox 2424 5113 2773 5180; x_wconf 79' lang='lat' dir='ltr'><strong>aliquatenus</strong></span> <span class='ocrx_word' id='word_1_783' title='bbox 2803 5121 2909 5164; x_wconf 91' lang='lat' dir='ltr'><strong>non</strong></span> <span class='ocrx_word' id='word_1_784' title='bbox 2938 5102 3212 5172; x_wconf 81' lang='lat' dir='ltr'><strong>diiigeret,</strong></span> <span class='ocrx_word' id='word_1_785' title='bbox 3256 5111 3458 5169; x_wconf 67' lang='lat' dir='ltr'><strong>nequa-</strong></span> 
     </span>
    </p>
   </div>
   <div class='ocr_carea' id='block_1_110' title="bbox 1866 5194 3458 5288">
    <p class='ocr_par' dir='ltr' id='par_1_110' title="bbox 1866 5194 3458 5288">
     <span class='ocr_line' id='line_1_110' title="bbox 1866 5194 3458 5288; baseline -0.019 -17"><span class='ocrx_word' id='word_1_786' title='bbox 1866 5231 2027 5288; x_wconf 90' lang='lat' dir='ltr'><strong>quam</strong></span> <span class='ocrx_word' id='word_1_787' title='bbox 2071 5212 2164 5266; x_wconf 87' lang='lat' dir='ltr'><strong>tibi</strong></span> <span class='ocrx_word' id='word_1_788' title='bbox 2210 5219 2290 5266; x_wconf 88' lang='lat' dir='ltr'><strong>tot</strong></span> <span class='ocrx_word' id='word_1_789' title='bbox 2337 5205 2616 5264; x_wconf 87' lang='lat' dir='ltr'><strong>hominum</strong></span> <span class='ocrx_word' id='word_1_790' title='bbox 2650 5206 2828 5266; x_wconf 85' lang='lat' dir='ltr'><strong>millia</strong></span> <span class='ocrx_word' id='word_1_791' title='bbox 2863 5197 3099 5266; x_wconf 84' lang='lat' dir='ltr'><strong>regenda</strong></span> <span class='ocrx_word' id='word_1_792' title='bbox 3147 5194 3458 5252; x_wconf 87' lang='lat' dir='ltr'><strong>committe-</strong></span> 
     </span>
    </p>
   </div>
   <div class='ocr_carea' id='block_1_111' title="bbox 1869 5286 3467 5344">
    <p class='ocr_par' dir='ltr' id='par_1_111' title="bbox 1869 5286 3467 5344">
     <span class='ocr_line' id='line_1_111' title="bbox 1869 5286 3467 5344; baseline -0.008 0"><span class='ocrx_word' id='word_1_793' title='bbox 1869 5286 1948 5344; x_wconf 48' lang='grc' dir='ltr'><strong>ιξαι</strong></span> <span class='ocrx_word' id='word_1_794' title='bbox 2003 5302 2345 5344; x_wconf 74' lang='lat' dir='ltr'><strong>iniminnrnm</strong></span> <span class='ocrx_word' id='word_1_795' title='bbox 2395 5308 2611 5344; x_wconf 68' lang='lat' dir='ltr'><strong>ttml‘lﬂn</strong></span> <span class='ocrx_word' id='word_1_796' title='bbox 2643 5297 2884 5344; x_wconf 60' lang='lat' dir='ltr'><strong>[milibus</strong></span> <span class='ocrx_word' id='word_1_797' title='bbox 2917 5289 3028 5341; x_wconf 78' lang='lat' dir='ltr'><strong>tuis</strong></span> <span class='ocrx_word' id='word_1_798' title='bbox 3057 5287 3196 5344; x_wconf 88' lang='lat' dir='ltr'><strong>colla</strong></span> <span class='ocrx_word' id='word_1_799' title='bbox 3229 5286 3467 5344; x_wconf 81' lang='lat' dir='ltr'><strong>subster-</strong></span> 
     </span>
    </p>
   </div>
   <div class='ocr_carea' id='block_1_112' title="bbox 3315 271 3521 336">
    <p class='ocr_par' dir='ltr' id='par_1_112' title="bbox 3315 271 3521 336">
     <span class='ocr_line' id='line_1_112' title="bbox 3315 271 3521 336; baseline -0.005 -9"><span class='ocrx_word' id='word_1_800' title='bbox 3315 271 3418 327; x_wconf 68' lang='grc' dir='ltr'><strong>ιδι</strong></span> <span class='ocrx_word' id='word_1_801' title='bbox 3513 330 3521 336; x_wconf 90' lang='lat'>_</span> 
     </span>
    </p>
   </div>
  </div>
