3950 5344
210 94 319 152 457

1324 99 1525 156 LIBER
1571 96 1935 164 SEPTIMUS,
1979 97 2197 156 EPIST.
2240 97 2423 155 XVlll.

3383 101 3489 167 458

212 232 476 292 germano
501 234 623 287 suo,
650 217 892 276 saeculari
922 217 1173 276 videlicet
1190 218 1329 283 viro,
1352 235 1518 275 unum
1544 219 1808 274 duntaxat
1837 225 1879 283 Α
1909 216 2219 272 voluntatis.
2250 216 2423 271 Tuum
2450 227 2533 272 est
2556 216 2657 272 iter
2678 216 2941 286 arripere.
2972 214 3064 270 Dei
3094 222 3174 270 est
3201 221 3491 287 quaerentis
3544 282 3557 287 κ

215 328 421 384 equum
450 314 719 378 habebat,
751 313 841 368 cui
877 328 977 383 per
1011 311 1250 366 alternas
1278 320 1504 381 uterque
1532 310 1804 365 vicissitu-

214 405 373 458 dines
398 403 665 468 insidens,
699 412 973 472 utcunque
1010 401 1249 456 laborem
1288 402 1499 456 itineris
1536 410 1803 471 tempera-

216 494 334 548 bat.
369 493 478 547 Sed
507 509 631 548 cum
673 495 1014 548 conviatores
1052 510 1183 548 suos
1220 494 1286 548 ad
1319 494 1609 562 portandas
1634 494 1805 547 sarci-

214 583 375 637 nulas
416 582 622 637 auxilio
668 584 913 653 indigere
957 584 1330 653 conspiceret,
1377 584 1652 637 admonuit
1692 581 1804 637 fra-

172 682 380 736 ‘trem,
406 684 469 726 ut
514 689 545 727 a
581 673 810 741 jumenti
858 683 1164 728 vectattone
1215 683 1440 741 uterque
1472 678 1801 743 quiesceret,

166 776 175 784 '
214 764 459 834 illudque
510 782 609 835 pro
654 768 924 821 eharitate
969 768 1241 821 sociorum
1292 767 1572 835 portandis
1614 781 1803 820 eorum

213 858 477 912 oneribus
521 860 847 928 publicaret.
907 858 1079 914 Porro
1129 859 1256 914 dum
1303 861 1485 915 lassati
1545 860 1805 930 longioris

212 948 318 1002 via:
348 948 539 1004 labore
563 952 928 1019 quiescerent.
956 950 1188 1021 ciboque
1228 952 1569 1005 deficientem
1602 960 1807 1004 stoma-

215 1036 378 1091 chum
412 1050 742 1107 recrearent,
777 1039 1031 1110 przefatus
1056 1041 1230 1096 frater
1256 1041 1424 1111 Agius
1469 1056 1659 1111 panem
1687 1042 1807 1112 qui-

215 1130 339 1183 dem
368 1130 420 1183 in
450 1132 645 1200 poculo
668 1134 793 1188 vino
816 1133 1175 1197 commiscuit,
1199 1135 1459 1204 sedjuxta
1489 1150 1548 1189 se
1574 1149 1804 1206 ponens,

213 1218 575 1276 refectionem
626 1224 843 1278 interim
896 1224 1172 1287 differens,
1223 1227 1550 1296 conquievit.
1603 1226 1807 1295 Quibus

214 1309 293 1363 ita
322 1312 754 1381 quiescentibus,
788 1331 913 1370 ecce
942 1316 1231 1371 latrunculi
1278 1319 1560 1387 repentino
1604 1321 1806 1389 impetu

214 1410 630 1476 Superveniunt,
663 1423 716 1466 et
746 1427 931 1466 eorum
963 1414 1145 1467 omnia
1170 1429 1291 1468 cum
1322 1428 1461 1484 equo
1486 1404 1647 1468 simul
1675 1415 1807 1469 diri-

171 1537 176 1540 .
215 1498 452 1566 pientes,
500 1500 816 1557 abscedunt.
851 1502 1000 1559 Unus
1038 1515 1219 1559 autem
1247 1522 1432 1560 eorum
1465 1507 1727 1572 substitit,
1753 1516 1808 1562 ct

1903 326 1983 375 se,
2016 311 2234 381 vestigia
2263 310 2588 383 gubernare.
2621 309 2881 363 Eil‘cctum
2929 307 3084 362 bonis
3110 308 3364 377 Opt‘l‘iiolls
3390 310 3489 364 ad-
3538 294 3547 375 ’ξ

1908 401 2080 463 hibet,
2109 401 2199 469 qui
2229 401 2300 470 pii
2330 400 2511 455 cordis
2542 408 2723 485 movet
2750 398 3020 452 affectum.
3048 398 3113 452 Et
3138 398 3227 468 qui
3258 400 3491 454 hominis

1906 493 1973 546 ad
2029 494 2166 546 bene
2211 492 2473 559 agendum
2526 491 2771 560 spiritum
2805 500 3083 559 provorat,
3142 489 3254 559 ipse
3302 492 3493 563 procul

1907 582 2070 638 dubio
2105 583 2208 654 pia:
2240 582 2558 636 intentionis
2590 592 2711 637 vota
2744 588 3101 636 consummat.

2422 694 2755 750 EPISTOLA
2794 693 2974 750 XVIII.

2030 800 2100 842 Δί)
2138 800 2370 841 GU".th
2405 799 2721 840 CO'AITISSAI
2763 797 2998 838 IIMNERII
3040 798 3363 841 IARCHIONIS

2580 871 2814 909 UXOREM.

1906 946 2304 1003 Anc‘nunn'ruu.
2362 978 2433 988 —
2466 946 2701 1003 Guillam
2757 946 3013 1001 Rainerio
3063 941 3359 1002 marcliioni
3413 960 3494 1001 re-

1980 1029 2167 1072 ceutcr
2213 1029 2453 1086 nuptam.
2496 1028 2750 1086 tanquam
2798 1019 3075 1080 novitiam,
3131 1019 3259 1087 quid
3308 1015 3490 1087 facere

1979 1091 2191 1150 debeat.
2226 1089 2463 1151 instruit,
2494 1103 2706 1157 nempe,
2760 1098 2819 1142 ut
2855 1086 3159 1142 viduarum
3183 1097 3237 1139 et
3267 1086 3497 1157 pupillo-

1982 1175 2099 1212 rum
2133 1160 2300 1227 spolia
2324 1199 2339 1221 ,
2367 1159 2506 1212 sicut
2536 1158 2587 1212 iu
2620 1160 2778 1211 domo
2810 1159 2907 1213 viri
2939 1158 3023 1214 sui
3051 1157 3289 1211 solemne
3332 1165 3451 1227 erat
3473 1194 3492 1220 ,

1983 1243 2086 1281 una
2118 1224 2495 1297 concupiscat;
2523 1230 2613 1282 sed
2643 1228 2821 1296 potius
2848 1239 2994 1283 curet
3026 1229 3278 1281 universa
3307 1224 3493 1297 inique

1981 1299 2155 1352 ablata
2191 1296 2423 1365 restitui,
2454 1302 2519 1352 ad
2550 1314 2684 1368 quas
2730 1300 2947 1366 rapinas
2979 1298 3261 1351 evitandas
3300 1296 3362 1368 in
3388 1306 3491 1368 νοτ

1979 1380 2208 1433 sterum,
2240 1384 2493 1437 maguunt
2540 1364 2906 1437 adjumcutum
2940 1368 3176 1421 futurum
3203 1365 3411 1437 scribit,
3444 1364 3495 1419 si

1981 1436 2368 1508 agriculturam
2397 1436 2707 1506 diligentius
2737 1440 2977 1492 exerceri
3013 1439 3232 1506 jubeat;
3252 1436 3495 1491 eleemo-

1982 1525 2144 1579 synas
2167 1525 2383 1578 quoque
2416 1522 2471 1562 ιιι
2500 1509 2757 1578 largiatur
2796 1510 3065 1562 hortatur.

216 1587 405 1645 fratris
459 1592 581 1662 Agii
644 1595 819 1648 cibum
893 1608 1188 1665 potumque
1241 1604 1608 1668 consumpsit;
1646 1616 1805 1669 quem

1978 1577 2143 1671 264
2176 1577 2396 1654 Curta:
2436 1577 2751 1652 clarissima:
2782 1598 3076 1654 comitissa:
3118 1597 3337 1654 Ρετιιυε
3363 1610 3495 1667 pec-

215 1683 463 1749 protinus
493 1683 852 1741 intolerabilis
881 1688 1035 1743 dolor
1068 1688 1287 1754 invasit,
1321 1701 1375 1745 et
1404 1692 1578 1745 donec
1623 1692 1807 1746 omnia

213 1760 531 1841 compulsus
565 1788 864 1839 evomeret,
895 1780 962 1833 ab
1006 1779 1122 1848 ejus
1161 1781 1459 1837 visceribus
1488 1781 1671 1837 feralis
1714 1799 1810 1837 an-

215 1868 394 1935 gustia
420 1883 527 1922 non
553 1870 797 1924 recessit.
821 1870 971 1925 Tunc
995 1873 1118 1941 agili
1147 1874 1469 1942 pernicitate
1497 1876 1807 1935 subsiliens.

207 1958 580 2026 releriterque
611 1962 772 2032 263
823 1977 1165 2031 percurrens,
1198 1966 1359 2021 sociis
1388 1969 1656 2036 persuasit
1682 1969 1807 2038 quia

206 2046 317 2100 ‘nisi
343 2046 655 2114 iumentum
712 2051 802 2104 Dei
856 2050 1056 2106 famqu
1105 2055 1429 2122 quantocius
1484 2058 1807 2121 redderent,

212 2136 507 2192 imminens
537 2139 758 2194 ultionis
802 2141 996 2196 divina:
1046 2144 1344 2211 periculum
1396 2161 1501 2199 non
1552 2147 1807 2202 vitarent.

215 2226 315 2294 Qui
345 2229 608 2284 divinitus
638 2231 962 2295 tremefacti,
992 2233 1275 2291 confestim
1306 2237 1375 2290 ad
1409 2237 1503 2292 Dei
1537 2240 1808 2294 hominem

215 2322 470 2384 redeunt,
498 2323 933 2392 praesumptionis
968 2340 1078 2379 sua:
1107 2336 1385 2395 gementes
1421 2326 1810 2400 indulgentiam

216 2421 467 2480 quaerunt
506 2411 1105 2483 simulque'jumentum
1135 2430 1258 2469 cum
1308 2418 1415 2482 his,
1446 2434 1564 2486 qua:
1610 2419 1809 2474 nihilo-

216 2502 400 2556 minus
433 2502 648 2557 fuerant
685 2504 861 2559 ablata
891 2546 906 2569 ,
940 2507 1253 2561 restituunt.
1291 2507 1383 2563 Sic
1416 2510 1598 2579 itaque
1628 2512 1810 2566 divina

215 2590 393 2660 pietas
469 2593 539 2645 ab
597 2609 785 2648 eorum
853 2596 1094 2651 tuitiouis
1149 2597 1348 2653 auxilio
1395 2616 1501 2654 non
1552 2599 1809 2672 elongat,

216 2697 355 2750 quos
408 2682 464 2736 in
521 2699 633 2739 suae
680 2686 980 2743 devotionis
1033 2686 1293 2757 obsequio
1343 2688 1591 2746 laborare
1635 2694 1813 2748 consi-

214 2775 372 2827 derat

287 2861 483 2918 Frater
514 2864 679 2919 etiam
713 2877 899 2923 noster
926 2867 1128 2925 Bouizo
1152 2910 1167 2935 ,
1213 2871 1297 2926 vir
1324 2868 1574 2929 videlicet
1600 2883 1813 2929 vetera-

214 2968 320 3009 nus
350 2965 406 3009 et
435 2967 679 3022 sanctus,
707 2959 925 3029 quijam
954 2976 1049 3029 per
1069 2963 1329 3029 plurimos
1350 2980 1522 3020 annos
1544 2966 1596 3020 iu
1627 2982 1811 3021 eremo

215 3056 537 3113 perseverat
586 3057 641 3102 et
671 3051 1088 3105 continentioris
1116 3053 1239 3106 vita:
1266 3054 1497 3122 rigorem
1540 3056 1724 3110 senilis
1757 3056 1808 3110 in

214 3152 286 3195 eo
329 3141 584 3194 debilitas
612 3158 718 3195 non
751 3141 975 3208 relaxat,
1026 3144 1168 3199 sicut
1216 3148 1372 3202 nobis
1422 3148 1535 3219 ipse
1585 3149 1766 3202 retulit
1794 3188 1809 3213 ,

216 3228 346 3283 dum
375 3228 445 3282 ab
480 3227 871 3300 Hierosolymis
904 3234 1118 3302 navigio
1147 3246 1437 3304 remearet,
1470 3238 1809 3307 naufragium

172 3334 409 3387 .passus
439 3328 544 3374 est.
591 3321 1080 3378 lntmuesceutihns
1130 3341 1324 3396 nempe
1371 3329 1641 3397 procellis,
1676 3343 1810 3383 nave

176 3408 917 3481 'submersa'omnibnsque
979 3415 1142 3469 sociis
1211 3419 1408 3472 marini
1484 3420 1811 3474 discriminis

210 3505 549 3567 tempestate
596 3502 913 3570 peremptis,
969 3503 1072 3558 iste
1121 3520 1338 3559 saccum
1389 3508 1479 3578 qui
1535 3508 1811 3565 bombacis

218 3587 506 3642 involucro
534 3590 729 3658 plenus
757 3601 875 3647 erat
903 3594 1152 3662 arripuit,
1188 3597 1346 3664 eique
1391 3597 1531 3651 inter
1567 3592 1812 3652 fluctiva-

217 3696 320 3751 gos
351 3685 620 3738 undarum
651 3686 897 3740 cumulos
927 3687 1246 3757 praesidens,
1290 3704 1387 3759 per
1417 3698 1527 3744 tres
1558 3690 1668 3761 fere
1696 3682 1811 3747 dies

214 3786 273 3833 et
303 3778 439 3833 duas
469 3790 656 3837 noctes
689 3790 941 3851 tanquam
975 3784 1059 3837 vir
1091 3792 1392 3855 pugnator,
1443 3786 1647 3840 marina
1677 3802 1808 3842 con-

218 3868 497 3937 grediens,
545 3886 668 3924 cum
719 3881 892 3925 morte
923 3872 1180 3926 conflixit.
1230 3873 1468 3943 Contigit
1519 3887 1700 3931 autem
1754 3884 1812 3931 ut

214 3962 461 4028 remiges
513 3962 734 4029 quidam
808 3977 1025 4032 :equora
1081 3965 1289 4017 marina
1348 3965 1623 4021 sulcautes
1687 3982 1809 4020 eum

216 4050 416 4119 procul
451 4053 783 4121 aspicerent,
809 4064 969 4122 quem
1009 4055 1075 4107 ad
1102 4069 1162 4108 se
1189 4055 1273 4125 pie
1301 4051 1572 4109 sublatum
1608 4064 1664 4110 ct
1690 4057 1810 4113 cibo

222 4140 486 4194 reficiunt
517 4153 565 4195 et
600 4142 957 4199 humanitatis
1003 4160 1163 4199 curas
1194 4147 1527 4215 impendunt.
1564 4146 1653 4202 Sic
1680 4163 1810 4220 ergo

223 4228 316 4296 qui
371 4228 597 4283 Paulum
648 4229 739 4285 die
784 4247 848 4287 ac
878 4242 1038 4289 nocte
1066 4235 1166 4288 sub
1218 4235 1391 4306 pelagi
1443 4235 1810 4305 profunditatc

210 4322 457 4374 servavit
511 4321 736 4376 illaesum
788 4322 925 4395 (Act.
975 4335 1155 4391 xxvii;
1190 4293 1252 4379 III
1279 4293 1400 4380 (Σο-ι’.
1434 4293 1537 4400 ιιι),
1582 4328 1805 4384 fratrem
1834 4293 1887 4352 Β

215 4409 381 4465 etiam
417 4411 526 4474 hic,
575 4426 645 4465 ne
682 4413 887 4467 marina
924 4416 1178 4484 voragine
1216 4417 1528 4472 sorberetur
1555 4459 1568 4484 ,
1600 4417 1655 4473 in
1696 4420 1810 4491 ipsa

215 4503 700 4571 compugnautiuiu
739 4505 1094 4573 procellarum
1127 4508 1389 4562 continuit
1418 4508 1683 4564 alluvione
1713 4525 1807 4563 su-

214 4605 516 4659 spensum;
571 4603 628 4647 et
684 4594 835 4662 cujus
886 4596 1084 4650 virtute
1134 4595 1325 4652 Jouam
1364 4601 1575 4654 voracis
1624 4598 1811 4656 bestiae

212 4695 401 4752 guttur
429 4685 673 4738 evomuit
706 4684 852 4755 (Jan.
881 4687 1026 4756 vm),
1058 4686 1174 4756 ejus
1203 4688 1449 4758 imperio,
1480 4690 1610 4745 huic
1641 4692 1807 4747 etiam

214 4775 353 4836 viro,
386 4792 499 4830 non
530 4778 598 4829 ad
627 4777 978 4840 sorbendum,
1025 4781 1116 4834 sed
1144 4781 1208 4834 ad
1252 4784 1661 4838 custodiendum
1690 4801 1811 4841 sese

209 4868 389 4922 mollis
422 4870 569 4924 unda
600 4870 907 4925 substravit.
955 4870 1064 4925 Hos
1095 4872 1257 4944 igitur
1287 4884 1341 4929 et
1378 4877 1683 4947 hujusmodi
1722 4895 1813 4933 su-

210 4972 398 5027 perna:
448 4959 846 5017 misericordia:
874 4961 1151 5025 flosculos,
1180 4964 1262 5018 vir
1288 4967 1539 5038 insignis,
1586 4961 1814 5024 internis

207 5051 493 5104 obtutibus
534 5048 749 5115 adhibe,
782 5053 844 5107 de
888 5052 1125 5120 propriis
1173 5056 1392 5124 quidem
1421 5098 1437 5124 ,
1486 5066 1546 5111 ιιι
1589 5057 1813 5129 dignum

206 5151 306 5202 est,
340 5141 564 5194 viribus
591 5140 827 5213 ambige;
854 5143 922 5196 de
950 5140 1091 5196 illius
1117 5153 1316 5211 autem,
1349 5149 1439 5218 qui
1472 5147 1673 5217 ubique
1696 5165 1813 5204 om-

205 5230 465 5301 nipotens
495 5237 604 5288 est.
634 5230 899 5285 indeﬁcua
937 5230 1165 5288 tuitione
1212 5250 1496 5303 praesume.
1524 5237 1665 5292 Caro
1687 5239 1812 5308 qui-

211 5321 323 5344 ..I..-_.
366 5322 426 5344 Δ..

438 5334 612 5344 -Λ“Δ“
648 5323 872 5344 l-..-:..‘.
1068 5322 1181 5344 :_._-

1910 1698 2064 1743 catur
2091 1689 2388 1742 monachus
2417 1686 2682 1741 orationis
2711 1686 3041 1740 instantiam.
3430 1732 3435 1735 _

1982 1777 2246 1845 Quoniam
2279 1779 2392 1841 rei,
2442 1793 2508 1832 ex
2538 1792 2641 1845 qua
2682 1774 2963 1833 conﬂictus
2986 1777 3233 1834 oboritur
3255 1818 3271 1842 ,
3303 1762 3495 1832 melius

1911 1877 1993 1924 est
2022 1868 2308 1939 gratuitam
2339 1867 2700 1939 ignorantiam
2743 1869 3022 1939 possidere
3053 1885 3212 1939 quam
3252 1870 3316 1924 de
3344 1885 3497 1925 eam-

1911 1960 2152 2031 parauda
2201 1974 2415 2028 semper
2482 1958 2754 2013 oblivione
2809 1957 3096 2029 conﬂigere
3126 2000 3140 2022 ,
3182 1957 3492 2027 juvenculis

1911 2054 2267 2116 mulieribus,
2319 2068 2549 2122 quarum
2617 2051 2971 2106 formidamus
3031 2062 3320 2121 aspectus,
3377 2059 3495 2106 tuto

1912 2145 2214 2200 litterarum
2249 2146 2553 2215 praebemus
2579 2144 2891 2213 alloquium.
2935 2145 3046 2216 ligo
3072 2156 3222 2200 certe
3260 2144 3350 2214 qui
3377 2144 3492 2215 jam

1913 2250 2074 2289 senex
2106 2250 2245 2299 sum,
2289 2249 2426 2288 anus
2452 2234 2669 2303 quidem
2712 2232 2907 2288 faciem
2952 2234 3097 2304 rugis
3127 2241 3405 2288 exaratam
3426 2246 3494 2288 ac

1913 2326 2250 2396 lippientium
2300 2324 2577 2380 oculorum
2640 2324 2898 2379 littoribus
2951 2324 3218 2379 madidam
3268 2338 3495 2380 secum:

1914 2419 2147 2481 intueor,
2201 2418 2426 2472 licenter
2475 2416 2722 2482 attendo;
2790 2432 2821 2470 a
2858 2416 3258 2471 venustioribus
3311 2424 3492 2470 autem

1913 2517 2075 2578 atque
2109 2507 2303 2563 fucatis
2347 2508 2425 2563 sic
2474 2506 2661 2562 oculos
2710 2516 2966 2577 tanquam
3015 2522 3212 2578 pueros
3256 2509 3325 2561 ab
3371 2507 3498 2578 igne

1913 2599 2179 2652 custodio.
2209 2595 2397 2651 Infelix
2430 2596 2626 2666 quippe
2656 2612 2752 2651 cor
2776 2612 2953 2650 meum
2974 2637 2989 2663 ,
3015 2598 3156 2667 quod
3186 2596 3493 2665 evangelica

1915 2700 2098 2745 tenere
2130 2690 2385 2761 mysteria
2428 2689 2638 2744 centies
2681 2686 2917 2759 perlecta
2946 2705 3051 2744 non
3085 2686 3301 2754 sufficit,
3330 2688 3501 2744 semel

1915 2791 2146 2848 aspecta:
2184 2779 2371 2834 forma:
2406 2779 2721 2833 memoriam
2751 2794 2856 2833 non
2889 2779 3119 2845 amittit;
3150 2788 3206 2834 et
3231 2778 3301 2832 ibi
3340 2778 3497 2833 vani-

1918 2872 2041 2925 tatis
2074 2870 2361 2939 imaginem
2396 2868 2595 2923 oblivio
2629 2884 2735 2923 non
2769 2868 3059 2937 intercipit,
3089 2868 3177 2922 ubi
3208 2866 3289 2921 lex
3318 2867 3503 2922 divino

1839 2930 1882 2991 Ο
1916 2930 2388 3029 (ἔθεσι-ἱρωᾟὶςίιο
2414 2975 2517 3013 uou
2551 2958 2870 3028 permansit.
2908 2930 3013 3012 seu
3047 2930 3171 3013 haec.
3201 2958 3353 3014 alias.
3386 2946 3500 3012 Nec

1911 3051 2053 3105 enim
2089 3051 2175 3104 hic
2221 3051 2528 3105 describere
2565 3060 2694 3120 quae
2740 3049 2873 3103 tuihi
2907 3059 3031 3105 sunt
3066 3051 3250 3115 noxia,
3280 3049 3373 3105 sed
3405 3065 3501 3120 μοι·

1916 3144 2018 3197 tius
2052 3158 2170 3211 qua:
2200 3142 2294 3196 tibi
2325 3142 2533 3212 possint
2557 3158 2676 3197 esse
2703 3141 2958 3202 salubria.
2998 3141 3255 3212 jndicavi.
3295 3140 3500 3197 Trans-

1914 3238 2003 3291 isti
2029 3254 2178 3302 sane,
2214 3237 2340 3301 tilia,
2385 3249 2481 3306 per
2527 3234 2780 3306 nuptialis
2820 3233 2943 3304 jura
2993 3234 3246 3289 connubii
3295 3233 3353 3289 in
3400 3233 3501 3288 do-

1912 3347 2060 3385 mum
2123 3331 2256 3385 satis
2310 3331 2526 3400 quidem
2585 3328 2855 3399 amplam,
2919 3329 3036 3393 sed,
3090 3329 3301 3392 fateor,
3359 3326 3502 3382 male

1912 3429 2211 3485 moratam;
2234 3408 2431 3489 opibus
2478 3428 2534 3473 et
2562 3419 2823 3488 dignitate
2852 3419 3223 3487 conspicuam,
3274 3417 3367 3470 sed
3397 3414 3496 3470 de-

1910 3521 2133 3582 pravata
2166 3510 2374 3565 vivendi
2427 3509 2542 3580 lege
2574 3508 2876 3564 confusam.
2926 3508 3139 3578 Frange
3182 3508 3347 3578 igitur
3379 3521 3499 3577 per-

1915 3603 2054 3657 versi
2105 3602 2242 3656 ritus
2272 3600 2512 3671 regulam
2556 3616 2720 3676 quam
2756 3600 3031 3664 invenisti,
3083 3599 3211 3655 tolle
3238 3600 3499 3654 confisca-

1914 3695 2087 3749 tiones
2144 3708 2438 3764 pauperum
2473 3732 2488 3757 ,
2548 3691 2776 3761 injustas
2832 3707 3072 3747 canones
3115 3699 3172 3746 et
3228 3691 3503 3748 illationel

1913 3784 2097 3840 inhibe
2128 3784 2493 3848 rusticorum;
2548 3793 2605 3837 et
2637 3784 2704 3837 ad
2754 3781 2912 3839 Josizn
2965 3784 3106 3853 regis
3151 3782 3506 3854 exemplum,

1912 3878 2085 3933 conde
2134 3878 2257 3932 novi
2300 3876 2507 3932 ordinis
2537 3876 2862 3930 institutum.
2911 3875 3003 3930 Ille
3051 3877 3248 3946 quippe
3298 3875 3505 3946 reperit

1916 3983 2142 4039 regnum
2201 3966 2339 4023 Juda
2395 3967 2658 4023 idolorum
2710 3966 2945 4035 cultibus
2987 3968 3248 4033 deditum,
3293 3976 3348 4022 et
3393 3982 3504 4022 non

1913 4063 2071 4115 modo
2100 4059 2336 4131 paterni,
2366 4059 2460 4115 sed
2490 4059 2620 4114 aviti
2669 4059 2943 4129 sacrilegii
2981 4067 3195 4115 vetusta
3236 4058 3505 4114 contami-

1913 4154 2134 4208 natione
2162 4153 2463 4223 pollutum;
2496 4152 2589 4208 sed
2618 4168 2766 4218 mox,
2813 4161 2870 4207 ut
2912 4152 3192 4223 Scriptura
3244 4161 3498 4217 testatur,

1912 4246 2094 4301 omnia
2144 4262 2314 4314 vasa,
2353 4261 2476 4316 quae
2521 4245 2664 4300 facta
2693 4244 2912 4300 fuerant
2952 4243 3100 4311 Baal,
3152 4246 3207 4299 in
3257 4243 3505 4299 convalle

1915 4335 2126 4392 Cedron
2155 4337 2278 4408 igne
2304 4337 2631 4400 combussit;
2676 4337 2953 4405 aruspices
2990 4336 3082 4404 qui
3120 4335 3505 4391 sacriﬁcabant

1910 4416 1968 4481 in
1998 4426 2230 4482 excelsis
2265 4442 2496 4496 arasque
2529 4426 2765 4493 delevit;
2802 4426 3058 4480 contrivit
3101 4434 3308 4482 statuas
3333 4466 3348 4487 .
3380 4440 3505 4482 διιο-

1913 4518 2044 4574 cidit
2068 4517 2239 4584 lucos,
2270 4518 2459 4573 altaria
2490 4517 2715 4588 polluit,
2765 4510 3198 4573 effeminatorum
3248 4514 3506 4572 :ediculas

1915 4607 2240 4680 profanavit.
2273 4608 2340 4664 Et
2367 4610 2493 4679 quia
2544 4607 2767 4679 longum
2814 4616 2898 4664 est
2924 4609 3107 4662 omnia
3155 4608 3505 4663 dinumerare

1917 4716 2036 4769 quae
2070 4698 2201 4755 fecit
2228 4742 2244 4766 ,
2304 4701 2407 4757 hoc
2460 4700 2527 4755 ad
2572 4700 2960 4775 compendium
3005 4698 3208 4754 referre
3239 4697 3510 4764 sufficiat,

1914 4783 2170 4862 quoniam
2200 4804 2255 4849 et
2297 4790 2681 4849 abominabilia
2729 4798 2925 4857 cuncta
2953 4791 3238 4855 subvertit,
3278 4799 3334 4843 ct
3374 4797 3512 4842 tem-

1912 4883 2061 4954 plum
2092 4884 2304 4941 Domini
2337 4900 2460 4939 cum
2491 4883 2782 4954 legalibus
2808 4880 3125 4940 ceretnoniis
3149 4877 3527 4948 pollucibiliter

1917 4975 2245 5031 instauravit
2271 4977 2323 5047 (1
2340 4973 2380 5027 γ
2410 4975 2543 5045 Reg.
2586 4989 2812 5060 nr"),
2844 4971 2920 5030 '[u
2948 4982 3159 5041 quoque
3185 4968 3354 5025 sancti
3388 4966 3529 5035 regis

1915 5063 2131 5128 amula,
2164 5077 2439 5137 repertum
2471 5068 2716 5128 destrue
2770 5056 3008 5129 ‘vetusta‘.
3033 5058 3355 5117 confusionis
3390 5056 3534 5111 ordi-

1917 5169 2063 5216 nem.
2088 5164 2143 5209 et
2171 5156 2426 5213 salutaris
2453 5157 2617 5212 indue
2650 5150 3020 5228 innocentia:
3042 5150 3353 5206 novitatem.
3382 5142 3536 5202 Nam.

1914 5244 2015 5301 etsi
2060 5259 2170 5300 non
2203 5247 2476 5306 inveneris
2513 5245 2624 5303 illic
2674 5251 2868 5331 quod
2900 5246 3143 5299 ἀθεῑτιιθε
3188 5231 3544 5332 ίίῗ⁰¹¹³¹¹¹λ⁸⁰ί¹

3326 5332 3521 5344 -..ιιι-ιι*
