3950 5344
466 286 473 312 τ
512 231 622 286 459
1054 229 1111 285 S.
1151 229 1357 285 PETRI
1383 228 1666 285 DAMIANI
1704 229 1854 286 OPP.
1897 226 2075 284 PARS
2111 230 2116 280 1

2217 226 2240 284 ζ]
2270 227 2503 309 TOML’S
2540 232 2581 288 Ι.
2605 264 2673 276 -
2711 234 2927 307 EPIST.
2968 235 3092 291 L18.
3135 235 3269 293 Vill.
3664 235 3765 291 ιω

519 348 716 411 lorum,
750 344 916 399 altilia
952 343 1255 409 viduarum,
1291 343 1514 399 Domino
1544 359 1640 414 per
1670 343 1886 415 Moysen
1934 344 2094 400 terri-
2126 348 2170 407 Α
2199 360 2320 415 pus,
2345 354 2403 400 ut
2434 346 2798 419 indigentibus
2825 349 2878 403 in
2909 348 3234 404 necessitate
3269 356 3635 411 succurreret,
3652 354 3772 400 tan-

464 430 469 437 ’
519 436 703 491 biliter
732 434 1011 490 intonante
1045 451 1057 485 :
1106 451 1125 483 ι
1165 434 1350 488 Vidua:
1371 473 1387 499 ,
1430 433 1628 503 inquit,
1673 445 1727 489 et
1767 434 1967 505 pupillo
1994 449 2101 489 non
2202 443 2254 491 ta
2286 436 2387 492 fuit
2411 453 2519 494 non
2549 439 2708 493 modo
2729 440 2926 494 mentis
2950 440 3172 509 pietate,
3202 440 3299 494 sed
3327 445 3380 493 et
3422 436 3633 508 proprii
3655 451 3775 493 cor-

468 518 471 521 i
523 525 808 583 nocebitis.
855 524 911 578 Si
964 524 1211 578 laeseritis
1239 537 1334 579 eos
1358 565 1373 590 ,
1402 523 1847 578 vociferabuntur
1894 524 1960 578 ad
1993 538 2098 588 me,
2199 526 2350 596 poris
2381 528 2655 584 anxietate
2677 528 2960 598 sollicitus,
2987 539 3043 584 ut
3073 543 3232 600 agros
3275 528 3390 597 ipse
3437 540 3604 596 supra
3637 527 3779 581 vires

517 623 573 670 et
599 630 699 685 ego
728 613 944 668 audiam
983 613 1275 668 clamorem
1296 629 1514 679 eorum,
1544 622 1600 669 et
1627 613 1988 685 indignabitur
2019 613 2101 668 l'u-
2201 629 2329 669 suas
2354 616 2648 684 excoleret,
2677 626 2732 672 et
2762 619 2922 673 homo
2943 632 3144 689 genere
3169 617 3350 673 clarus
3380 617 3655 688 longeque
3681 615 3778 670 ali-

525 723 619 762 ror
644 720 817 772 meus,
846 705 1255 777 percutiamque
1298 720 1394 760 vos
1423 705 1616 777 gladio,
1642 714 1697 760 et
1723 714 1883 760 erunt
1911 720 2106 761 uxores

518 803 717 851 vestrae
741 796 935 860 viduae,
985 803 1038 849 et
1086 793 1181 847 filii
1208 794 1375 850 vestri
1417 793 1599 864 pupilli
1638 792 1834 864 (Exod.
1869 793 2030 863 xxn).
2079 811 2100 846 ι

524 887 604 941 Ac
639 885 684 940 si
712 884 927 939 dicatur
959 901 972 937 :
1008 883 1063 938 Si
1097 899 1194 938 vos
1219 884 1359 939 virili
1394 884 1588 940 solatio
1615 885 1899 940 destitutos
1927 893 1982 939 et
2017 899 2107 939 or-

525 976 682 1032 batos
710 974 1027 1044 parentibus
1062 975 1256 1030 Iaeditis
1278 1016 1293 1040 ,
1324 982 1381 1030 et
1426 991 1626 1031 uxores
1656 990 1869 1047 quoque
1895 985 2108 1032 vestras

524 1083 589 1122 ac
647 1067 848 1122 liberos
898 1067 1054 1138 digna
1109 1067 1211 1121 mei
1268 1065 1467 1122 furoris
1510 1068 1715 1124 ultione
1773 1070 2104 1139 percutiam;

527 1161 718 1233 viduas
749 1160 1000 1216 similiter
1045 1169 1100 1214 et
1142 1159 1371 1230 pupillos
1406 1161 1457 1215 in
1491 1162 1736 1231 proximo
1785 1160 2107 1231 relinquitis,

523 1260 587 1308 ut
631 1266 728 1308 eos
774 1252 1042 1322 quispiam
1100 1251 1315 1322 impune
1359 1251 1538 1306 valeat
1592 1252 1808 1316 laedere,
1864 1252 2003 1307 sicut
2055 1260 2111 1307 et

474 1378 477 1387 -
523 1363 625 1405 vos
658 1362 849 1403 secure
897 1345 1168 1403 conﬁditis
1205 1347 1304 1401 lies
1352 1345 1506 1416 quasi
1555 1346 1671 1402 sine
1707 1345 1907 1401 talione
1954 1358 2111 1417 posse
2159 1341 2162 1344 ’

525 1454 749 1496 vexare.

592 1528 665 1584 Ut
703 1536 880 1582 autem
921 1526 1063 1583 hanc
1107 1526 1319 1582 Domini
1368 1526 1689 1582 sententiam
1736 1541 1840 1583 non
1901 1525 2113 1598 longin-

522 1633 651 1689 quo,
699 1618 793 1673 sed
821 1632 887 1673 ex
933 1617 1231 1673 domestico
1273 1617 1450 1688 potius
1480 1627 1787 1672 astruamus
1814 1618 2063 1693 exemplo
2094 1634 2108 1673 :

2204 714 2287 760 ter
2305 706 2585 774 educatus,
2608 707 2876 763 ruralibus
2906 723 2965 764 se
2993 707 3271 765 laboribus
3326 709 3619 764 cruciaret.
3676 704 3779 761 Sed

2203 811 2379 867 neque
2402 796 2506 853 hoc
2530 798 2703 853 solum
2737 808 2787 855 te
2816 798 3045 854 subiciat
3072 800 3448 864 admoneri,ut
3466 798 3646 853 aliena
3674 791 3801 850 non

2204 890 2409 961 rapias,
2439 891 2531 946 sed
2557 891 2862 953 addendum
2893 900 2979 948 est
3004 892 3245 964 insuper,
3272 901 3331 948 ut
3370 906 3606 963 quaeque
3633 904 3781 945 com-

2205 980 2411 1051 pereris
2444 990 2571 1037 ante
2598 990 2650 1037 te
2679 989 2947 1052 praerepta
2994 983 3270 1039 restituas.
3333 981 3469 1038 Nam
3516 990 3575 1038 et
3639 984 3783 1049 anti-

2207 1086 2347 1142 quus
2370 1070 2457 1126 ille
2480 1070 2847 1127 Romanorum
2875 1073 3002 1140 dux,
3028 1071 3233 1143 Scipio,
3256 1088 3377 1129 cum
3400 1072 3782 1143 Carthaginem

2207 1161 2381 1216 victor
2400 1161 2745 1227 obtinuisset,
2769 1163 2935 1235 266
2961 1171 3154 1219 cuncta
3184 1163 3409 1235 urbibus
3432 1165 3628 1228 Italiae,
3652 1163 3785 1220 Afri-

2210 1263 2289 1305 cae
2323 1259 2485 1321 atque
2512 1249 2713 1305 Sicilire
2739 1233 2917 1320 spolia
2940 1251 3193 1318 reddidit,
3216 1233 3345 1323 quae.
3363 1253 3577 1308 scilicet
3603 1252 3731 1317 illis
3752 1267 3784 1308 a

2210 1338 2731 1412 Carthaginiensibus
2757 1341 2885 1397 olim
2934 1342 3145 1398 sublata
3193 1345 3441 1416 cognovit
3468 1344 3618 1415 (Tl'l‘.
3642 1342 3786 1407 Lm,

2210 1430 2342 1486 Dec.
2365 1432 2419 1498 5,
2451 1431 2545 1487 lib.
2574 1432 2654 1504 x).
2679 1433 2745 1487 Et
2763 1433 2906 1504 quod
2929 1448 2958 1487 a
2980 1432 3094 1490 suis
3118 1433 3419 1491 cultoribus
3431 1433 3781 1506 Evangelium

2212 1538 2359 1578 nunc
2386 1533 2714 1593 extorquere
2739 1523 2829 1577 vix
2852 1520 3065 1591 suﬂicit,
3091 1522 3386 1592 Evangelia
3433 1523 3672 1579 necdum
3701 1537 3792 1577 co-

2206 1599 2490 1687 ruscante,
2520 1614 2605 1667 vir
2629 1613 2844 1684 gentilis
2875 1611 3133 1682 implevit.
3160 1612 3268 1668 Sed
3302 1613 3372 1669 ad
3394 1613 3508 1669 lucc
3536 1612 3682 1668 forte
3710 1627 3791 1668 re-

525 1687 698 1765 soceri
756 1708 854 1774 tui,
904 1706 1178 1779 Uguzonis
1227 1687 1434 1763 scilicet
1485 1708 1816 1762 marcliionis
1864 1687 2110 1763 uterinus
2142 1687 2187 1749 Β
2216 1701 2483 1770 spondeas
2503 1704 2628 1772 quia
2653 1703 2753 1757 nisi
2780 1704 2861 1757 vir
2880 1703 2934 1757 in
2962 1704 3047 1758 his
3077 1705 3327 1761 omnibus
3349 1714 3542 1761 auctor
3568 1706 3789 1770 existat,

523 1799 696 1854 frater
754 1797 883 1853 olim
959 1798 1062 1852 fuit
1137 1812 1320 1854 comes
1378 1796 1652 1864 Ubertus,
1720 1795 1871 1864 cujus
1921 1812 2107 1863 uxor,

521 1891 684 1963 265
719 1891 844 1945 dum
876 1891 929 1946 in
952 1899 1133 1946 castro
1154 1891 1298 1960 quod
1325 1888 2106 1957 Sciﬂ'enadieitnr,habitaret,

472 1990 477 1997 ‘
523 1981 736 2036 cuidam
766 1981 939 2035 vidua:
987 1994 1211 2051 porcum
1240 1980 1378 2046 tulit,
1446 1996 1617 2050 eoque
1662 1996 1759 2050 per
1811 1995 2110 2050 coquorum

525 2071 578 2126 in
590 2071 819 2126 dustrias
841 2070 908 2125 ad
930 2070 1165 2126 edulium
1182 2079 1508 2141 praeparato,
1533 2086 1796 2142 pransura
1817 2070 2108 2128 discubuit.

528 2160 701 2215 Vidua
727 2175 857 2215 vero
880 2159 1005 2231 quia
1037 2160 1312 2217 victimam
1339 2160 1440 2216 sibi
1465 2161 1614 2217 reddi
1654 2160 1766 2231 jam
1791 2176 1931 2232 saepe
1961 2177 2113 2235 roga-

529 2264 710 2321 verat,
754 2256 849 2310 sed
896 2270 965 2310 ne
1000 2255 1104 2311 hoc
1146 2253 1384 2324 quidem,
1439 2261 1498 2308 ut
1522 2254 1789 2325 patienter
1812 2255 2111 2322 audiretur,

530 2347 780 2403 obtinere
820 2355 1070 2417 potuerat
1105 2387 1121 2412 ,
1179 2345 1394 2401 mulieri
1452 2344 1766 2402 solemniter
1806 2347 2114 2403 convivanti

529 2436 713 2492 dolore
736 2434 993 2491 transfixa
1016 2450 1073 2491 se
1100 2435 1294 2490 mulier
1315 2433 1528 2499 obtulit,
1569 2444 1625 2491 et
1649 2444 1710 2490 ut
1740 2445 1901 2493 tenue
1923 2436 2114 2491 saltem

478 2536 483 2543 '
526 2524 819 2581 frustulum
845 2526 913 2580 de
935 2540 1033 2580 suo
1070 2524 1173 2581 sibi
1204 2526 1535 2580 nutrimento
1580 2526 1885 2598 porrigeret
1932 2535 2114 2598 postn-

529 2617 677 2673 lavit.
710 2616 846 2685 Quia
875 2632 978 2673 non
996 2630 1328 2681 meruerant,
1373 2617 1569 2688 inquit,
1623 2617 1691 2673 de
1729 2619 1954 2673 nutritio
2001 2618 2113 2688 spei

529 2724 668 2764 meae
699 2717 961 2764 consueto
992 2723 1143 2765 more
1168 2707 1425 2780 gaudere,
1458 2706 1620 2762 liceat
1669 2706 1859 2762 saltem
1883 2706 2115 2762 extremi

532 2809 749 2871 gustum
772 2803 982 2871 saporis
1016 2802 1303 2871 attingere.
1349 2799 1520 2868 Quam
1577 2799 1889 2870 petitionem
1946 2798 2117 2854 ﬂuens

531 2900 697 2961 atque
718 2893 1044 2962 superbiens
1074 2901 1323 2948 matrona
1354 2892 1621 2961 despexit,
1649 2892 1808 2963 eique
1835 2892 1960 2962 quia
1986 2909 2118 2947 nun-

532 2996 696 3053 quam
725 2997 791 3037 ex
827 2984 920 3038 illo
952 2986 1306 3039 manducaret
1352 2998 1459 3038 non
1486 2985 1605 3040 sine
1627 2983 1968 3039 contumeliie
1999 2984 2118 3052 jur-

474 3074 481 3079 ’
535 3050 626 3144 gio
651 3074 1010 3128 denuntiavit.
1039 3071 1169 3140 Sed,
1200 3088 1234 3127 o
1283 3073 1463 3130 divina
1503 3073 1713 3142 iustitia
1743 3074 1811 3129 ad
1872 3050 2115 3145 plecten-
2144 3050 2188 3109 (ἶ

536 3164 661 3219 dam
724 3163 1057 3234 impietatem
1111 3173 1275 3234 atque
1330 3164 1637 3235 superbiam
1686 3163 1864 3234 gladio
1906 3179 2120 3232 semper

536 3252 757 3308 ultionis
787 3251 1064 3308 accincta!
1096 3252 1286 3307 eodem
1309 3251 1465 3322 plane
1490 3253 1594 3317 die,
1630 3261 1754 3324 post
1806 3253 2115 3323 prandium,

534 3348 660 3401 dum
694 3343 917 3416 praefata
949 3360 1135 3401 comes
1161 3345 1212 3399 in
1240 3345 1539 3401 castrensis
1567 3346 1692 3401 valli
1744 3346 1979 3410 sederet,
2033 3363 2120 3401 se-

533 3449 662 3488 cura
688 3434 967 3505 crepidine
991 3444 1044 3490 et
1070 3434 1333 3506 saginatis
1359 3448 1425 3489 ex
1448 3434 1624 3491 aliena
1672 3435 1989 3492 calamitate
2013 3437 2121 3493 vis-

480 3530 487 3535 '
534 3523 772 3592 ceribus,
804 3523 1003 3579 nullius
1036 3524 1205 3579 ruinae
1222 3524 1522 3595 periculum
1549 3525 1893 3593 formidaret,
1926 3542 2121 3595 repen-

536 3612 655 3667 tino
701 3628 826 3668 mox
863 3613 1157 3670 subsicivio
1200 3613 1516 3670 munitionis
1574 3630 1703 3686 ager
1730 3616 2019 3683 obruitur,
2066 3625 2123 3672 et

539 3717 704 3771 super
727 3700 997 3758 infelicem
1027 3702 1309 3759 mulierem
1340 3703 1605 3759 immensa
1633 3705 1839 3761 ruentis
1868 3720 2121 3775 promon-

535 3794 659 3849 torii
694 3794 975 3864 congeries
1033 3793 1380 3858 cumulatur,
1437 3803 1841 3865 perstrepentes
1883 3796 2121 3867 undique

535 3884 833 3956 phalanges
864 3885 1144 3940 hominum
1178 3883 1485 3949 conﬂuunt,
1541 3885 1779 3943 fossores
1834 3889 2119 3956 accedunt,

484 4008 491 4013 τ
538 3985 697 4031 terra)
728 3977 934 4032 viscera
974 3985 1409 4045 perscrutantur,
1440 3985 1494 4033 et
1520 3977 1643 4033 dum
1681 3979 1911 4035 diversis
1943 3979 2119 4036 ferra-

538 4074 844 4120 mentorum
867 4066 1157 4136 geueribus
1186 4066 1423 4136 collapsa
1450 4074 1611 4123 terrae
1640 4069 1813 4125 moles
1838 4071 1968 4125 hinc
1999 4070 2123 4127 inde

540 4160 867 4229 perfoditur,
901 4162 990 4216 vix
1023 4169 1182 4218 tenue
1242 4162 1462 4217 contriti
1512 4164 1795 4220 cadaveris
1832 4166 2122 4236 vestigium

540 4254 832 4323 reperitur.
861 4252 1075 4310 Ossium
1108 4268 1238 4325 ergo
1270 4261 1594 4324 artuumque
1637 4256 1954 4326 particulas,
1986 4273 2125 4328 quas

540 4360 648 4401 non
676 4345 792 4402 sine
819 4347 1001 4418 magni
1028 4346 1230 4402 laboris
1271 4347 1555 4415 instantia,
1596 4358 1655 4403 ut
1683 4350 1754 4405 ita
1796 4350 2006 4419 loquar,
2030 4368 2124 4408 ex-

2209 1795 2275 1849 ad
2299 1796 2415 1851 haec
2459 1795 2727 1867 implenda
2752 1795 3028 1851 vasculum
3070 1796 3343 1853 infirmum
3402 1813 3510 1853 non
3567 1797 3789 1867 aspirat.

2211 1888 2411 1945 Verum
2435 1883 2596 1959 plane
2622 1903 2723 1945 nec
2758 1887 3048 1944 diliiteniur
3095 1890 3223 1960 quia
3250 1930 3266 1955 ,
3320 1906 3443 1945 cum
3494 1890 3565 1943 ad
3620 1890 3790 1953 virum

2211 1978 2454 2035 mulieris
2502 1980 2572 2034 sit
2616 1979 2878 2035 divinitus
2934 1983 3152 2035 decreta
3205 1980 3489 2036 conversio
3522 2020 3539 2045 ,
3591 1981 3791 2051 indiget

2160 2088 2163 2089 '
2209 2070 2527 2141 plerumque
2558 2086 2719 2127 sexus
2766 2071 3032 2126 inﬁrmior
3091 2073 3421 2127 auctoritate
3470 2072 3640 2125 virili.
3687 2071 3789 2126 Sed

2211 2161 2303 2216 ubi
2337 2162 2532 2218 mulier
2560 2163 2761 2218 rectius
2784 2161 3013 2231 judicat,
3041 2162 3259 2232 dignum
3285 2170 3368 2217 est
3395 2171 3455 2216 ut
3500 2162 3550 2216 ei
3583 2163 3670 2216 vir
3697 2178 3792 2216 au-

2213 2255 2482 2311 ctoritatis
2504 2256 2627 2311 suae"
2645 2254 2849 2327 legibus
2877 2270 2980 2309 non
3007 2253 3235 2309 obsistat
3266 2270 3282 2317 ;
3318 2268 3415 2323 pro
3440 2253 3560 2307 viro
3592 2252 3792 2307 scilicet

2214 2352 2298 2399 est
2338 2346 2435 2399 lioc
2452 2343 2738 2413 judicium,
2769 2359 2874 2399 non
2924 2353 3115 2398 contra
3163 2343 3361 2397 virum.
3422 2341 3589 2397 Ozias
3638 2342 3793 2413 plane

2221 2438 2560 2491 sacerdosin
2614 2436 2841 2491 aliutura
2896 2437 3107 2491 Domini
3164 2435 3514 2492 miseratione
3560 2438 3794 2507 quinque

2215 2528 2427 2582 dierum
2453 2527 2743 2583 terminum
2782 2528 2991 2592 statuit,
3025 2528 3117 2583 sed
3146 2527 3249 2583 hoc
3278 2526 3544 2595 judicium
3576 2543 3793 2599 magna-

2215 2617 2379 2674 nimis
2415 2617 2503 2673 illa
2533 2617 2717 2674 Juditli
2746 2618 3066 2687 corripiens,
3095 2616 3419 2686 improbavit
3446 2638 3460 2672 :
3498 2636 3517 2668 ι
3550 2616 3670 2672 Non
3696 2627 3790 2684 est,

2219 2708 2413 2778 inqttil,
2445 2709 2547 2764 iste
2575 2723 2754 2765 sermo
2784 2709 2876 2780 qui
2909 2708 3333 2764 misericordiam
3390 2718 3676 2778 provocet,
3708 2708 3796 2763 sed

2217 2801 2397 2872 potius
2419 2801 2510 2870 qui
2539 2800 2675 2855 iram
2702 2799 2903 2855 excitet
2924 2809 2979 2853 et
3000 2800 3239 2854 furorem
3285 2800 3553 2855 accendat
3582 2790 3795 2870 (Iudith

2218 2890 2361 2959 vni).
2386 2908 2405 2940 ι
2433 2889 2644 2960 Abigail
2672 2904 2887 2960 quoque
2908 2888 3034 2943 dum
3070 2890 3221 2945 stulti
3245 2888 3415 2944 Nabal
3471 2890 3796 2945 sententiam

2221 2988 2415 3043 mutat,
2441 2995 2470 3032 a
2502 2992 2614 3033 sua:
2636 2977 2828 3032 domus
2855 2978 3067 3048 excidio
3095 2978 3337 3033 vibratos
3397 2978 3569 3032 David
3600 2977 3797 3047 gladios

2221 3078 2439 3125 revocat
2463 3086 2476 3123 :
2502 3083 2623 3140 quae
2654 3068 2908 3122 nimirum
2931 3083 3027 3139 pro
3053 3067 3223 3122 Nabal
3251 3067 3400 3133 fecit,
3422 3069 3553 3124 dum
3579 3084 3797 3139 perver-

2222 3177 2342 3216 sum
2370 3158 2483 3228 ejus
2505 3157 2773 3228 judicium
2799 3173 2954 3214 serva
2966 3174 3021 3214 re
3057 3160 3382 3230 contempsit
3408 3158 3459 3230 (I
3475 3158 3606 3229 Reg.
3622 3160 3795 3231 xxiii).

2222 3250 2416 3306 Manue
2444 3266 2567 3306 cum
2598 3250 2823 3305 vidisset
2846 3250 3093 3319 angelum
3116 3291 3131 3317 ,
3154 3251 3443 3321 desperare
3470 3253 3642 3322 cmpit
3669 3292 3686 3317 ,
3711 3252 3800 3308 sed

2220 3342 2717 3412 pusillanimitatcm
2745 3340 2864 3410 ejus
2903 3341 3175 3396 enerviter
3227 3341 3608 3408 ﬂuctuantem,
3668 3359 3800 3398 uxor

2222 3434 2437 3488 erexit:
2475 3452 2494 3485 ι
2529 3432 2720 3496 Morte,
2787 3433 2985 3501 inquit,
3035 3432 3352 3499 moriemur,
3397 3435 3524 3503 quia
3568 3434 3800 3489 vidimus

2222 3526 2412 3580 Deum.
2455 3522 2554 3579 Cui
2583 3523 2811 3578 mulier:
2840 3523 2897 3577 Si
2924 3522 3199 3589 Dominus,
3231 3525 3339 3590 ait,
3371 3540 3471 3579 nos
3493 3524 3661 3579 vellet
3711 3539 3799 3580 oc-

2223 3616 2424 3681 cidere,
2458 3615 2525 3671 de
2553 3615 2803 3670 manibus
2830 3615 3032 3671 nostris
3070 3615 3376 3672 holocausta
3403 3623 3458 3671 et
3507 3614 3803 3672 libamenta

2225 3692 2663 3774 nonsusciperet
2694 3702 2897 3775 (Judic.
2951 3704 3094 3776 xiii).
3130 3723 3148 3755 ι
3215 3703 3384 3759 Ροιτο
3432 3704 3480 3759 si
3528 3720 3801 3776 nunquam

2227 3794 2439 3851 mulieri
2491 3795 2573 3850 vir
2633 3792 3045 3864 obtemperasse
3085 3794 3402 3859 debuisset,
3457 3809 3800 3867 nequaquam

2224 3886 2457 3941 Abrahae
2483 3884 2742 3941 Dominus
2767 3884 2973 3940 diceret
3003 3903 3014 3939 :
3053 3902 3074 3937 ι
3105 3885 3296 3942 Omnia
3322 3900 3443 3956 qum
3482 3887 3688 3943 dixerit
3714 3890 3802 3944 tibi

2227 3974 2383 4039 Sara,
2409 3976 2536 4030 audi
2567 3990 2752 4031 vocem
2781 3975 2899 4045 ejus
2929 3974 3084 4049 (Gen.
3114 3975 3252 4047 XXI).
3294 3998 3313 4031 ι
3345 3977 3585 4050 Dignum
3616 3991 3701 4036 est
3717 3997 3799 4036 er-

2225 4078 2378 4141 gout
2412 4069 2673 4140 quidquid
2730 4083 2829 4138 per
2878 4066 3195 4138 injustitiam
3252 4078 3492 4140 partum,
3545 4070 3802 4142 quidquid

2226 4162 2349 4218 aliis
2372 4162 2636 4218 violenter
2658 4160 2922 4225 ablatum,
2945 4160 3149 4227 domui,
3183 4161 3267 4215 cui
3316 4176 3461 4216 nunc
3485 4176 3689 4231 prices,
3716 4164 3802 4218 ad-

2221 4257 2407 4328 jacere
2430 4255 2769 4329 cognoveris,
2800 4254 2853 4308 in
2879 4263 3140 4324 quantum
3168 4253 3262 4309 tibi
3287 4253 3545 4323 possibile
3573 4264 3658 4309 est
3690 4256 3802 4310 red-

2228 4349 2357 4403 dere
2384 4363 2489 4402 non
2517 4344 2748 4401 moreris
2778 4359 2847 4399 ne
2878 4344 2970 4398 tibi
2996 4343 3243 4402 videatur
3292 4343 3420 4398 illud
3484 4345 3801 4407 convenire.

540 4438 788 4509 sculpere
852 4414 1147 4509 potuerunt
1172 4477 1188 4504 ,
1246 4436 1536 4507 sepultura:
1606 4414 1964 4496 tradiderunt.
1994 4414 2002 4417 ⁷
2031 4442 2122 4500 Sic
2151 4414 2203 4474 D
2228 4439 2371 4509 quod
2401 4436 2665 4507 scriptum
2687 4442 2805 4491 est:
2841 4452 2860 4486 ι
2888 4433 2988 4501 Qui
3019 4434 3071 4488 in
3099 4434 3279 4491 alieno
3303 4434 3487 4489 fideles
3513 4451 3626 4489 non
3677 4436 3805 4490 {nisa

542 4530 706 4586 dividi
732 4545 828 4601 per
864 4528 1035 4585 frusta
1060 4530 1144 4585 sui
1171 4530 1414 4600 corporis
1468 4530 1686 4598 meruit,
1717 4545 1836 4602 qua:
1883 4530 2119 4591 fructum

545 4620 715 4677 suinzc
744 4620 925 4676 carnis
949 4620 1159 4688 petenti
1190 4618 1366 4674 vidua:
1397 4619 1697 4690 denegavit.

616 4709 735 4765 Noli
758 4725 911 4782 ergo,
931 4710 1128 4766 nobilis
1142 4709 1355 4776 ﬁlia,'de
1370 4709 1575 4780 rapinis
1596 4725 1893 4781 pauperum
1921 4712 2122 4779 vivere,

545 4800 642 4856 sed
672 4799 928 4856 alimenta
953 4815 1051 4873 per
1065 4800 1351 4857 violentias
1376 4800 1658 4870 acquisita,
1682 4812 1938 4873 tanquam
1964 4818 2128 4860 vene-

546 4907 619 4946 na
648 4893 980 4963 serpentium
999 4893 1373 4963 perborresce.
1399 4892 1467 4948 Et
1488 4907 1610 4948 cum
1631 4894 1922 4964 Apostolus
1936 4912 2133 4951 unum-

545 4996 814 5051 quemque
843 4984 1094 5040 manibus
1119 4983 1230 5039 suis
1258 4983 1506 5039 laborare
1530 4984 1826 5055 praicipiat,
1851 4995 1909 5039 ut
1935 4985 2131 5042 habeat

545 5068 691 5123 unde
719 5070 921 5124 tribuat
958 5072 1339 5127 necessitatem
1360 5072 1590 5143 patienti
1651 5072 1868 5145 (Ep/tes.
1918 5075 2016 5144 iv),
2071 5084 2129 5129 tu

550 5158 639 5215 {ac
666 5159 1013 5229 agriculturis
1038 5162 1389 5219 vehementer
1409 5163 1611 5229 insisti,
1643 5175 1704 5219 ut
1731 5165 1790 5220 ad
1841 5165 2129 5236 indigenti-

2232 4533 2319 4596 tis,
2348 4529 2490 4600 quod
2519 4536 2765 4583 vestrum
2794 4526 3019 4597 estquis
3039 4527 3190 4584 dabit
3217 4528 3413 4584 vobis?
3447 4547 3465 4580 ι
3498 4527 3656 4599 (Luc.
3673 4528 3802 4598 xvi.)

2232 4618 2325 4677 Sic
2347 4635 2500 4692 ergo,
2525 4617 2852 4675 venerabilis
2877 4617 3008 4683 lilia,
3031 4618 3224 4674 domus
3247 4627 3355 4673 tuas
3408 4632 3593 4673 mores
3657 4618 3806 4672 insti-

2234 4721 2323 4769 tue
2349 4729 2365 4780 ;
2393 4713 2610 4783 rapinas
2632 4711 2783 4782 pacis
2811 4718 2865 4765 et
2892 4710 3158 4766 violentiae
3184 4711 3420 4781 reprime
3448 4725 3464 4775 ;
3506 4709 3803 4765 ministeria

2234 4801 2513 4859 defrenata
2532 4802 2630 4857 sub
2652 4800 2935 4872 disciplina
2958 4816 3259 4872 compesce.
3285 4801 3397 4865 Sic,
3431 4799 3674 4871 inquam,
3692 4815 3803 4869 quae

2232 4895 2331 4950 tibi
2361 4894 2646 4949 commissa
2676 4902 2823 4959 sunt,
2848 4896 2903 4950 in
2917 4894 3193 4949 voluntate
3223 4894 3319 4952 Dei
3339 4901 3536 4949 cuncta
3563 4884 3800 4963 dispone,

2233 4993 2293 5038 ut
2321 4992 2543 5054 peracto
2568 4984 2872 5039 brevissimi
2893 4984 3149 5053 temporis
3175 4983 3418 5040 villicatu
3438 5023 3454 5047 ,
3489 4983 3560 5039 ad
3584 4981 3801 5037 hat-edi-

2234 5075 2360 5130 tatis
2386 5084 2604 5129 aeterna:
2643 5073 2903 5130 merearis
2928 5073 3145 5129 evolare
3166 5072 3463 5144 fastigium.
