3950 5344
253 306 354 361 ιω

1739 452 3379 489 .________.________________

1381 317 1583 374 LIBER
1608 317 1950 385 OCTAVUS,
1984 320 2202 376 EPIST.
2228 322 2264 375 Ι.

3417 334 3519 386 ιω

1399 583 1754 698 LIBER
1826 609 2400 708 OCTAVUS.

907 818 998 870 AD
1034 817 1240 874 V'lROS
1272 817 1656 874 ILLUSTRES
1697 817 1786 872 ET
1822 817 2024 876 ALIAS
2059 819 2402 882 PRIVATAS
2427 826 2811 887 PERSONAS.

555 1167 918 1241 267-268
954 1161 1284 1220 EPISTOLA
1316 1161 1528 1216 PRIMA

585 1299 651 1337 ΑΙ)
677 1294 935 1336 CINTRIUI
966 1292 1119 1334 URBIS
1141 1290 1494 1332 PBEFECTUI.

251 1418 654 1473 ABGUIEN'I’UI.
682 1410 1037 1466 —Cintltium
1079 1407 1390 1478 prmfectum
1419 1407 1579 1463 Urbis
1605 1407 1834 1470 extollit.

325 1486 549 1552 iustitiae
605 1483 988 1553 aequitatisque
1014 1480 1364 1553 defensorem
1396 1517 1412 1538 ,
1459 1489 1514 1533 et
1580 1478 1835 1553 populum

324 1547 424 1611 sibi
450 1547 802 1608 commissum
845 1547 951 1605 non
993 1549 1172 1602 minus
1216 1547 1836 1617 verbisquamexemplo

323 1621 869 1682 iustruentem.Hinc
926 1627 1140 1688 sumpta
1193 1619 1483 1672 occasione
1537 1617 1605 1671 de
1649 1617 1833 1671 officio

322 1695 727 1750 concionatoris
763 1690 1005 1745 disserit.
1064 1689 1324 1742 Hortatur
1372 1697 1646 1756 postremo
1693 1702 1838 1741 eum-

323 1769 465 1820 dem.
500 1773 560 1818 ιιι
589 1764 642 1817 in
669 1764 779 1824 via,
805 1777 967 1831 quam
998 1758 1164 1813 semel
1196 1759 1494 1835 inceperat,
1521 1766 1837 1835 constanter

321 1835 599 1906 persistat,
628 1827 1002 1906 pattper'esque
1021 1838 1240 1906 etcum,
1269 1828 1355 1906 cui
1396 1842 1500 1906 non
1559 1835 1643 1906 est
1684 1827 1836 1894 adju-

321 1897 424 1971 tor,
461 1897 822 1972 Ecclesiteque
844 1897 1114 1972 priecipue
1147 1897 1432 1952 facultates
1460 1905 1694 1951 tueatur.

318 2040 528 2094 Damno
555 2037 802 2099 CINTHIO,
855 2035 1016 2091 Urbis
1041 2031 1314 2098 ormfecto,
1348 2031 1564 2086 Psrnus
1585 2039 1838 2102 peccator

249 2128 554 2182 monachus
578 2126 832 2198 salutem.

315 2218 562 2288 Propriae
593 2216 808 2271 virtutis
836 2214 1024 2269 audire
1070 2211 1419 2283 praeconium.
1476 2212 1618 2266 sicut
1669 2225 1837 2266 vanos

245 2313 302 2367 in
323 2309 646 2380 iactantiam
671 2307 853 2378 erigit,
878 2307 950 2360 ita
974 2306 1144 2360 bonos
1171 2318 1236 2358 ac
1258 2303 1469 2358 sobrios
1497 2303 1563 2356 ad
1602 2303 1834 2373 gratiam

246 2400 576 2456 humilitatis
601 2398 872 2462 accendit,
910 2397 1018 2452 imo
1041 2395 1211 2465 magis
1241 2395 1307 2448 ad
1339 2394 1472 2449 recti
1502 2395 1682 2464 operis
1712 2410 1836 2464 pro-

1868 1166 1912 1224 Α
1945 1170 2054 1215 tum
2081 1163 2268 1258 vividae
2287 1167 2670 1225 consolationis
2695 1173 2917 1241 attollo;
2944 1193 3041 1234 nec
3059 1195 3186 1249 erga
3216 1199 3301 1238 me
3320 1187 3516 1258 deputo

1885 1316 1905 1334 .
1941 1255 2202 1309 tremendi
2229 1254 2427 1324 judicis
2448 1261 2603 1326 iram,
2635 1265 2777 1333 quod
2815 1275 2921 1321 tam
2947 1271 3266 1328 sublimibus
3291 1254 3419 1334 viris
3450 1282 3516 1336 ad

1941 1341 2258 1400 humilitatis
2295 1347 2532 1404 arbitror
2573 1355 2883 1420 pervenisse
2911 1362 3228 1417 custodiam.
3270 1364 3400 1421 Illud
3428 1385 3516 1426 me

1938 1433 2117 1502 potius
2153 1438 2322 1506 angit,
2354 1439 2483 1496 illud
2511 1445 2748 1500 atrocius
2779 1448 2882 1502 mei
2900 1452 3080 1507 cordis
3112 1470 3312 1512 arcana
3342 1468 3518 1517 trans-

1939 1519 2077 1593 figit,
2106 1528 2231 1595 quia
2261 1529 2386 1583 dum
2418 1548 2548 1588 voce
2589 1539 2773 1592 raucio
2799 1580 2813 1604 ,
2837 1540 2979 1596 sicut
3005 1544 3230 1602 docendi
3265 1548 3519 1608 facultate

1939 1631 2046 1670 non
2073 1617 2249 1681 atlluo,
2277 1621 2356 1677 sic
2379 1627 2542 1680 etiam
2575 1629 2657 1682 vel
2689 1632 2944 1701 exiguum
2999 1635 3191 1692 lucida:
3232 1656 3536 1704 conversa-_

1940 1709 2101 1804 tionis
2129 1709 2426 1779 igniculum
2476 1734 2582 1772 non
2633 1723 2844 1778 emitto.
2892 1725 3138 1784 Perfecto
3178 1715 3606 1804 praedicatorihi,

1939 1799 2045 1852 duo
2065 1809 2192 1854 sunt
2213 1807 2545 1870 permaxime
2576 1816 2908 1879 necessaria,
2939 1799 3191 1875 videlicet
3214 1832 3272 1876 ut
3303 1834 3520 1880 scnten-
3601 1799 3614 1890 ν,

1942 1890 2032 1984 liis
2068 1893 2325 1984 doctrina:
2350 1900 2648 1969 Spiritualis
2675 1909 2936 1964 exuberet
2986 1921 3040 1965 et
3091 1915 3354 1984 religiosa:
3391 1921 3514 1976 vita:
3600 1945 3602 1948 '

1940 1979 2224 2049 Splendorc
2249 2001 2515 2045 coruscet.
2549 1993 2701 2061 Quod
2743 1998 2786 2051 si
2819 2003 3070 2058 sacerdos
3124 1979 3392 2075 quispiam
3449 2013 3519 2067 ad

1940 2079 2231 2144 utrumque
2260 2093 2364 2133 non
2422 2081 2645 2151 sufficit,
2677 2086 2926 2144 videlicet
2969 2101 3025 2145 ut
3066 2102 3120 2148 et
3149 2097 3258 2152 vita
3319 2100 3520 2164 clarus,

1938 2171 1994 2217 et
2015 2165 2274 2225 δορυ-ἱππ
2301 2170 2557 2230 facultate
2597 2179 2970 2248 sitprolluus,
3014 2186 3204 2242 melior
3266 2200 3351 2244 est
3401 2192 3514 2247 vita

1939 2259 2127 2353 procul
2171 2261 2332 2319 dubio
2391 2281 2551 2336 quam
2603 2271 2870 2329 doctrina.
2919 2265 3138 2333 Dulcior
3190 2255 3388 2353 quippe
3437 2293 3522 2342 est

1940 2350 2147 2450 fructus
2173 2370 2397 2424 operum
2429 2376 2590 2430 quam
2619 2363 2744 2420 folia
2775 2371 2914 2424 nuda
2945 2374 3253 2431 verborum.
3286 2350 3377 2433 il—St
3401 2380 3522 2450 plus
3585 2379 3591 2426 ε

246 2445 576 2456 ··“·······”·’··’
601 2445 872 2462 -ννν“·“··Ἶ
910 2445 1013 2452 --πν
1042 2445 1207 2465 ""0"
1244 2445 1304 2448 --
1340 2445 1354 2448 -
1374 2445 1472 2449 --ν-
1510 2445 1679 2464 -ι-ν--σ
1713 2445 1803 2464 ιννν
1964 2462 1972 2473 ν
2160 2449 2170 2459 .
2397 2456 2407 2466 ,
3401 2445 3416 2450 -

243 2495 903 2560 vocanturaugmentum,
941 2489 1067 2542 dum
1098 2485 1269 2540 attolli
1301 2485 1577 2540 favoribus
1607 2487 1833 2540 audiunt
1869 2519 1914 2580 Β
1943 2445 2587 2592 ξοέἔῗιίὼᾜὶῇἓέἷ
2602 2461 2920 2592 ςῗῗᾘζηη
2952 2480 3136 2592 {illlam
3165 2470 3516 2592 leloqucnlia.
3587 2485 3590 2488 ’

317 2581 350 2592 ..
400 2591 405 2592 ,
505 2581 538 2592 η
563 2581 574 2592 .
618 2580 632 2592 ι
811 2579 823 2590 .
865 2588 874 2592 -
927 2587 936 2592 -
1084 2575 1128 2592 η
1197 2576 1208 2588 ο
1276 2575 1289 2592 ι
1378 2591 1385 2592 ,
1461 2577 1474 2592 ι
1556 2591 1561 2592 ,
1599 2577 1610 2589 ο
1763 2576 1776 2592 ι
2387 2587 2395 2592 .
2420 2586 2429 2592 .
2499 2583 2511 2592 .
2556 2582 2569 2592 .
2601 2589 2609 2592 _
2652 2590 2657 2592 _
2863 2569 2910 2592 In
3003 2572 3159 2592 tlnmn
3182 2578 3312 2592 ..ιη-ν.
3332 2566 3383 2592 ζ..
3403 2565 3518 2592 τηου.

247 2581 446 2636 collata
475 2581 574 2636 sibi
602 2580 742 2634 dona
774 2579 1057 2633 virtutum.
1084 2575 1210 2630 Heri
1239 2575 1417 2646 plane,
1444 2577 1570 2631 dum
1598 2577 1649 2631 in
1664 2576 1834 2632 eccle.

235 2669 324 2724 .sia
355 2669 418 2723 Β.
447 2667 594 2723 Petri
624 2666 992 2736 apostolorum
1022 2665 1284 2734 principis
1310 2665 1376 2719 de
1397 2664 1687 2734 prmsentis
1709 2673 1838 2720 tunc

244 2757 561 2828 Epiphaniae
591 2755 950 2819 solemnitate,
975 2762 1135 2824 prout
1181 2753 1362 2808 divina
1390 2753 1680 2809 clementia
1711 2771 1836 2826 sug-

244 2848 494 2920 gerebat,
526 2848 975 2903 concionaremur
998 2846 1064 2901 ad
1089 2844 1368 2916 populum,
1398 2845 1472 2899 ita
1499 2844 1714 2901 locutus
1750 2862 1832 2912 es,

245 2958 355 2998 non
383 2951 442 2996 ut
465 2941 782 3012 praefectum
812 2939 1145 3010 reipublicae,
1184 2939 1279 2994 sed
1333 2939 1513 3009 potius
1561 2947 1620 2994 ttt
1654 2953 1838 2994 sacer-

242 3033 426 3087 dotem
460 3032 686 3086 decebat
712 3030 966 3086 Ecelesia:
994 3022 1094 3084 nec
1119 3029 1394 3084 saecularis
1425 3029 1665 3084 hominis
1717 3043 1836 3083 ver-

246 3123 396 3186 bum,
432 3121 526 3175 sed
554 3121 862 3191 apostolicae
901 3119 1299 3190 praedicationis
1341 3120 1665 3176 audiebatur
1721 3120 1836 3178 elo-

245 3214 457 3282 quium.
492 3212 548 3267 ln
577 3227 685 3282 quo
737 3214 1015 3277 nimirum,
1064 3227 1226 3282 quem
1271 3213 1473 3267 imitari
1527 3215 1833 3270 censendus

243 3319 328 3365 es,
365 3302 468 3357 nisi
503 3303 678 3366 illum,
717 3301 809 3371 qui
839 3317 933 3357 rex
964 3311 1020 3356 et
1049 3301 1321 3368 sacerdos,
1347 3311 1404 3356 et
1442 3302 1702 3358 mundum
1743 3318 1832 3358 re-

245 3397 326 3465 git
377 3402 475 3465 per
521 3395 720 3450 divinae
759 3396 976 3450 virtutis
1031 3395 1340 3464 imperium,
1389 3403 1445 3448 et
1483 3396 1834 3467 semetipsum

244 3483 395 3540 Patri
423 3500 522 3555 pro
562 3485 723 3540 nobis
749 3485 946 3542 obtulit
995 3484 1248 3539 salutaris
1280 3485 1470 3538 hostiae
1521 3499 1836 3540 sacramem

246 3579 401 3632 tum?
429 3576 537 3633 Nos
566 3578 733 3632 etiam
759 3593 856 3647 per
885 3575 1127 3644 ejusdem
1168 3575 1548 3647 Redemptoris
1577 3577 1831 3647 gratiam,

246 3668 405 3739 cujus
436 3666 682 3724 membra
722 3683 930 3731 sumus,
961 3667 1191 3736 idipsum
1216 3706 1232 3734 ,
1257 3667 1399 3736 quod
1443 3667 1559 3735 ipse
1607 3675 1714 3730 est,
1774 3675 1835 3720 ut

247 3771 492 3812 essemus
507 3757 815 3826 accepimus
837 3756 888 3827 (I
912 3756 1033 3810 Cor.
1059 3756 1157 3827 vt).
1182 3755 1334 3811 Unde
1356 3754 1593 3811 Joannes
1617 3756 1669 3810 in
1689 3756 1833 3827 Apo-

1941 2629 2241 2723 Dominica:
2263 2637 2566 2694 nativitatis
2584 2642 2838 2710 articulo,
2857 2646 2996 2723 sicut
3015 2653 3328 2723 evangelica
3345 2629 3511 2712 tes-ta-
3589 2633 3594 2708 ἶ

1941 2721 2300 2777 turbistoria:
2329 2725 2677 2783 «Pastoribus
2693 2733 2935 2802 angelica
2955 2721 3514 2810 virtusa‘pparuiteos-
3585 2768 3594 2812 ξ

1935 2827 2039 2880 que
2068 2813 2232 2886 269
2253 2815 2347 2871 Dei
2380 2816 2604 2874 claritas
2628 2822 2982 2880 circumfulsit
3026 2827 3180 2899 (Luc.
3217 2833 3301 2904 ιι).
3339 2854 3358 2887 ι
3418 2835 3558 2893 Ubi"
3587 2835 3602 2840 ”

1938 2914 2141 2994 praesto
2179 2906 2522 2982 subjungitur
2552 2929 2566 2967 :
2597 2912 2734 2980 Quia
2766 2917 2896 2970 dixit
2928 2918 3032 2974 illis
3087 2924 3303 2994 angelus
3341 2943 3360 2981 :
3394 2928 3514 2985 No—

1937 2993 2025 3047 lite
2053 2995 2252 3061 timere,
2286 3015 2401 3052 ecce
2421 3002 2557 3054 enim
2583 3004 2878 3074 evangelizo
2910 3009 3048 3064 vobis
3093 2993 3344 3082 gaudium
3398 3034 3516 3073 ma-

1937 3105 2124 3159 gnum,
2155 3092 2298 3162 quod
2328 3093 2425 3147 erit
2457 3098 2599 3150 omni
2625 3098 2837 3166 populo,
2889 3102 3015 3169 quia
3060 3116 3216 3160 natus
3270 3119 3343 3162 est
3373 3111 3516 3166 vobis

1936 3185 2091 3237 hodie
2123 3183 2391 3251 Salvator,
2421 3191 2511 3258 qui
2539 3200 2612 3242 est
2639 3189 2877 3246 Christus
2903 3194 3179 3265 Dominus,
3209 3199 3265 3254 in
3309 3203 3517 3260 civitate

1939 3271 2110 3328 David
2135 3273 2348 3346 (ηεαδ.

2007 3381 2063 3436 1η
2101 3383 2535 3441 manifestatioue
2579 3403 2739 3454 vero,
2780 3405 2887 3460 qua
2936 3394 3108 3464 magis
3151 3401 3519 3466 quaerentibus

1934 3479 2184 3527 ostensus
2242 3483 2360 3539 est,
2419 3475 2579 3532 index
2636 3478 2875 3548 ejusdem
2923 3482 3300 3554 Redemptoris
3347 3491 3521 3547 nostri

1933 3562 2086 3617 stella
2113 3563 2232 3620 luce
2253 3567 2467 3634 quidem
2500 3571 2762 3638 radiavit,
2801 3573 2895 3628 sed
2922 3575 3082 3630 verba
3101 3571 3226 3632 "non
3271 3583 3514 3650 protulit.

1935 3651 2076 3719 Quid
2103 3669 2234 3726 ergo
2258 3658 2572 3729 designatur
2600 3677 2698 3730 per
2725 3664 2998 3733 angelum,
3023 3669 3113 3738 qui
3149 3673 3522 3741 et'splendore

1935 3744 2131 3801 claruit
2175 3755 2230 3801 et
2277 3747 2562 3804 Dominum
2599 3753 2900 3820 nuntiavit,
2937 3757 3040 3811 nisi
3073 3761 3301 3829 geminae
3332 3764 3522 3833 gratia

248 3847 454 3919 calypsi
485 3847 620 3902 dicit
644 3865 658 3901 :
691 3866 709 3899 ι
747 3846 848 3914 Qui
867 3847 1058 3902 dilexit
1080 3861 1199 3912 nos,
1226 3855 1282 3901 et
1301 3845 1433 3902 lavit
1459 3861 1560 3902 nos
1584 3861 1614 3901 a
1639 3862 1832 3917 pecca~
1859 3863 1904 3925 ρ
1933 3835 2275 3904 praedicator,
2303 3839 2396 3907 qui
2431 3841 2637 3896 scilicet
2674 3851 2727 3897 et
2755 3843 3018 3900 doctrina:
3047 3850 3208 3905 verba
3230 3853 3517 3921 exuberat,

250 3939 322 3994 tis
355 3937 560 3996 nostris
595 3938 650 3993 in
683 3938 944 4008 sanguine
983 3953 1120 3993 suo:
1148 3948 1204 3993 et
1224 3936 1351 3993 fecit
1373 3952 1474 3994 nos
1507 3951 1731 4008 regnum
1779 3947 1834 3993 et

249 4027 564 4083 sacerdotes
587 4027 817 4082 Domino
839 4035 896 4082 et
918 4027 1062 4081 Patri
1095 4041 1193 4082 suo
1227 4025 1413 4096 (Apoc.
1444 4025 1508 4097 ι).
1549 4045 1569 4078 ι
1627 4028 1695 4081 Et
1737 4027 1836 4082 Pe-

252 4127 370 4174 trus
403 4136 417 4173 ;
450 4137 469 4169 ι
504 4118 634 4182 Vos,
662 4117 860 4188 inquit,
884 4133 1055 4189 genus
1081 4117 1336 4183 electum,
1371 4117 1551 4188 regale
1579 4119 1834 4173 sacerdo-

254 4213 414 4276 tium,
444 4226 577 4281 gens
601 4218 810 4275 sancta,
839 4209 1068 4279 populus
1096 4209 1495 4279 acquisitionis,
1524 4219 1584 4264 ut
1605 4210 1836 4263 virtutes

252 4301 590 4356 annuntietis
611 4299 728 4370 ejus
778 4299 871 4368 qui
897 4300 964 4354 de
995 4299 1234 4354 tenebris
1259 4314 1353 4354 vos
1366 4299 1576 4354 vocavit
1591 4299 1644 4353 in
1668 4299 1838 4354 admi-

252 4393 430 4449 rabile
470 4393 653 4448 lumen
717 4409 873 4449 suum
932 4391 982 4465 (ι
1019 4391 1166 4446 Petr.
1225 4392 1310 4464 ll).
1350 4411 1370 4444 ι
1437 4390 1663 4447 Constat
1709 4406 1839 4464 ergo

249 4487 552 4560 quemlibet
616 4488 984 4544 Christianum
1033 4502 1155 4543 esse
1199 4501 1299 4556 per
1362 4487 1592 4557 gratiam
1637 4486 1837 4543 Christi

252 4583 620 4645 sacerdotem,
638 4581 781 4635 unde
795 4594 899 4634 non
921 4578 1193 4634 immerito
1207 4578 1365 4633 debet
1379 4577 1500 4645 ejus
1518 4579 1840 4633 annuntiare

250 4671 517 4726 virtutem
547 4669 686 4738 (vide
711 4667 908 4722 scholia
945 4668 1013 4720 ad
1040 4666 1236 4720 calcem
1265 4666 1548 4737 opusculi).
1598 4665 1676 4720 Tu
1705 4681 1840 4736 prte-

251 4760 442 4816 sertim
463 4757 636 4828 hujus
675 4757 963 4812 sacerdotii
1004 4764 1057 4810 et
1097 4755 1245 4824 regni
1294 4755 1574 4810 evidenter
1607 4755 1840 4809 imitaris

250 4851 589 4921 exemplum,
617 4849 741 4902 dum
762 4857 819 4903 et
846 4849 900 4903 in
945 4847 1303 4904 tribunalibus
1326 4847 1582 4914 legitima:
1604 4847 1842 4902 sanctio-

252 4945 340 5000 nis
358 4945 486 5015 jura
516 4943 850 5015 promulgas,
873 4951 928 4996 et
957 4942 1009 4995 in
1032 4941 1260 4997 ecclesia
1290 4955 1624 5012 persequens
1647 4944 1841 4998 exhor-

253 5036 481 5092 tationis
522 5035 856 5100 instantiam,
899 5036 1132 5088 astantis
1151 5035 1331 5104 populi
1354 5043 1564 5092 mentes
1582 5036 1838 5092 aediﬁcas.

252 5131 365 5202 Ego
387 5140 597 5191 autem,
629 5129 712 5182 cui
745 5144 839 5198 per
862 5126 1214 5183 sacerdotalis
1260 5125 1466 5181 ordinis
1492 5127 1720 5196 gradum
1759 5127 1842 5183 in-

248 5230 496 5252 ;nnnn.lcm
527 5230 606 5252 Μ.
644 5230 888 5252 n::;..!2;.;.:

1937 3930 1992 3976 et
2021 3933 2226 3980 sancta:
2262 3927 2537 3998 religionis
2575 3930 2858 3999 splendore
2899 3939 3184 3992 coruscat?
3221 3939 3359 4007 Quid
3391 3957 3520 3998 vero

1935 4028 2034 4082 per
2055 4014 2284 4080 stellam,
2311 4018 2412 4070 nisi
2438 4019 2660 4088 simplex
2688 4021 2912 4090 quilibet
2939 4023 3179 4082 honesta:
3200 4029 3323 4085 vitae
3340 4046 3524 4086 sacer.

1937 4103 2035 4157 dos
2083 4104 2344 4172 inuuitur,
2387 4108 2478 4176 qui
2521 4109 2647 4164 licet
2691 4111 2962 4169 allluentis
3011 4115 3211 4186 eloquii
3263 4118 3524 4176 facultate

1938 4211 2044 4251 non
2072 4199 2292 4267 polleat,
2320 4201 2485 4256 claris
2509 4212 2691 4259 tamen
2715 4205 2992 4274 operibus,
3024 4209 3171 4265 velut
3197 4213 3523 4281 quibusdam

1938 4287 2222 4345 laudabilis
2242 4291 2366 4346 vita:
2396 4293 2561 4349 radiis
2594 4295 2779 4362 micat,
2822 4306 2876 4352 et
2899 4313 3034 4368 quos
3062 4315 3166 4354 non
3190 4304 3365 4357 erudit
3392 4319 3519 4359 ver-

1937 4379 2042 4456 bo,
2085 4381 2221 4436 viva:
2256 4385 2684 4442 conversationis
2727 4387 3014 4443 confirmat
3053 4393 3338 4464 exemplo?
3384 4393 3519 4460 Quia

1941 4485 2072 4537 ergo
2107 4473 2420 4530 sacerdotes
2468 4475 2722 4532 Ecclesiaa
2761 4488 2888 4534 sunt
2931 4480 3078 4544 caeli,
3126 4483 3218 4551 qui
3266 4492 3526 4536 enarrant

1940 4561 2166 4632 gloriam
2197 4562 2288 4618 Dei
2327 4563 2500 4634 (Paul.
2534 4567 2711 4636 xvm);
2756 4582 2978 4622 necesse
3017 4578 3096 4623 est
3134 4578 3192 4623 ut
3233 4571 3522 4637 sacerdos,

1940 4652 2032 4722 qui
2069 4654 2438 4721 praedicatoris
2477 4653 2653 4710 ofﬁcio
2688 4657 2948 4724 fungitur,
2971 4665 3026 4712 et
3059 4659 3318 4714 doctrina:
3355 4661 3518 4729 spiri-

1944 4743 2102 4798 tualis
2130 4745 2394 4801 imbribus
2421 4747 2592 4816 pluat,
2623 4758 2677 4802 et
2713 4748 2977 4818 religiosa:
3007 4753 3132 4807 vita:
3153 4753 3318 4808 radiis
3346 4754 3523 4822 splen-

1943 4835 2088 4899 deat,
2124 4835 2296 4890 instar
2328 4835 2470 4890 illius
2504 4837 2712 4907 angeli,
2748 4839 2840 4906 qui
2883 4847 3070 4894 natum
3105 4841 3390 4895 Dominum
3425 4857 3524 4910 pa-

1943 4926 2180 4982 storibus
2222 4927 2498 4992 nuntians,
2527 4935 2581 4982 et
2629 4928 2916 5002 splendore
2959 4929 3225 4987 claritatis
3274 4930 3525 4992 emicuit,

1899 5081 1906 5086 _
1943 5020 2157 5089 etquod
2181 5019 2553 5091 evangelizare
2581 5030 2829 5086 venerat,
2851 5021 3029 5075 verbis
3061 5024 3352 5098 expressit.
3392 5023 3528 5096 Hinc

1880 5105 1893 5124 "
1945 5118 2030 5166 est
2054 5112 2196 5178 quod
2229 5127 2324 5182 per
2361 5108 2688 5170 Malacbiam
2721 5105 2953 5165 dicitur:
2984 5131 3007 5191 t_
3029 5111 3203 5173 Labia
3235 5111 3532 5194 sacerdotis

900 5218 1036 5252 inni:
1059 5216 1296 5252 nfﬂninna
1363 5215 1512 5252 vnnic
1543 5218 1835 5252 :nnrnnmn-

1947 5202 2258 5252 custodiunt
2284 5198 2596 5252 scientiam-
2616 5215 2670 5252 et
2691 5204 2861 5252 leuem
2891 5204 3260 5252 reuuirnntex
3278 5214 3370 5252 ore
3396 5199 3534 5252 eius.
