3950 5344
177 409 280 488 tu
1247 395 1450 453 uera
1480 392 1823 456 ocravus.
1849 393 2064 452 EPIST.
2087 395 2174 452 ιιι.

3295 392 3398 448 ιϋο

180 526 446 584 secundum
479 519 714 590 judieem
759 516 964 588 populi,
1005 517 1084 572 sic
1125 525 1180 570 et
1209 514 1441 570 ministri
1469 513 1605 584 ejus,
1654 521 1708 564 et
1735 511 1788 570 Α
1815 510 2092 580 iujustitia:
2131 525 2237 564 non
2285 517 2528 565 coarctat
2566 509 2915 580 vigoremque
2957 509 3196 564 sentiant
3229 507 3397 579 legis,

177 619 322 688 qualis
367 625 532 670 rector
551 620 642 667 est
666 609 904 666 civitatis
927 648 944 674 ,
977 607 1112 662 tales
1155 615 1210 660 et
1261 606 1624 660 inhabitantes
1655 605 1707 658 in

173 729 224 768 ea
253 708 418 778 (Ecca.
449 706 525 774 x)-.
555 725 575 758 ι
605 703 810 772 Quibus
847 703 1030 772 itaque
1058 699 1295 772 [utique]
1325 697 1506 754 verbis
1525 706 1712 768 aperte

173 800 408 868 colligitur
442 796 564 866 quia
593 795 638 850 si
673 805 726 849 tu
757 793 1068 848 servaveris
1089 791 1382 860 justitiam,
1438 805 1502 844 ac
1545 789 1712 858 probe

175 884 676 954 fuerisjttslus,_ju.~.ti
709 883 970 938 lientnou
1013 883 1172 937 modo
1209 881 1471 944 ministri,
1521 881 1616 934 sed
1659 888 1715 934 et

177 983 345 1050 quique
371 979 462 1031 tibi
491 985 616 1030 sunt
640 975 692 1030 iu
725 975 930 1028 urbana
957 973 1116 1043 plebe
1145 971 1394 1041 subjecti.
1419 971 1561 1027 Cave
1585 985 1717 1040 ergo

179 1087 230 1126 uc
257 1081 460 1140 propter
477 1066 769 1138 peculiaris
805 1065 1072 1120 orationis
1109 1065 1318 1128 studia,
1361 1063 1556 1133 quibus
1587 1062 1720 1116 iusi-

175 1175 294 1216 Stere
315 1162 441 1214 forte
458 1157 770 1222 contendis,
793 1155 1132 1226 disciplinam
1166 1165 1275 1210 tant
1308 1153 1718 1210 innumerabilis
1759 1193 1780 1200 -

175 1257 342 1327 ρηριιιί,
369 1254 456 1326 qui
491 1253 584 1306 tibi
615 1251 938 1306 commissus
965 1259 1067 1316 est,
1117 1251 1375 1322 negliges,
1418 1259 1470 1304 et
1501 1259 1722 1320 propter

177 1346 414 1416 proprium
461 1343 833 1408 commodum,
890 1357 1234 1396 communem
1265 1341 1494 1396 salutem
1525 1339 1694 1412 plebis

177 1455 272 1509 qua:
306 1437 562 1505 justitiam
607 1452 634 1490 a
699 1444 748 1490 te
795 1433 1172 1504 prmstolatur,
1237 1432 1474 1488 omittas.
1541 1432 1698 1503 Scrip

181 1539 268 1582 tum
313 1527 499 1597 quippe
549 1533 674 1580 est:
708 1543 724 1576 ι
754 1524 854 1592 Qui
910 1535 1196 1580 conservat
1251 1525 1420 1598 legem
1465 1523 1694 1594 multipli

176 1629 246 1674 cat
261 1620 574 1682 orationem;
599 1625 652 1670 et
669 1616 998 1672 sacriﬁcium
1011 1617 1248 1672 salutare
1271 1617 1552 1674 attendere
1575 1631 1700 1672 man

177 1709 308 1764 datis.
341 1727 358 1760 ι
389 1707 672 1762 Justitiam
715 1722 846 1777 ergo
894 1706 1074 1764 facere
1121 1710 1250 1780 quid
1279 1719 1364 1765 est
1393 1709 1534 1764 aliud
1565 1724 1728 1778 quam

175 1799 338 1853 orare?
382 1799 514 1852 Alibi
557 1814 776 1868 quoque
815 1785 1074 1871 scriptum
1105 1811 1228 1856 est:
1269 1821 1286 1854 ι
1311 1801 1524 1857 Justitia
1555 1801 1730 1858 elevat

1810 618 1946 674 quos
1979 601 2315 657 rectitudinis
2355 599 2580 656 limitem
2605 601 2964 670 praevaricarc
2987 601 3260 656 convincit
3289 602 3401 656 vio-

1812 695 1976 750 lentia
2001 693 2306 764 pravitatis,
2337 705 2392 748 ut
2423 693 2548 748 dmn
2577 693 2684 760 bis,
2715 695 2808 766 qui
2838 693 2934 748 tibi
2965 695 3196 765 subjecti
3243 703 3399 758 sunt,

1815 801 1910 840 sua
1955 783 2150 854 cuique
2185 783 2308 853 jura
2353 793 2663 850 servantur,
2713 785 2807 840 tibi
2857 801 3072 856 quoque
3111 784 3402 842 ministerii

1818 875 1892 932 tui
1931 891 2138 931 merces
2164 875 2304 946 apud
2336 876 2502 931 Deum
2528 877 2686 948 digna
2715 886 2986 932 servetur.

2371 990 2710 1050 EPISTOLA
2753 991 2839 1050 Ill.

2113 1125 2180 1166 AD
2219 1125 2502 1165 ALBEBTUM
2537 1125 2704 1166 VIRUM
2741 1125 3119 1166 CLARISSIMUI.

1821 1219 2224 1278 Attenuatum
2247 1253 2319 1264 --
2349 1219 2625 1275 Albertum
2655 1223 2939 1292 quemdam
2963 1265 2976 1286 ,
3015 1223 3190 1276 virum
3217 1232 3408 1293 poten-

1897 1296 1970 1347 tia
2007 1302 2063 1346 et
2113 1293 2396 1346 nobilitate
2457 1293 2562 1346 illis
2617 1293 2950 1362 teu=porihus
3000 1293 3296 1360 insignem,
3344 1295 3410 1346 ad

1897 1363 2132 1418 debitam
2157 1364 2476 1432 parentibus
2507 1363 2868 1418 exhibendam
2904 1365 3286 1426 revereiuiam,
3309 1367 3412 1418 hac

1897 1435 2126 1502 epistola
2159 1435 2490 1492 cohortatur,
2509 1443 2793 1502 preptcrea
2813 1435 2953 1502 quod
2973 1433 3216 1488 audierat
3239 1436 3304 1486 ab
3324 1435 3413 1486 illo

1902 1514 2129 1558 matrem
2163 1519 2268 1556 non
2308 1504 2358 1556 in
2389 1517 2453 1554 eo
2481 1519 2586 1568 quo
2611 1505 2832 1558 decebat
2856 1505 3060 1558 honore
3083 1519 3191 1570 pra:
3229 1505 3416 1558 uxoris

1901 1589 2086 1628 amore
2115 1575 2322 1629 haberi.
2347 1571 2500 1640 Quod
2531 1583 2584 1628 ut
2611 1589 2776 1644 grave
2797 1577 3003 1630 crimen
3027 1584 3337 1644 exaggerat.

1903 1707 2158 1764 ALBERTO
2195 1708 2500 1764 clarissimo
2537 1707 2655 1762 viro
2693 1705 2912 1762 Peruth
2945 1715 3196 1777 peccator
3229 1721 3414 1760 mona-

1834 1799 1969 1856 chus
1995 1801 2223 1855 salutem
2251 1799 2305 1854 in
2333 1799 2582 1854 Domino.

175 1886 339 1959 (Eccli.
367 1889 528 1958 xxxv)
559 1891 766 1959 gratias
798 1889 1032 1964 [gentes]
1057 1891 1240 1960 (Prov.
1267 1892 1402 1964 xrv).
1436 1913 1454 1946 ι
1479 1891 1546 1946 Ει
1573 1891 1724 1946 Psal-
1757 1885 1803 1945 Β
1902 1893 2107 1946 Divinze
2159 1893 2290 1962 legis
2345 1893 2600 1946 mandata
2645 1891 3017 1962 proculdubio
3047 1890 3274 1962 (lespicit
3319 1891 3414 1959 qui

179 1983 342 2034 tuista:
376 2001 392 2032 ι
425 1980 600 2048 Beati,
635 1983 840 2053 inquit,
887 1984 980 2054 qui
1023 1985 1341 2040 custodiunt
1370 1985 1634 2052 judicium
1669 1992 1725 2040 et

181 2071 352 2126 faciunt
373 2072 642 2141 justitiam
675 2074 728 2128 in
760 2075 908 2128 omni
939 2085 1182 2144 tempore
1217 2075 1442 2146 (Protin.
1469 2075 1578 2144 cv).
1611 2095 1631 2128 ι

237 2162 428 2217 Memini
467 2165 628 2233 plane
671 2165 1186 2240 excellentissimum
1221 2167 1413 2220 ducem
1443 2163 1724 2220 Gothit‘re-

1832 1982 2045 2042 deferre
2083 1983 2399 2054 parentibus
2445 1983 2814 2053 parvipendit;
2875 1983 2967 2052 qui
3035 1983 3148 2038 suis
3203 1983 3416 2052 genito-

1830 2077 1982 2132 ribus
2025 2093 2132 2130 nou
2163 2076 2368 2140 obedit,
2411 2077 2575 2132 sortis
2614 2074 2910 2130 funiculum
2946 2075 2998 2128 in
3039 2083 3179 2127 terra
3231 2073 3416 2128 viven-

1833 2165 1966 2219 tium
2020 2181 2124 2222 non
2162 2166 2424 2219 admittit.
2467 2163 2587 2232 Quo
2638 2176 2825 2220 contra
2859 2163 3020 2234 273
3063 2179 3157 2233 per
3197 2163 3418 2233 Moysen

182 2255 281 2307 dum
303 2255 420 2308 mihi
455 2256 710 2310 retulisse
731 2271 852 2325 qua:
877 2258 1060 2312 scribo
1087 2275 1098 2312 :
1133 2256 1468 2322 Avunculus,
1511 2256 1684 2324 inquit
1708 2295 1723 2318 ,

183 2361 322 2410 meus,
338 2364 480 2418 :cque
499 2349 724 2404 nomine
753 2349 1124 2416 Gothifredus,
1145 2361 1453 2420 prmpotens
1475 2349 1728 2404 videlicet

183 2439 261 2502 vir,
284 2441 342 2492 ad
371 2440 674 2506 faciendam
697 2441 968 2510 justitiam
991 2443 1155 2498 nimis
1193 2455 1314 2496 erat
1353 2442 1618 2506 intentus,
1671 2449 1728 2496 et

183 2542 312 2596 super
334 2531 579 2586 subditos
637 2532 738 2586 sibi
793 2531 1017 2600 populos
1075 2532 1324 2603 legalium
1381 2534 1724 2588 sanctionum

183 2619 482 2690 disciplinam
513 2624 868 2694 vigoremque
898 2625 1136 2688 tenebat,
1169 2627 1304 2680 adeo
1333 2638 1390 2680 ut
1412 2625 1724 2694 aliquando,

183 2725 464 2782 congregata
488 2731 772 2786 coramse
803 2715 974 2784 plebis
1011 2715 1308 2770 innumera:
1343 2716 1686 2770 mtdtitndiuc
1711 2756 1726 2780 ,

183 2800 274 2868 ipse
308 2805 458 2875 272
503 2807 618 2860 dux
670 2806 884 2862 excelsa
921 2823 1054 2862 voce
1106 2808 1368 2862 clamaret
1414 2825 1426 2861 :
1480 2805 1730 2860 Proferat

181 2907 364 2948 causam
393 2912 543 2949 suam
581 2895 632 2950 in
671 2897 906 2950 medium
938 2897 1026 2965 qui
1063 2897 1174 2950 vult
1215 2895 1722 2962 haberejudicium.

167 2979 385 3052 Eumque
417 2987 518 3040 hoc
557 2988 825 3054 praeconis
866 2988 1042 3042 ollicio
1076 2988 1294 3042 functus
1333 2988 1491 3041 tertio
1521 2987 1728 3041 diceret

1831 2255 2012 2312 divina
2075 2270 2208 2310 voce
2273 2255 2629 2324 przccipitur:
2677 2273 2695 2306 ι
2735 2255 2950 2308 Honora
3009 2265 3216 2324 patrem
3269 2263 3422 2308 tuum

1831 2357 1884 2402 et
1933 2355 2161 2402 matrem
2195 2387 2210 2412 ,
2261 2357 2318 2400 ut
2372 2347 2446 2402 sis
2479 2347 2749 2418 longrcvus
2804 2363 2965 2416 super
2993 2356 3192 2400 terram
3221 2346 3418 2418 (Exod.

1831 2443 2003 2506 xxvi).
2041 2457 2056 2488 ι
2101 2438 2195 2490 Vir
2238 2438 2400 2492 etiam
2438 2437 2666 2506 Sapiens
2698 2438 2774 2490 ait
2805 2455 2818 2492 :
2863 2456 2880 2488 ι
2917 2435 3016 2504 Qui
3052 2423 3284 2490 honorat
3317 2451 3418 2505 pa-

1832 2537 1968 2580 trem
2006 2543 2197 2590 suum,
2228 2527 2390 2578 vitam
2432 2525 2573 2579 vivet
2622 2525 2948 2595 longiorem,
2989 2535 3043 2580 et
3094 2526 3184 2594 qui
3241 2526 3426 2580 obedit

1831 2617 2009 2687 patri,
2071 2617 2417 2688 rel'rigerabit
2471 2627 2697 2671 matrem
2750 2617 2940 2688 (Eccli.
2987 2617 3090 2688 tu).
3123 2635 3142 2666 ι
3187 2616 3418 2686 Moxque

1832 2709 2168 2778 subjunxit:
2231 2727 2250 2760 ι
2305 2709 2405 2776 Qui
2459 2710 2616 2762 timet
2679 2708 2964 2762 Dominum
3029 2709 3259 2762 honorat
3323 2723 3422 2777 pa-

1833 2815 2016 2859 rentes
2040 2846 2054 2870 ,
2092 2814 2145 2859 et
2174 2805 2324 2874 quasi
2356 2805 2590 2878 dominis
2621 2805 2818 2858 serviet
2855 2805 2940 2858 his
2973 2805 3064 2874 qui
3116 2819 3173 2858 se
3222 2819 3424 2874 genue-

1831 2905 1994 2960 runt,
2027 2907 2080 2951 et
2127 2897 2178 2950 in
2208 2911 2404 2966 opere,
2450 2905 2502 2949 et
2544 2897 2595 2952 in
2644 2911 2929 2962 sermone,
2958 2905 3012 2952 et
3057 2897 3285 2950 inomni
3329 2913 3426 2967 pa-

1834 2991 2016 3045 tientia
2041 2989 2249 3062 (Ibid.).
2283 3010 2301 3042 ι
2335 2989 2488 3044 Justu
2510 2989 2664 3059 plane
2691 2989 2780 3044 Dei
2809 2989 2947 3044 solet
2967 2989 3182 3044 evenire
3197 2985 3424 3059 judicio,

179 3080 223 3124 et
261 3074 418 3128 nullus
466 3091 497 3130 e
554 3085 713 3130 tanto
767 3077 964 3148 populo
1027 3078 1412 3146 responderet,
1469 3077 1730 3130 intellexit
1831 3081 2006 3151 utqui
2049 3082 2364 3152 parentibus
2407 3079 2683 3135 humiliter
2713 3079 2994 3146 subditur,
3043 3079 3159 3148 ipse
3212 3094 3427 3149 quoque

179 3165 752 3222 omnibussatisl'actum
776 3168 1096 3237 indirempta
1119 3183 1341 3237 prorsus
1365 3177 1528 3236 atque
1551 3166 1726 3236 sopita
1833 3187 2030 3241 parens
2051 3170 2296 3230 clfectus.
2331 3171 2380 3224 in
2417 3172 2646 3241 propria:
2674 3170 2876 3225 sobolis
2921 3170 3233 3224 obedientia
3283 3170 3430 3224 dele-

179 3255 296 3306 etuui
327 3257 414 3310 lite
441 3273 760 3328 causarum.
787 3257 939 3312 Tunc
967 3274 1164 3328 equum
1199 3258 1352 3312 laetus
1380 3259 1646 3324 ascendit,
1677 3269 1731 3314 et
1759 3246 1804 3308 C
1835 3269 2027 3315 ctetur.
2069 3259 2220 3315 Unde
2250 3261 2508 3330 scriptum
2551 3269 2633 3314 est
2662 3277 2674 3314 :
2712 3278 2730 3310 ι
2761 3259 2860 3327 Qui
2920 3259 3148 3314 honorat
3193 3267 3426 3328 patrem,

179 3345 395 3412 populum
432 3363 536 3400 non
579 3349 924 3418 jurgantem,
953 3349 1048 3402 sed
1079 3365 1210 3418 pace
1235 3357 1419 3402 mutua
1448 3351 1730 3418 perl‘ruen-
1829 3353 2217 3424 jucuudahitur
2267 3354 2319 3406 in
2355 3351 2492 3414 ﬁliis,
2549 3361 2602 3407 et
2635 3353 2685 3407 in
2711 3353 2798 3406 die
2829 3352 3093 3406 orationis
3127 3367 3238 3406 sua:
3264 3366 3430 3404 exau-

181 3441 423 3496 tem,cum
457 3441 662 3508 gaudio
689 3440 994 3508 dereliquit.
1037 3439 1165 3494 Post
1189 3439 1343 3507 cujus
1375 3439 1608 3504 obitum,
1651 3440 1734 3494 vir
1835 3445 2014 3500 dietur
2040 3443 2255 3516 (lbid.).
2295 3463 2312 3494 ι
2348 3441 2536 3497 Merito
2563 3443 2760 3512 quippe
2801 3443 2854 3498 in
2897 3441 3058 3496 suisa
3091 3443 3202 3496 Deo
3257 3441 3430 3510 pret-i-

177 3530 364 3596 tinitlam
393 3545 579 3602 raptus
615 3534 666 3586 in
691 3533 881 3600 Spiritu
911 3547 1006 3602 per
1040 3547 1290 3601 soporem
1321 3533 1516 3586 ductus
1553 3540 1636 3586 est
1666 3533 1733 3588 ad
1833 3537 1935 3592 bus
1964 3537 2273 3600 exauditur,
2321 3537 2410 3604 qui
2467 3537 2630 3589 Deum
2665 3535 3064 3604 praecipientem
3111 3534 3426 3596 exaudiens,

180 3618 436 3688 infernum,
467 3634 524 3678 et
555 3625 772 3676 diversa
804 3607 1084 3692 pinnarum
1123 3631 1396 3677 tormenta
1420 3624 1732 3692 conspexit;
1834 3637 2119 3698 parentum
2147 3643 2366 3682 suorum
2399 3627 2604 3696 legibus
2645 3627 2913 3680 subditur.
2967 3625 3235 3678 Prmterea
3289 3624 3432 3676 sicut

178 3709 296 3765 inter
314 3730 428 3783 qua:
463 3716 603 3770 vidit
637 3715 969 3769 Richardum
1005 3714 1408 3768 Verdunensem
1445 3715 1730 3779 abbatem,
1836 3719 2170 3790 genitoribus
2220 3716 2566 3779 maledicens,
2624 3716 2816 3785 dignus
2861 3725 2945 3769 est
2991 3701 3184 3768 inertis
3229 3712 3432 3766 ultione

179 3801 302 3856 velut
325 3806 572 3861 excelsas
597 3805 880 3860 machinas
903 3805 1224 3876 erigentem,
1246 3806 1540 3860 etanxium
1571 3817 1736 3876 atque
1835 3809 2097 3881 percelli:
2132 3811 2206 3866 ita
2257 3809 2350 3878 qui
2405 3815 2717 3862 reverenter
2771 3805 3134 3876 obtemperat,
3191 3813 3430 3859 meretur

177 3892 456 3959 sollicitum,
475 3908 736 3965 tauquam
763 3897 968 3948 munita
997 3904 1302 3950 castrorum
1329 3897 1744 3966 propugnacula.
1838 3902 2092 3958 divinitus
2115 3899 2376 3954 benedici.
2403 3899 2458 3952 In
2491 3898 2606 3968 lege
2637 3899 2834 3967 quippe
2855 3898 3113 3968 scriptmn
3138 3907 3251 3952 est:
3288 3917 3306 3947 ι
3327 3896 3431 3964 Qui

175 3995 576 4042 construentern.
619 3987 734 4042 Hoc
777 3987 920 4041 enim
963 3988 1154 4041 morbo
1187 3987 1536 4042 laboraverat
1569 3989 1736 4044 abbas
1839 3993 2184 4047 maledixcrit
2217 3991 2379 4060 patri,
2427 3990 2509 4044 vcl
2541 3991 2722 4054 matri,
2751 3999 2926 4045 morte
2967 3991 3228 4044 moriatur
3277 3988 3426 4060 (Leu.

175 4073 268 4138 ille,
295 4077 412 4130 dum
439 4080 678 4142 viveret,
707 4088 764 4131 ut
791 4079 842 4131 in
871 4079 1183 4133 extruendis
1209 4079 1443 4132 inaniter
1467 4079 1735 4144 aediliciis,
1837 4099 1944 4148 xx;
1979 4082 2145 4137 Eccli.
2171 4083 2274 4146 ιιι).
2296 4102 2314 4134 ι
2339 4082 2480 4136 Alibi
2509 4097 2722 4152 quoque
2752 4083 3010 4153 scriptum
3037 4092 3149 4137 est:
3173 4103 3190 4132 ι
3217 4081 3432 4137 llonora

171 4179 336 4224 omnes
363 4169 478 4224 fere
504 4171 801 4242 diligentiae
835 4187 944 4224 suae
972 4187 1132 4226 curas
1163 4173 1514 4240 expenderet,
1542 4183 1596 4226 et
1619 4173 1738 4242 plu—
1837 4185 2044 4245 patrem
2075 4183 2248 4239 tuum,
2276 4183 2334 4229 ut
2363 4175 2710 4242 superveniat
2763 4175 2858 4228 tibi
2907 4175 3214 4229 benedictio
3250 4190 3280 4228 a
3329 4173 3435 4228 Duo.

176 4261 320 4318 rimas
379 4265 670 4320 facultates
737 4265 992 4320 Ecclesia:
1043 4265 1098 4320 in
1157 4264 1366 4320 frivolis
1427 4265 1736 4334 hujusmodi
1839 4264 3426 4335 mino,etbenedictioilliusinnovissimomaneat(lbid.).r

173 4355 340 4407 neniis
361 4355 697 4424 proﬂigaret.
738 4353 892 4420 Quod
927 4369 1055 4424 ergo
1085 4353 1214 4408 fecit
1243 4357 1295 4407 in
1326 4353 1456 4418 vita,
1491 4355 1593 4408 hoc
1619 4370 1740 4424 per—
1841 4354 1942 4410 Ubi
1983 4370 2104 4410 mox
2135 4355 2382 4425 sequitur
2413 4372 2428 4408 :
2463 4373 2481 4405 ι
2515 4355 2828 4410 Benedictio
2845 4355 3015 4424 patris
3039 4355 3218 4408 [irruat
3244 4353 3434 4408 domos

173 4440 358 4498 ferebat
381 4448 432 4500 in
463 4461 652 4515 pinna.
685 4447 734 4500 Is
762 4447 962 4514 itaque,
989 4447 1078 4514 qui
1111 4447 1226 4500 lucc
1257 4446 1310 4499 in
1337 4462 1529 4515 sopore
1549 4462 1738 4502 ccrue-
1841 4445 2074 4500 ﬁliorum
2109 4463 2124 4499 :
2153 4445 2462 4500 maledictio
2509 4455 2688 4499 autem
2721 4445 2914 4500 matris
2950 4445 3195 4500 eradicat
3243 4441 3434 4498 funda-

172 4533 270 4598 bat,
299 4539 420 4591 dum
453 4540 588 4592 hinc
617 4539 740 4591 inde
768 4538 998 4606 plurima
1027 4537 1276 4591 curiosus
1306 4537 1559 4602 attendit,
1591 4539 1738 4592 visus
1768 4602 1802 4607 _
1843 4546 2020 4592 menta
2047 4535 2260 4606 (Ibid.).
2293 4557 2311 4588 ι
2347 4536 2404 4590 Si
2433 4551 2562 4607 ergo
2617 4525 2850 4590 filiorum
2902 4534 3096 4590 domus
3147 4545 3434 4603 parentum

171 4635 243 4681 est
265 4629 358 4682 sibi
383 4631 576 4684 videre
599 4629 920 4682 avunculum
952 4645 1150 4692 meum,
1170 4630 1259 4698 qui
1284 4631 1533 4698 superius
1557 4629 1734 4690 dictus
1767 4602 1816 4660 n
1844 4629 2224 4684 maledictione
2245 4629 2564 4692 destruilur,
2610 4641 2912 4696 eorumque
2963 4627 3436 4681 benedictionibus

170 4725 268 4780 est,
313 4719 364 4770 iu
391 4733 570 4772 aureo
616 4717 872 4772 subsellio
898 4717 1298 4785 praesidentem.
1347 4719 1444 4773 Cui
1478 4719 1736 4774 nimirum
1843 4720 2146 4783 stabiliter;
2170 4718 2473 4773 cavendum
2495 4717 2650 4771 valde
2685 4729 2788 4781 est,
2818 4731 2885 4770 ne
2916 4715 2961 4768 si
2991 4713 3440 4785 parentesoﬂ‘en-

169 4805 260 4860 duo
285 4811 455 4880 angeli
497 4811 822 4864 videbantur
853 4809 1130 4871 assistere,
1168 4820 1222 4864 et
1250 4809 1458 4881 ﬂagella
1488 4811 1736 4867 manibus
1843 4811 2040 4874 dimus,
2066 4825 2444 4868 successuram
2475 4809 2631 4864 nobis
2679 4806 3028 4879 propaginem
3078 4809 3439 4863 destruamus.

169 4901 494 4964 ventilantes,
525 4901 874 4956 conabantur
897 4909 1063 4956 aestus
1115 4901 1184 4956 in.
1217 4901 1332 4971 ejus
1379 4902 1538 4966 facie,
1587 4919 1738 4958 more
1916 4903 2296 4974 Significatqu
2329 4911 2414 4958 est
2443 4900 2600 4964 mihi,
2641 4897 2984 4958 nobilissime
3011 4898 3124 4963 vir,
3159 4898 3284 4966 quia
3325 4911 3446 4951 san-

171 4990 582 5044 miuistrautium
609 5031 622 5052 ,
678 4999 1002 5061 temperare.
1045 4990 1288 5061 Cumque
1322 4995 1442 5062 quis
1469 5004 1613 5048 esset
1648 4996 1737 5051 ille
1847 5003 1990 5050 ctam
2016 5003 2246 5052 matrem
2281 4995 2428 5052 tuam
2457 4991 2645 5048 uxoris
2669 5005 2856 5050 amore
2877 4987 3117 5056 despicis
3136 5001 3191 5046 et
3218 4997 3454 5044 contem-
3515 5043 3527 5061 τ

170 5076 208 5128 is
229 5082 311 5148 qui
357 5085 472 5137 lucc
505 5082 734 5135 videbat
762 5073 1079 5151 inquireret,
1137 5099 1458 5153 responsum
1511 5095 1594 5139 est
1640 5089 1735 5143 ei.
1845 5087 1950 5149 nis,
1985 5085 2304 5159 nullumque
2351 5085 2458 5141 sibi
2518 5081 2754 5141 dominii
2787 5083 2874 5152 jus
2929 5077 2985 5129 iu
3033 5079 3332 5138 domestica
3385 5075 3460 5130 rei

166 5166 382 5226 iustitia.
415 5173 694 5226 Nimirqu
726 5175 809 5242 qui
833 5173 1128 5242 justitiam,
1161 5176 1286 5230 dum
1317 5178 1546 5241 viveret,
1573 5179 1700 5237 fecit
1721 5224 1736 5247 ,
1845 5175 2131 5230 familiaris
2155 5176 2812 5236 ordinationecOItcedis.
2847 5169 2902 5224 In
2933 5182 3044 5236 quo
3067 5175 3278 5229 scilicet
3299 5170 3461 5228 facto.

257 5277 320 5292 Ιιιὶ
349 5279 576 5292 auena-nn
605 5272 718 5292 Πηλῆι
746 5273 973 5292 ηιη-υθηιιι
1003 5261 1218 5292 ἶιιοοξιῖυνι
1251 5265 1572 5292 ιἈΑηι--ιιιΙ-ιι
1621 5287 1700 5292 ....._
1767 5273 1770 5276 ’
1849 5267 1972 5292 ..ηζλ
2014 5266 2158 5292 ΑΙξαομι
2231 5289 2240 5291 μ
2267 5283 2382 5292 ν--.υι
2445 5274 2704 5292 ...ΑΙ-εποδε...
2758 5263 2895 5292 ἔησςῖυ
2951 5267 3196 5292 ΛηοσὶΑ-ξη
3245 5259 3442 5292 ἶ.“ε1ηνῖ
