3950 5344
480 321 592 386 ἇϐἳ,

1011 319 1068 375 S.
1104 319 1302 376 PETRI
1342 320 1623 377 DAMIANI
1662 320 1811 379 OPP.
1853 319 2032 378 PARS
2064 318 2198 377 SEU
2247 319 2480 378 TOMUS
2518 319 2558 376 1.
2597 350 2667 360 -
2694 317 2911 375 EPIST.
2948 319 3076 374 ωδ.
3119 319 3251 376 VIII.

3635 320 3735 377 I68

476 444 696 505 tuquat,
729 435 1034 491 contrarios
1084 436 1247 492 habet
1297 438 1351 492 in
1404 455 1507 493 non
1552 439 1841 495 contrariis
1894 438 2054 501 rebus
2083 436 2133 494 Δ
2161 437 2479 505 tranquilla!
2529 436 2682 495 Unde
2728 437 3029 495 Salomon:
3063 456 3081 491 ι
3111 438 3190 494 Tu
3244 448 3467 505 autem,
3521 436 3735 509 inquit,

476 524 718 582 etl‘ectus.
747 525 881 581 Nam
907 528 1007 582 etsi
1034 528 1239 599 lapides
1267 540 1321 585 et
1361 531 1503 602 ligna
1529 531 1740 588 diversa
1773 533 1902 599 sint,
1935 546 2058 587 con-

476 619 644 673 traria
668 633 774 674 non
810 630 958 687 sunt,
989 620 1130 677 sicut
1150 623 1331 677 album
1357 633 1411 678 et
1438 624 1673 696 nigrum,
1726 639 1954 695 quorum
2002 624 2058 679 iu

474 708 542 773 la;
567 708 744 764 idibus
774 726 935 765 unum
970 711 1125 780 facit,
1147 714 1378 770 alterum
1408 715 1463 770 in
1492 717 1669 788 lignis.
1721 715 1912 772 Clarus
1941 715 2059 771 illos

472 798 804 866 clarificans,
831 801 948 856 haec
974 801 1264 866 offuscans,
1290 820 1412 859 cum
1447 806 1500 860 in
1535 804 1638 861 illis
1661 805 1885 861 omnino
1926 806 2059 860 deli-

471 900 642 954 ceret,
671 892 771 947 nisi
798 893 849 947 in
879 892 1000 949 istis
1022 896 1245 953 viveret.
1277 897 1431 954 Unde
1452 899 1588 953 bene
1612 899 1696 953 vir
1711 896 1936 969 Sapiens
1958 897 2053 952 ait:

476 999 495 1032 ι
526 981 741 1039 Honora
779 995 986 1055 patrem
1012 998 1185 1055 tuum,
1214 998 1269 1045 et
1291 990 1553 1060 gemitum
1594 992 1786 1048 matris
1812 1000 1916 1047 tuas
1945 1006 2053 1046 non

469 1074 841 1144 obliviscaris;
870 1089 1141 1135 memento
1163 1082 1422 1150 quoniam
1473 1082 1576 1141 nisi
1607 1097 1705 1152 per
1746 1082 1868 1138 illos
1899 1088 2057 1137 natus

471 1167 829 1235 nonfuisses,
874 1178 931 1226 et
959 1171 1197 1227 retribue
1229 1172 1359 1239 illis,
1412 1173 1683 1244 quomodo
1731 1181 1786 1233 et
1833 1173 1909 1228 illi
1956 1171 2055 1232 tibi

473 1257 805 1331 (Eccli.vu).
839 1280 858 1313 ι
891 1261 1173 1333 Perpende
1213 1263 1397 1335 igitur,
1447 1274 1664 1335 quantae
1717 1264 2056 1321 crudelitatis

475 1351 548 1407 sit
584 1350 703 1408 illos
729 1352 1075 1424 despicienda
1105 1365 1472 1420 contemnere,
1506 1372 1602 1426 per
1643 1371 1780 1428 quos
1815 1352 1982 1412 habes
2001 1363 2057 1410 et

470 1441 646 1514 ipsum
676 1459 817 1509 esse,
849 1439 1160 1518 quantaque
1207 1448 1427 1520 dignum
1484 1449 1556 1504 sit
1611 1457 1663 1504 te
1721 1449 2057 1520 genitoribus

468 1524 575 1588 tuis
604 1533 906 1592 humilitate
927 1537 1199 1605 submitti,
1230 1538 1428 1610 quibus
1461 1548 1516 1596 et
1544 1542 1813 1603 naturalis
1865 1556 2052 1604 essen-

467 1628 559 1683 tia:
583 1629 939 1686 substantiam
968 1632 1153 1699 debes,
1187 1646 1243 1691 et
1274 1636 1415 1704 quod
1449 1634 1518 1690 ab
1550 1634 1657 1690 illis
1688 1643 1739 1690 te
1784 1648 1889 1690 non
1936 1650 2055 1688 am-

2161 525 2479 583 Dominator
2507 529 2748 593 virtutis,
2777 546 2901 585 cum
2953 522 3342 600 tranquillitate
3397 527 3637 598 iudicas,
3685 540 3739 587 et

2161 633 2282 673 cum
2312 632 2507 689 magna
2548 621 2853 677 reverentia
2906 620 3147 691 disponis
3192 636 3295 677 nos
3344 619 3496 693 (Sap.
3559 622 3679 691 xu).
3714 641 3733 677 ι

2160 706 2418 764 Eamdem
2462 725 2594 765 sane
2626 712 2962 781 percussoris
2988 711 3288 778 maxillam,
3332 712 3440 768 hoc
3481 721 3569 769 est
3614 713 3740 769 siui-

2159 808 2348 865 stram,
2375 810 2594 872 repente
2623 801 2850 872 languor
2874 803 3091 869 invasit,
3116 818 3347 874 eumque
3375 804 3562 861 nimiis
3583 820 3741 859 vexa-

2159 904 2218 944 re
2244 889 2522 948 doloribus
2556 893 2743 963 coepit.
2775 893 3019 966 Cumque
3047 893 3276 968 languor
3315 895 3367 950 in
3405 896 3523 952 dies
3564 897 3741 967 perni-

2157 979 2360 1037 ciosius
2408 982 2831 1056 ingravesceret,
2880 985 3165 1043 acerrimis
3214 986 3463 1043 dolorum
3509 985 3743 1043 stimulis

2156 1072 2431 1128 hominem
2499 1074 2920 1132 intolerabiliter
2964 1076 3236 1150 fatigaret,
3302 1077 3601 1150 mugitibus
3682 1092 3742 1133 ac

2158 1164 2481 1221 stridoribus
2514 1156 2727 1237 ejulare'
2751 1168 3119 1238 compelleret,
3153 1170 3367 1226 tandem
3415 1178 3595 1224 mater
3627 1183 3745 1239 qua:

2155 1252 2461 1324 privignum
2495 1265 2740 1312 senserat
2765 1257 2819 1313 in
2846 1271 3190 1327 percussum,
3223 1258 3544 1328 recognovit
3572 1257 3742 1312 lilium

2158 1344 2212 1399 in
2241 1354 2467 1412 natura;
2499 1354 2555 1402 et
2578 1363 2683 1403 non
2708 1349 2990 1413 duritiam,
3014 1359 3071 1405 ut
3094 1349 3183 1404 ille
3212 1359 3507 1413 meruerat,
3548 1365 3743 1406 nover-

2156 1432 2351 1499 calem,
2377 1435 2471 1491 sed
2498 1446 2870 1494 maternorum
2897 1437 3117 1494 exhibet
3149 1439 3419 1495 viscerum
3464 1440 3742 1509 pietatem.

2156 1519 2274 1577 Jam
2318 1536 2514 1593 nempe
2562 1526 2919 1583 tumeseentis
2966 1527 3290 1582 mandibula:
3331 1542 3460 1583 caro
3512 1520 3747 1598 turpiter

2156 1621 2580 1683 computruerat,
2603 1613 2716 1683 iam
2758 1617 2911 1674 virus
2959 1632 3025 1673 ac
3066 1618 3249 1673 sanies
3299 1632 3398 1687 per
3446 1632 3744 1673 concavam

466 1719 610 1791 mgis
639 1736 866 1791 puerum
888 1726 1218 1797 percepisse,
1265 1698 1606 1798 q'uanmpere
1662 1727 1860 1784 debeas
1908 1740 2053 1782 nunc
2084 1787 2126 1798 _
2153 1702 2393 1798 vulneris
2415 1701 2649 1798 fistulam
2681 1698 2999 1798 dist‘l‘llahat.
3041 1705 3283 1798 Cumque
3324 1705 3527 1798 misere
3574 1708 3748 1763 homi-

465 1787 619 1877 grata
639 1787 761 1865 vice
792 1787 1012 1869 senibus
1051 1787 1356 1870 redhibere.
1408 1787 1566 1872 unde
1610 1817 1870 1890 scriptum
1918 1826 2003 1873 est
2034 1810 2061 1871 ε’
2083 1787 2129 1848 Β
2158 1806 2281 1890 “em
2312 1793 2442 1890 Ῑξξηςι
2472 1793 2596 1890 ind}?
2618 1795 2963 1890 persederet,
2989 1805 3045 1890 et
3075 1796 3381 1890 exhalantis
3429 1800 3745 1890 corruptela

470 1916 490 1951 s
515 1896 638 1965 Fili,
672 1900 884 1973 suscipe
916 1917 1190 1962 senectam
1220 1908 1392 1978 patris
1418 1910 1520 1975 tui,
1550 1918 1604 1965 et
1647 1926 1717 1966 ne
1759 1912 2053 1967 contristes

462 2002 586 2054 etim
616 1990 670 2045 in
694 1992 801 2047 vita
828 1993 992 2063 illius,
1032 1997 1154 2052 etsi
1179 1998 1456 2064 defecerit,
1494 2001 1707 2056 veniam
1737 2002 1827 2065 da,
1873 2011 1929 2057 ct
1982 2016 2052 2058 ne

463 2096 691 2152 spernas
712 2100 834 2141 eum
866 2086 921 2142 in
955 2097 1045 2144 tua
1080 2090 1282 2146 virtute
1308 2091 1499 2161 (Eccli.
1533 2093 1637 2165 Ill).
1675 2112 1696 2147 ι
1753 2092 1859 2149 Sed
1910 2093 2052 2150 forte

464 2172 614 2230 dices
645 2193 658 2230 :
690 2174 865 2232 Mater
894 2194 1013 2234 mea
1044 2195 1132 2235 me
1179 2180 1497 2251 frequenter
1544 2193 1857 2254 exasperat,
1899 2186 2052 2242 duris

464 2264 647 2320 verbis
684 2283 861 2322 meum
887 2276 943 2324 et
975 2270 1162 2327 uxoris
1193 2260 1330 2329 mea:
1358 2273 1522 2328 corda
1552 2276 1877 2345 perturbat:
1938 2290 2044 2332 non

461 2369 751 2426 possumus
779 2366 859 2415 tot
888 2357 1207 2428 iniuriarum
1234 2363 1434 2432 probra
1474 2363 1741 2434 perferre,
1764 2380 1872 2421 non
1905 2366 2050 2422 vale-

463 2463 588 2505 mus
632 2452 964 2509 austeritatis
1015 2453 1132 2524 ejus
1179 2464 1235 2511 et
1271 2468 1475 2512 severae
1502 2455 1665 2529 274
1693 2452 2050 2531 correptionis

462 2537 744 2596 molestias
772 2540 1024 2600 tolerare.
1058 2543 1165 2599 Sed
1196 2545 1251 2600 in
1282 2546 1383 2602 hoe
1407 2546 1503 2602 tibi
1544 2548 1815 2617 copiosior
1839 2565 2063 2625 merces

462 2629 786 2698 acquiritur,
817 2632 862 2686 si
887 2632 1015 2688 dum
1068 2633 1452 2691 contumeliam
1502 2637 1755 2708 suscipis,
1803 2640 2045 2709 gratiam

461 2714 666 2781 reddis,
696 2724 750 2772 et
776 2716 902 2774 dum
940 2720 1307 2777 conviciorum
1337 2722 1451 2778 sale
1500 2728 1902 2797 conspergeris,
1944 2728 2047 2783 hu-

460 2805 695 2862 militate
728 2806 1013 2866 blandiris.
1046 2810 1185 2868 Hinc
1212 2813 1357 2868 cnim
1383 2821 1467 2869 est
1498 2831 1511 2868 :
1544 2833 1561 2867 ι
1586 2814 1935 2888 Eleemosyna
1953 2832 2049 2888 pa-

462 2895 564 2951 tris
594 2912 701 2952 non
725 2899 830 2953 erit
851 2899 904 2954 in
934 2900 1225 2966 oblivione,
1259 2918 1385 2959 nam
1438 2919 1539 2974 pro
1590 2918 1813 2976 peccato
1852 2908 2047 2965 matris

462 2986 782 3041 restituetur
809 2988 904 3042 tibi
934 2989 1134 3045 bonum
1160 2988 1371 3064 (Ibid).
1401 3011 1420 3047 ι
1448 2992 1582 3048 Cum
1608 2994 1775 3066 igitur
1800 3013 1899 3067 pro
1922 3013 2047 3068 pec-

465 3084 586 3133 cato
611 3077 801 3131 matris
826 3078 1028 3134 bonum
1057 3083 1387 3149 restituitur,
1424 3099 1523 3140 cur
1550 3085 1797 3152 saeviens,
1827 3087 1912 3143 vel
1965 3089 2047 3143 in-

2157 1883 2460 1954 putredinis
2483 1892 2538 1940 et
2557 1885 2734 1940 intimi
2764 1886 2847 1941 vis
2878 1885 3079 1943 doloris
3107 1886 3407 1956 paenitebat
3454 1888 3579 1943 initi
3621 1904 3750 1944 con-

2157 1975 2331 2044 nubii,
2361 1985 2417 2034 et
2437 1977 2668 2034 alterum
2697 1978 2838 2035 forte
2866 1980 3042 2035 virum
3077 1978 3194 2050 jam
3243 1981 3525 2037 metuebat
3565 1983 3748 2047 uxori,

2156 2079 2213 2126 et
2235 2083 2397 2142 quam
2419 2072 2679 2128 cernebat
2695 2072 2909 2128 noviter
2929 2080 3175 2143 nuptam,
3191 2070 3308 2141 jam
3337 2075 3750 2145 quodammodo

2156 2161 2314 2230 quasi
2343 2160 2575 2216 biviram
2610 2160 2920 2232 deput‘abat.
2970 2161 3143 2220 Mater
3168 2164 3353 2235 itaque
3402 2165 3746 2235 periclitanti

2155 2250 2266 2307 tilio
2294 2267 2398 2308 non
2413 2250 2639 2321 iustitiae
2665 2253 2919 2309 talionem
2947 2254 3200 2322 reddens,
3242 2255 3336 2312 sed
3365 2255 3627 2328 religiosa
3659 2272 3751 2327 po-

2154 2344 2263 2400 tius
2301 2343 2504 2414 pietate
2547 2345 2903 2416 compatiens,
2949 2346 3017 2401 ad
3067 2346 3354 2403 ecclesiam
3401 2346 3465 2402 B.
3525 2346 3746 2403 Nazarii

2154 2435 2412 2507 martyris
2431 2445 2707 2507 properat,
2741 2436 3049 2494 accumulat
3096 2448 3257 2505 vota,
3290 2437 3452 2494 oll’ert
3492 2454 3745 2504 munera,

2151 2525 2465 2596 pavimento
2501 2527 2898 2598 prosternitur,
2939 2536 3082 2596 orat,
3138 2529 3429 2595 obsecrat,
3478 2530 3744 2592 anhelat;

2153 2634 2218 2675 ac
2255 2618 2589 2690 delinquenti
2619 2621 2731 2676 lilio
2766 2622 2981 2677 veniam
3031 2622 3457 2694 lacrymahiliter
3513 2621 3744 2694 ﬂagitat.

2152 2715 2410 2770 Maternis
2431 2715 2614 2786 itaque
2640 2716 2897 2786 precibus
2921 2715 3075 2771 adest
3105 2715 3285 2770 divina
3317 2715 3740 2781 misericordia;

2151 2806 2313 2878 275
2338 2814 2393 2862 et
2422 2822 2581 2877 quam
2612 2817 2671 2863 ut
2692 2822 2790 2878 pro
2818 2808 3045 2863 lredente
3069 2806 3384 2875 deposceret
3430 2808 3743 2879 inSpiravit,

2148 2898 2312 2952 etiam
2340 2906 2484 2954 utet
2534 2907 2884 2970 aegrotantem
2915 2897 3238 2969 propitiatus
3288 2898 3526 2971 erigeret
3576 2915 3747 2954 exau-

2149 2988 2302 3045 divit.
2326 2988 2495 3046 Paulo
2515 3001 2637 3060 post
2673 2990 2905 3060 denique
2932 2989 3125 3045 solutis
3175 3005 3240 3046 ac
3287 2989 3613 3060 putrefactis
3644 3006 3745 3044 un-

2149 3079 2310 3148 dique
2327 3082 2598 3147 earnibus,
2618 3096 2680 3137 os
2704 3081 2772 3135 de
2793 3081 3103 3138 mandibula
3127 3080 3355 3148 cecidit;
3382 3097 3446 3137 ac
3469 3081 3745 3152 protinus,

465 3175 602 3234 iuste
632 3165 966 3237 delinquens,
997 3185 1101 3226 non
1129 3173 1507 3242 :equauimiter
1534 3175 1879 3244 perferatur?
1915 3177 2042 3234 Ter-
2072 3160 2118 3223 Ο
2147 3170 2293 3224 οῖ1ὶηὶ
2326 3169 2512 3226 άο¹οτθ
2538 3169 2740 3242 ταμίου
2782 3170 3009 3225 οῖεθῑτῖῖ
3056 3170 3331 3239 οοοειηυῖῑν
3384 3171 3576 3241 Sicque
3628 3170 3746 3238 iam

465 3259 620 3314 ribile
643 3269 790 3315 certe
807 3264 1052 3333 estquod
1080 3264 1364 3336 Scriptura
1392 3265 1523 3322 dicit
1557 3283 1569 3320 :
1609 3286 1629 3319 ‹
1663 3267 1837 3336 Quam
1889 3269 2044 3325 mala:

464 3354 623 3411 famm
644 3364 747 3423 est,
776 3358 869 3429 qni
898 3359 1151 3429 relinquit
1183 3369 1415 3430 patrem,
1440 3370 1495 3418 et
1523 3370 1607 3419 est
1649 3364 1968 3421 maledictus
2013 3382 2043 3422 a

464 3443 574 3501 Deo
601 3445 689 3514 qui
715 3458 1004 3518 exasperat
1024 3460 1250 3505 matrem
1282 3450 1493 3525 (Ibid.).
1525 3473 1545 3507 ι
1578 3454 1782 3523 Porro,
1832 3447 1921 3527 qui
1952 3474 2045 3529 pa-

465 3540 648 3589 rentes
678 3534 989 3602 inhonorat,
1014 3538 1270 3606 quoniam
1296 3541 1559 3597 divinitus
1582 3544 1890 3612 abdicatur,
1916 3564 2045 3602 nun-

462 3622 591 3693 quid
617 3636 722 3678 non
749 3632 804 3679 et
834 3626 886 3679 in
910 3626 1013 3682 hac
1040 3627 1146 3682 vita
1177 3629 1568 3687 confunditur?
1593 3632 1698 3689 Sed
1724 3635 1849 3690 audi
1898 3636 2045 3692 Scri~

460 3719 677 3781 pturam
707 3727 723 3767 :
752 3732 770 3766 ι
802 3713 1002 3780 Gloria,
1031 3717 1224 3788 inquit,
1247 3719 1482 3778 hominis
1511 3737 1577 3778 ex
1630 3724 1835 3781 honore
1876 3727 2046 3796 patris

460 3801 569 3867 sui,
603 3812 658 3858 et
686 3803 920 3861 dedecus
949 3806 1044 3862 filii
1073 3819 1229 3880 pater
1251 3812 1369 3866 sine
1390 3813 1600 3870 honore
1624 3815 1837 3887 (Ibid)
1870 3837 1888 3868 ι
1938 3816 2044 3873 Sed

467 3890 595 3945 dum
620 3901 858 3949 veterum
883 3898 1223 3968 congerimus
1262 3901 1572 3958 testimonia
1616 3903 2043 3975 Scripturarum,

463 3980 628 4036 etiam
657 3983 780 4037 novi
807 3998 966 4040 casus
991 4002 1259 4056 apponere
1282 4006 1389 4045 non
1418 4008 1706 4062 graventur
1719 3996 2043 4066 exemplum,

467 4078 531 4123 ut
554 4069 744 4125 saltem
763 4080 979 4128 ostensa
1004 4075 1199 4130 divina:
1214 4077 1439 4144 iustitiae
1461 4082 1700 4138 vindicta
1730 4083 1885 4157 [non]
1909 4101 2046 4156 prte—

462 4166 671 4226 tereat,
719 4175 854 4229 quos
902 4165 1274 4219 mandatorum
1323 4169 1622 4226 caelestium
1674 4174 1883 4245 cingula
1940 4191 2046 4231 non

460 4247 758 4309 Iefrenaut.

539 4341 722 4397 Pridie
753 4357 946 4413 nempe
973 4353 1096 4415 post
1122 4361 1428 4417 vesperam,
1458 4365 1523 4406 es
1575 4369 1671 4410 ore
1723 4355 1892 4427 ipsius
1925 4357 2045 4415 Ale-

458 4432 651 4488 xandri
694 4435 1020 4491 venerabilis
1052 4449 1226 4506 papae,
1275 4455 1364 4495 me
1402 4443 1631 4514 contigit
1672 4447 1860 4502 audire
1901 4450 2042 4518 quod

2148 3261 2491 3330 desperatum
2546 3261 2818 3316 hominem
2864 3261 3222 3317 incolumitati
3264 3262 3510 3332 pristiam
3560 3262 3746 3317 divina

2146 3351 2319 3421 pietas
2344 3352 2634 3422 reparavit.
2663 3351 2776 3409 Iloc
2803 3353 2987 3423 itaque
3028 3353 3188 3408 modo
3213 3354 3265 3407 in
3294 3352 3454 3409 unius
3506 3353 3750 3409 hominis

2147 3442 2305 3508 facie,
2336 3450 2391 3498 et
2417 3443 2612 3499 divina:
2657 3444 3047 3499 misericordiae
3074 3445 3362 3501 character
3387 3446 3740 3514 exprimitur,

2146 3542 2201 3589 et
2228 3534 2479 3590 humana:
2490 3535 2659 3605 culpa:
2673 3534 3009 3604 signaculum
3028 3536 3294 3590 retinetur
3316 3553 3329 3590 :
3354 3537 3559 3591 utdum
3586 3550 3748 3591 exos-

2147 3634 2265 3678 sata
2298 3623 2466 3680 facies
2492 3625 2752 3688 cernitur,
2781 3631 2837 3678 et
2866 3633 3052 3679 sanata
3077 3626 3357 3681 evidenter
3405 3625 3645 3691 eluceat,
3687 3633 3743 3680 et

2148 3715 2276 3785 quid
2307 3715 2401 3769 filii
2422 3715 2696 3770 saevientis
2732 3714 2795 3785 (f.
2825 3715 3098 3788 impietas)
3155 3717 3446 3780 immeruit,
3505 3726 3564 3772 et
3612 3716 3745 3787 quid

2148 3806 2198 3859 ei
2220 3807 2360 3876 apud
2384 3822 2543 3861 aures
2569 3807 2767 3863 divinae
2790 3808 3092 3864 clementiae
3114 3818 3360 3864 materna
3410 3810 3590 3881 pietas
3640 3811 3746 3865 iut-

2147 3894 2401 3966 petravit.
2433 3894 2557 3950 Haec
2582 3896 2748 3965 igitur
2769 3907 2839 3963 te,
2872 3898 2956 3952 vir
2984 3898 3288 3954 clarissime
3312 3939 3328 3965 ,
3356 3900 3544 3955 divina
3568 3902 3745 3956 virtus

2148 3982 2453 4050 admoneat,
2479 3985 2593 4040 haec
2622 3987 2953 4057 prosilientis
2976 3988 3027 4041 in
3055 3996 3285 4042 matrem
3332 3986 3491 4058 plaga
3530 3998 3744 4057 perter—

2151 4083 2289 4141 reat,
2323 4085 2378 4132 et
2402 4092 2506 4131 non
2536 4078 2695 4132 modo
2722 4091 2803 4143 se,
2833 4077 2927 4132 sed
2963 4086 3019 4131 et
3047 4076 3453 4133 serenissimam
3511 4092 3742 4132 uxorem

2150 4170 2298 4220 tuam
2326 4180 2356 4220 a
2391 4168 2637 4223 socerina
2663 4183 2888 4238 prorsus
2909 4166 3210 4223 offensione
3237 4176 3550 4238 compescat
3574 4184 3746 4238 :qua-

2152 4265 2308 4314 tenus
2333 4257 2459 4313 dum
2487 4259 2726 4313 benoras
2765 4268 3047 4330 parentem
3092 4259 3238 4329 quod
3267 4260 3352 4314 est
3390 4260 3631 4329 primum
3688 4260 3747 4313 in

2148 4350 2505 4422 promissione
2522 4350 2834 4406 mandatum
2876 4351 3072 4422 (Exod.
3117 4366 3228 4414 xx;
3260 4350 3414 4406 Deut.
3437 4366 3472 4404 v
3500 4368 3517 4419 ;
3547 4351 3747 4406 lculi.

2151 4441 2262 4511 xv),
2316 4441 2636 4496 transmisso
2672 4440 2998 4511 quandoque
3041 4442 3282 4505 deserto,
3332 4456 3458 4497 cum
3513 4441 3603 4497 his
3647 4440 3747 4511 qui

461 4521 660 4577 refero.
701 4520 996 4579 Ardericus
1022 4564 1038 4592 ,
1087 4526 1259 4596 inquit
1290 4568 1304 4594 ,
1355 4508 1581 4598 quidam
1630 4508 2044 4593 Mediolanensis
2076 4508 2122 4568 θ
2146 4535 2261 4589 veri
2292 4544 2415 4590 sunt
2439 4532 2710 4600 lsraelitée,
2745 4542 2946 4590 terram
2985 4534 3248 4590 merearis
3290 4533 3503 4589 intrare
3555 4533 3743 4587 viven-

398 4660 403 4665 .
460 4612 610 4668 urbis
631 4613 901 4685 indigena,
924 4614 1052 4670 dum
1077 4632 1246 4674 uxore
1274 4621 1456 4687 ducta,
1484 4623 1783 4680 celebraret
1804 4628 2044 4697 nuptiale

459 4705 771 4760 convivium
798 4743 815 4773 ,
879 4719 1209 4777 conquestus
1260 4720 1343 4765 est
1393 4713 1642 4782 opipator
1692 4731 2042 4787 conspersum

458 4794 631 4864 epulis
652 4794 921 4853 defecisse
944 4798 1299 4869 pigmentum.
1351 4802 1595 4874 Cumque
1625 4805 1785 4874 hujus
1841 4808 1920 4863 rei
1952 4824 2053 4864 cad

462 4884 737 4947 lumniam,
749 4901 977 4956 sponsus
1007 4889 1064 4944 in
1089 4899 1317 4944 matrem
1344 4906 1449 4947 non
1476 4895 1593 4950 sine
1615 4897 1849 4966 quodam
1871 4897 2039 4970 jurgii

452 4981 677 5055 tumore
707 4974 1037 5043 devolveret,
1058 4988 1115 5033 et
1140 4993 1240 5035 cur
1280 4980 1421 5036 hanc
1479 4978 1760 5053 pateretur
1802 4986 2047 5057 inopiam-

2147 4627 2299 4683 tium.

2188 4715 2193 4721 I
2700 4759 3037 4819 EPISTOLA
3075 4759 3162 4816 IV.

2143 4912 2211 4954 ΑΙ)
2242 4911 2541 4952 Αιιικιιιευιί
2564 4907 2898 4959 εειυτοιιεκ,
2924 4908 3150 4957 ειυερυκ
3174 4905 3392 4949 ΠΧΟΒΕΙ
3415 4904 3744 4945 ειηίιιιμιι.
