3950 5344
146 197 260 254 469

213 310 506 382 Nom-itis,
535 321 890 396 dilectissimi,
927 333 1050 402 quia
1076 351 1196 392 cum
1250 355 1500 399 commnn

145 401 406 459 crllentim
439 420 630 466 vestrae
647 415 812 472 lilium
837 435 904 474 an
930 401 1020 478 Dei
1043 428 1428 500 omnipotentis
1447 437 1730 505 imperium

144 507 206 546 cx
237 495 338 548 hoc
363 500 564 556 smcnlo
595 510 850 564 transisse
871 519 1243 586 cognovimus,
1275 525 1438 579 subiti
1463 544 1562 584 nos
1593 547 1730 587 mce-

145 586 282 640 ruris
305 593 558 658 angustia
587 601 833 664 perculit,
861 613 915 658 et
943 609 1176 666 tristitia:
1195 629 1300 668 non
1326 615 1460 674 levis
1513 623 1730 680 aculeus

143 689 236 727 cor
273 689 522 734 nostrum
559 685 644 752 pia
693 695 1066 760 contpassione
1112 703 1400 760 transﬁxit.
1450 707 1555 764 Sed
1605 727 1728 768 cum

143 777 358 836 recepto
387 774 622 828 consilio
645 779 930 848 diligenter
959 791 1276 848 examinare
1311 811 1422 851 rem
1444 801 1726 870 coepimus,

143 867 196 908 et.
213 862 580 930 nosmetipsos
607 873 1056 938 reprehensiltiles
1079 879 1406 952 judicamus,
1461 899 1516 944 et
1531 862 1545 870 ’
1563 893 1732 948 subli-

139 1307 238 1360 rito
264 1313 648 1377 praestitisset?
682 1321 939 1381 Videlicet
969 1332 1118 1386 utde
1159 1337 1366 1392 semine
1404 1351 1582 1398 vestro
1633 1361 1724 1400 so-

139 1399 312 1456 bolem
343 1404 414 1458 ad
448 1409 692 1465 caelestia
717 1429 878 1484 regna
923 1422 1263 1490 transferret,
1315 1429 1456 1485 inter
1508 1436 1726 1508 angelos

141 1494 522 1560 constitueret,
550 1502 684 1556 stola
709 1505 1132 1572 immortalitatis
1161 1517 1425 1587 indueret,
1450 1539 1512 1579 ac
1535 1494 1724 1583 diade-

137 1593 280 1638 mate
317 1599 594 1657 perpetuae
619 1593 804 1663 gloria:
853 1617 1178 1662 coronaret:
1229 1613 1462 1680 propriis
1503 1615 1725 1687 insuper

137 1672 278 1730 ulnis
301 1681 654 1752 astringeret,
679 1691 862 1746 oscula
895 1703 1148 1766 tanquam
1187 1701 1360 1758 dulcis
1399 1714 1554 1774 pater
1601 1709 1720 1764 inll-
1752 1711 1796 1770 B
1825 1728 2158 1788 ARGUHENTU

137 1777 307 1834 geret,
336 1780 392 1824 et
413 1773 562 1828 velut
585 1781 854 1836 uterinum
879 1787 1068 1862 lilium,
1095 1791 1146 1844 in
1179 1793 1270 1848 illo
1292 1773 1486 1864 quietis
1511 1809 1726 1858 :eternae

137 1860 376 1918 thalamo
397 1864 632 1924 feliciter
659 1873 794 1928 collo
828 1860 964 1932 aret.
1000 1881 1138 1937 Ecce
1159 1901 1254 1939 nos
1278 1860 1516 1944 infelices
1539 1901 1592 1945 et
1629 1893 1724 1947 mi-

135 1951 262 2014 seri,
279 1955 424 2020 quod
449 1959 634 2028 utique
655 1963 722 2016 de
737 1980 822 2019 me
853 1969 1094 2040 meisque
1108 1975 1372 2031 similibus
1397 1987 1452 2032 ct
1479 1995 1722 2052 compec-

135 2039 410 2095 catoribus
431 2042 658 2114 loquor,
699 2053 840 2120 quod
881 2039 1190 2124 jejttnantes
1213 2071 1266 2116 et
1291 2063 1549 2122 adversus
1571 2039 1722 2126 mali-

133 2141 264 2195 gnos
287 2131 514 2200 spiritus
541 2137 900 2198 infrelerabili
925 2153 1328 2208 concertatione
1344 2155 1548 2225 jugiter
1569 2159 1724 2218 obiu-

134 2225 346 2276 ctantes
360 2237 582 2291 sperare
597 2229 684 2284 vix
699 2247 1012 2304 possumus;
1034 2239 1136 2296 iste
1159 2244 1278 2299 sine
1301 2247 1406 2302 ulla
1430 2253 1642 2309 sudoris
1665 2263 1721 2310 et

135 2305 336 2402 laboris
362 2311 528 2386 276
575 2317 850 2388 instantia,
897 2331 1066 2396 gratis
1093 2333 1343 2402 obtinuit,
1369 2347 1422 2392 et
1469 2305 1718 2400 adﬂil‘lu‘d

135 2396 418 2456 licatorum
460 2407 657 2464 civium
689 2415 926 2484 nuptiale
967 2423 1272 2479 convivium
1318 2429 1436 2485 sine
1467 2431 1574 2488 ullo
1603 2451 1720 2490 cer-

137 2490 356 2546 taminis
411 2510 478 2548 ac
528 2496 733 2554 fastidii
790 2505 976 2563 labore
1021 2515 1289 2580 pervenit.
1323 2517 1438 2574 l-luc
1484 2526 1714 2592 accedit,

136 2581 262 2648 quia
290 2586 388 2654 qui
437 2586 604 2644 lilium
635 2593 700 2648 de
731 2599 926 2654 vestris
955 2605 1204 2661 manibus
1248 2609 1486 2675 abstulit,
1513 2623 1568 2668 et
1593 2581 1715 2672 enni

135 2671 254 2768 plus
289 2675 588 2768 sibiquam
627 2685 778 2741 vobis
805 2689 1052 2761 diligens,
1085 2693 1138 2748 in
1167 2671 1584 2768 contubernium
1607 2671 1718 2764 suae

137 2761 446 2832 adoptionis
471 2771 683 2840 ascivit,
709 2786 900 2845 potens
939 2792 1022 2836 est
1051 2783 1218 2839 multo
1247 2789 1398 2844 vobis
1437 2793 1716 2852 meliorem

135 2855 397 2936 reddere;
426 2869 481 2913 ct
515 2877 768 2932 pro-uno,
797 2869 1144 2940 multiplicem
1187 2889 1254 2930 ex
1283 2879 1438 2936 vobis
1473 2885 1714 2942 sobolem

135 2959 454 3018 propagare.
480 2951 632 3008 Anna
666 2957 918 3015 nimirum
949 2979 1088 3020 uxor
1129 2964 1366 3036 Eleante,
1398 2973 1618 3032 unicum
1649 2979 1714 3033 li-

1263 231 1462 290 LlBER
1504 237 1846 313 OCTAVUS,
1885 248 2098 310 EPIST.
2135 255 2196 312 V.

3306 237 3430 334 tto."

1506 363 1592 402 em
1640 367 1730 407 ex-
1758 359 1810 417 Α
1835 356 2086 428 Nunquid
2114 375 2319 434 potero-
2339 387 2590 432 revocare
2619 394 2740 436 eum
2785 384 3049 454 amplius?
3077 389 3187 458 Ego
3217 391 3410 446 vadant

1833 451 2004 522 magis
2025 455 2092 508 ad
2112 471 2232 510 eum
2255 476 2267 521 ;
2294 459 2500 520 illenon
2523 479 2824 526 revertetur
2843 451 2908 528 ad
2927 491 3011 530 me
3027 477 3078 546 (I
3099 451 3223 550 (leg.
3253 481 3404 552 xu).r

1833 540 2216 612 Quamobrem,
2247 551 2602 624 dilectissimi,
2636 563 2818 618 omnia
2849 567 3051 624 doloris
3081 581 3242 640 atque
3272 588 3406 628 mte-

1833 633 1994 690 stitiae
2023 637 2251 695 lamenta
2281 644 2552 715 deponite,
2593 652 2749 708 solita
2798 657 2978 712 domui
3023 633 3216 716 vestrae
3257 663 3412 733 spiri-

1833 726 1993 782 tualis
2040 729 2238 788 lanitize
2284 739 2478 804 gaudia
2529 755 2796 812 reparate,
2831 759 3040 805 mentes
3089 763 3296 809 vestras
3341 755 3410 809 ad

1831 831 1980 884 spem
2012 833 2259 890 superna:
2288 828 2674 888 consolationis
2703 837 2920 908 erigite,
2949 847 3004 894 et
3029 841 3196 898 divini
3221 844 3410 900 verbe-

1831 907 1906 962 ris
1931 909 2071 965 ictus
2121 929 2226 967 non
2273 917 2445 973 solum
2489 924 2760 991 patienter
2787 907 2842 984 et
2884 933 3280 1000 :equanimiter,
3313 936 3410 991 sed

1828 999 1992 1054 etiam
2007 1001 2259 1060 alacriter
2283 1009 2526 1066 tolerate.
2545 1012 2898 1086 Omnipotens
2919 999 3185 1092 Dcus,qni
3209 1023 3406 1080 Filium

1828 1099 2067 1145 vestrum
2117 1094 2196 1150 de.
2231 1099 2422 1154 vestris
2449 1104 2698 1162 manibus
2744 1107 2951 1174 tollere,
3000 1122 3054 1165 et
3086 1113 3138 1166 in
3171 1117 3404 1184 propriae

1827 1179 2132 1240 dilectionis
2185 1190 2466 1258 amplexus
2517 1195 2767 1265 dignatus
2809 1209 2892 1256 est
2943 1179 3408 1274 paterna—pietate

1830 1273 2141 1341 transferre,
2176 1279 2453 1350 multiplex
2495 1287 2680 1356 utique
2709 1303 2809 1358 pro
2843 1307 2951 1344 uno
2977 1307 3143 1361 puero
3186 1311 3406 1365 germen

1825 1364 2106 1430 attribuat,
2135 1377 2190 1422 et
2229 1370 2446 1442 insuper
2475 1389 2750 1446 nunquam
2795 1382 3114 1438 morituram
3145 1364 3409 1442 bonorum

1825 1467 2046 1523 operum
2074 1457 2314 1514 sobolem
2343 1477 2606 1532 generare
2634 1469 2916 1524 concedat.

2388 1553 2720 1612 EPISTOLA
2779 1559 2844 1616 ν.

2168 1657 2235 1696 ΑΙ)
2275 1659 2488 1701 ΡΕΤΒΗΜ
2527 1661 2842 1704 εεΝΑι-οιιειι
2883 1667 3054 1708 ωιιιιε.

2166 1750 2221 1816 ιι..
2246 1765 2312 1775 -
2341 1735 2557 1792 Petrum
2583 1745 2868 1796 senatoria:
2898 1745 3176 1816 dignitatis
3205 1750 3407 1816 virum;

1895 1804 1984 1869 qni
2016 1805 2299 1886 ecclesiam
2323 1819 2635 1887 construere
2661 1804 2986 1887 aggressus:
2997 1819 3177 1872 nescio
3203 1833 3306 1887 qua
3339 1804 3408 1875 de

1893 1885 2076 1956 causa,
2104 1876 2284 1928 statim
2333 1878 2402 1932 ab
2438 1879 2652 1956 incepto
2694 1876 2993 1950 déstiterat,
3025 1887 3092 1940 ad
3123 1876 3407 1956 perlicien-

1894 1941 2018 1994 dum
2070 1955 2308 2012 cu'ptum
2345 1963 2480 2016 opus
2517 1941 2786 2016 hortatur,
2815 1941 3404 2014 ostendens'uonesse

1893 2023 2078 2090 verum
2094 2017 2498 2090 munitionum“
2521 2021 2848 2090 garriebant,
2879 2024 3075 2079 nullam
3101 2031 3403 2084 mercedem

1892 2079 1966 2161 iis.
1984 2081 2142 2178 tribui
2225 2085 2454 2178 Deo,qui
2481 2079 2736 2178 ecclesias
2749 2079 2910 2163 277
2925 2095 3210 2178 aediﬁcant.
3239 2097 3406 2178 Cujus

1894 2151 1970 2234 rei
1984 2153 2152 2218 gratia
2171 2151 2473 2212 Salomonis
2489 2167 2543 2215 et
2569 2151 2799 2216 aliorum
2813 2151 3056 2234 Ex'etttpla
3082 2167 3132 2220 in
3169 2151 3406 2224 medium

1891 2219 2066 2275 affert.

1891 2311 2097 2368 Domno
2129 2314 2311 2372 Perno
2349 2311 2636 2378 senatoriae
2682 2323 2960 2393 dignitatis
3008 2329 3146 2394 viro,
3190 2332 3405 2388 l‘srnus

1817 2413 2070 2469 peccator
2099 2409 2394 2463 monachus
2430 2411 2660 2467 salutem
2703 2415 2752 2468 in
2793 2417 3037 2471 Domino:

1889 2494 2195 2550 Electorum
2244 2513 2310 2554 ac
2369 2504 2718 2570 reproborum
2781 2522 3070 2564 commune
3117 2521 3200 2566 cst
3261 2520 3400 2568 bona

1817 2587 2069 2654 quaalibet
2115 2589 2487 2648 inditl'erenter
2537 2595 2794 2668 incipere,
2841 2601 2934 2655 sed
2982 2604 3278 2660 electorum
3317 2617 3402 2661 est

1817 2677 2123 2744 specialiter
2191 2695 2312 2749 qute
2375 2683 2512 2739 bene
2579 2697 2754 2758 coepta
2808 2699 2934 2745 sunt
2994 2707 3394 2750 consummare.

1816 2762 1908 2820 lsti
1937 2767 2202 2838 siquidem
2233 2770 2285 2824 itt
2313 2787 2378 2826 eo
2407 2775 2548 2842 quod
2600 2776 2856 2834 inchoant
2886 2781 3236 2838 imntobiliter
3275 2801 3399 2855 per-

1816 2867 2066 2913 severant
2103 2875 2116 2911 :
2149 2859 2244 2925 illi,
2285 2861 2410 2914 dum
2456 2879 2671 2935 semper
2703 2869 3118 2925 inconstantiam
3167 2875 3400 2938 variant,

1816 2959 2149 3018 proposnum
2193 2951 2452 3007 velociter
2501 2967 2728 3011 mutant.
2784 2959 2937 3014 Unde
2983 2963 3242 3032 scriptum
3273 2973 3400 3020 cst:

135 3034 260 3089 ltum
287 3039 342 3092 in
372 3041 724 3102 tabernacqu
751 3049 818 3102 ad
848 3055 1142 3112 servandas
1169 3056 1304 3130 legis
1328 3034 1522 3119 divina:
1565 3081 1716 3124 cere-
1745 3054 1792 3118 (ἶ
1827 3057 1846 3090 ⁸
1894 3040 2101 3096 sumus
2133 3051 2190 3095 ω
2217 3041 2340 3096 luna
2375 3053 2614 3101 mnum"
2655 3047 2843 3120 (Eccu'
2890 3053 3082 3122 xxv")
3123 3074 3141 3106 ’
3177 3053 3403 3124 cmpisu

135 3127 347 3184 monias
365 3129 570 3201 jugiter
612 3139 884 3195 excubare
929 3127 1244 3215 constituit;
1287 3165 1538 3223 eumque,
1573 3157 1716 3213 sicut

135 3215 414 3290 Scriptura
453 3235 704 3292 testatur,
748 3233 1014 3292 «Domino
1053 3237 1198 3296 velut
1241 3241 1294 3297 in
1331 3244 1538 3304 fmnore
1565 3265 1718 3307 emn—

135 3311 372 3365 Iuodavit
389 3313 442 3382 (1
460 3314 584 3386 Reg.
602 3319 668 3388 ι).
693 3341 710 3371 ι
731 3321 866 3378 lliuc
893 3334 976 3380 est
999 3330 1138 3396 quod
1163 3331 1351 3388 eadem
1376 3351 1562 3392 sancta
1592 3355 1714 3396 mu-

133 3399 234 3453 lier
259 3401 329 3456 ad
361 3403 477 3460 Heli
507 3411 842 3470 sacerdotem
873 3418 1000 3474 dicit
1026 3439 1038 3475 .'
1069 3442 1086 3475 ι
1108 3422 1291 3492 Oravi,
1321 3438 1375 3484 et
1406 3431 1552 3486 dedit
1583 3436 1714 3490 mihi

131 3492 392 3550 Dominus
435 3501 748 3567 petitionem
795 3524 1002 3577 meam,
1047 3531 1207 3585 quam
1253 3523 1516 3587 postulavi
1557 3541 1713 3600 eum;

131 3584 336 3642 idcirco
369 3600 424 3642 et
451 3605 550 3661 ego
585 3600 920 3655 commodavi
957 3584 1080 3664 cum
1111 3584 1337 3672 Domino
1357 3584 1712 3680 cunctis'die-v

131 3675 248 3746 bus,
267 3680 466 3753 quibus
487 3682 644 3745 fuerit
669 3701 1105 3758 neeummodatus
1121 3705 1369 3764 Domino.
1384 3728 1402 3763 ι
1431 3712 1527 3768 Cui
1551 3715 1714 3772 etiam

131 3775 388 3829 sacerdos
417 3776 532 3832 Heli
557 3795 572 3834 :
605 3801 622 3832 ι
645 3783 856 3840 Reddat
886 3790 1142 3850 Dominus
1167 3798 1263 3852 tibi
1290 3815 1472 3858 semen
1506 3805 1572 3859 de
1597 3821 1718 3860 mu-

133 3861 262 3919 liere
315 3867 422 3923 hac
467 3885 568 3939 pro
623 3874 830 3932 fmuore
887 3885 1028 3949 quod
1077 3889 1430 3946 commodasti
1486 3894 1714 3952 Domino

132 3951 182 4022 (I
213 3952 350 4025 Reg.
393 3959 512 4027 11).»
543 3961 733 4024 Porro.
761 3971 900 4036 quod
947 3987 1044 4040 pro
1075 3973 1282 4032 fteuore
1317 3985 1716 4052 commodatur,

129 4058 234 4098 non
257 4047 490 4117 simplex
513 4067 744 4120 summa,
772 4063 867 4114 sed
892 4063 1244 4133 multiplicata
1264 4071 1540 4140 recipitur.
1559 4047 1714 4133 Unde

129 4143 180 4188 et
205 4136 316 4194 illic
339 4154 542 4209 praesto
567 4145 946 4220 subjungitur:
977 4173 996 4206 ι
1019 4157 1270 4212 Visitavit
1296 4136 1425 4232 ergo
1454 4165 1715 4224 Dominus

127 4223 362 4292 Annam,
415 4238 470 4284 et
507 4236 777 4304 concepit,
807 4249 862 4294 et
903 4245 1110 4312 peperit
1153 4255 1264 4301 tres
1302 4223 1440 4306 ﬁlios
1478 4261 1534 4308 et
1583 4255 1716 4312 duas

127 4313 264 4370 filias
314 4318 562 4390 (Ibid.).i
597 4325 700 4391 Qui
737 4343 864 4400 ergo
895 4348 994 4402 pro
1039 4351 1146 4391 uno
1177 4338 1286 4394 lilio
1342 4349 1450 4397 tam
1489 4345 1708 4402 uberem

125 4406 334 4472 prolem
365 4412 620 4479 reddidit,
653 4430 856 4485 quanto
901 4425 1070 4492 magis
1121 4442 1218 4482 vos
1264 4429 1316 4484 in
1362 4439 1712 4506 propagando

123 4499 332 4554 semine
358 4502 429 4556 de
473 4508 646 4561 sancti
677 4512 840 4564 vestri
872 4515 1104 4588 conjugii
1147 4499 1414 4578 charitate
1440 4499 1713 4585 ludificare

121 4593 316 4655 putuit,
337 4593 433 4661 qui
459 4595 626 4650 lilium
653 4609 886 4656 vestrum
905 4621 1010 4659 non
1043 4608 1094 4661 in
1123 4617 1341 4668 terreno
1365 4615 1714 4674 tabernaculo

123 4685 328 4741 servire
357 4691 642 4760 praecepit,
676 4696 768 4750 scd
798 4699 976 4765 potius
1017 4703 1068 4755 in
1101 4703 1188 4758 illa
1218 4707 1424 4762 ctelesti
1459 4709 1712 4768 Hierusa-

121 4772 220 4829 lem
260 4789 389 4832 ante
420 4796 532 4835 sua:
568 4784 868 4854 majestatis
893 4792 1136 4846 obtutum
1183 4807 1441 4868 perpetuo
1474 4817 1702 4870 regnare

119 4870 439 4925 constituit?
471 4871 779 4931 Excessant
807 4894 962 4949 ergo,
1008 4884 1374 4953 dilectissimi,
1419 4891 1486 4945 dc
1529 4894 1703 4949 oculis

119 4961 308 5017 vestris
337 4962 622 5035 lacrymaa,
659 4970 890 5037 gemitus
937 4982 994 5026 et
1041 4977 1269 5045 suspiria
1317 4981 1703 5052 reprimuntur,

119 5045 364 5118 lugubria
393 5054 656 5122 quaelibet
699 5057 764 5112 de
793 5063 990 5116 vestris
1019 5065 1252 5122 vultibus
1279 5083 1622 5140 evanescant,
1652 5088 1708 5134 et

115 5135 296 5196 festiva
354 5145 656 5210 serenitas,
713 5149 952 5219 deposito
999 5167 1220 5220 prorsus
1273 5159 1416 5211 omni
1450 5175 1699 5226 maerore.

61 5293 64 5298 ι
113 5229 479 5298 resplendeat.
523 5235 683 5289 Dicat
733 5239 912 5310 itaque
963 5253 1151 5299 sam-ta
1196 5248 1480 5317 prudentia
1527 5264 1702 5312 vestra

109 5321 260 5344 ΑΖ-----Ι
301 5329 422 5344 _--'..-
453 5339 574 5344 ----
605 5323 647 5344 τι
727 5329 736 5340 ι
763 5331 772 5344 ι
885 5331 920 5344 λ
1139 5337 1150 5344 .
1205 5339 1222 5344 -
1469 5338 1481 5344 -

301 5329 422 5344 _--'..-
453 5339 574 5344 ..-——
605 5323 647 5344 πὶ

1816 3132 2052 3203 quidem,
2100 3134 2477 3202 dilectissime,
2532 3143 2913 3198 monasterium
2957 3145 3248 3212 aediﬁcare,
3301 3149 3396 3203 sed

1817 3235 2106 3296 antequam
2149 3242 2269 3282 sese
2319 3230 2383 3284 ad
2432 3233 2866 3304 sexquipedalem
2913 3236 3026 3292 fere
3085 3255 3393 3294 mensuram

1817 3317 2040 3372 muralis
2083 3326 2351 3374 structura
2391 3322 2708 3394 subrigerct,
2763 3325 3038 3392 defecisti;
3097 3341 3151 3384 ut
3205 3333 3398 3385 merito

1817 3407 2114 3462 secundmn
2141 3412 2502 3480 evangelicum
2535 3415 2658 3483 quis
2689 3417 2861 3472 valeat
2891 3419 2991 3474 hoc
3017 3421 3245 3476 irridere
3275 3439 3397 3477 sett-

1818 3499 2078 3564 tcntiam,
2129 3517 2234 3570 qua
2294 3503 2489 3558 dicitur
2533 3524 2546 3558 :
2602 3526 2620 3558 ι
2671 3507 2806 3573 Quia
2865 3510 2956 3566 hic
3015 3513 3175 3566 homo
3227 3515 3394 3583 coepit

1815 3590 2105 3657 mdiBCare,
2151 3602 2206 3646 et
2235 3610 2338 3648 non
2375 3597 2546 3666 potuit
2576 3613 2955 3658 consummare
2993 3602 3140 3672 (Luc.
3184 3613 3332 3675 xiv);
3373 3625 3389 3656 ι

1814 3689 1900 3743 νει
1957 3679 2084 3744 illud
2129 3686 2271 3760 quod
2324 3690 2376 3742 in
2434 3689 2569 3745 libro
2610 3690 2886 3746 Neltemiae
2926 3693 3124 3748 Tobias
3168 3695 3394 3751 Ammo-

1816 3782 1956 3837 ηίιρε
1992 3783 2056 3838 de
2099 3779 2455 3846 Hierusalem,
2504 3781 2629 3836 dum
2675 3785 3115 3854 reaeiilicaretur,
3167 3789 3397 3846 irridens

1817 3873 1932 3925 ait:
1974 3890 1993 3922 ι
2030 3872 2350 3940 Aidiftcent;
2405 3871 2447 3930 si
2501 3873 2810 3927 ascenderit
2857 3874 3072 3945 vulpes,
3125 3881 3398 3936 transiliet

1816 3980 2027 4019 murum
2059 3981 2245 4020 eorum
2288 3968 2551 4038 lapideum
2579 3963 2665 4038 (II
2693 3963 2858 4020 ΕΜΓ.
2907 3967 3003 4040 ιν).
3041 3988 3060 4021 ι
3095 3969 3229 4026 Nam
3261 3971 3392 4027 dum

1814 4055 2058 4110 semiruti
2125 4058 2392 4125 pendeant
2457 4061 2595 4115 muri
2652 4069 2720 4116 ct.
2769 4058 2998 4135 turpiter
3057 4061 3428 4134 interrupti,_

1813 4146 2075 4214 parietina
2113 4148 2292 4217 potius
2347 4149 2506 4220 digna
2553 4159 2680 4206 sunt
2731 4152 2835 4208 dici
2878 4170 3041 4224 quam
3089 4153 3268 4214 valeat
3303 4169 3394 4211 ec—

1813 4234 1977 4289 clesia
2027 4238 2344 4307 nuncupari.
2401 4239 2484 4294 An
2539 4251 2738 4310 putas,
2788 4252 2845 4298 ut
2897 4245 3140 4300 nonnulli
3199 4249 3398 4304 blatte-

1815 4327 1982 4381 rando
2031 4328 2278 4391 delirant,
2335 4330 2538 4386 nullum
2592 4336 2857 4390 mercedis
2901 4336 3078 4392 inesse
3133 4337 3392 4406 fructum,

1737 4403 1896 4471 Dvel
1957 4423 2414 4489 οοιιψριιειιιίοιιίε
2469 4427 2746 4493 praemium
2802 4427 2854 4480 in
2902 4429 3394 4488 ccelcsiasticorum

1815 4511 2218 4564 constructione
2249 4513 2558 4566 murorum?
2593 4513 2840 4584 Nunquid
2869 4515 3086 4582 ignoras
3115 4522 3240 4589 quia
3275 4537 3398 4592 per-

1815 4612 1940 4652 acto
1999 4601 2213 4670 templo,
2271 4601 2545 4658 Salomoni
2605 4607 2717 4677 regi
2783 4605 3042 4662 Dominus
3093 4612 3148 4664 in
3195 4613 3400 4668 somnis

1817 4689 2086 4756 apparuit,
2122 4692 2280 4762 eique
2321 4707 2428 4746 non
2459 4693 2619 4747 modo
2647 4696 2972 4766 sapientiam
3015 4699 3155 4753 ultra
3187 4717 3402 4758 mensu-

1816 4799 1932 4837 ram
1979 4788 2298 4854 capacitatis
2347 4789 2640 4856 humantc,
2689 4793 2788 4852 sed
2835 4802 2890 4844 ct
2927 4793 3406 4864 incomparabilem

1814 4873 2126 4930 divitiarum
2162 4878 2400 4933 omnium
2441 4880 2660 4949 copiam
2687 4884 3051 4958 prmrogavit?
3084 4905 3101 4936 ι
3138 4886 3412 4960 Sapientia

1815 4967 2015 5034 inquit,
2053 4977 2108 5022 et
2132 4969 2357 5026 scientia
2384 4972 2511 5026 data
2549 4986 2694 5034 sunt.
2751 4972 2870 5034 tibi,
2899 4971 3113 5030 divitias
3137 4989 3336 5046 autem,
3367 4989 3415 5033 et

1816 5061 2204 5130 substantiam,
2255 5071 2309 5118 et
2341 5063 2566 5134 gloriam
2609 5069 2774 5134 dabo
2807 5064 2924 5128 tibi,
2963 5065 3036 5120 ita
3074 5079 3129 5124 ιιι
3165 5074 3338 5128 nullus
3373 5072 3422 5126 in

1817 5150 2037 5220 regibus
2065 5167 2166 5208 nec
2192 5163 2340 5218 ante,
2377 5171 2476 5212 nec
2509 5168 2632 5224 p05!
2689 5177 2753 5222 te
2797 5155 2957 5214 luem
2985 5159 3179 5216 δίίυῖιιει
3215 5164 3286 5216 "li
3312 5159 3424 5230 (ῙΗ

1816 5245 1949 5310 Reg.
1977 5243 2081 5313 ιιι).
2119 5265 2138 5298 ι
2175 5247 2462 5302 Enimvero
2508 5247 2552 5303 si
2611 5249 2786 5316 Deus
2837 5247 3183 5317 omnipotens
3229 5255 3431 5344 labores
