3950 5344
546 315 649 374 471

1080 310 1136 364 S.
1172 307 1377 363 PETRI
1406 308 1690 364 DAMIANI
1729 305 1883 367 OPP.
1923 302 2101 362 PARS
2141 300 2273 362 SEU
2303 278 2558 363 TDMUS.
2594 306 2633 361 ι.
2672 336 2745 355 -ο-
2788 305 3009 362 EPIST.
3042 304 3170 361 LIB.
3213 304 3344 362 VIII.
3669 310 3753 366 ιη

542 410 572 478 ~4
611 427 751 481 Ecce
775 424 961 481 vocavi
1000 438 1066 479 ex
1102 423 1321 478 nomine
1364 420 1602 476 Bcselcel
1648 420 1816 475 ﬁlium
1859 417 2016 482 lluri,
2061 415 2129 471 de
2156 417 2203 476 A
2232 418 2387 487 perii,
2421 419 2547 474 dum
2586 418 2687 475 sub
2713 418 2876 491 regite
2909 418 3184 489 dignitatis
3226 432 3492 486 occasum,
3522 419 3633 476 dum
3663 440 3753 479 mas

547 518 691 574 tribu
720 516 875 578 Iuda,
933 524 987 569 et
1031 513 1246 584 implevi
1277 529 1400 568 eum
1447 513 1639 583 spiritu
1680 509 1798 577 Dei,
1843 511 2128 580 sapientia,

546 607 897 678 intelligentia
927 616 980 660 et
1010 607 1233 661 scientia
1261 607 1312 660 in
1336 606 1481 662 omni
1522 620 1707 675 opere,
1730 604 1794 658 ad
1822 605 2132 675 excogitan-

542 699 673 753 dum
699 698 958 769 quidquid
999 698 1265 753 iabrefieri
1290 700 1485 769 poterit
1510 715 1580 752 ex
1607 712 1759 761 auro,
1798 704 1853 752 et
1882 706 2128 768 argento,

540 804 595 849 et
619 809 747 860 aere,
780 807 1073 855 marmore,
1114 802 1165 846 et
1197 792 1444 865 gemmis,
1497 800 1553 846 et
1597 792 1911 846 diversitate
1959 790 2130 861 ligno-

543 906 664 944 rum
691 907 704 944 :
733 890 962 958 dedique
988 887 1037 943 ei
1064 886 1272 942 socium
1302 885 1526 941 Ilooliab
1556 884 1876 940 Achisamcc
1898 884 1963 938 de
1986 885 2125 938 tribu

542 985 677 1048 Dan,
707 992 761 1038 et
787 983 839 1036 in
868 982 1030 1039 corde
1062 980 1239 1036 omnis
1273 979 1467 1034 eruditi
1502 977 1655 1048 posui
1693 977 2033 1046 sapientiam,
2069 984 2128 1029 ut

543 1077 743 1143 faciant
787 1086 979 1132 cuncta
1033 1091 1152 1145 quae
1204 1073 1460 1145 praecipio
1490 1072 1624 1129 tibi?
1654 1092 1672 1124 ι
1702 1071 1901 1139 (Exod.
1952 1070 2124 1141 xxxi.)

540 1168 710 1223 Porro
747 1177 927 1221 autem
973 1166 1065 1236 qui
1113 1173 1259 1218 tanta
1309 1160 1424 1220 fieri
1472 1164 1819 1235 praecipiebat
1864 1163 2124 1217 industria

543 1261 969 1326 tabernaculum,
996 1259 1137 1329 quod
1179 1258 1545 1313 evacuandum
1579 1258 1630 1313 in
1668 1258 1916 1327 proximo
1960 1272 2126 1311 nove-

540 1361 649 1416 rat,
673 1358 877 1422 quanto
908 1350 1077 1415 magis
1117 1350 1218 1404 sibi
1249 1349 1363 1404 vult
1400 1348 1683 1406 ecclesiam
1712 1348 1973 1412 construi,
2004 1363 2126 1417 qua:

543 1457 710 1510 usque
747 1442 813 1495 ad
852 1442 1012 1496 tinem
1037 1441 1218 1496 szeculi
1255 1442 1321 1495 ad
1355 1441 1584 1499 salutem
1615 1440 1854 1495 omnium
1882 1440 2122 1510 gentium

542 1534 890 1590 immobiliter
916 1534 1265 1611 perseverat?
1288 1531 1717 1589 Tabernaculum
1748 1545 1957 1597 nempe,
1978 1530 2123 1598 quod

537 1634 778 1680 erectum
808 1634 893 1680 est
922 1627 973 1680 in
1002 1626 1237 1690 deserto,
1268 1634 1322 1678 et
1355 1623 1607 1693 templum
1639 1622 1786 1687 illud,
1816 1621 1958 1691 quod
1993 1636 2124 1676 con-

537 1724 805 1770 structum
834 1726 913 1771 est
953 1715 1053 1771 sub
1093 1714 1395 1770 Salomonis
1438 1712 1685 1783 imperio,
1731 1716 1919 1767 umbra
1965 1718 2123 1766 erant

2234 506 2338 559 rini
2380 506 2710 562 discriminis
2755 508 2947 589 metuit
2997 508 3114 562 viro
3171 507 3490 577 periculum,
3536 510 3754 580 religiose

2232 599 2439 656 fraudis
2479 602 2792 672 aggreditur
2830 614 3223 674 argumentum.
3257 602 3410 657 Dedit
3434 617 3555 670 ergo
3581 605 3751 675 remigi-

2231 689 2333 745 bus
2378 691 2482 747 boc
2525 694 2871 758 mandatum,
2923 703 2982 748 ut
3028 694 3329 748 nullatenus
3378 694 3588 747 Romam
3637 705 3751 750 recta

2230 782 2611 851 progressione
2648 785 3060 849 contenderent,
3102 786 3194 839 sed
3233 799 3328 852 per
3355 784 3584 838 diversos
3606 794 3752 853 portus

2230 884 2295 927 ac
2350 873 2590 927 littorum
2640 875 2903 930 stationes
2960 875 3301 930 subsistendo
3346 857 3414 927 ac
3465 874 3752 944 reprimendo

2230 964 2523 1034 navigium,
2577 964 2679 1019 iter
2731 966 3104 1020 tantummodo
3149 963 3483 1018 simularent.
3528 964 3621 1019 Sed
3654 966 3752 1020 dum

2230 1063 2409 1109 nautae
2441 1071 2644 1125 regem,
2677 1065 2738 1110 ut
2765 1057 2940 1112 edocti
2988 1056 3227 1122 fuerant,
3262 1056 3412 1109 varia
3444 1055 3655 1110 locorum
3680 1073 3753 1111 uo-

2228 1146 2370 1199 mina
2398 1146 2778 1216 permutando,
2807 1148 3100 1212 deludunt;
3139 1163 3199 1201 ac
3231 1145 3390 1201 modo
3440 1146 3491 1200 in
3530 1148 3752 1203 anteriora

2226 1237 2547 1305 procedunt,
2572 1237 2731 1292 modo
2754 1253 2851 1307 per
2876 1238 3128 1293 sinuosos
3164 1236 3334 1292 ﬂexus
3369 1247 3527 1307 atque
3568 1236 3753 1295 reﬂexus

2228 1325 2281 1379 in
2327 1326 2515 1381 eadem
2558 1327 2697 1393 loca,
2741 1342 2838 1398 per
2874 1344 2994 1398 quae
3020 1337 3419 1399 processerant,
3448 1327 3752 1393 relabuntur;

2227 1423 2438 1493 regina,
2471 1422 2795 1477 Iatomorum
2832 1439 2896 1479 ac
2931 1432 3325 1479 caementorum
3352 1422 3580 1477 adhibita
3608 1422 3752 1476 multi-

2228 1513 2432 1575 tudine,
2476 1514 2912 1584 augustissimam
2947 1529 3013 1568 ac
3041 1514 3195 1568 valde
3233 1512 3515 1566 mirificam
3549 1512 3596 1565 in
3622 1512 3753 1566 hono-

2224 1617 2339 1657 rem
2365 1600 2426 1656 Β.
2460 1602 2736 1660 Laurentii
2775 1594 3077 1658 construxit
3124 1602 3433 1666 ecclesiam,
3461 1602 3603 1672 juxta
3636 1617 3752 1655 meo-

2225 1709 2404 1749 suram
2458 1693 2709 1749 videlicet
2771 1695 2916 1748 illius
2986 1694 3263 1760 basilicae,
3328 1707 3489 1761 quam
3548 1689 3754 1761 prmfauts

538 1816 699 1877 atque
742 1789 1115 1877 ligura'hujus
1170 1806 1457 1869 Ecclesiae,
1504 1819 1624 1873 qua:
1672 1818 1813 1857 nunc
1848 1810 2123 1867 coruscat,
2153 1774 2201 1835 Β
2226 1796 2437 1877 martyr
2466 1784 2628 1839 habet
2674 1787 2725 1839 in
2769 1785 2884 1854 ipso
2916 1780 3389 1838 Rottue'suburbio
3419 1790 3750 1835 constructam.

536 1899 591 1951 in
640 1898 833 1968 populo
884 1897 1213 1954 Christiano.
1269 1895 1423 1951 Unde
1494 1895 1660 1965 Moysi
1726 1893 1925 1948 dictum
1983 1903 2117 1947 est:

542 2012 561 2045 ι
596 1991 786 2048 Omnia
837 1990 943 2055 fac,
988 1990 1127 2045 sicut
1172 1989 1265 2043 tibi
1316 1996 1675 2041 monstratum
1723 1985 1894 2040 estin
1943 1992 2124 2039 monte

537 2085 734 2157 (Exod.
777 2083 926 2155 xxv).
966 2103 983 2135 ι
1017 2080 1186 2152 lIuths
1226 2078 1707 2136 scilicetEcclesia‘.
1732 2084 1924 2131 auctor
1961 2085 2124 2147 atque

536 2186 878 2233 constructor
897 2175 1145 2231 Christus
1173 2185 1277 2240 est,
1310 2174 1398 2242 qui
1431 2188 1588 2228 verus
1611 2181 1694 2226 est
1729 2186 1822 2225 rex
1854 2178 1907 2223 et
1938 2183 2123 2224 sacer-

538 2268 655 2320 dos.
713 2265 844 2319 Illud
902 2279 1116 2333 quoque
1172 2263 1426 2333 templum
1481 2277 1602 2316 cum
1661 2269 1781 2331 post
1846 2267 2120 2329 peractum

538 2357 958 2412 retudiﬁcaretur
987 2355 1275 2419 excidimn,
1329 2352 1742 2417 rt-staurationis
1772 2350 1886 2417 ejus
1922 2349 2123 2421 princi-

536 2463 636 2519 pes
668 2447 1010 2507 exstiterunt,
1061 2453 1110 2500 et
1150 2444 1466 2508 Zorohahcl,
1512 2443 1603 2512 qui
1650 2441 1826 2495 fuerat
1869 2441 1934 2495 de
1975 2438 2123 2508 regis

539 2540 684 2595 tribu
708 2537 865 2603 Iuda,
893 2538 1060 2609 278
1086 2546 1137 2591 et
1173 2536 1330 2592 Iesus
1375 2534 1516 2589 filius
1554 2533 1837 2596 Iosedech,
1868 2530 2122 2587 sacerdos

537 2646 788 2702 magnus.
825 2628 978 2687 Unde
1003 2639 1055 2683 et
1086 2630 1312 2698 Aggmus
1336 2627 1596 2696 propheta
1619 2624 1748 2678 dicit
1776 2641 1789 2675 :
1829 2642 1845 2673 ι
1879 2621 2123 2677 Suscita~

535 2726 615 2780 vit
645 2724 905 2779 Dominus
936 2721 1183 2792 spiritum
1210 2719 1508 2775 Zorohahel
1541 2718 1635 2772 filii
1667 2715 1942 2778 Salathiel,
1970 2714 2122 2772 ducis

535 2814 712 2882 Iuda,
763 2824 818 2871 et
868 2816 1115 2885 spiritum
1170 2813 1295 2868 Iesu
1365 2812 1459 2866 lilii
1507 2811 1766 2867 Iosedech
1826 2808 2121 2864 sacerdotis

535 2911 744 2981 magni,
793 2918 849 2966 et
889 2910 1136 2980 Spiritum
1168 2907 1497 2976 reliquorum
1530 2905 1597 2960 de
1625 2903 1770 2959 omni
1816 2903 2031 2974 populo,
2068 2909 2122 2956 ct

537 3002 769 3072 ingressi
823 3011 971 3064 sunt,
1011 3008 1068 3055 et
1115 2999 1382 3054 faciebant
1424 3012 1558 3065 opus
1599 2997 1653 3051 in
1704 2997 1862 3050 domo
1908 2992 2118 3049 Domini

536 3092 873 3148 exercituum
906 3090 999 3144 Dei
1035 3088 1114 3144 sui
1160 3088 1310 3159 (Agg.
1345 3086 1404 3156 ι).
1442 3106 1460 3139 ι
1487 3087 1562 3142 De
1593 3088 1694 3141 hac
1727 3085 2119 3140 instauratione

538 3135 873 3148 ν..ν..,....,....
906 3135 999 3144 ,η
1035 3135 1114 3144 -.η
1161 3135 1310 3159 ,ηυγ
1345 3135 1404 3156 -,-
1442 3135 1455 3139 -
1487 3135 1561 3142 η
2051 3135 2116 3139 --,

533 3200 633 3255 per
661 3184 851 3238 Isaiam
882 3183 1081 3237 dicitur
1113 3200 1125 3235 :
1167 3199 1186 3233 ‹
1217 3180 1606 3243 Ᾰίέιὶίίίεθὺιιηι,
1657 3179 1852 3249 inquit,
1901 3179 2115 3234 deserta
2145 3135 2192 3197 Ο

534 3276 877 3341 saeculorum,
909 3282 960 3330 et
993 3273 1177 3328 ruinas
1211 3272 1461 3341 antiquas
1498 3272 1723 3340 erigent,
1755 3281 1809 3325 et
1852 3270 2120 3329 instaura-

536 3371 668 3424 bant
694 3368 941 3423 civitates
967 3367 1207 3422 desertas
1242 3374 1296 3420 et
1324 3364 1612 3435 dissipatas
1637 3362 1792 3434 (Iani.
1816 3362 1946 3434 ut).
1989 3382 2009 3415 ι
2046 3362 2120 3419 De

536 3462 640 3516 hac
681 3461 875 3515 iterum
910 3459 1142 3514 dicitur:
1178 3476 1196 3509 ι
1232 3457 1369 3513 Ecce
1403 3471 1503 3526 ego
1548 3464 1859 3511 convertam
1891 3469 2119 3509 conver-

539 3554 748 3609 sionem
776 3550 1243 3607 tabernaculorum
1276 3549 1460 3613 Iacob,
1493 3556 1547 3603 et
1574 3549 1729 3603 tectis
1759 3546 1876 3616 ejus
1897 3548 2123 3602 misere-

535 3646 661 3709 bor,
687 3653 743 3699 et
767 3643 1121 3698 aedificabi‘tur
1164 3641 1356 3697 civitas
1386 3642 1438 3697 in
1468 3639 1684 3695 excelso
1719 3655 1837 3703 suo,
1884 3648 1940 3694 et
1984 3648 2122 3694 tem-

531 3738 681 3805 plum
703 3737 855 3808 juxta
882 3736 1125 3796 ordinem
1148 3750 1302 3790 suum
1334 3733 1646 3789 funtlabitur
1665 3732 1798 3801 (Jer.
1830 3731 2015 3802 xxx)»
2037 3730 2121 3785 Ad

530 3828 696 3900 hujus
741 3829 921 3898 itaque
965 3827 1262 3904 spiritualis
1290 3826 1469 3896 templi
1515 3842 1620 3880 non
1674 3825 1966 3895 ambigitur
1992 3838 2120 3893 per-

532 3921 708 3975 tinere
732 3928 1084 3982 structuram,
1112 3916 1355 3986 quisquis
1378 3917 1444 3969 ad
1467 3917 1729 3971 honorem
1755 3913 1849 3968 Dei
1876 3914 2122 3983 omnipo-

536 4009 701 4064 tentis
722 4010 1047 4063 exteriorem
1069 4022 1283 4077 quoque
1306 4006 1505 4075 satagit
1522 4003 1791 4060 aediﬁcare
1815 4003 2119 4059 basilicam.

606 4100 775 4154 Porro
805 4109 1008 4164 autem,
1040 4108 1095 4153 ut
1125 4100 1191 4155 ad
1212 4099 1533 4170 explendum
1561 4099 1701 4168 quod
1725 4098 1865 4152 bene
1886 4095 2118 4166 cmpisti,

533 4208 643 4247 non
672 4193 975 4248 exhortatio
1004 4194 1115 4248 sola
1148 4194 1455 4260 verborum,
1507 4194 1601 4247 sed
1647 4200 1701 4245 et
1739 4199 2013 4245 ostensum
2042 4190 2122 4245 di-

533 4283 674 4337 vinae
713 4281 930 4337 virtutis
968 4290 1022 4336 te
1068 4290 1320 4351 provocet
1360 4281 1601 4350 signum;
1631 4279 1908 4348 Alphanus
1937 4278 2120 4333 Saler-

534 4373 757 4427 nitanus
800 4372 1259 4441 archiepiscopus,
1288 4372 1372 4426 vir
1397 4370 1648 4425 videlicet
1676 4384 1836 4423 verax
1887 4383 1950 4423 ac
1993 4383 2122 4438 pru-

532 4466 686 4530 dens,
719 4465 772 4519 in
806 4462 1395 4532 Coustantinopolilana
1441 4476 1499 4517 se
1545 4460 1790 4531 perhibet
1826 4460 1957 4514 urbe
1982 4458 2121 4513 didi-

530 4556 673 4611 cisse
715 4554 860 4624 quod
912 4555 1091 4611 retulit
1122 4572 1136 4609 :
1166 4553 1436 4625 Contigit,
1483 4552 1682 4622 inquit,
1715 4551 2115 4621 imperatorem,

527 4649 686 4720 cujus
713 4658 891 4703 tamen
933 4647 1252 4709 vocabulum
1282 4661 1388 4701 non
1418 4645 1652 4709 tenebat,
1692 4641 1980 4713 aliquando
2007 4640 2121 4711 pla-

533 4757 655 4810 gam
684 4740 942 4795 etecitatis
973 4740 1272 4799 incurrere.
1302 4737 1388 4792 cui
1421 4736 1565 4790 nulla
1598 4733 1931 4789 medicinalis
1966 4733 2122 4786 indu-

538 4831 686 4884 strizn
708 4845 834 4886 cura
858 4830 1031 4899 potuit
1059 4820 1363 4886 subvenire.
1403 4827 1647 4896 Cumque
1686 4824 1985 4895 periculum
2016 4824 2122 4879 hoc

534 4922 770 4977 lmmano
825 4924 1002 4978 studio
1049 4922 1354 4983 nullatenus
1399 4919 1665 4989 potuisset
1714 4919 1977 4982 evadere,
2027 4932 2123 4987 ag-

534 5024 753 5077 gressus
773 5020 856 5064 est
880 5012 985 5065 hoc
1013 5012 1152 5081 apud
1176 5010 1342 5063 Deum
1366 5008 1501 5063 fusis
1523 5008 1773 5076 precibus
1806 5007 2119 5075 impetrare.

534 5098 753 5152 Audivit
796 5099 975 5167 itaque
1023 5114 1119 5169 per
1168 5099 1459 5179 somnium,
1506 5096 1629 5166 quia
1668 5097 1713 5150 si
1746 5097 1803 5149 Β.
1840 5094 2120 5149 Laurentii

536 5188 794 5232 rnnrtvris
816 5188 1098 5232 ecclesiam
1129 5197 1353 5232 nataret.
1391 5188 1618 5232 νοητὴ-πεῖ
1664 5186 1879 5232 hminis
1904 5184 2119 5232 «Inrita.

2226 1873 2448 1935 Dicebat
2474 1875 2618 1930 enim
2646 1892 2658 1928 :
2692 1874 2749 1929 Si
2780 1876 2965 1930 datum
3001 1882 3103 1939 est,
3147 1883 3206 1927 ut
3243 1888 3338 1942 per
3364 1874 3423 1926 Β.
3456 1871 3750 1927 Laurentium

2224 1966 2308 2021 vir
2332 1981 2481 2021 meus
2512 1967 2699 2021 redeat
2739 1966 2804 2021 ad
2855 1967 3106 2032 salutem,
3158 1965 3418 2034 quidquid
3456 1964 3585 2018 Deus
3611 1963 3753 2017 [totum

2223 2065 2422 2127 potest,
2472 2066 2527 2111 et
2577 2057 2667 2113 hic
2719 2056 3070 2111 nihilominus
3122 2064 3318 2125 potest.
3369 2052 3473 2110 Sed
3510 2054 3621 2109 dum
3656 2052 3751 2106 hinc

2223 2147 2520 2216 imperator
2548 2164 2643 2218 per
2671 2148 2915 2202 diversos
2943 2146 3219 2201 anfractus
3262 2160 3325 2199 ac
3369 2144 3616 2199 stationes
3639 2142 3751 2195 litto-

2222 2251 2341 2293 rum
2367 2238 2651 2308 spatiando
2681 2236 2984 2302 deducitur,
3032 2237 3175 2290 illine
3210 2250 3306 2305 per
3353 2233 3601 2303 plurimos
3623 2228 3753 2284 artili-

2221 2346 2314 2388 ces
2362 2346 2584 2400 opermn
2639 2331 2861 2386 basilica
2916 2329 3244 2392 fabricatur;
3302 2325 3461 2382 simul
3515 2334 3565 2379 et
3590 2321 3751 2376 fabrica

2222 2422 2451 2478 mirifice
2482 2426 2734 2477 decorata
2775 2421 3070 2492 perficitur,
3106 2429 3162 2476 et
3198 2434 3375 2474 annus
3413 2416 3655 2488 impletur.
3680 2411 3753 2466 llis

2221 2516 2385 2587 igitur
2431 2515 2531 2570 hoc
2583 2514 2742 2569 modo
2792 2514 3066 2584 peractis,
3120 2509 3379 2582 praefatus
3441 2510 3666 2578 princeps
3701 2500 3753 2556 ad

2220 2607 2423 2661 mmnia
2477 2603 3074 2674 Constantinopolitana
3126 2601 3426 2665 reducitur,
3478 2599 3563 2667 qui
3612 2605 3752 2649 tamen

2222 2698 2450 2771 Romam
2489 2712 2631 2761 esse,
2680 2695 2844 2751 sociis
2890 2697 2965 2751 ita
3006 2694 3440 2766 perhibentibus,
3486 2690 3745 2745 arbitratur.

2218 2791 2502 2847 Provisum
2551 2799 2637 2844 est
2675 2789 2859 2859 itaque
2907 2803 2972 2843 ac
3018 2786 3328 2857 diligentius
3365 2789 3673 2843 accuratum,
3706 2782 3752 2828 ut

2219 2881 2351 2936 nulli
2391 2880 2492 2934 nisi
2547 2878 2739 2933 Latine
2785 2878 3067 2948 loquentes
3120 2875 3470 2937 assisterent,
3523 2869 3604 2940 qui
3637 2864 3749 2921 vide

2219 2975 2346 3029 licet
2389 2970 2685 3042 inquirenti
2728 2970 2954 3025 Romam
2980 2978 3035 3023 et
3062 2967 3228 3038 279
3253 2966 3312 3020 Β.
3355 2959 3616 3018 Laurentii
3641 2970 3751 3011 mar.

2221 3066 2355 3136 tyris
2384 3065 2577 3119 adesse
2606 3062 2881 3117 basilicam
2924 3061 3233 3115 suaderent.
3276 3056 3358 3111 Ad
3400 3068 3580 3109 manus
3608 3052 3756 3116 itaque

2223 3159 2435 3222 ductus.
2466 3156 2750 3212 ecclesiam
2779 3155 3069 3225 imperator
3096 3150 3418 3223 ingreditur,
3440 3156 3493 3201 et
3517 3140 3749 3215 confestim

2221 3250 2342 3305 luce
2389 3257 2641 3319 recepta,
2690 3247 3106 3301 circumstantes
3156 3257 3277 3296 sese
3319 3238 3621 3307 conspicere
3648 3244 3750 3285 con-

2216 3342 2420 3415 jugem,
2447 3340 2673 3396 clientes
2702 3346 2863 3408 atque
2900 3335 3227 3392 domesticos
3255 3332 3569 3386 admiratur.

2295 3430 2600 3487 Venerabili
2619 3426 3052 3498 Desiderio(l0‘5)
3077 3420 3387 3479 Casinensis
3409 3422 3751 3474 rectorecmno-

2220 3524 2296 3581 bii
2322 3524 2611 3588 referente,
2633 3520 2795 3575 didici
2820 3517 2962 3587 quod
2986 3517 3067 3570 his
3095 3514 3338 3586 apicibus
3366 3512 3611 3566 adnotare
3630 3514 3749 3558 cura-

2223 3632 2296 3671 vi.
2328 3612 2801 3676 Sanctimouialis,
2839 3609 3050 3679 inquit,
3079 3623 3200 3677 quae
3228 3604 3370 3661 Bella
3414 3600 3691 3658 vocabatur,
3711 3592 3749 3646 in

2224 3707 2555 3764 monasterio
2605 3706 2667 3761 B.
2721 3703 2868 3758 Petri
2914 3701 3171 3771 apostoli,
3219 3697 3361 3769 quod
3413 3696 3550 3750 intra
3592 3684 3748 3744 mtenia

2224 3798 2617 3855 Beneventanae
2667 3795 2818 3855 urbis
2864 3794 3025 3848 situm
3081 3801 3182 3857 est,
3229 3789 3445 3858 deguit;
3489 3798 3614 3857 quat,
3654 3778 3749 3832 dum

2224 3888 2451 3952 advixit,
2481 3886 2745 3956 religiosa:
2773 3885 2903 3938 vitae
2927 3882 3198 3937 tramitem
3230 3895 3334 3934 non
3367 3875 3593 3945 reliquit.
3621 3868 3751 3956 Porro

2226 3979 2352 4034 dum
2382 3986 2531 4032 esset
2552 3977 2892 4045 desponsata,
2917 3975 3071 4044 juxta
3115 3970 3323 4027 natales
3350 3984 3500 4033 suos,
3525 3953 3749 4031 conspicui

2223 4067 2485 4143 germinis
2539 4081 2674 4125 viro,
2724 4074 2783 4119 ut
2830 4064 3107 4118 caelestem
3164 4063 3464 4128 susciperet
3506 4062 3749 4124 sponsum,

2225 4140 2551 4228 contempsit
2599 4156 2815 4211 carnale
2862 4153 3192 4224 conjugium.
3228 4146 3569 4219 ,Nuptialium
3609 4140 3750 4205 itaque

2225 4250 2530 4305 tabularum
2559 4248 2734 4302 fmdus
2756 4247 2991 4316 abrupit,
3009 4253 3066 4300 et
3087 4242 3463 4298 monachicum
3484 4238 3750 4301 susceptura

2224 4343 2489 4407 velamen,
2517 4342 2583 4397 ad
2623 4350 2893 4412 perpetua:
2939 4338 3262 4409 virginitatis
3304 4342 3593 4395 auctorem,
3617 4323 3752 4412 etin.

2225 4434 2607 4488 contaminata:
2624 4410 2906 4502 “pudicitiae
2933 4431 3200 4485 thalamos
3227 4424 3546 4483 convolavit.
3574 4418 3645 4473 Ab
3664 4410 3759 4502 istis.

2223 4527 2387 4597 igitur
2435 4524 2752 4580 rudimentis
2793 4532 2995 4578 sancta:
3036 4518 3409 4576 conversionis
3462 4501 3752 4570 disuictioris

2222 4596 2346 4671 vita:
2372 4633 2430 4672 se
2458 4616 2575 4687 lege
2618 4614 2940 4670 constrinxit
2976 4625 3301 4678 omnemque
3350 4604 3576 4664 carnalis
3614 4596 3753 4651 illeot‘

2220 4709 2335 4767 bra:
2359 4708 2635 4765 mollitiem
2664 4706 2909 4761 sublimis
2949 4704 3262 4759 intentionis
3298 4701 3431 4770 pede
3455 4691 3749 4752 conculcans.

2222 4800 2411 4870 rigidae
2459 4797 2764 4853 severitatis
2805 4811 3055 4856 censura,
3108 4794 3267 4864 longe
3313 4791 3469 4847 aliter
3514 4784 3751 4870 educatum

2223 4867 2418 4960 corpus
2448 4889 2709 4952 edomuit,
2732 4887 2868 4942 adeo
2895 4895 2953 4940 ut
2978 4886 3031 4940 in
3051 4884 3195 4939 nudo
3228 4882 3529 4953 pavimento
3557 4867 3752 4963 membra

2220 4951 2441 5052 jejuuiis
2470 4978 2664 5045 szepius
2700 4984 2976 5031 attenuata
3023 4951 3321 5034 collideret,
3345 4951 3750 5052 nullumque-Sibi-

2228 5047 2426 5140 pra'ter
2484 5067 2652 5123 solam
2710 5068 2971 5130 hummn,
3040 5062 3429 5120 lectisternium
3477 5047 3751 5140 providere}-

2230 5128 2356 5222 Sed,
2420 5168 2478 5213 ut
2523 5157 2588 5211 de
2634 5158 2744 5211 vita
2798 5128 2966 5223 hujus
3011 5152 3222 5209 interim
3272 5158 3497 5206 taceam.
3543 5134 3667 5211 qu!)d
3704 5128 3754 5231 ξίθ
