3950 5344
231 289 338 344 ιτδ

1451 295 1655 352 LIBER
1683 294 2038 364 OCTAVUS,
2079 299 2296 360 EPIST.
2341 303 2424 360 Vl.

3397 315 3504 372 ΠΙ

231 406 406 460 terius
433 417 704 480 surgeret,
735 418 786 465 et
825 409 1162 468 orationibus
1208 411 1417 468 crebris
1461 413 1716 468 insistens
1739 428 1826 466 sa-
1853 415 1902 476 Α
1929 428 2306 474 momentanea
2334 419 2541 490 ﬂagella
2594 436 2714 491 qua:
2755 421 3048 492 perferunt,
3081 427 3147 480 ad
3189 427 3505 484 nanciscen-

229 509 518 554 crosaucta
562 502 752 556 altaria
800 518 922 558 cum
960 505 1130 558 odore
1173 504 1419 560 succensi
1447 505 1816 576 thymiamatis

231 591 509 654 circuit-et,
549 597 781 662 quadam
829 603 990 648 nocte
1023 593 1376 660 lburi‘nulum,
1405 595 1542 649 sicut
1583 595 1813 658 solebat,

231 683 484 752 arripuit.
519 687 583 737 ad
615 685 816 750 locum,
849 685 938 740 ubi
973 687 1096 740 titus
1127 689 1507 754 reperiebatur,
1548 689 1810 754 accessit;

231 777 326 830 sed
364 792 496 832 casu
549 779 804 847 quodam,
855 780 968 832 sive
1019 779 1348 850 collapsam,
1395 783 1510 836 sive
1549 781 1816 836 sublatam

231 865 392 928 banc,
433 867 572 920 sicut
615 877 946 938 speraverat,
995 871 1228 940 speciem
1275 887 1382 926 non
1431 873 1653 926 invenit.
1699 871 1816 928 Huc

231 958 486 1022 accessit,
519 959 646 1028 quia
678 960 758 1013 vis
802 971 1082 1014 ventorum
1126 976 1246 1029 quae
1277 971 1404 1016 tunc
1441 963 1818 1018 inclementius

230 1049 620 1115 inhorruerat,
691 1053 950 1108 radiantis
1007 1041 1240 1108 luccrua:
1299 1055 1480 1111 lumen
1534 1057 1814 1112 exstinxit.

229 1141 475 1212 Cumque
503 1145 734 1200 sollicito
764 1145 954 1215 spirittt
998 1147 1248 1215 religiosa
1297 1149 1490 1204 mulier
1535 1150 1640 1204 huc
1671 1150 1819 1204 illuc-

229 1247 334 1301 que
383 1234 754 1298 discurreret,
795 1245 848 1290 et
889 1237 1299 1291 odoramentum
1348 1240 1490 1306 quod
1545 1241 1818 1295 tlturibulo

227 1336 622 1393 superponeret
671 1328 972 1384 nullatenus
1017 1330 1302 1396 inveniret,
1343 1341 1564 1402 repente
1599 1335 1816 1402 quidam

227 1419 374 1474 inter
405 1421 554 1489 ipsas
583 1422 830 1476 tenebras
859 1425 1024 1484 venit,
1073 1433 1130 1477 et
1177 1424 1228 1478 in
1271 1441 1488 1480 manum
1534 1427 1650 1496 ejus
1693 1427 1816 1498 thy-

229 1513 456 1574 miama,
489 1515 632 1582 quod
663 1517 955 1583 quaerebat,
985 1517 1226 1571 immisit.
1267 1517 1418 1584 Quod
1444 1521 1698 1574 nimirum
1725 1535 1822 1590 per

229 1604 482 1672 angelum
511 1607 748 1673 potuisse
794 1607 906 1662 fieri
957 1624 1064 1662 non
1111 1609 1404 1680 incongrue
1445 1627 1664 1681 possum
1703 1614 1819 1683 opi-

229 1695 372 1746 nari.
411 1696 602 1750 Aiebat
629 1699 790 1752 etiam
829 1700 952 1767 quia
989 1701 1238 1770 praedicta
1267 1713 1439 1756 mater
1459 1719 1576 1766 sua,
1609 1705 1732 1758 dum
1763 1706 1815 1758 in

229 1799 296 1838 eo
331 1803 442 1854 quo
473 1789 632 1856 paulo
671 1801 791 1858 post
829 1791 964 1845 obiit
1011 1793 1260 1860 depressa
1310 1793 1568 1864 languore
1599 1797 1816 1850 decum—
1850 1765 1891 1822 Β

229 1877 401 1939 heret,
435 1883 786 1958 cernentibus
835 1884 917 1936 his
963 1884 1214 1938 oninilms
1248 1886 1340 1953 qui
1387 1901 1567 1940 coram
1623 1887 1817 1942 lectulo

229 1971 456 2040 propius
503 1973 868 2036 assistebant,
915 1975 1162 2028 mirabile
1217 1977 1368 2030 visu!
1429 1988 1648 2045 repente
1705 1987 1817 2034 toto

229 2079 462 2132 carpere
511 2066 584 2118 sit
635 2066 686 2118 in
739 2081 918 2118 aerem
967 2067 1241 2120 sublevate
1291 2069 1468 2137 ibique
1507 2072 1594 2124 diu
1629 2072 1818 2125 librata

229 2159 492 2227 perstitit,
529 2157 700 2211 donec
726 2168 914 2228 coaptat
934 2160 1197 2214 orationis
1227 2171 1348 2214 vota
1383 2163 1654 2230 persolvit.
1690 2161 1819 2229 Qua:

229 2254 520 2316 postquam
553 2245 785 2299 feliciter
820 2247 973 2309 obiit,
1006 2255 1250 2302 sanctum
1299 2265 1495 2319 corpus
1529 2249 1645 2318 ejus
1677 2251 1818 2304 intra

229 2337 518 2391 ecclesiam
551 2349 632 2391 est
665 2339 954 2408 sepultum.
987 2339 1161 2408 Super
1206 2342 1358 2410 cujus
1410 2343 1669 2396 tumulum
1702 2358 1821 2396 sac-

229 2443 354 2482 Cum
403 2427 676 2481 frumento
723 2429 934 2498 plenum
987 2433 1222 2484 rusticus
1277 2433 1474 2502 posuit,
1508 2449 1664 2500 quem
1699 2447 1822 2502 pro-

233 2521 380 2573 tinus
445 2521 918 2575 vebeuteutissimo
987 2523 1296 2590 propulsum
1363 2525 1574 2577 turbine
1638 2525 1820 2578 divina

229 2610 407 2662 virtus
437 2611 653 2679 abjecit.
691 2609 780 2664 Sic
827 2612 1007 2680 itaque
1041 2615 1188 2666 rudis
1232 2623 1286 2666 et
1331 2615 1610 2682 imperitus
1655 2616 1820 2669 rusti-

231 2716 350 2762 eus,
377 2716 474 2755 sua
511 2703 576 2756 de
617 2704 836 2772 pulvere
876 2715 1094 2759 coactus
1132 2717 1210 2760 est
1245 2705 1510 2761 frumenta
1549 2709 1817 2774 colligere,

229 2791 362 2844 dum
391 2793 564 2847 sant-ti
594 2797 839 2863 corporis
876 2796 1093 2850 Vascule
1124 2797 1336 2865 dignam
1363 2796 1533 2852 noluit
1563 2813 1820 2854 reveren-

233 2883 368 2940 tiam
399 2885 680 2940 exltibere.
711 2887 911 2942 Cum...
943 2887 1088 2952 (-104)

691 2979 855 3050 230
895 2979 1222 3034 EPISTOLA
1269 2979 1352 3036 vr.

619 3085 688 3122 AD
733 3085 785 3124 ῦ-
837 3087 1001 3126 νιιιυιι
1051 3087 1444 3126 NOBILISSIMUM.

233 3181 638 3240 Λεία-πεπτω.
663 3213 728 3220 -
755 3179 864 3236 liae
893 3183 1116 3250 cpistola
1160 3183 1218 3235 Β.
1255 3182 1443 3236 Petrus
1489 3183 1641 3236 Dam.
1686 3198 1818 3238 con-

304 3253 516 3305 Solalur
561 3261 842 3320 a’grotum.
897 3254 1293 3307 Consolatirmis
1352 3269 1478 3307 vero
1507 3263 1664 3320 caput
1718 3263 1818 3315 est,

306 3323 432 3390 quia
468 3323 843 3375 tribulatiuncs
877 3324 1064 3375 electis
1103 3323 1192 3375 1)νί
1240 3325 1411 3376 servis
1457 3325 1648 3376 divina:
1689 3340 1821 3391 prte-

303 3391 688 3446 όθηιῑιιειίοιιίε
733 3401 856 3444 sunt
901 3395 1080 3460 signa,
1115 3395 1255 3462 quod
1301 3394 1490 3462 proluit
1533 3394 1715 3446 nntltis
1759 3409 1822 3446 ac

304 3463 578 3532 pra-cipue
621 3467 940 3516 auctoritate
985 3465 1041 3515 S.
1093 3462 1300 3516 Jacobi.
1331 3463 1506 3516 Monet
1544 3464 1734 3516 deinde
1768 3473 1824 3516 ut

307 3533 496 3586 sedulo
523 3541 708 3584 caveat
750 3548 776 3584 a
810 3535 1202 3601 desperatione.
1255 3533 1489 3585 Tandem
1535 3535 1824 3586 ostendens

307 3603 366 3655 S.
397 3601 545 3654 Pauli
577 3603 880 3656 testimonia
912 3605 1107 3656 debere
1138 3619 1234 3656 nos
1267 3605 1316 3656 in
1347 3610 1600 3656 terumnls
1631 3603 1820 3666 lauari,

309 3675 378 3726 ad
407 3674 718 3742 passimqu
763 3673 1102 3726 tolerantiam
1133 3675 1398 3726 hortatur.

310 3785 521 3839 Doutno
548 3785 613 3841 ϐ.
653 3785 986 3840 nobilissimo
1023 3786 1140 3840 viro
1175 3785 1389 3842 Pramus
1425 3796 1679 3856 peccator
1715 3803 1826 3844 mo-

237 3881 446 3934 nacbus
481 3881 732 3934 fraterna:
764 3881 1042 3934 cltaritatis
1064 3881 1400 3950 obsequium.

309 3971 534 4042 [iugasti
577 3987 680 4034 me,
711 3971 1079 4036 dilectissime,
1113 3982 1170 4026 ut
1211 3972 1567 4027 consolatoria
1609 3973 1702 4026 tibi
1733 3988 1828 4042 per

237 4066 498 4134 epistolas
527 4065 688 4119 verba
723 4066 1167 4128 transmitterem,
1221 4075 1274 4118 et
1312 4080 1553 4118 amarum
1588 4066 1826 4118 animum

239 4169 392 4212 tuum
423 4157 568 4210 inter
599 4163 674 4209 tot
719 4153 948 4226 ﬂagella,
986 4172 1104 4224 qua:
1127 4157 1352 4226 pateris,
1400 4156 1611 4210 blandis
1645 4156 1830 4210 admo-

237 4249 539 4304 nitionibus
577 4249 946 4300 obdulcarem.
982 4246 1086 4300 Sed
1133 4247 1178 4300 si
1220 4246 1518 4314 prudentia:
1550 4256 1651 4300 truc
1692 4247 1830 4300 ratio

237 4357 344 4395 non
376 4340 703 4403 obdormiat,
737 4345 928 4406 prande
974 4349 1055 4392 est
1105 4338 1420 4402 consolatio,
1461 4352 1582 4392 cum
1624 4345 1679 4391 et
1718 4339 1829 4407 ipsa

237 4435 400 4486 verba
455 4432 522 4486 ad
575 4431 943 4484 luereditatem
994 4429 1416 4502 capessendam,
1469 4439 1519 4484 te
1576 4430 1830 4484 divinitus

238 4523 487 4586 erudiri,
536 4531 596 4576 ιιι
646 4531 773 4592 puta
829 4521 1036 4586 filium,
1103 4521 1470 4576 indubitanter
1525 4523 1828 4576 ostendant.

237 4615 376 4684 Quid
425 4615 574 4669 enim
607 4616 846 4684 apertius
889 4629 954 4668 eo
995 4615 1136 4683 quod
1177 4615 1374 4667 dicitur
1406 4632 1417 4667 :
1455 4633 1473 4664 ε
1507 4615 1627 4678 Fili,
1681 4630 1832 4668 acce-

237 4706 472 4762 deus'ad
501 4706 819 4760 servitutem
845 4705 959 4768 Dei,
1007 4713 1088 4758 sta
1127 4705 1178 4758 in
1211 4704 1419 4773 justitia
1447 4715 1503 4758 et
1543 4706 1756 4768 timore,
1781 4713 1834 4756 et

239 4811 488 4864 prmpara
519 4795 754 4846 animum
793 4803 934 4846 tuam
967 4795 1034 4846 ad
1063 4793 1446 4848 tentatiouet‘u?
1480 4812 1498 4843 ›
1529 4793 1722 4866 (Ecct‘t‘.
1749 4793 1832 4861 rt.)

241 4887 344 4941 L'bi
373 4885 521 4938 enim
547 4885 710 4937 timor
739 4891 819 4936 est
847 4893 896 4936 et
919 4881 1150 4950 justitia,
1181 4883 1521 4938 atlversitatis
1553 4882 1836 4950 cujuslibet

239 4987 477 5032 tentatto
517 4993 624 5029 non
655 4976 865 5030 servilis
895 4985 977 5029 est
1017 4985 1246 5039 tortura,
1280 4978 1373 5031 sed
1411 4985 1632 5046 paterna
1658 4979 1834 5047 potius

239 5066 553 5135 disciplina.
586 5064 736 5120 Unde
767 5075 822 5120 et
859 5065 921 5118 Β.
962 5063 1061 5119 Job
1091 5066 1230 5120 inter
1273 5067 1386 5134 ipsa
1417 5067 1698 5120 verberum
1741 5065 1836 5136 ﬂa-

237 5159 382 5227 gella
425 5171 554 5210 cum
597 5155 834 5208 diceret:
869 5175 886 5204 ι
926 5153 1026 5219 Qui
1053 5157 1234 5225 coepit,
1279 5156 1393 5223 ipse
1441 5170 1526 5208 me
1566 5164 1832 5218 conterat,

237 5249 418 5302 solvat
485 5260 700 5298 manum
755 5260 939 5306 suam,
983 5253 1036 5296 et
1085 5245 1328 5298 succidat
1374 5259 1486 5308 me;
1545 5249 1835 5314 tprotinus

1918 510 2040 564 dam
2079 523 2324 579 supernae
2354 510 2702 566 beatitudinis
2731 512 2955 580 gloriam
2997 515 3165 570 firma:
3195 519 3306 588 Spei
3348 535 3503 590 gres-

1917 601 2068 656 sibus
2095 602 2495 657 convalescunt.
2536 603 2684 658 Sicut
2729 606 2872 658 enim
2923 605 3200 676 Scriptura
3229 619 3454 666 testatur
3485 625 3501 666 :

1921 711 1942 744 ι
1981 693 2094 748 Non
2120 693 2326 762 judicat
2351 696 2606 750 Dominus
2629 695 2709 752 bis
2744 697 2795 750 itt
2825 697 3052 766 idipsum
3090 699 3338 770 (Na/tum
3369 704 3438 774 ι).
3477 722 3497 756 t

1917 783 2076 837 Pravi
2136 793 2314 838 autem
2371 785 2609 854 quique.
2659 786 2750 854 qui
2813 802 2872 840 se
2913 787 3052 840 inter
3101 791 3322 843 verbera
3387 793 3506 861 ipsa

1919 889 2028 930 non
2057 875 2363 944 corrigunt,
2401 874 2502 927 etsi
2547 881 2667 944 post
2715 875 2835 928 vitae
2881 876 3039 946 hujus
3086 877 3308 931 adversa
3353 881 3502 933 ﬂam-

1919 965 2019 1019 mis
2077 964 2361 1018 traduntur
2403 963 2720 1028 ultricibus,
2765 981 3100 1035 nequaquam
3142 967 3224 1020 bis
3269 968 3508 1032 iudican-

1917 1066 2042 1120 tur,
2091 1055 2214 1123 quia
2279 1055 2470 1122 duplex
2527 1071 2712 1108 eorum
2767 1057 3019 1110 contritio
3067 1059 3146 1112 sic
3201 1059 3351 1128 justo
3411 1057 3502 1114 Dei

1911 1145 2115 1216 judicio
2163 1147 2536 1208 continuatur,
2589 1155 2647 1199 ιιι
2699 1147 2784 1200 hic
2839 1157 3013 1216 coepta
3076 1149 3182 1202 illic
3239 1147 3504 1204 infelicius

1917 1237 2216 1306 expleatur.
2283 1234 2388 1290 Sed
2453 1235 2592 1290 sicut
2651 1237 2798 1289 duris
2856 1245 2910 1291 et
2962 1236 3247 1292 obstinatis
3299 1238 3505 1308 ﬂagella

1917 1325 2295 1394 gehennalium
2343 1333 2468 1380 sunt
2514 1325 2882 1378 tantummodo
2927 1325 3175 1393 primitiae
3215 1335 3507 1382 tormento-

1919 1433 2062 1480 rum,
2104 1417 2182 1470 sic
2227 1415 2469 1484 profecto
2519 1415 2675 1470 bouis
2719 1424 2772 1470 et
2813 1417 2976 1471 rectis
3014 1418 3176 1472 corde
3200 1420 3386 1473 eadem
3413 1417 3508 1473 ﬂa-

1919 1506 2054 1577 gella
2091 1506 2392 1560 cmlestium
2434 1514 2557 1558 sunt
2593 1507 2817 1560 materia
2869 1507 3232 1576 praemiorum.
3275 1509 3356 1562 Ad
3405 1509 3509 1564 hoc

1919 1597 2062 1650 enim
2093 1611 2283 1650 aurum
2307 1595 2530 1650 malleus
2557 1597 2748 1658 tundit,
2781 1605 2839 1649 ttt
2863 1597 3092 1650 scoriam
3123 1595 3273 1650 faber
3293 1597 3506 1666 ejiciat;

1919 1688 1988 1741 ad
2031 1688 2136 1741 hoc
2185 1685 2310 1739 lima
2364 1685 2676 1754 frequenter
2718 1687 2912 1750 eradit,
2961 1697 3018 1740 ut
3063 1688 3324 1742 vibrantis
3372 1703 3508 1742 vena

1921 1778 2121 1832 mctalli
2155 1777 2464 1831 rutilantius
2511 1777 2788 1830 enitescat.
2829 1797 2848 1828 ι
2883 1779 3020 1832 Vasa
3061 1777 3326 1847 siquidem
3363 1777 3508 1846 figuli

1919 1869 2110 1938 probat
2137 1867 2350 1931 foruax,
2383 1877 2438 1921 et
2463 1867 2712 1920 homines
2745 1865 2921 1934 justus
2952 1867 3176 1921 tentatio
3207 1865 3508 1920 tribulatio-

1919 1961 2004 2014 nis
2051 1958 2239 2030 (Ecclt'.
2289 1958 2484 2024 πίῃ-ιι).
2517 1977 2534 2008 ι
2564 1956 2716 2010 Unde
2755 1966 2810 2010 et
2853 1971 2947 2025 per
2989 1957 3203 2010 beatum
3247 1955 3504 2010 Jacobum

1921 2051 2116 2106 dicitur
2147 2071 2159 2104 :
2192 2070 2210 2101 ι
2245 2050 2415 2103 Omne
2449 2049 2701 2118 gaudium
2741 2047 3070 2112 existimate,
3119 2047 3340 2110 fratres,
3380 2061 3506 2100 cum

1921 2145 1972 2198 in
2031 2143 2358 2196 tentatioucs
2419 2140 2601 2193 varias
2651 2139 2949 2192 incideritis
3003 2137 3144 2209 (Jac.
3201 2140 3261 2202 ι).
3321 2155 3341 2187 ι
3396 2137 3509 2190 lllis

1920 2235 2116 2304 quippe
2157 2233 2277 2301 jure
2325 2231 2665 2302 gaudendum
2720 2237 2841 2295 est,
2898 2229 3092 2296 quibus
3153 2237 3208 2282 et
3247 2243 3345 2295 pro
3391 2242 3508 2282 ma-

1921 2328 1986 2381 lis
2027 2327 2138 2380 suis
2193 2326 2280 2380 bic
2332 2323 2552 2378 aﬂlictio
2612 2322 2922 2392 temporalis
2970 2320 3237 2385 infertur,
3294 2329 3349 2375 et
3411 2334 3509 2389 pro

1919 2417 2076 2472 bouis
2146 2431 2264 2484 qua:
2325 2423 2648 2484 gesserant,
2717 2411 2940 2481 praemia
3000 2412 3053 2464 in
3115 2409 3254 2464 cmlo
3313 2409 3510 2477 sempi-

1921 2518 2072 2563 terna
2119 2515 2424 2562 servantur.
2485 2501 2634 2559 Felix
2690 2517 2822 2556 sane
2875 2502 3261 2556 commercium
3293 2513 3512 2569 pressu-

1919 2601 1996 2653 ris
2040 2601 2127 2653 bic
2157 2597 2540 2668 temporalibus
2591 2595 2750 2650 atteri
2780 2636 2794 2658 ,
2861 2603 2914 2647 et
2945 2593 2998 2647 in
3041 2593 3126 2646 illa
3166 2591 3508 2661 postmodum

1921 2692 2080 2761 281
2118 2701 2388 2760 perpetuae
2429 2689 2561 2741 lucis
2585 2689 2896 2740 amwnitate
2935 2685 3127 2745 laetari,
3155 2683 3336 2736 carnis
3365 2696 3511 2736 nunc

1921 2785 2198 2854 Subjacere
2223 2781 2503 2842 molestiis,
2526 2791 2579 2835 et
2599 2781 2662 2833 ad
2681 2779 2932 2846 angelica:
2967 2776 3302 2844 postmodum
3328 2785 3506 2828 trans-

1923 2875 2052 2932 ferri
2101 2876 2325 2946 gloriam
2358 2873 2650 2944 dignitatis.
2694 2870 2791 2926 Ubi
2837 2870 3090 2923 nimirum
3135 2883 3238 2922 non
3283 2867 3509 2937 languor

1922 2967 2218 3039 quemlibet
2241 2975 2492 3036 aggravet
2510 3005 2524 3028 ,
2558 2979 2662 3017 non
2691 2961 2915 3015 tremula
2946 2967 3196 3013 senectus
3223 2958 3504 3020 incurvat,

1927 3075 2031 3116 non
2075 3059 2395 3114 amissarum
2427 3071 2606 3110 rerum
2638 3055 2833 3106 damna
2883 3049 3249 3108 discruciant,
3289 3062 3394 3102 non
3420 3061 3511 3100 ac-

1848 3106 1895 3172 c
1923 3152 2310 3224 quirendarum
2358 3158 2520 3202 aestus
2569 3145 2862 3199 inﬂanunat
2890 3183 2904 3206 ,
2952 3142 3045 3196 sed
3093 3139 3189 3194 ﬂos
3233 3146 3508 3209 perpetuat

1917 3242 2154 3312 juventa:
2187 3243 2328 3309 viget
2361 3237 2644 3292 incolumis
2670 3276 2684 3298 ,
2716 3243 2770 3287 ct
2797 3234 2876 3287 sic
2917 3231 3204 3301 conspicua
3233 3231 3388 3284 beate
3431 3227 3513 3281 vi.

1927 3335 2166 3389 ventium
2214 3332 2423 3402 species
2479 3324 2958 3395 incorruptibiliter
2999 3329 3230 3386 vernat,
3284 3328 3342 3372 ut
3385 3319 3507 3372 viva

1923 3428 2224 3484 venustatis
2245 3425 2414 3496 gratia
2433 3421 2634 3490 jugiter
2655 3419 2705 3472 in
2735 3433 2828 3470 sua
2859 3413 3129 3468 viriditate
3153 3417 3466 3482 permaneat
3491 3423 3507 3472 ;

1925 3529 1978 3576 et
2003 3535 2122 3574 cum
2153 3519 2218 3572 ad
2249 3525 2434 3569 nutum
2465 3519 2656 3566 cuncta
2684 3523 2781 3577 pro
2807 3505 3088 3560 desideriis
3114 3503 3336 3555 afﬂuant
3361 3541 3374 3565 ,
3401 3515 3509 3552 non

1925 3609 2208 3666 amittendi
2233 3602 2538 3661 sollicitudo
2569 3599 2886 3670 perturbat,
2909 3597 2998 3650 ubi
3027 3595 3140 3649 sine
3165 3593 3268 3646 fine
3297 3589 3512 3644 fruendi

1927 3701 2191 3756 securitas
2231 3705 2563 3767 perseverat.

1997 3791 2352 3858 Quapropter,
2394 3782 2714 3839 cbarissime
2738 3787 2791 3832 et
2832 3776 3140 3832 dulcissime
3171 3773 3359 3835 frater,
3383 3769 3510 3824 dum

1927 3881 2243 3938 verberibus
2272 3876 2526 3946 cingeris,
2551 3874 2675 3925 dum
2705 3869 2941 3924 cmlestis
2981 3864 3278 3934 disciplina:
3303 3861 3511 3916 tensio-

1929 3975 2086 4029 nibus
2117 3968 2438 4038 castigaris,
2487 3979 2592 4017 non
2637 3970 2816 4014 utente
2872 3955 3177 4026 desperatio
3207 3951 3508 4022 deprimat,

1929 4080 2034 4119 non
2083 4059 2304 4130 querela
2336 4052 2778 4110 murmuratiouis
2825 4056 3106 4117 erumpat,
3137 4060 3241 4098 non
3277 4041 3510 4116 tristitia:

1929 4171 2132 4210 mceror
2177 4149 2460 4204 absorbent
2485 4187 2497 4207 ,
2535 4161 2638 4199 non
2683 4141 3052 4211 impatientem
3091 4131 3509 4206 pusillanimitas

1930 4245 2117 4302 reddat
2135 4260 2148 4308 ;
2168 4241 2260 4296 sed
2275 4254 2486 4309 semper
2503 4233 2765 4291 serenitas
2781 4232 2830 4284 iu
2855 4229 3025 4291 vultu,
3045 4227 3290 4280 hilaritas
3305 4223 3354 4276 iu
3373 4235 3515 4274 men-

1937 4347 1988 4393 te
2011 4379 2026 4402 ,
2055 4336 2352 4406 gratiarum
2376 4331 2517 4385 actio
2543 4327 2760 4381 resultet
2793 4325 2844 4377 iu
2869 4337 2982 4377 ore.
3007 4315 3296 4373 Laudauda
3320 4313 3516 4406 quippe

1859 4455 1910 4514 ι)
1937 4405 2113 4486 divina
2147 4437 2230 4482 est
2253 4423 2599 4493 diSpensatio,
2627 4434 2744 4488 quae
2775 4418 2840 4468 ad
2871 4415 2973 4468 hoc
3000 4427 3125 4466 suos
3154 4405 3517 4475 temporalitcr

1937 4523 2206 4584 verberat,
2233 4529 2292 4574 ut
2316 4515 2586 4586 perpetuis
2611 4528 2703 4566 cos
2727 4509 2949 4576 ﬂagellis
2972 4503 3299 4566 abscondat;
3327 4499 3391 4552 ad
3416 4499 3517 4551 hoc

1935 4613 2149 4684 premit,
2204 4618 2258 4663 ut
2281 4607 2491 4670 elevet;
2523 4604 2588 4655 ad
2620 4604 2720 4655 hoc
2755 4607 2902 4652 secat
2931 4637 2944 4658 ,
2979 4603 3036 4646 ut
3081 4599 3267 4654 sanet;
3317 4589 3382 4684 ad
3415 4588 3518 4642 hoc

1937 4677 2149 4770 ilcjicit,
2190 4711 2243 4752 ut
2271 4696 2490 4750 exultet.
2525 4691 2628 4758 Qui
2649 4691 2791 4744 enim
2818 4687 2960 4739 bona
2990 4683 3119 4752 agit,
3153 4691 3206 4734 et
3230 4677 3366 4732 mala
3399 4691 3518 4770 sus-

1939 4765 2066 4861 cipit
2087 4831 2101 4856 ,
2130 4765 2388 4860 quidquid
2424 4783 2522 4838 sibi
2555 4783 2718 4850 justae
2753 4773 3122 4831 retributionis
3151 4773 3200 4824 in
3229 4779 3370 4861 terra
3400 4765 3522 4818 sub-

1941 4857 2212 4944 trahitur,
2251 4881 2352 4932 hoc
2397 4877 2468 4929 illi
2515 4873 2570 4926 itt
2614 4873 2753 4930 coelo
2797 4863 3148 4932 multiplicius
3195 4857 3520 4944 cumulatur.

1939 4973 2110 5028 Porro
2145 4979 2322 5023 autem
2367 4961 2558 5018 medici
2595 4968 2908 5032 corporum,
2939 4967 3074 5020 quos
3105 4951 3420 5016 desperant,
3460 4941 3528 5032 ad

1941 5062 2284 5136 percipienda
2327 5056 2525 5126 passim
2562 5063 2808 5126 qumque
2837 5042 3093 5112 petierint
3119 5040 3368 5095 alimenta
3395 5030 3534 5130 rela-

1943 5133 2106 5220 t'aut;
2153 5162 2210 5205 at
2241 5165 2376 5219 quos
2401 5147 2712 5212 erigemtos
2748 5151 2864 5195 esse
2891 5133 3212 5201 conjiciunt,
3241 5135 3430 5220 cuncta
3461 5133 3540 5220 ets

1943 5215 2116 5298 noxiae
2167 5215 2542 5296 delectationis
2611 5233 2798 5298 edulia
2851 5224 3136 5279 minaciter
3187 5215 3540 5275 interdicunt;

2755 5339 2804 5344 ....
2842 5317 3122 5344 ιιιοιΛ--ιῖηηιιο
3147 5332 3158 5344 ο
3191 5319 3244 5344 nl
3277 5320 3372 5344 mir
3396 5313 3546 5344 ﬁlllﬂ-
