3950 5344
426 228 534 283 475

928 230 985 285 S.
1020 230 1220 286 PETRI
1262 231 1546 289 DAMIANI
1580 232 1732 290 OPP.
1756 232 1936 290 PARS
1976 233 2109 291 SEU
2144 235 2380 294 TOMUS
2421 237 2461 293 1.
2503 270 2571 278 ——
2612 238 2826 295 EPIST.
2870 240 2996 296 LIB.
3042 243 3170 296 VIII.

3571 243 3686 300 576'

427 340 770 413 omnipotens
817 343 958 399 Deus
977 385 992 410 ,
1046 355 1103 399 et
1151 360 1285 414 quos
1314 356 1586 417 perpetuat
1628 347 1788 402 morti
1833 347 2007 403 cernit
2034 355 2080 412 Α
2111 347 2374 403 fervorem
2401 351 2687 417 accendat,
2720 361 2778 406 ut
2807 353 3156 409 obliviscatur
3181 369 3332 409 mens
3360 355 3499 411 bene
3527 357 3684 412 ebria

429 435 694 490 obnoxios
718 475 733 500 ,
771 435 954 492 vivere
1003 436 1396 493 delectabiliter
1433 439 1618 504 sinat;
1679 448 1732 495 et
1757 455 1896 510 quos
1932 442 1998 496 ad

429 527 595 582 vitam
625 527 808 599 eligit,
835 528 936 584 sub
971 530 1215 588 districta
1246 532 1554 587 severitatis
1593 548 1704 588 suae
1735 533 1850 604 lege
1876 550 2003 589 con-

430 619 702 688 stringat?
726 619 860 675 Nam
886 631 940 678 et
965 623 1241 687 animalia,
1265 639 1384 692 qua:
1403 623 1458 678 in
1490 626 1736 694 proximo
1765 635 2004 680 mactan-

431 709 498 764 da
528 709 900 779 disponimus,
941 713 1304 782 indulgentius
1347 715 1600 771 victitare
1637 718 2003 786 permittimus

429 810 483 854 et
511 801 743 872 largiora
775 805 881 859 illis
901 805 1152 862 alimenta
1182 808 1518 877 przebemus;
1549 824 1735 866 eorum
1763 827 1890 867 vero
1920 827 2009 882 pec

430 891 640 946 nuriam
690 901 745 948 et
805 895 1037 950 maciem
1084 898 1524 967 parvipendimus
1566 916 1688 971 quae
1733 901 1798 956 ad
1848 918 2005 958 usum

430 983 653 1038 seminis
697 995 753 1040 et
801 988 868 1042 ad
905 990 1307 1060 propagandam
1357 992 1594 1048 sobolem
1643 1009 2005 1051 reservamus.

431 1074 585 1130 Vites
616 1091 832 1146 quoque
860 1087 915 1133 et
963 1093 1189 1150 quaeque
1229 1080 1472 1139 fecundae
1524 1085 1748 1140 arbores
1777 1087 2010 1156 putatio-

432 1165 590 1220 nibus
621 1166 836 1236 jacent;
878 1169 1094 1223 steriles
1120 1179 1298 1224 autem
1326 1211 1341 1234 ,
1395 1180 1451 1226 et
1479 1187 1598 1241 qua).
1640 1172 1852 1245 ignibus
1884 1185 2012 1231 sunt

434 1257 726 1322 tradendae,
758 1259 922 1314 ramis
946 1263 1298 1331 evagantibus
1327 1278 1433 1332 quo
1462 1263 1714 1331 liberius,
1739 1280 1804 1321 eo
1847 1266 2009 1322 diffu-

434 1345 546 1400 sius
570 1354 772 1416 patent.
800 1345 919 1402 Noli
949 1349 1130 1419 itaque
1157 1351 1315 1420 hujus
1341 1354 1464 1408 vitae
1488 1355 1798 1410 felicitatem
1829 1357 2010 1424 pravis

435 1435 746 1491 hominibus
777 1437 1014 1494 invidere
1038 1482 1049 1505 ,
1089 1441 1183 1496 sed
1210 1443 1464 1509 condole;
1490 1445 1598 1499 imo
1624 1445 1747 1515 quia
1774 1446 1872 1514 ipsi
1901 1461 2008 1500 non

435 1525 642 1587 dolent,
681 1527 861 1595 potius
889 1528 1206 1598 ingemisce.
1239 1531 1340 1599 Qui
1365 1534 1643 1601 nimirum,
1672 1535 1816 1590 velut
1848 1536 2011 1590 bruta

436 1614 688 1669 animalia
715 1617 783 1670 ad
809 1619 1091 1673 macellum
1119 1622 1326 1678 edendo
1349 1633 1662 1694 properant,
1685 1627 1752 1680 ad
1775 1624 2009 1696 gladium

434 1703 766 1763 lasciviendo
795 1707 1071 1765 festinant.
1113 1713 1188 1768 De
1213 1715 1316 1769 tuis
1343 1724 1524 1770 autem
1553 1717 1824 1786 pressuris
1852 1725 2013 1786 atque
2043 1715 2089 1774 Β

436 1794 703 1852 molestiis
741 1799 942 1867 gaude,
973 1810 1027 1854 et
1061 1802 1186 1858 totis
1219 1803 1270 1856 in
1303 1803 1528 1861 Domino
1557 1806 1854 1862 visceribus
1883 1821 2006 1877 gra-

439 1886 654 1952 tulare,
684 1889 811 1958 quia
860 1891 951 1960 qui
1013 1909 1184 1958 nunc,
1238 1904 1296 1950 ut
1347 1895 1421 1951 ita
1454 1897 1659 1964 fatear,
1723 1912 2010 1968 pinnarum

437 1973 679 2032 inanium
719 1977 941 2034 levitate
982 1980 1302 2050 deprimeris
1326 2024 1341 2049 ,
1388 1986 1817 2042 remunerandus
1865 1995 2014 2056 post-

440 2067 657 2121 modum
717 2070 941 2139 pretiosi
1006 2071 1124 2126 auri
1177 2073 1415 2141 pondera
1455 2076 1799 2145 reportabis,
1849 2076 2014 2130 Paulo

437 2157 690 2213 videlicet
719 2160 1038 2232 pollicente,
1063 2163 1154 2233 qui
1180 2165 1294 2219 ait:
1321 2185 1339 2216 i
1368 2166 1424 2220 Id
1451 2167 1594 2221 enim
1617 2168 1761 2237 quod
1795 2167 1847 2222 in
1880 2182 2017 2237 pra:-

440 2248 581 2302 senti
602 2257 684 2304 est
705 2262 1145 2309 momentaneum
1185 2270 1249 2310 ac
1269 2255 1386 2312 leve
1408 2257 1771 2314 tribulationis
1796 2267 2014 2320 nostrzc,

443 2353 606 2409 supra
633 2343 851 2398 modum
875 2343 930 2398 in
957 2346 1289 2402 sublimitate
1313 2357 1572 2403 aeternum
1599 2349 1782 2422 gloria:
1809 2351 2018 2421 pondus

441 2440 698 2500 Operatur
719 2432 771 2487 in
795 2433 951 2490 nobis
973 2435 1058 2507 (II
1081 2435 1204 2492 Cor.
1230 2438 1325 2507 iv).
1356 2456 1376 2488 ι
1400 2437 1658 2494 Scrutare
1702 2439 2020 2509 simpliciter

445 2519 736 2588 apostolica
779 2524 939 2580 verba
971 2533 1024 2580 et
1046 2526 1286 2582 studiose
1323 2527 1605 2582 considera
1634 2568 1650 2594 ,
1702 2529 1828 2598 quia
1860 2529 2017 2600 quid-

441 2609 570 2679 quid
583 2612 823 2680 pateris,
847 2626 1283 2671 momentaneum
1308 2627 1466 2673 estet
1491 2619 1646 2686 leve;
1677 2629 1943 2687 quatenus
1967 2628 2023 2676 et

442 2701 584 2771 quod
620 2701 738 2758 leve
764 2703 964 2760 dicitur
993 2708 1370 2775 aequanimiter
1409 2709 1589 2776 feras;
1619 2720 1676 2764 et
1715 2711 1858 2780 quod
1902 2726 2021 2766 mo-

441 2801 790 2850 nientaneum
840 2808 922 2852 est
949 2838 963 2862 ,
998 2800 1322 2867 quantocius
1363 2801 1580 2858 evolare
1619 2802 1884 2857 confidas.
1913 2801 2026 2858 Nec

443 2881 574 2936 illud
599 2883 761 2938 etiam
794 2893 846 2939 te
873 2894 1164 2955 praetereat
1194 2903 1356 2957 quam
1390 2905 1647 2960 congrue,
1675 2906 1837 2959 quam
1865 2905 2025 2946 accu-

444 2981 562 3024 rate
585 2970 761 3025 divina
787 2973 1007 3028 sibimet
1032 2975 1196 3028 verba
1226 2977 1549 3045 respondent
1574 2995 1588 3043 ;
1625 2988 1680 3031 ut
1706 2979 1773 3033 ad
1800 2978 1851 3032 id
1881 2980 2023 3048 quod

2105 437 2244 506 quod
2275 438 2609 493 extrinsecus
2632 441 2861 509 patitur,
2895 451 2949 496 et
2977 444 3044 497 ad
3066 445 3164 500 hoc
3187 444 3381 514 gliscat
3407 455 3462 500 et
3494 445 3684 501 tendat

2103 525 2246 596 quod
2281 526 2506 582 interius
2535 530 2945 598 contemplatur.

2649 621 2982 678 EPIS'I‘OLA
3022 623 3129 678 VII.

2423 735 2489 771 AD
2527 735 2776 775 ATTONEI
2814 736 2986 776 ιεοωι
3028 737 3330 777 DOCTOI‘IEII.

2339 803 2600 876 (Ilabetur
2627 818 2750 860 toni.
2786 807 2900 872 Ill,
2934 811 2987 863 in
3018 811 3264 880 opusculo
3291 811 3406 882 42.)

2640 907 2974 964 EPISTOLA
3016 909 3142 964 VIII.

2142 1011 2210 1052 AD
2266 1013 2682 1053 BONUIIHOIIINEII
2729 1015 2879 1055 LEGIS
2920 1018 3154 1057 PEBITU!
3181 1045 3195 1066 ,
3231 1017 3687 1058 CESESATENSEI.

2105 1087 2853 1154 Αιιϐυωεητυυ.-Ιίοτιεῑιιτ,
2883 1102 2941 1146 iit
2965 1093 3088 1146 dum
3119 1095 3370 1148 secundis
3395 1095 3558 1148 rebus
3588 1095 3695 1147 uti-

2180 1167 2294 1222 tur,
2326 1176 2428 1212 non
2455 1163 2734 1228 praesentis
2758 1162 2879 1214 vita:
2908 1161 3042 1215 bona
3066 1165 3206 1216 ﬂuxa
3239 1173 3295 1218 et
3320 1163 3523 1218 caduca
3544 1203 3559 1227 ,
3597 1162 3696 1217 sed

2179 1243 2298 1296 qua:
2329 1238 2450 1298 post
2480 1239 2705 1282 mortem
2737 1240 2934 1284 aeterna
2960 1232 3134 1287 futura
3164 1243 3311 1294 sunt,
3340 1233 3558 1287 assidua
3593 1247 3694 1286 co-

2180 1298 2438 1366 gitatione
2469 1299 2779 1368 perpendat.
2809 1300 3111 1354 Praesertim
3136 1319 3264 1357 vero
3289 1303 3520 1356 extremi
3549 1301 3695 1368 judi-

2181 1368 2246 1422 cii
2275 1368 2418 1441 diem
2441 1379 2562 1441 ante
2582 1369 2768 1441 oculos
2789 1380 3052 1441 proponat
3077 1413 3091 1434 ,
3119 1373 3172 1425 in
3201 1388 3307 1441 quo
3334 1379 3390 1424 et
3426 1372 3698 1426 universa

2181 1437 2337 1492 niolis
2366 1438 2523 1506 hujus
2565 1438 2767 1500 ruinas,
2793 1437 3160 1494 inexorabilis
3188 1437 3387 1508 judicis
3423 1441 3694 1507 rigorem,

2217 1522 2367 1579 cenas
2385 1508 2660 1579 hominum
2683 1509 2869 1579 sceleri
2889 1520 3237 1579 pra-paratas,
3268 1525 3418 1564 seras
3429 1511 3699 1565 acinaiies

2181 1521 2367 1630 Batnas
2386 1521 2660 1560 nominum
2683 1521 2869 1562 sceleri
2889 1521 3237 1579 pra-paratas,
3268 1525 3418 1564 seras
3429 1525 3696 1565 acmaiies

2168 1635 2176 1644 ,
2219 1577 2455 1650 ominum
2479 1577 2821 1650 poenitentias
2847 1594 2988 1647 saepe
3007 1581 3200 1650 smpius
3228 1581 3540 1634 meditetur.
3567 1581 3696 1632 Am-

2183 1645 2383 1769 plilicat
2437 1645 2492 1700 id
2520 1647 2704 1727 multis
2737 1658 2796 1728 et
2830 1645 3234 1717 propheta'ruiii.
3281 1657 3336 1703 et
3379 1658 3697 1730 sanctorum

2230 1725 2403 1769 atrum
2444 1719 2874 1769 auctoritatibus.
2907 1717 3143 1769 Tandem
3184 1718 3456 1769 concludit
3499 1728 3696 1769 iterum

2230 1725 2403 1769 atrum
2444 1716 2874 1772 auctoritatibus.
2907 1717 3143 1772 Tandem
3184 1718 3456 1773 concludit
3499 1718 3696 1774 iterum

2183 1785 2426 1856 hortans,
2447 1794 2506 1838 ut
2537 1801 2672 1853 quas
2698 1802 2764 1840 ex
2794 1791 3174 1856 prophetarum
3216 1799 3268 1842 et
3296 1789 3518 1842 Patrum
3547 1788 3701 1840 volu-

2184 1854 2416 1909 minibus
2437 1854 3044 1918 sententiasadduxerit,
3063 1873 3154 1912 eas
3177 1859 3228 1912 in
3246 1859 3361 1911 dies
3381 1857 3697 1918 meditetur,

2182 1923 2610 1980 efﬁcacissimum
2663 1925 2884 1994 proinde
2927 1928 3222 1981 remedium
3257 1929 3578 1982 existimans
3632 1926 3702 1980 ad

2185 1994 2347 2048 animi
2385 1994 2602 2048 vulnera
2636 1996 2924 2066 plagasque
2954 1999 3243 2051 sanandas.

2187 2074 2348 2146 283
2410 2075 2617 2130 Domno
2677 2075 3013 2131 BONOIIOIINI
3063 2076 3486 2148 prudentissimo
3532 2074 3701 2144 iudici

2115 2163 2328 2219 Psrnus
2357 2173 2606 2235 peccator
2635 2166 2930 2222 monachus
2961 2165 3214 2222 fraternae
3257 2165 3534 2222 vinculum
3564 2168 3696 2222 cha-

2116 2255 2316 2310 ritatis.

2188 2331 2303 2387 Non
2327 2333 2513 2404 ignoro
2533 2334 2656 2404 quia
2676 2350 2796 2390 cum
2825 2352 2942 2391 mea
2967 2336 3192 2406 epistola
3219 2336 3697 2408 grammaticorum

2119 2423 2456 2478 smcularium
2520 2426 2770 2480 manibus
2817 2427 3084 2493 traditur,
3136 2444 3260 2482 mox
3313 2437 3497 2482 utrum
3561 2427 3701 2480 adsit

2120 2513 2395 2568 artiticiosi
2422 2514 2542 2586 styli
2566 2516 2716 2585 lepor
2735 2517 3054 2582 attenditur,
3085 2519 3372 2573 rhetoricae
3399 2518 3698 2573 venustatis

2120 2603 2267 2658 color
2295 2605 2582 2674 inquiritur
2606 2645 2621 2671 ,
2663 2617 2719 2660 et
2759 2607 3026 2676 captiosos
3055 2609 3491 2680 syllogismorum
3536 2617 3701 2678 atque

2122 2699 2585 2768 enthymematum
2655 2699 2890 2754 circulos
2957 2714 3111 2754 mens
3175 2699 3390 2754 curiosa
3449 2699 3699 2751 rimatur.

2123 2788 2434 2858 Aucupatur
2461 2787 2715 2842 nimirum
2747 2789 3029 2843 scientiam
3049 2830 3063 2854 ,
3104 2804 3224 2859 qua:
3256 2787 3435 2852 inﬂat;
3467 2787 3699 2841 Charita-

2128 2889 2234 2935 tcni
2267 2891 2476 2947 autem,
2504 2897 2621 2952 qua
2654 2882 2902 2948 aaililicat,
2939 2897 3046 2936 non
3081 2883 3309 2936 miratur
3335 2880 3386 2950 (1
3416 2879 3541 2935 Cor.
3567 2881 3700 2948 viii);

2128 2971 2393 3042 sedjuxta
2420 2971 2804 3027 Salomonem’:
2837 2989 2856 3023 ‹
2887 2971 3060 3026 Verba
3085 2987 3362 3026 servorum
3387 2971 3482 3026 Dei
3513 2971 3706 3025 debent

445 3063 811 3120 tribulationis
835 3076 1269 3123 momentaneum
1291 3078 1340 3124 et
1355 3071 1517 3140 232
1535 3071 1648 3126 leve
1677 3072 2019 3142 promiserat,
2048 3070 2092 3130 C
2126 3077 2246 3117 0350
2285 3064 2441 3133 (ιιιθεί
2488 3063 2689 3119 ειῖῐηιιιί
2711 3104 2725 3129 ν
2759 3072 2813 3119 ει
2851 3063 3006 3133 (ιιιθεί
3063 3063 3203 3119 οιανί
3235 3065 3287 3119 in
3327 3064 3496 3119 ειιῑυιῐι
3546 3062 3707 3118 demi

446 3171 570 3210 mox
605 3167 868 3212 internum
912 3155 1094 3229 glorizc
1142 3161 1350 3229 pondus
1399 3163 1669 3217 reddendo
1709 3163 2019 3233 subjungat.

443 3242 724 3314 Perpende
755 3246 918 3317 igitur
964 3259 1019 3302 et
1064 3249 1294 3304 invicem
1330 3250 1516 3306 confer
1547 3251 1943 3306 tribulationem
1971 3261 2026 3305 et

445 3334 695 3404 gloriam,
725 3348 1160 3395 momentaneum
1192 3349 1247 3395 et
1266 3350 1548 3408 aeternum,
1574 3342 1689 3396 leve
1712 3353 1767 3398 et
1793 3344 2019 3412 pondus.

448 3425 636 3501 Gaude
673 3444 802 3498 ergo
828 3443 881 3485 et
907 3432 1142 3498 exsulta,
1175 3434 1298 3503 quia
1331 3435 1470 3504 quod
1501 3435 1867 3490 tribulationis
1909 3451 2027 3491 sns-

446 3517 587 3573 tines
656 3530 1088 3578 momentaneum
1149 3533 1232 3579 est
1261 3565 1276 3590 ,
1325 3525 1480 3596 quod,
1521 3525 1704 3596 gloriae
1751 3527 2026 3596 pricstola-

418 3609 523 3675 gris
571 3618 830 3664 aeternum
867 3623 970 3667 est.
1030 3611 1172 3668 Leve
1211 3624 1294 3669 est
1350 3629 1508 3668 omne
1565 3615 1708 3684 quod
1757 3614 1954 3669 toleras
2000 3632 2013 3679 ;

443 3698 654 3768 pondus
703 3708 808 3767 est,
867 3702 1008 3771 quod
1037 3712 1338 3771 exspectas.
1372 3703 1558 3759 Gaude
1583 3743 1598 3768 ,
1637 3704 1854 3773 inquam
1883 3745 1897 3768 ,
1931 3719 2027 3773 pro

448 3789 796 3847 tribulatione
849 3794 1072 3863 gloriam
1107 3835 1122 3860 ,
1184 3810 1284 3866 pro
1345 3796 1562 3852 levitate
1629 3799 1880 3865 pondus,
1930 3811 2027 3866 pro

451 3892 834 3937 momentaneo
903 3893 1222 3955 recepturus
1302 3895 1585 3942 aeternum.
1663 3887 1807 3940 Inter
1883 3902 2030 3956 pres-

450 3986 606 4026 suras
634 3973 801 4043 igitur
841 3982 894 4029 el
941 3991 1212 4032 aerumnas
1238 4017 1252 4042 ,
1286 3979 1352 4032 ad
1402 3979 1553 4033 illum
1602 3994 1816 4049 semper
1845 3979 2031 4034 oculos

449 4063 600 4132 erige
635 4063 726 4132 qui
763 4074 987 4134 paratus
1032 4075 1115 4121 est
1149 4076 1271 4137 post
1308 4067 1517 4137 ﬂagella
1575 4069 1875 4125 dulcedinis
1921 4084 2031 4124 suae.

455 4152 660 4223 gremio
691 4153 1009 4221 confovere;
1045 4155 1138 4226 qui
1170 4166 1222 4212 te
1249 4166 1370 4227 post
1405 4159 1649 4216 turbines
1680 4171 1734 4215 et
1763 4163 2032 4230 procellas

453 4242 509 4299 in
538 4257 785 4311 superna:
810 4245 1005 4312 quietis
1032 4246 1344 4302 amoenitate
1366 4250 1676 4315 constituet,
1700 4251 1840 4305 etab
1861 4251 2033 4305 oculis

454 4334 562 4389 tuis
598 4333 865 4407 lacrymas
895 4336 1059 4392 linteo
1096 4347 1369 4408 perpetua
1403 4341 1793 4397 consolationis
1819 4343 2031 4398 abster-

2128 3151 2327 3222 (Εσειε.
2359 3154 2480 3224 xu).
2517 3174 2534 3205 ι
2565 3155 2695 3223 Quae
2724 3155 2966 3226 profecto
3010 3156 3171 3211 verba
3205 3157 3406 3211 idcirco
3447 3156 3619 3210 clavis
3655 3161 3708 3208 et

2127 3245 2361 3300 stimulis
2400 3257 2810 3316 comparantur,
2840 3247 2965 3316 quia
3001 3247 3167 3302 vitam
3199 3246 3503 3302 carnalium
3537 3245 3708 3300 acutis

2129 3334 2302 3388 solent
2335 3336 2730 3392 invectionibus
2760 3353 3016 3408 pungere,
3051 3352 3156 3391 non
3189 3337 3328 3391 male
3355 3335 3555 3389 blanda
3580 3335 3710 3390 deli-

2133 3427 2308 3480 nilicae
2346 3428 2732 3482 assentationis
2774 3428 3026 3482 unctione
3079 3427 3317 3497 palpare.
3375 3424 3495 3479 Mea
3548 3426 3711 3495 igitur

2129 3519 2482 3588 grammatica
2513 3517 2762 3574 Christus
2784 3526 2866 3573 est
2896 3560 2910 3584 ,
2943 3518 3032 3588 qui
3077 3519 3237 3572 homo
3267 3533 3364 3586 pro
3397 3516 3709 3571 hominibus

2127 3609 2305 3663 factus
2331 3619 2445 3673 est,
2474 3619 2529 3662 et
2558 3609 2609 3662 in
2641 3609 2757 3678 ipso
2797 3608 3054 3678 quidquid
3084 3616 3257 3676 potest
3283 3607 3515 3660 fratrum
3558 3620 3710 3661 meo-

2131 3718 2246 3756 rum
2269 3702 2609 3757 aadilicationi
2633 3702 3053 3767 consulere,hoc
3079 3700 3252 3756 solum
3277 3716 3393 3754 mea
3419 3699 3572 3753 novit
3597 3699 3708 3768 epi-

2130 3794 2263 3849 stola
2289 3794 2548 3850 redolere.
2587 3795 2734 3867 (l05)
2775 3797 3131 3868 Quapropter,
3169 3795 3491 3850 cliarissimc
3519 3793 3708 3858 frater,

2131 3904 2275 3943 nunc
2307 3888 2402 3943 tibi
2452 3889 2576 3942 dum
2609 3889 2842 3944 mundus
2869 3889 3103 3955 arridet,
3133 3888 3258 3942 dum
3291 3885 3473 3942 carnis
3502 3886 3711 3940 sanitas

2131 3980 2323 4045 fervet,
2353 3981 2480 4036 dum
2511 3981 2842 4051 prosperitas
2870 3989 3084 4040 terrena
3117 3979 3414 4043 demulcet,
3447 3993 3570 4047 qua:
3592 3986 3710 4045 post

2133 4070 2233 4125 ista
2285 4079 2581 4140 sequantur
2625 4070 2875 4140 excogita
2899 4111 2914 4135 ,
2950 4079 3006 4123 et
3047 4069 3157 4138 jain
3194 4068 3347 4138 quasi
3381 4067 3710 4130 transactis,

2132 4177 2253 4230 qua:
2302 4171 2501 4232 praesto
2542 4170 2698 4225 sunt,
2746 4161 2875 4214 illud
2926 4159 3211 4232 prudentia
3264 4167 3442 4212 vestra
3480 4156 3710 4212 solerter

2135 4253 2446 4316 examinet,
2476 4267 2595 4322 qua:
2623 4251 2978 4321 praesentibus
3007 4249 3184 4303 futura
3216 4247 3527 4303 succedant.
3559 4248 3710 4312 Quaa-

2135 4355 2346 4410 cunqne
2391 4355 2519 4412 ergo
2558 4339 2866 4395 transitoria
2914 4347 3072 4402 sunt,
3127 4338 3302 4391 altiori
3347 4336 3576 4392 consilio
3598 4333 3708 4403 jam

449 4421 562 4499 get.
621 4444 639 4478 ι
673 4426 961 4498 Absterget
1007 4429 1153 4484 enim
1191 4429 1335 4485 Deus
1373 4445 1587 4494 omnem
1632 4431 1926 4502 lacrymam
1965 4434 2032 4488 ab
2063 4419 2109 4477 D
2139 4431 2399 4484 transisse
2451 4429 2712 4493 decerne,
2765 4439 2819 4482 ct
2872 4427 3017 4483 velut
3061 4425 3430 4481 ludificatoria:
3476 4425 3709 4479 illusioni

450 4519 622 4576 oculis
664 4529 976 4575 sanctorum
1019 4521 1202 4593 (Apoc.
1230 4537 1341 4588 vii,
1365 4531 1420 4578 et
1453 4524 1589 4592 xxi).
1629 4541 1646 4575 ι
1702 4522 1833 4578 Illud
1866 4524 2030 4578 etiam

451 4615 808 4684 aposmlicum
857 4615 1073 4671 assidua
1119 4615 1475 4672 meditatione
1503 4615 1756 4682 revolvo,
1802 4625 1856 4669 et
1895 4616 2035 4670 inter

453 4706 662 4779 ﬂagella
686 4711 912 4779 positus,
939 4711 1066 4765 totis
1083 4710 1138 4764 in
1159 4711 1384 4764 Domino
1404 4711 1703 4765 visceribus
1725 4709 2027 4778 gratulare:

459 4815 479 4850 ι
509 4797 626 4853 Non
657 4799 853 4865 solum,
887 4800 1081 4869 inquit,
1109 4800 1202 4854 sed
1231 4809 1286 4854 et
1311 4800 1608 4871 gloriamur
1635 4802 1689 4854 in
1725 4799 2030 4855 tribulatio-

420 4891 638 4962 _tiibus,
668 4893 904 4947 scientes
934 4893 1079 4962 quod
1109 4893 1385 4948 tribulatio
1415 4893 1732 4963 patientiam
1753 4904 2029 4963 operatur,

452 4980 715 5051 patientia
746 4991 926 5036 autem
969 4983 1364 5052 probationem,
1397 4985 1647 5054 probatio
1691 4999 1822 5036 vero
1845 4998 2030 5052 spem;

454 5083 582 5138 spes
609 5077 787 5123 autem
818 5086 923 5124 non
950 5071 1258 5138 confundit,
1286 5074 1410 5143 quia
1447 5073 1689 5128 Charitas
1714 5073 1810 5128 Dei
1840 5071 2033 5127 diﬂ'usa

455 5165 543 5204 95'.
580 5157 624 5204 ξεῖ
679 5160 934 5204 ρῦηἷίῑιιις
987 5163 1185 5204 lingu-ie
1213 5180 1310 5204 nar
1349 5163 1611 5204 Qniritium
1643 5175 1888 5204 cnnolnm
1941 5164 2032 5204 nni

2137 4522 2407 4576 somnium
2435 4521 2667 4591 depiita;
2699 4520 2824 4574 illnc
2861 4535 3012 4575 mens
3038 4528 3124 4574 tua
3157 4527 3422 4583 recurrat,
3450 4517 3581 4572 illuc
3606 4515 3711 4572 sol-

2135 4611 2313 4666 licitos
2358 4612 2626 4666 acuminis
2649 4611 2732 4666 sui
2765 4609 2951 4665 oculos
2989 4610 3226 4681 dirigat,
3259 4609 3402 4676 quod
3426 4615 3706 4677 postquam

2134 4702 2458 4773 contigerit,
2498 4701 2728 4758 transire
2780 4716 2887 4755 non
2930 4701 3112 4764 novit,
3158 4699 3454 4753 terribilem
3500 4711 3709 4767 quoque

2137 4793 2310 4848 ultimi
2333 4793 2528 4864 judicii
2561 4795 2700 4847 diem
2739 4791 2850 4860 jam
2883 4791 2934 4845 in
2970 4800 3292 4859 conspectus
3319 4791 3393 4844 tui
3423 4789 3705 4858 przcsentia

2136 4901 2296 4956 pone,
2325 4893 2378 4940 et
2407 4885 2745 4954 repentinum
2781 4890 2940 4935 tanta:
2965 4880 3260 4950 majestaiis
3287 4881 3576 4934 adventum
3603 4887 3706 4933 trc-

2135 4978 2383 5033 mefactis
2420 4975 2720 5030 visceribus
2752 4983 3008 5028 retraeta.
3051 4973 3160 5027 Nec
3191 4971 3338 5025 illum
3370 4971 3514 5024 diem
3555 4980 3707 5038 putes

2135 5085 2255 5125 esse
2302 5068 2692 5138 longinquum,
2740 5082 2899 5136 quem
2949 5067 3207 5134 propheta
3255 5071 3406 5116 tanto
3455 5071 3584 5115 ante
3620 5075 3709 5112 nos

2137 5159 2332 5204 sror-nlo
2359 5157 2596 5204 vicinum
2627 5197 2639 5204 .
2681 5166 2735 5204 et
2762 5156 2919 5204 veluti
2952 5153 3054 5204 iani
3087 5162 3230 5204 esset
3259 5152 3309 5204 iii
3342 5151 3525 5203 limine
3544 5191 3559 5204 .
3585 5165 3711 5204 nne-
