3950 5344
257 133 362 188 477

1461 145 1661 200 LIBER
1701 142 2050 209 OCTAVUS,
2098 143 2312 200 EPIST.
2350 141 2479 201 V'ill.

3427 147 3532 206 478

261 244 375 298 dies
435 247 648 304 nebula:
702 258 751 304 et
803 249 1064 312 turbinis;
1114 252 1234 307 dies
1291 253 1431 309 tuba:
1469 264 1524 310 et
1571 255 1844 326 clangoris
1875 265 1919 320 Α
1949 257 2291 323 ardentibus,
2319 257 2532 313 eunetis
2559 258 2723 314 etiam
2753 259 3037 316 elementis
3083 261 3136 315 in
3165 259 3245 316 sui
3276 261 3525 332 obsequii

260 335 446 404 (Soph.
492 337 556 411 ι).
656 340 870 408 Pensa,
920 343 1306 412 dilectissime,
1357 357 1659 404 extremum
1703 349 1846 402 diem

257 426 441 495 jndicii
493 445 658 500 super
719 434 886 488 corda
957 437 1307 504 reproboruut
1373 455 1480 508 qua
1546 439 1846 509 asperitate

257 525 391 578 vidit
424 530 686 595 prOpheta
714 545 1072 596 amarescere,
1099 549 1257 602 quem
1288 543 1366 588 tot
1397 535 1846 605 appellationibus

261 626 363 668 non
394 616 566 670 valuit
598 619 891 688 explicare.
942 621 1260 687 Enimvero,
1301 635 1358 680 ut
1384 633 1662 680 taceamus
1703 641 1847 683 nunc

267 704 324 758 ie
373 706 478 760 illis
545 724 819 779 nunquam
895 711 1144 767 tiniendis
1217 716 1580 771 damnationis
1627 727 1844 774 aeterna:

261 796 539 864 suppliciis
565 839 581 864 ,
632 812 688 855 et
729 804 1102 858 tantummodo
1143 806 1186 860 si
1223 806 1369 861 solus
1399 806 1490 862 ille
1525 807 1697 862 ultimi
1737 809 1841 864 diei

260 898 456 951 terror,
479 900 534 942 et
563 889 780 955 horror,
806 901 863 946 ut
892 893 1111 963 dignum
1139 904 1240 961 est,
1266 896 1505 951 studiose
1529 898 1839 965 discutitur,

252 985 364 1029 tota
399 980 589 1034 mundi
622 981 780 1047 hujus
815 983 1112 1052 deceptrix,
1153 997 1209 1040 et
1243 987 1374 1041 falsa
1413 987 1666 1050 felicitas,
1699 1004 1763 1044 ac
1792 991 1837 1044 si

247 1062 424 1120 lutum
481 1068 564 1122 vel
612 1070 944 1128 infructuosa
972 1074 1167 1131 littoris
1195 1078 1312 1148 alga
1338 1077 1633 1148 judicatur.
1667 1082 1838 1148 Quem

247 1156 394 1210 enim
426 1174 531 1214 vox
568 1161 657 1215 illa
687 1180 792 1218 non
823 1174 1046 1231 terreat,
1076 1169 1200 1238 quis
1228 1186 1330 1224 non
1360 1172 1669 1226 medullitus
1695 1189 1830 1228 con-

245 1247 558 1313 tremiscat,
591 1267 712 1305 cum
743 1255 925 1309 audiat
955 1256 1130 1325 ipsum
1164 1259 1447 1314 Dominum
1479 1259 1750 1316 dicentem
1782 1263 1836 1317 itt

243 1336 583 1411 Evangelio:
621 1365 638 1393 ι
669 1344 801 1412 Quia
847 1347 988 1402 sicut
1037 1347 1214 1420 fulgur
1257 1351 1484 1405 exit‘ab
1532 1353 1742 1408 oriente
1781 1363 1837 1408 ct

243 1445 474 1499 apparet
510 1435 563 1490 in
612 1438 896 1495 occidente
929 1459 940 1494 :
974 1442 1044 1496 ita
1076 1443 1180 1497 erit
1217 1444 1481 1501 adventus
1522 1447 1617 1501 lilii
1658 1449 1834 1503 homi-

241 1521 366 1574 nis?
387 1542 405 1572 ι
437 1524 654 1590 (Matth.
689 1536 864 1598 xxiv.)
895 1532 1048 1598 Quis,
1077 1534 1320 1602 inquam,
1350 1550 1454 1589 non
1485 1548 1828 1606 expavescat,

1951 356 2161 403 terrore
2207 350 2516 404 commotis.
2571 350 2743 417 Quem
2792 351 2933 405 diem
2987 351 3123 405 bene
3173 349 3260 404 ille
3298 351 3534 408 cxrmius

1947 441 2335 509 prOphetarum
2375 441 2543 496 Isaias
2569 440 2889 505 denuntiat,
2922 442 3147 496 dicens:
3182 459 3200 492 ι
3240 441 3378 497 Ecce
3415 442 3533 498 dies

1947 529 2161 583 Domini
2184 530 2366 585 veniet
2418 530 2768 594 insanabilis,
2794 530 2912 585 dies
2937 529 3135 584 furoris
3189 539 3243 584 et
3273 532 3365 584 ira:
3392 529 3529 601 (Ira.

1945 620 2066 687 xm)
2095 639 2107 675 τ
2150 641 2168 674 ι
2205 630 2262 676 ιιι
2300 631 2466 692 ponat
2492 624 2679 678 orbem
2713 633 2870 677 terrae
2895 623 3205 686 desertum,
3237 633 3292 678 et
3332 639 3524 694 pecca-

1946 720 2093 767 tores
2120 713 2310 782 perdat
2347 727 2412 768 ex
2441 728 2541 779 eo;
2585 713 2756 768 stella:
2799 714 2942 768 enim
2972 714 3094 769 cceli
3145 713 3324 768 lumen
3370 730 3531 772 suum

1945 818 2049 856 non
2079 799 2321 865 dabunt,
2357 811 2414 856 et
2441 800 2822 856 obscurabitur
2847 803 2927 862 sol
2966 804 3021 858 in
3050 811 3174 858 ortu
3225 819 3324 858 suo
3351 821 3365 868 ;
3401 805 3528 859 luna

1942 906 2071 945 vero
2098 906 2202 945 non
2231 891 2381 946 dabit
2425 891 2604 948 lumen
2649 909 2805 948 suum
2826 936 2840 960 ,
2891 904 2946 950 et
2975 897 3245 952 mandabo
3273 898 3529 954 universo

1939 982 2059 1037 orbi
2093 981 2232 1036 mala
2278 989 2334 1037 et
2361 983 2543 1053 impiis
2572 994 2960 1054 peccatorum;
2994 995 3046 1041 et
3080 988 3304 1056 perdam
3337 996 3529 1043 contu-

1940 1073 2156 1127 meliam
2191 1073 2524 1144 iniquorum,
2555 1083 2610 1129 et
2632 1078 3000 1146 arrogantiam
3027 1077 3383 1148 superborum
3418 1080 3521 1134 bu-

1941 1165 2198 1231 ntiliabo;
2241 1175 2297 1222 et
2352 1176 2515 1222 erunt
2552 1169 2644 1238 qui
2688 1169 2861 1224 relicti
2905 1169 3120 1224 fuerunt
3153 1171 3374 1240 pretiosi
3409 1186 3530 1226 ma-

1938 1263 2020 1330 gis
2052 1274 2215 1329 quam
2261 1275 2454 1316 aurum
2484 1263 2552 1317 ab
2585 1263 2708 1333 igne
2754 1263 3036 1332 probatum
3064 1279 3079 1328 ;
3117 1274 3171 1317 et
3202 1264 3368 1318 homo
3403 1278 3526 1334 pre-

1940 1350 2132 1404 tiosior
2159 1350 2265 1405 erit
2291 1364 2452 1420 quam
2472 1350 2609 1420 lapis
2629 1353 2935 1422 sapphirns.
2969 1353 3177 1408 Caelum
3219 1354 3363 1407 enim
3395 1369 3524 1422 qua-

1938 1439 2123 1505 tietur,
2154 1449 2210 1494 et
2232 1449 2374 1494 terra
2402 1442 2707 1497 movebitur
2729 1457 2757 1496 a
2782 1441 3146 1498 fundamentis
3167 1444 3280 1498 suis
3303 1453 3523 1514 propter

1936 1527 2172 1584 furorem
2203 1531 2296 1586 ira:
2335 1531 2548 1586 Domini
2581 1530 2817 1587 Sabaoth
2847 1572 2864 1597 ,
2904 1534 2956 1587 iu
2990 1533 3078 1587 die
3113 1549 3219 1604 qua
3263 1550 3520 1604 superve-

239 1627 362 1666 cum
390 1617 580 1672 eadem
614 1619 827 1676 Veritas
855 1624 998 1679 dicat
1027 1643 1038 1678 ε
1075 1643 1094 1678 ι
1125 1625 1260 1693 Quia
1289 1628 1368 1684 ευι
1401 1629 1783 1702 obscuram"..-
1809 1674 1826 1698 .
1862 1616 1903 1674 Β
1933 1623 2076 1676 uerit
2105 1619 2260 1678 furor
2290 1621 2425 1692 ejus.
2458 1623 2566 1678 Sed
2595 1633 2650 1679 et
2682 1623 2971 1679 Malachias
2996 1625 3257 1693 propheta
3283 1640 3520 1682 consona

237 1711 293 1756 et
322 1701 447 1758 luna
487 1723 593 1761 non
635 1709 784 1764 dabit
811 1711 990 1768 lumen
1021 1730 1217 1781 suum,
1251 1725 1306 1772 et
1335 1718 1506 1774 stella:
1534 1721 1729 1775 cadent
1760 1723 1828 1778 de

235 1795 380 1851 οωιυ
412 1799 748 1872 virtutesque
776 1805 1033 1861 cmlorum
1063 1810 1460 1866 movebuntur?
1486 1834 1504 1865 ι
1533 1814 1722 1888 (lbid.)
1755 1819 1829 1872 De

234 1900 344 1954 quo
363 1890 531 1944 etiam
563 1892 756 1949 Petrus
783 1895 897 1950 ait:
931 1915 946 1949 t
972 1898 1241 1956 Adveniet
1266 1911 1449 1958 autem
1471 1900 1588 1959 dies
1613 1905 1826 1963 Domini

232 1975 377 2031 sicut
407 1977 516 2045 fur,
554 1981 606 2036 in
635 1998 742 2052 quo
771 1985 892 2040 cmli
923 2001 1118 2057 magno
1146 1989 1348 2059 impetu
1382 1995 1646 2050 transient
1666 2035 1682 2061 ,
1712 1996 1825 2052 ele-

232 2076 418 2122 menta
455 2085 587 2126 vero
612 2073 797 2131 calore
824 2077 1106 2135 solventur
1151 2081 1238 2153 (II
1266 2081 1412 2139 Petr.
1446 2087 1550 2158 ιιι).
1583 2108 1602 2141 ι
1637 2089 1703 2143 Et
1727 2090 1826 2146 ite-

232 2169 354 2209 rum
386 2158 518 2214 dicit
550 2176 564 2214 :
595 2180 612 2212 ι
643 2162 776 2218 C(eli
798 2177 998 2232 autem,
1025 2170 1116 2238 qui
1140 2187 1282 2227 nunc
1305 2185 1452 2242 sunt,
1477 2186 1531 2232 et
1562 2187 1710 2233 terra
1731 2197 1825 2235 eo-

233 2245 358 2302 dem
386 2255 552 2307 verbo
578 2256 797 2324 repositi
813 2268 939 2313 sunt
963 2274 977 2313 z
999 2261 1165 2334 284
1192 2264 1298 2335 igni
1322 2270 1581 2322 reservati
1603 2269 1655 2323 in
1679 2271 1820 2326 diem

224 2335 418 2432 judicii
475 2352 528 2397 et
560 2347 876 2414 perditionis
905 2350 1194 2421 impiorum
1225 2356 1501 2412 hominum
1533 2358 1762 2432 (lbid.).
1797 2383 1815 2416 ι

229 2426 372 2519 ῌὶιιο
399 2442 458 2487 ct
487 2432 654 2493 ludas
692 2441 967 2509 apostolus
991 2443 1067 2497 ait
1098 2462 1110 2497 :
1149 2463 1168 2496 t
1201 2446 1370 2515 Ecce,
1404 2426 1611 2519 inquit,
1640 2426 1821 2509 veniet

229 2518 494 2581 Dominus
542 2529 596 2582 in
643 2533 844 2588 sanctis
891 2534 1128 2592 millibus
1177 2539 1292 2596 suis
1340 2518 1518 2596 facere
1553 2541 1817 2611 judicium

229 2623 419 2669 contra
456 2633 670 2684 omnes,
690 2625 1016 2695 redarguere
1037 2643 1228 2685 omnes
1257 2631 1452 2702 impios
1474 2635 1539 2690 de
1562 2637 1818 2693 omnibus

226 2705 488 2774 operibus
531 2710 822 2781 impietatis
869 2730 1078 2783 eorum,
1103 2719 1302 2787 quibus
1332 2721 1496 2792 impie
1541 2735 1812 2796 egerunt,

229 2805 287 2851 et
318 2799 386 2853 de
417 2803 674 2858 omnibus
720 2807 900 2872 duris,
934 2824 1055 2878 quae
1097 2811 1264 2866 locuti
1305 2823 1432 2869 sunt
1470 2827 1658 2872 contra
1689 2836 1812 2874 eum

225 2901 543 2958 peccatores
588 2895 738 2966 impii
784 2898 937 2966 (λεια.
967 2899 1030 2970 ι).
1068 2919 1086 2952 ι
1121 2901 1197 2957 0!
1229 2904 1274 2956 si
1309 2905 1358 2958 in
1402 2907 1583 2976 palato
1627 2913 1810 2965 cordis

226 2982 398 3036 nostri
444 2998 635 3053 sapere
684 2988 852 3056 possit
887 2997 1106 3059 quantze
1134 2993 1512 3050 amaritudinis
1553 3005 1636 3051 est
1671 3000 1812 3066 quod

223 3083 322 3138 per
371 3069 638 3128 Joannem
683 3077 883 3132 dicitur
913 3097 925 3133 :
957 3099 976 3131 ι
1007 3081 1148 3138 Ecce
1178 3085 1327 3138 venit
1374 3101 1496 3141 cum
1535 3089 1770 3144 nubibus
1795 3132 1810 3156 ,

223 3171 278 3216 et
301 3163 508 3220 videbit
529 3180 651 3220 eum
678 3169 855 3223 omnis
875 3171 1086 3236 oculus,
1107 3182 1162 3227 et
1180 3176 1270 3243 qui
1295 3189 1417 3229 eum
1441 3188 1804 3249 pupugerunt,

221 3263 275 3341 et
301 3257 563 3323 ptangeut
597 3271 655 3312 se
701 3273 864 3328 super
887 3276 1075 3317 omnes
1101 3265 1273 3319 tribus
1302 3276 1458 3322 terra:
1480 3271 1663 3340 (Apoc.
1697 3270 1756 3341 ι).
1785 3290 1805 3322 ο

223 3339 377 3397 Tunc
400 3344 771 3401 dissolventur
792 3364 948 3406 renes
971 3367 1157 3407 eorum
1187 3339 1497 3422 formidine,
1524 3359 1614 3428 qui
1646 3339 1806 3415 modo

220 3446 326 3485 non
356 3433 549 3488 timent
574 3453 588 3501 ;
621 3445 749 3499 tunc
773 3439 1125 3508 replebuntur
1151 3444 1357 3499 viscera
1389 3461 1579 3501 eorum
1612 3451 1812 3504 amari-

221 3527 437 3591 tudine,
472 3529 564 3598 qui
615 3533 774 3586 modo
819 3533 870 3586 in
918 3534 1151 3589 carnalis
1199 3536 1467 3591 illecebris
1519 3538 1811 3608 voluptatis

221 3616 462 3672 molliter
518 3618 725 3688 jacent.
776 3623 927 3679 Tunc
978 3625 1121 3679 enim
1177 3628 1502 3698 sanguineas
1543 3629 1810 3701 lacrymas

217 3706 561 3767 eﬂ'undentes
587 3753 602 3777 ,
656 3714 918 3784 incipient
973 3717 1157 3772 dicere
1212 3721 1532 3776 montibus:
1571 3741 1589 3774 ι
1621 3722 1808 3779 Cadite

216 3815 379 3870 super
400 3818 530 3869 nos;
571 3814 623 3859 et
655 3807 901 3871 collibus,
937 3813 1144 3880 operite
1174 3827 1271 3867 nos
1322 3811 1508 3883 (Apoc.
1541 3830 1626 3876 vt;
1675 3815 1803 3870 Luc.

215 3897 395 3964 mu).
429 3915 448 3948 ι
479 3895 631 3952 Tunc
657 3900 801 3954 enim
824 3915 928 3955 non
953 3911 1037 3956 est
1064 3918 1332 3974 quoquam
1361 3904 1671 3976 confugere,
1702 3924 1804 3962 non

214 3993 299 4039 est
318 3984 607 4042 latibulum
639 3989 730 4044 ubi
767 4006 825 4045 se
852 3993 1139 4064 quisquam
1166 3995 1346 4051 valeat
1367 3998 1644 4054 occultare
1671 4040 1684 4060 ,
1725 4001 1806 4054 ni-

214 4073 414 4129 mirum
464 4091 587 4131 cum
616 4088 671 4132 et
701 4078 897 4136 inferni
931 4093 1104 4152 portae
1135 4089 1449 4154 panduntur
1474 4129 1488 4154 ,
1532 4105 1676 4144 mors
1706 4091 1806 4145 ini-

215 4164 356 4220 mica
390 4165 728 4235 destruitur;
761 4171 973 4240 pulvis,
1008 4176 1099 4244 qui
1138 4187 1418 4246 putruerat
1445 4221 1461 4246 ,
1497 4180 1548 4235 id
1581 4192 1664 4236 est
1701 4183 1802 4237 hu-

211 4273 377 4312 mana
405 4274 534 4314 caro
561 4300 575 4325 ,
603 4262 830 4318 audiens
853 4279 1040 4320 vocem
1075 4270 1216 4323 tuba:
1237 4310 1252 4333 ,
1276 4271 1657 4328 vivificabitur.
1681 4274 1798 4329 Jam

213 4362 353 4415 quos
388 4349 442 4402 in
488 4351 699 4420 gremio
742 4368 840 4408 suo
891 4365 1034 4410 terra
1090 4370 1438 4430 susceperat,
1493 4379 1630 4432 quos
1667 4380 1801 4434 aqua

209 4438 494 4493 sorbuerat
517 4479 532 4505 ,
557 4456 695 4508 qttos
723 4445 856 4498 edax
901 4445 1117 4502 ﬂamma
1145 4465 1582 4521 consumpserat,
1609 4471 1798 4511 omnes

207 4528 366 4594 quasi
415 4531 766 4585 commissmn
797 4534 900 4588 sibi
933 4536 1235 4606 depositum
1266 4541 1536 4607 reddunt,
1577 4553 1630 4597 et
1683 4545 1801 4600 vita:

211 4615 419 4686 absque
461 4619 564 4673 ulla
602 4622 685 4676 sui
718 4623 1074 4681 diminutione
1118 4629 1430 4683 restituunt.
1472 4630 1625 4687 Tunc
1653 4635 1798 4689 enim

211 4719 363 4761 terra
391 4713 721 4776 concutitur,
753 4728 847 4769 aer
877 4719 1156 4785 repentina
1184 4730 1503 4792 tempestate
1528 4724 1795 4790 turbatur,

207 4801 445 4856 tonitrua
488 4813 874 4874 perstrepunt,
904 4811 1308 4867 corusmtioncs
1351 4822 1404 4866 et
1444 4813 1653 4885 fulgura
1689 4817 1790 4870 hu-

203 4905 364 4942 mana
399 4902 620 4960 pectora
661 4903 866 4950 terrore
887 4898 1238 4954 confundunt.
1279 4920 1297 4952 t
1332 4902 1474 4958 Deus
1506 4906 1647 4961 enim
1674 4925 1796 4962 ma-

202 4977 399 5034 nifeste
427 4983 638 5046 veniet,
673 4986 812 5041 Deus
840 4997 1024 5042 uoster
1049 5029 1064 5053 ,
1095 4999 1148 5044 et
1183 5007 1287 5045 non
1313 4993 1513 5050 silebit.
1565 4996 1707 5067 Ignis
1735 5001 1788 5053 in

202 5080 500 5138 conspectu
533 5073 650 5138 ejus
699 5077 930 5142 ardebit,
971 5087 1025 5131 et
1057 5079 1106 5132 in
1145 5082 1375 5137 circuitu
1407 5084 1522 5151 ejus
1559 5093 1791 5159 “tempe-

199 5173 318 5219 stas
339 5165 444 5218 vali
487 5182 516 5218 a
549 5183 564 5230 ;
597 5169 878 5224 advocabit
908 5171 1102 5226 malum
1129 5190 1363 5238 sursum,
1396 5185 1449 5228 et
1481 5187 1700 5243 terram,
1732 5189 1792 5233 ut

198 5253 477 5308 discernat
497 5259 749 5326 populum
773 5277 934 5316 suum
961 5262 1132 5326 (Paul.
1162 5277 1366 5334 πιιιι).›
1399 5267 1452 5319 in
1477 5268 1561 5321 die
1581 5271 1789 5325 scilicet

1933 1713 2018 1768 his
2048 1713 2317 1784 loquitur,
2347 1713 2534 1769 dicens
2563 1730 2578 1773 ;
2617 1732 2636 1765 ι
2667 1714 2806 1771 Ecce
2845 1713 3023 1769 veniet
3061 1714 3320 1768 Dominus
3345 1715 3520 1769 omni;

1931 1811 2150 1871 potens,
2193 1814 2250 1858 et
2282 1805 2403 1875 quis
2437 1804 2726 1860 sustinebit
2748 1805 2890 1859 diem
2931 1803 3192 1858 adventus
3224 1803 3341 1872 ejus
3369 1845 3383 1869 ,
3424 1810 3519 1859 aut

1929 1897 2051 1966 quis
2078 1897 2315 1965 portabit
2337 1905 2684 1967 conspectum
2711 1896 2860 1967 ejus?
2889 1915 2908 1947 ι
2939 1894 3096 1966 (Μαι.
3119 1893 3226 1965 ιιι.)
3249 1894 3515 1964 Quoniam

1928 1987 2043 2056 ipse
2085 1987 2416 2057 ingredietur
2451 1987 2628 2056 ignem
2681 1985 3052 2041 conflatorium
3078 2024 3094 2050 ,
3134 1993 3188 2039 et
3231 1985 3372 2040 sicut
3417 2001 3515 2056 pa-

1926 2074 2067 2130 leam
2099 2075 2468 2130 ventilantium
2488 2115 2504 2141 ,
2547 2084 2603 2129 et
2631 2074 2839 2130 sedebit
2867 2082 3121 2130 constans
3145 2081 3201 2128 et
3239 2088 3474 2144 purgans
3499 2113 3514 2139 ,

1926 2168 2067 2223 sicut
2116 2185 2307 2224 aurum
2333 2208 2348 2234 ,
2387 2177 2442 2224 et
2470 2168 2611 2223 sicut
2648 2176 2950 2237 argentum.
3012 2166 3078 2220 Et
3107 2166 3304 2220 iterum
3335 2166 3467 2220 dicit
3496 2182 3511 2220 :

1929 2277 1946 2310 ι
1980 2259 2118 2313 Ecce
2159 2259 2276 2314 dies
2336 2257 2548 2313 Domini
2594 2259 2770 2313 veniet
2819 2257 3016 2312 ardens
3042 2296 3056 2322 ,
3093 2264 3152 2310 ut
3181 2254 3425 2311 clibanus
3456 2263 3516 2310 ut

1924 2361 2074 2405 curet
2100 2350 2255 2421 [[.,ct
2283 2348 2422 2421 uret]
2445 2365 2559 2414 eos,
2574 2359 2627 2405 et
2649 2359 2810 2405 erunt
2832 2364 3021 2405 omnes
3044 2347 3225 2412 alieni,
3247 2357 3302 2402 et
3325 2363 3516 2404 omnes

1923 2443 2012 2508 qui
2057 2441 2262 2494 iaciunt
2302 2441 2678 2510 iniquitatem,
2725 2449 2784 2494 ut
2830 2440 3084 2508 stipulam
3118 2439 3373 2493 incendet
3418 2453 3514 2493 eos

1921 2529 2036 2583 dies
2081 2529 2168 2583 illa
2214 2545 2333 2598 qua:
2377 2528 2594 2589 veniet.
2640 2529 2770 2584 dicit
2821 2529 3076 2583 Dominus
3125 2527 3509 2596 omnipotens:

1919 2619 2081 2691 285
2110 2630 2162 2676 et
2201 2637 2304 2676 non
2335 2621 2682 2690 relinquetur
2708 2621 2884 2687 radix,
2909 2637 3082 2691 neque
3120 2620 3323 2690 palmes
3351 2619 3511 2691 (Ma'.

1920 2714 2016 2782 tv).
2043 2733 2060 2762 ι
2082 2713 2235 2766 Alius
2263 2726 2392 2766 vero
2419 2713 2500 2766 vir
2515 2712 2906 2767 desideriorum
2931 2713 3033 2766 ista
3057 2712 3218 2766 dicit:
3248 2730 3267 2762 ι
3297 2711 3362 2764 Ει
3382 2726 3510 2766 ecce

1920 2805 2186 2863 videbam.
2218 2815 2272 2858 et
2306 2803 2482 2858 throni
2521 2803 2680 2872 positi
2712 2813 2857 2866 sunt,
2903 2811 2958 2857 et
3003 2803 3260 2872 antiquus
3295 2802 3504 2857 dierum

1917 2896 2159 2960 sedebat,
2187 2903 2241 2949 et
2267 2894 2636 2949 indumentum
2666 2892 2782 2962 ejus
2823 2895 2965 2949 sicut
2993 2895 3083 2948 nis
3113 2893 3425 2956 candidum,
3455 2903 3510 2948 et

1839 2965 1884 3028 (ἶ
1916 2989 2096 3058 capilli
2129 2988 2325 3057 capitis
2349 2988 2467 3058 ejus
2511 2989 2653 3042 sicut
2681 2987 2801 3041 lana
2852 2988 3048 3041 munda
3071 3027 3084 3050 ,
3123 2985 3350 3040 thronus
3393 2984 3510 3054 ejus

1920 3081 2057 3150 ignis
2087 3095 2340 3144 exurens,
2377 3077 2572 3134 ﬂuvius
2597 3079 2787 3148 igneus
2815 3077 3070 3134 currebat
3097 3086 3224 3132 ante
3281 3077 3454 3147 ipsum
3479 3091 3508 3142 ;'

1908 3170 2175 3241 judicium
2208 3169 2510 3234 constituit,
2563 3177 2619 3223 et
2641 3168 2764 3224 libri
2795 3167 2967 3238 aperti
2999 3175 3144 3221 sunt.
3193 3166 3310 3220 D'El-
3347 3167 3510 3236 paulo

1916 3272 2070 3330 post:
2105 3281 2124 3312 ι
2156 3262 2222 3315 Ει
2267 3261 2399 3324 vidi,
2461 3259 2748 3331 inquit,.in
2794 3259 2914 3314 visu
2944 3258 3138 3322 noctis,
3187 3265 3240 3310 et
3284 3272 3411 3311 ecce
3448 3257 3503 3310 in

1916 3354 2146 3408 nubibus
2183 3353 2307 3408 caeli
2333 3352 2502 3407 Filius
2534 3353 2768 3406 hominis
2811 3351 3083 3414 veniebat,
3124 3361 3179 3404 et
3229 3364 3400 3418 usque
3437 3346 3506 3401 ad

1917 3453 2183 3500 vetustum
2213 3445 2420 3499 dierum
2453 3444 2722 3513 pet-venit,
2742 3452 2796 3496 et
2823 3443 2875 3495 in
2905 3449 3196 3511 cortSpectu
3217 3440 3332 3508 ejus
3356 3439 3509 3493 obla—

1915 3544 2001 3590 tus
2035 3546 2139 3601 est,
2177 3545 2232 3590 et
2259 3536 2361 3606 ipsi
2413 3537 2571 3590 datus
2617 3543 2704 3589 cst
2731 3534 3088 3604 principatus,
3128 3541 3184 3586 et
3212 3531 3408 3592 honor,
3449 3538 3507 3586 et

1913 3643 2158 3699 regnum,
2186 3635 2242 3682 et
2271 3642 2458 3682 omnes
2489 3626 2688 3695 populi,
2728 3625 2918 3689 tribus,
2951 3632 3006 3678 et
3029 3622 3222 3692 linguae
3255 3621 3356 3690 ipsi
3389 3635 3505 3675 ser-

1911 3722 2091 3785 vient;
2121 3728 2178 3774 et
2204 3727 2442 3789 potestas
2495 3717 2612 3784 ejus
2655 3725 2894 3786 potestas
2941 3725 3165 3777 aeterna,
3215 3729 3335 3783 quae
3392 3728 3504 3767 non

1915 3813 2185 3875 transibit,
2222 3821 2276 3866 ct
2323 3826 2550 3880 regnum
2576 3809 2693 3879 ejus
2725 3822 2830 3862 non
2881 3816 3180 3876 rumpetur.
3227 3803 3505 3856 luburruit

1909 3905 2132 3974 spiritus
2162 3917 2337 3966 meus,
2377 3916 2478 3970 ego
2509 3899 2719 3964 Daniel,
2754 3897 3021 3953 hebetudo
3064 3909 3204 3960 mea,
3237 3903 3292 3950 et
3334 3893 3500 3948 visio-

1911 4012 2009 4051 nes
2035 3995 2228 4066 capitis
2270 3994 2376 4049 mei
2408 3992 2807 4048 conturbabant
2833 4005 2918 4044 me
2947 3987 3116 4060 (Dan.
3145 3988 3272 4057 vn).
3314 4003 3332 4038 ι
3365 3986 3506 4040 Cum

1909 4102 2037 4157 ergo
2060 4085 2144 4157 agi
2173 4085 2457 4155 coeperint,
2487 4083 2792 4153 pandentur
2819 4083 2934 4135 sine
2964 4079 3128 4134 dubio
3155 4079 3276 4133 coeli
3306 4086 3506 4147 portae,

1910 4178 2017 4232 izuo
2054 4177 2231 4246 potius
2260 4176 2434 4244 ipsum
2489 4173 2686 4228 emtum
2725 4171 3004 4225 auferetur
3055 4185 3086 4225 e
3132 4171 3332 4234 medio,
3381 4178 3502 4222 tan-

1908 4283 2069 4337 quam
2105 4267 2153 4321 si
2199 4264 2536 4320 tabernaculi
2581 4261 2809 4330 alicujus
2851 4262 3114 4317 velamina
3145 4261 3504 4330 colligantur,

1910 4361 2119 4415 scilicct
2172 4369 2232 4415 ut
2283 4369 2567 4430 reparetur
2610 4345 2670 4412 et
2693 4355 3113 4411 transformetur
3166 4355 3218 4408 in
3278 4354 3502 4411 melius.

1909 4449 2060 4504 Tunc
2085 4464 2213 4520 ergo
2237 4451 2420 4504 omnia
2451 4455 2628 4503 metus
2667 4446 2908 4511 habebit,
2957 4445 3225 4513 timorque
3272 4459 3336 4498 ac
3387 4454 3498 4498 tres

1906 4558 2027 4597 mor
2053 4541 2297 4611 implebit
2326 4540 2600 4604 universa,
2647 4539 2902 4593 nimirum
2944 4553 3068 4591 cum
3120 4537 3210 4592 ille
3256 4536 3502 4606 judicet,

1903 4633 1994 4703 qui
2037 4639 2174 4686 teste
2200 4644 2304 4685 non
2329 4639 2504 4700 egeat,
2534 4628 2626 4697 qui
2649 4635 2963 4697 argumenta
2997 4643 3102 4680 non
3131 4635 3361 4697 quaerat,
3399 4626 3500 4694 qui

1900 4732 2172 4777 oratorem
2205 4735 2383 4776 cause
2412 4735 2516 4774 non
2548 4719 2802 4788 postulet,
2829 4717 2923 4772 sed
2950 4718 3034 4772 his
3072 4719 3322 4772 onmibus
3369 4732 3504 4785 ιιιός

1898 4818 1983 4871 cul
2027 4819 2244 4880 amotis,
2277 4817 2390 4884 ipse
2417 4824 2472 4869 et
2509 4825 2665 4884 gesta
2715 4822 2769 4868 ct
2813 4813 2979 4866 verba
3033 4823 3090 4869 et
3139 4811 3500 4880 cogitationes

1897 4907 2176 4975 dijudicat,
2220 4914 2387 4974 atque
2421 4905 2473 4958 in
2509 4907 2755 4964 medium
2779 4901 3104 4963 coltocat.et
3133 4911 3348 4965 cuncta,
3384 4900 3495 4952 vei~

1897 4999 1971 5051 ιιιὶ
2009 4999 2060 5050 in
2121 4995 2317 5050 tabulis
2343 4995 2684 5065 quibusdam
2719 4993 2945 5061 depicta,
2975 4995 3150 5049 oculis
3179 5007 3364 5047 eorum
3405 4987 3503 5057 qui

1895 5088 2285 5141 commiserunt
2317 5099 2380 5138 ca
2407 5095 2574 5153 atque
2610 5087 2868 5146 omnibus
2897 5084 2988 5153 qui
3017 5087 3277 5141 assistere
3315 5081 3498 5133 viden-

1897 5187 1984 5231 tur
2012 5175 2282 5230 ostendet.
2314 5175 2602 5240 Quomodo
2646 5181 2813 5250 igitur
2841 5185 2968 5228 tunc
2996 5172 3420 5231 commovebitur
3447 5176 3503 5218 et.

1895 5266 1946 5320 in
1985 5274 2130 5318 metu
2182 5262 2287 5317 erit
2336 5265 2594 5318 universa
2656 5267 2949 5324 creatura?
3003 5265 3140 5319 llinc
3190 5260 3351 5314 Isaias
3397 5253 3502 5344 aitt
