3950 5344
435 281 538 340 ‘79

950 342 962 351 ,
1007 283 1066 341 S.
1106 284 1310 342 PETRI
1345 278 1628 341 DAMIANI
1649 283 1799 340 OPP.
1838 281 2019 338 PARS
2046 280 2178 340 SEU
2202 282 2442 342 TOMUS
2475 285 2517 341 ι.
2548 316 2616 327 --
2654 285 2873 343 EPIST.
2898 285 3024 341 LIB.
3069 284 3197 341 Vill.

3601 284 3709 340 £80

436 407 651 454 ternum
674 396 810 470 (fsa.
837 399 1046 469 xxxiv).
1085 417 1104 452 ι
1140 398 1292 467 Quod
1320 401 1509 457 beatus
1532 412 1746 471 quoque
1767 396 1868 454 Iob
1917 397 2012 452 de-
2036 399 2088 458 Α
2113 395 2451 455 Pensandum
2476 416 2604 472 ergo
2625 410 2731 467 est,
2758 410 2812 457 et
2840 415 3052 456 summo
3101 401 3278 456 studio
3314 399 3710 457 revolvendum

438 488 646 552 scribit,
685 488 868 543 dicens
905 502 921 543 ;
957 506 976 539 ι
1019 488 1241 544 Terram
1289 490 1625 546 tenebrosam
1663 498 1719 545 et
1762 479 2013 560 opertam

437 582 633 634 mortis
659 578 908 649 caligine,
939 586 1139 634 terram
1172 580 1405 634 miseria:
1429 591 1485 635 et
1514 581 1881 640 tenebrarum,
1923 577 2015 635 ubi

437 669 629 722 umbra
658 668 870 730 mortis,
899 677 953 722 et
984 668 1162 724 nullus
1186 669 1342 733 ordo,
1372 671 1465 723 sed
1493 669 1854 738 sempiternus
1892 669 2018 723 bor-

439 776 534 823 ror
570 748 835 815 inhabitat
870 760 992 832 (Job
1045 763 1121 832 x).
1162 782 1181 815 ι
1217 761 1354 818 Hinc
1385 770 1440 817 et
1474 762 1765 832 prepheta:
1800 781 1819 814 ι
1853 761 2020 830 Egre~

441 850 675 914 dientur,
710 851 902 920 inquit,
942 860 996 906 et
1052 852 1311 907 videbunt
1342 851 1606 905 cadavera
1640 851 1883 905 virorum
1926 851 2019 919 qui

440 941 780 1012 prmvaricati
812 951 939 995 sunt
962 942 1013 994 in
1051 957 1173 1007 me;
1207 955 1420 996 vermes
1437 937 1624 995 eorum
1646 955 1755 994 non
1787 940 2023 994 morieno

441 1040 554 1096 tur,
586 1041 638 1087 et
687 1032 827 1102 ignis
852 1048 1037 1087 eorum
1070 1049 1175 1087 non
1201 1033 1578 1101 exstinguetnr
1606 1031 1743 1098 (Ian.
1791 1031 1960 1102 LXVI).
1997 1049 2016 1084 ι

445 1123 583 1190 Quid
615 1124 758 1178 enim
784 1125 1093 1179 horribilius
1120 1124 1247 1187 dici,
1279 1124 1407 1194 quid
1425 1125 1652 1193 cogitari
1669 1132 2021 1193 potestquam

443 1216 806 1271 damnationis
836 1215 1056 1270 vulnera
1090 1216 1365 1284 suscipere
1395 1225 1449 1269 et
1483 1214 1697 1270 dolores
1739 1216 2023 1269 vulnerum

444 1322 721 1375 nunquam
752 1307 941 1360 finire?
970 1305 1106 1361 Hinc
1134 1322 1232 1376 per
1255 1307 1574 1376 prophetam
1605 1306 1841 1361 dicitur:
1873 1325 1889 1356 ι
1925 1306 2026 1360 Deo

443 1398 777 1451 scenderunt
816 1398 881 1450 ad
930 1397 1199 1451 infernum
1242 1412 1362 1451 cum
1415 1398 1581 1451 armis
1635 1398 1747 1452 suis
1809 1396 2023 1467 (Ezech.

446 1487 644 1556 xxxii).
691 1507 710 1539 ›
771 1489 935 1542 Arma
972 1490 1170 1559 quippe
1217 1490 1556 1559 peccantium
1608 1497 1733 1544 sunt
1783 1489 2023 1543 membra

448 1592 737 1647 corporum
767 1579 960 1647 quibus
981 1595 1231 1650 perversa
1248 1580 1538 1644 desideria,
1561 1596 1680 1649 qua:
1696 1580 2023 1648 concipiunt,

448 1683 839 1740 exsequuntur.
877 1672 1009 1729 Cum
1043 1674 1210 1728 armis
1237 1688 1368 1742 ergo
1395 1673 1462 1727 ad
1512 1672 1778 1727 infernmn
1808 1676 2028 1727 desecu-

2120 492 2212 561 qui
2238 493 2290 546 in
2320 492 2412 548 illo
2439 494 2524 548 die
2553 503 2731 549 terror
2766 495 2892 556 erit,
2924 511 3044 549 cum
3074 494 3126 548 in
3174 508 3330 565 paena
3366 493 3486 563 jam
3529 508 3715 549 reme—

2120 582 2268 638 dium
2300 600 2405 639 non
2437 586 2560 640 erit.
2584 585 2715 652 Quae
2740 585 2810 640 illi
2837 585 3104 649 confusio,
3131 587 3215 641 cui
3250 595 3402 642 reatu
3456 602 3560 642 suo
3591 588 3714 641 exi-

2121 686 2301 751 gente,
2333 677 2609 748 continget
2646 677 2698 732 in
2731 687 2996 732 conventu
3021 677 3261 732 omnium
3298 679 3581 732 hominum
3609 694 3713 734 an-

2122 769 2473 841 gelorumque
2502 767 2858 824 erubescere?
2888 767 3022 835 Quis
3046 784 3214 837 pavor
3260 784 3410 834 eum,
3458 784 3629 839 quem
3659 779 3717 825 et

2124 858 2476 928 tranquillum
2525 873 2678 912 mens
2704 859 2937 913 humana
2972 873 3076 912 non
3110 857 3251 913 valet
3278 874 3495 928 capere.
3543 860 3716 913 etiam

2125 948 2322 1004 iratum
2353 948 2576 1002 videre?
2606 947 2683 1003 De
2736 964 2843 1018 quo
2898 948 3035 1003 bene
3074 963 3172 1018 per
3217 947 3413 1003 lsaiam
3462 949 3714 1004 dicitur:

2131 1057 2151 1092 ι
2187 1038 2525 1093 Exaltabitur
2551 1049 2732 1093 autem
2759 1039 3016 1094 Dominus
3041 1040 3188 1095 solus
3214 1041 3266 1095 in
3294 1041 3383 1095 die
3424 1039 3537 1102 illa,
3585 1040 3717 1109 quia

2127 1130 2243 1185 dies
2267 1129 2477 1184 Domini
2509 1132 2843 1185 exercituum
2871 1146 3035 1201 super
3065 1146 3280 1186 omnem
3317 1130 3616 1201 superbum
3662 1139 3719 1184 et

2128 1221 2422 1287 excelsum,
2453 1231 2508 1276 et
2537 1236 2701 1291 super
2726 1235 2940 1275 omnem
2990 1229 3360 1291 arrogantem,
3383 1230 3439 1275 et
3460 1219 3719 1274 humilia-

2127 1312 2294 1376 bitur,
2326 1321 2382 1366 et
2423 1328 2586 1382 super
2628 1327 2819 1367 omnes
2865 1312 3057 1367 cedros
3108 1312 3298 1366 Libani
3349 1312 3610 1366 sublimes
3661 1320 3717 1366 et

2129 1413 2362 1463 erectas,
2381 1410 2435 1454 et
2450 1416 2611 1469 super
2624 1416 2811 1455 omnes
2824 1415 3059 1471 quercus
3074 1399 3267 1465 Basan,
3285 1410 3513 1469 etsupcr
3525 1413 3719 1453 omnes

2132 1500 2343 1546 montes
2372 1491 2636 1556 excelsos,
2665 1500 2721 1546 et
2758 1506 2922 1562 super
2949 1506 3140 1546 omnes
3165 1490 3330 1546 colles
3373 1491 3640 1555 elevatos,
3665 1497 3720 1545 et

2130 1598 2294 1652 super
2346 1598 2559 1637 omnem
2616 1583 2807 1637 turrim
2845 1581 3136 1646 excelsam,
3180 1591 3235 1636 et
3275 1597 3441 1651 super
3496 1596 3718 1637 omnem

2131 1687 2347 1727 murum
2397 1673 2686 1737 munitum,
2741 1681 2797 1726 et
2835 1687 2996 1743 super
3035 1686 3223 1727 omnes
3270 1688 3434 1728 naves
3467 1668 3718 1738 Tharsis,

449 1763 600 1828 dere,
630 1772 711 1816 est
734 1778 854 1817 cum
887 1763 1017 1831 ipsis
1043 1779 1256 1834 quoque
1288 1764 1564 1827 membris,
1596 1764 1792 1833 quibus
1819 1764 2027 1818 deside-
2063 1752 2106 1812 Β
2136 1772 2190 1818 et
2221 1777 2382 1831 super
2406 1778 2563 1816 omne
2593 1763 2735 1832 quod
2761 1763 2875 1817 visu
2908 1762 3190 1832 pulchrum
3220 1774 3334 1829 est;
3364 1772 3420 1819 et
3469 1765 3721 1818 incurva-

451 1855 530 1909 ria
559 1855 849 1925 voluptatis
874 1856 1245 1924 expleverunt,
1281 1858 1467 1911 teterni
1494 1857 1725 1911 incendii
1757 1865 2026 1911 tormenta

448 1944 699 1999 tolerare.
732 1945 928 1999 Paulus
947 1947 1108 2000 etiam
1137 1947 1298 2001 dicit:
1357 1965 1375 1997 ι
1410 1946 1464 2000 lu
1495 1946 1820 2000 revelatione
1852 1946 2032 2000 Domi-

450 2037 504 2092 ni
536 2037 701 2091 nostri
736 2036 862 2091 Jesu
895 2038 1096 2092 Christi
1124 2039 1191 2092 de
1232 2038 1370 2092 caelo
1415 2054 1537 2092 cum
1572 2038 1776 2106 angelis
1820 2038 2034 2093 virtutis

452 2125 570 2195 ejus
598 2128 649 2180 in
677 2126 892 2182 flamma
919 2130 1061 2200 ignis
1086 2130 1266 2184 dantis
1300 2130 1593 2183 vindictam
1648 2130 1733 2194 iis,
1784 2130 1873 2199 qui
1928 2145 2034 2184 non

451 2228 719 2272 noverunt
753 2219 942 2284 Deum,
969 2229 1024 2275 et
1052 2222 1142 2290 qui
1172 2237 1278 2274 non
1303 2221 1567 2275 obediunt
1602 2222 1899 2293 Evangelio
1933 2224 2038 2276 Do-

454 2311 588 2364 mini
623 2312 791 2365 nostri
818 2310 943 2365 Jesu
967 2312 1191 2377 Christi,
1221 2313 1310 2383 qui
1344 2329 1531 2383 poenas
1564 2315 1768 2369 dabunt
1801 2315 1853 2368 in
1899 2316 2037 2370 inte-

454 2401 563 2455 ritu
596 2409 829 2455 :cternas
857 2418 885 2457 a
916 2401 1056 2458 facie
1087 2404 1297 2459 Domini
1345 2415 1400 2460 et
1426 2421 1453 2459 a
1486 2405 1652 2475 gloria
1684 2406 1899 2461 virtutis
1924 2407 2039 2477 ejus

459 2491 549 2563 (Il
601 2492 780 2548 Thess.
811 2495 876 2565 l).
937 2517 955 2548 ο
990 2497 1058 2551 Et
1107 2497 1332 2551 iterum:
1399 2516 1417 2547 ι
1471 2497 1750 2552 Terribilis
1792 2500 2038 2567 qna-dam

455 2587 787 2652 exspectatio
810 2587 998 2656 judicii
1031 2599 1085 2643 et
1108 2588 1247 2658 ignis
1274 2589 1568 2653 :cmulatio,
1597 2605 1716 2659 quae
1781 2605 2038 2645 consum-

394 2666 401 2718 ἶ
462 2683 622 2743 ptura
644 2684 725 2728 est
765 2677 1103 2732 adversarios
1130 2678 1315 2749 (Hebr.
1346 2682 1425 2748 ι).
1463 2698 1482 2732 ι
1960 2726 1968 2732 .

468 2807 475 2815 .
528 2765 644 2835 Age
680 2782 830 2836 ergo,
862 2784 983 2822 cum
1025 2769 1090 2822 ad
1122 2769 1250 2823 illud
1283 2769 1530 2823 ultiumm
1583 2769 1848 2838 judicium
1878 2786 2041 2826 vene-

456 2852 651 2916 rimus,
682 2856 750 2908 ab
778 2870 844 2909 eo
875 2857 1084 2912 scilicet
1106 2856 1296 2913 Judice
1323 2857 1625 2927 judicandi,
1663 2860 1755 2928 qui
1802 2875 1900 2914 nec
1931 2860 2040 2913 falli

459 2944 795 2999 occulatione
833 2947 1117 3002 criminum
1162 2957 1357 3018 potest,
1404 2965 1503 3003 nec
1550 2952 1617 3003 ad
1670 2952 2041 3018 impunitatem

458 3034 874 3102 promerendam
916 3039 1155 3091 numeris
1184 3038 1411 3107 alicujus
1434 3038 1705 3092 oblatione
1731 3040 1897 3110 286
1923 3055 2065 3095 (οι-ο.

2133 1854 2278 1908 bitur
2303 1853 2608 1907 sublimitas
2644 1853 2943 1918 hominum,
2993 1863 3047 1907 et
3081 1854 3459 1909 humiliahitur
3494 1855 3721 1909 altitudo

2137 1949 2376 2001 virormn
2421 1955 2475 1999 ct
2501 1946 2809 2001 elevabitnr
2857 1947 3117 2001 Dominus
3145 1946 3291 2002 solus
3331 1947 3383 2001 in
3410 1946 3497 2001 die
3526 1946 3634 2008 illa,
3668 1954 3723 2000 ct

2136 2039 2276 2095 idola
2304 2039 2515 2108 penitus
2539 2047 2915 2094 conterentur:
2948 2047 3002 2093 et
3026 2038 3326 2092 introibant
3352 2038 3403 2091 in
3436 2037 3724 2107 speluncas

2138 2141 2412 2200 petrarum
2440 2141 2496 2185 et
2516 2131 2568 2184 in
2596 2131 2884 2200 voragines
2935 2138 3094 2183 teme
3139 2144 3169 2182 a
3220 2127 3359 2183 facie
3412 2127 3725 2183 formidinis

2137 2221 2348 2276 Domini
2374 2229 2430 2274 et
2458 2236 2486 2273 a
2518 2218 2687 2290 gloria
2724 2217 3020 2287 majestatis
3063 2218 3201 2288 ejus,
3245 2232 3367 2271 cum
3426 2216 3728 2271 surrexerit

2138 2321 2423 2382 percutere
2462 2321 2661 2365 terram
2703 2310 2837 2381 (Ira.
2870 2310 2953 2380 ιι).
3009 2327 3029 2360 ι
3083 2307 3235 2363 Nunc
3273 2316 3498 2377 peccata
3551 2306 3723 2361 delin-

2138 2403 2416 2471 quentium
2444 2401 2614 2465 videt,
2644 2410 2700 2455 et
2724 2408 2880 2463 tacet,
2914 2418 2932 2450 t
2988 2407 3116 2452 tunc
3145 2407 3328 2451 autem
3373 2396 3631 2467 loquetur
3658 2394 3724 2449 ad

2138 2509 2233 2548 eos
2253 2495 2304 2546 in
2323 2493 2400 2546 ira
2424 2509 2543 2556 sua,
2569 2500 2624 2546 et
2653 2493 2706 2546 in
2729 2490 2910 2545 furore
2930 2505 3028 2544 suo
3051 2488 3397 2543 conturbabit
3426 2503 3522 2542 eos
3553 2483 3724 2557 (Psal.

2142 2585 2224 2652 ll),
2255 2602 2274 2635 ι
2305 2582 2445 2637 sicut
2477 2583 2588 2651 ipse
2614 2596 2710 2651 per
2725 2580 3041 2651 pr0phetam
3065 2580 3223 2634 dicit:
3258 2598 3276 2630 ι
3311 2577 3503 2642 Tacui,
3532 2577 3725 2646 inquit,

2141 2692 2360 2746 semper
2400 2677 2546 2740 silui,
2593 2676 2799 2745 patiens
2835 2673 2943 2740 fui,
2998 2674 3138 2728 sicut
3182 2672 3492 2744 parturiens
3538 2670 3729 2741 loquar

2145 2770 2282 2841 (lsa.
2316 2768 2471 2841 xw).
2512 2787 2529 2820 ι
2567 2769 2824 2837 Quisquis
2850 2768 2993 2820 enim
3046 2782 3190 2820 nunc
3226 2765 3458 2820 terrenis
3492 2778 3729 2819 commo-

2144 2861 2228 2915 dis
2285 2860 2478 2922 inhiat,
2536 2859 2784 2927 quisquis
2850 2856 3069 2911 lascivae
3130 2856 3314 2911 carnis
3364 2854 3729 2924 voluptatibus

2143 2951 2405 3020 pascitur,
2438 2957 2563 3003 tunc
2585 2958 2801 3002 aeterna:
2828 2947 3218 3003 combustionis
3268 2948 3390 3016 igne
3437 2959 3725 2999 consume-

2150 3053 2257 3107 tur,
2302 3052 2357 3096 et
2400 3041 2565 3095 divini
2612 3040 2813 3095 furoris
2850 3039 3028 3108 gladio
3067 3037 3432 3092 devorabitnr.
3480 3036 3553 3092 Ut
3588 3036 3729 3089 enim

406 3182 409 3183 ν
460 3124 662 3192 rumpi.
690 3125 823 3180 Cum
849 3128 1111 3196 cmperiut
1137 3130 1315 3183 omnia
1340 3138 1548 3184 secreta
1583 3130 1830 3192 revelari,
1856 3139 1909 3181 et
1935 3143 2042 3182 non
2071 3104 2116 3166 ί)
2147 3134 2414 3202 Propheta
2443 3132 2607 3187 dicit:
2644 3149 2661 3182 ι
2701 3132 2758 3184 In
2786 3132 2910 3206 igne
2949 3129 3048 3184 zeli
3086 3128 3180 3184 Dei
3231 3127 3589 3183 devorabitur
3614 3140 3727 3181 om-

466 3215 639 3271 solum
676 3226 836 3273 actus
870 3234 933 3274 ac
965 3222 1149 3285 verba,
1181 3222 1276 3276 sed
1308 3222 1469 3276 etiam
1526 3223 1655 3292 ipsae
1692 3222 2047 3292 cogitationes

466 3307 698 3373 ostendi,
732 3311 859 3379 quiti
901 3310 1159 3367 faciemus
1195 3314 1293 3367 sub
1327 3314 1692 3383 tantijudicis
1732 3312 2050 3383 majestate?

466 3400 596 3470 quid
622 3402 990 3457 excusationis
1011 3404 1307 3460 obtendere
1335 3406 1668 3475 poterimus?
1698 3423 1801 3475 qua
1832 3422 1930 3460 nos
1957 3407 2049 3460 de-

466 3490 730 3546 fensionis
758 3504 874 3548 arte
901 3496 1286 3566 purgabimns?
1334 3512 1456 3567 qure
1510 3497 1666 3551 nobis
1720 3496 2045 3551 subventum

410 3600 413 3601 '
466 3592 546 3638 est
578 3582 911 3653 pmnitentia,
939 3601 1100 3654 quam
1127 3586 1180 3639 in
1230 3587 1332 3641 hac
1383 3601 1546 3641 carne
1589 3586 2052 3655 contempsimus?

469 3690 590 3746 qua:
619 3691 713 3730 nos
740 3675 1022 3731 defensura
1053 3684 1177 3732 sunt
1205 3692 1366 3746 opera
1395 3677 1554 3742 bona,
1587 3693 1707 3747 quae
1735 3678 1789 3731 in
1815 3679 1915 3732 hac
1941 3678 2047 3731 vita

405 3796 408 3801 -
472 3783 580 3824 non
618 3769 863 3838 egimus?
912 3770 978 3823 ad
1026 3785 1160 3839 quos
1190 3770 1484 3839 apostolos,
1534 3779 1627 3824 aut
1657 3772 1723 3825 ad
1753 3786 1888 3840 quos
1919 3770 2052 3824 alios

470 3868 693 3914 sanctos
738 3859 1065 3931 confugitnri
1099 3876 1316 3924 sumus,
1354 3876 1584 3930 quorum
1616 3861 1860 3930 exempla
1894 3859 2051 3914 simul

471 3963 539 4004 ac
564 3951 724 4004 verba
755 3952 1136 4020 despeximus?
1165 3952 1246 4005 An
1274 3953 1411 4006 forte
1436 3952 1614 4021 aliqua
1671 3968 1729 4006 se.
1783 3950 2051 4022 fragilitas

474 4039 719 4105 corporis
738 4042 1054 4095 excusabit?
1085 4040 1189 4096 Sed
1214 4042 1547 4096 excusationi
1572 4058 1759 4097 eorum
1792 4043 2054 4097 reclama-

476 4127 613 4183 bunt
641 4130 879 4183 omnium
909 4132 1152 4200 exempla
1207 4143 1538 4196 sanctorum,
1578 4134 1668 4202 qui
1707 4133 2051 4202 fragilitatem

410 4240 411 4243 η
475 4221 657 4274 carnis
689 4220 739 4273 in
771 4236 943 4274 carne
973 4223 1268 4286 vincentes,
1316 4239 1434 4291 qua:
1467 4223 1710 4278 fecerunt
1760 4226 1945 4293 utique
1977 4224 2055 4278 fa-

475 4326 601 4366 cere
628 4326 723 4364 nos
753 4326 909 4379 posse
936 4312 1263 4379 docuerunt;
1321 4313 1553 4368 maxime
1604 4314 1728 4383 quia
1776 4330 1900 4369 cum
1954 4333 2054 4372 nec

478 4401 579 4472 ipsi
620 4412 841 4471 peccato
871 4418 965 4456 sua
994 4403 1212 4466 virtute,
1247 4404 1341 4461 sed
1379 4404 1588 4459 Domini
1627 4404 1933 4460 miserantis
1957 4422 2054 4460 au-

479 4495 609 4551 xilio
652 4498 986 4559 restiterunt,
1017 4497 1107 4566 qui
1132 4513 1189 4551 se
1204 4506 1255 4552 et
1288 4513 1392 4553 non
1410 4500 1790 4566 qnmrentibus,
1822 4509 1879 4554 ut
1910 4516 2057 4570 quae-

478 4598 650 4651 ratur,
681 4600 864 4659 atque,
898 4601 955 4645 ut
989 4593 1040 4645 in
1072 4609 1193 4646 eum
1219 4593 1490 4654 credatur,
1523 4593 1796 4659 ostendit;
1842 4602 1898 4648 et
1940 4609 2059 4649 cre-

480 4679 669 4735 lentes
700 4681 750 4734 in
779 4698 837 4735 se
868 4696 934 4735 ne
964 4698 991 4734 a
1019 4692 1239 4751 peccato
1271 4684 1580 4746 vincantur,
1632 4683 1830 4738 invicta
1881 4692 2058 4751 prote-

388 4816 393 4821 .
481 4771 658 4824 etione
683 4770 942 4825 defendit.
966 4772 1102 4837 Quid
1118 4787 1246 4842 ergo
1276 4772 1581 4841 responsuri
1606 4781 1752 4836 Sunt,
1781 4773 1824 4826 si
1848 4774 1926 4827 eis
1950 4773 2057 4826 Do-

486 4862 665 4914 minus
687 4863 863 4917 dicat:
898 4862 952 4918 Si
984 4866 1251 4932 potuistis,
1277 4880 1445 4934 quare
1478 4880 1581 4918 non
1614 4865 1886 4920 restitistis
1917 4866 2061 4920 desi-

487 4952 648 5006 deriis
692 4956 1143 5022 prrcamrmn?si
1174 4972 1278 5010 non
1337 4956 1609 5026 potuistis,
1661 4970 1828 5022 quare
1880 4971 2058 5009 meum

490 5050 675 5078 ρηιιΙνιι
721 5051 997 5078 Itnnnolnm
1030 5059 1134 5078 nnn
1163 5045 1432 5078 l‘llINlc:L":c
1474 5044 1770 5078 nuvilinrn?
1816 5054 1904 5078 nun
1950 5043 2063 5078 nul-

2147 3223 2232 3277 nis
2261 3231 2497 3285 terra,ct
2527 3222 2578 3275 in
2594 3221 2771 3291 gladio
2786 3218 2903 3287 ejus
2917 3220 3094 3274 omnis
3118 3232 3243 3272 caro
3267 3216 3545 3288 (8ορ1ι.,ι).
3571 3236 3589 3266 ι
3623 3214 3731 3267 Illic

2142 3311 2252 3382 jam
2278 3328 2307 3365 a
2340 3311 2567 3364 Domino
2593 3326 2698 3364 non
2748 3319 2922 3379 potest
2954 3308 3152 3363 mereri
3184 3321 3304 3376 qua:
3332 3305 3490 3375 petit,
3520 3303 3614 3373 qui
3648 3303 3731 3357 hic

2149 3405 2317 3460 noluit
2337 3404 2498 3474 287
2523 3404 2709 3459 audire
2730 3403 2874 3473 quod
2896 3402 3076 3471 jussit.
3104 3400 3144 3455 A
3169 3400 3368 3469 quibus
3388 3398 3534 3451 enim
3551 3397 3730 3451 divina

2149 3511 2251 3549 vox
2285 3496 2339 3550 in
2366 3496 2467 3549 hac
2490 3495 2596 3548 vita
2627 3494 2942 3564 despicitur,
2978 3502 3104 3546 tunc
3151 3490 3281 3544 falsa
3322 3504 3511 3544 eorum
3562 3486 3734 3540 humi-

2151 3586 2275 3641 litas
2304 3600 2426 3641 cum
2465 3585 2717 3654 precibus
2737 3593 2862 3657 ante
2885 3582 3111 3652 januam
3151 3581 3382 3635 veniens
3424 3593 3533 3632 non
3582 3577 3733 3631 audi-

2150 3686 2256 3743 tur,
2286 3679 2380 3732 scd
2407 3676 2601 3730 dicitur
2635 3675 2772 3730 illis:
2811 3696 2829 3726 ι
2861 3673 3052 3729 Nescio
3081 3687 3205 3739 vos;
3235 3673 3329 3737 ite,
3355 3672 3651 3735 maledicti,
3681 3670 3731 3722 in

2152 3769 2326 3837 ignem
2368 3777 2649 3832 aeternum,
2702 3768 2793 3839 qui
2825 3775 3044 3837 paratus
3082 3775 3163 3820 est
3212 3764 3425 3820 diabolo
3450 3774 3505 3818 et
3532 3763 3733 3832 angelis

2151 3857 2506 3927 ejus(MauIt.
2548 3859 2695 3925 xxv).
2737 3878 2755 3909 ›
2796 3858 2860 3911 Ει
2894 3858 3088 3911 iterum
3138 3855 3397 3910 Dominus
3446 3869 3546 3922 per
3588 3852 3732 3906 Salo-

2154 3963 2367 4002 nionem
2395 3948 2525 4002 dicit
2558 3965 2571 4000 :
2603 3965 2621 3999 t
2647 3945 2867 4011 Vocavi,
2895 3954 2947 4000 et
2976 3944 3247 4007 rennistis,
3275 3945 3492 3998 extendi
3520 3957 3732 3996 manum

2154 4027 2351 4102 meam,
2385 4046 2439 4092 ct
2479 4053 2584 4092 non
2624 4037 2723 4091 fuit
2749 4038 2837 4105 qui
2858 4036 3156 4105 aspiceret;
3206 4033 3530 4102 despexistis
3580 4047 3735 4086 omne

2155 4129 2460 4191 consilium,
2507 4137 2562 4182 et
2608 4128 3008 4197 increpationes
3047 4140 3196 4180 meas
3239 4125 3586 4194 ncglexistis;
3641 4139 3733 4194 ego

2155 4236 2368 4290 quoque
2428 4223 2479 4275 in
2532 4221 2751 4275 interitu
2805 4228 2983 4274 vestro
3011 4219 3215 4282 ridebo,
3256 4226 3310 4272 et
3371 4216 3731 4278 subsannabo,

2155 4328 2279 4367 cum
2312 4313 2463 4367 vobis
2503 4312 2554 4367 id
2589 4313 2731 4381 quod
2761 4312 3034 4365 timebatis
3078 4309 3377 4372 advenerit,
3407 4324 3532 4363 cum
3573 4310 3735 4361 irrue-

2157 4406 2230 4460 rit
2262 4403 2540 4475 repentina
2569 4404 2867 4466 calamitas,
2901 4411 2956 4457 et
2988 4402 3237 4456 interitus
3266 4400 3419 4470 quasi
3451 4407 3733 4467 tempestas

2161 4496 2457 4565 ingruerit;
2500 4496 2717 4564 quando
2756 4494 2965 4547 venerit
2999 4508 3163 4561 super
3214 4507 3311 4546 vos
3369 4491 3647 4544 tribulatio
3686 4498 3735 4543 et

2162 4589 2429 4659 angustia.
2473 4588 2621 4642 Tunc
2673 4587 3131 4647 invocahuntme,
3165 4591 3219 4637 et
3267 4598 3373 4637 non
3419 4582 3733 4646 exaudiam;

2163 4696 2322 4734 tuane
2347 4686 2697 4748 consurgent,
2724 4686 2779 4731 et
2816 4692 2919 4729 non
2949 4674 3225 4728 invenient
3271 4687 3357 4725 me
3404 4669 3590 4742 (Prov.
3624 4670 3680 4741 l).
3713 4688 3735 4721 ι

2162 4771 2219 4826 In
2250 4787 2356 4840 quo
2381 4786 2508 4839 ergo
2538 4766 2890 4822 conﬁdimus“
2924 4767 3010 4819 ubi
3036 4779 3182 4833 spem
3212 4761 3575 4832 adipiscendae
3604 4760 3735 4814 salu-

2168 4866 2236 4917 tis
2287 4861 2587 4916 habemus?
2652 4860 2892 4927 nunquid
2941 4859 2994 4911 in
3043 4855 3393 4926 pecuniarum
3457 4853 3736 4915 thesauris,

2168 4954 2304 5022 quos
2334 4952 2384 5004 in
2439 4965 2564 5003 arca
2623 4947 3006 5002 recondimus?
3045 4945 3285 5013 nunquid
3332 4944 3384 4997 in
3438 4943 3737 4996 divitiarum

2171 5043 2380 5078 nmnnnl
2395 5043 2439 5078 ἕ·-

2526 5058 2661 5078 nunc
2712 5041 3038 5078 ἶηΙι-ἷιιρριιιιε
3088 5039 3240 5078 ι’ςιριιῖ
3324 5036 3469 5078 male
3515 5035 3740 5078 ρςιρι-ἱιις
