3950 5344
141 209 214 264 l8l
1339 195 1538 262 LIBER
1571 205 1912 272 OCTAVUS,
1953 205 2168 261 EPIST.
2215 203 2284 262 Χ.

3278 213 3396 266 “Si

141 321 484 378 .cstimonium
507 317 660 374 vobis
679 316 806 384 erit,
832 325 886 374 et
906 318 1464 374 manducabitcarnes
1489 327 1698 374 vestras
1727 327 1770 384 Α
1804 327 1922 374 ruet
1971 318 2022 372 in
2083 317 2280 372 malum
2329 316 2514 389 (Prov.
2571 318 2782 392 xxviii).
2828 340 2847 374 ι
2885 320 3142 393 Legimus
3197 331 3392 380 autem

141 416 252 471 sicut
279 412 418 482 ignis
439 429 452 442 ·
475 407 884 466 thesahrizastis
919 411 1062 466 enim
1089 412 1240 466 vobis
1270 413 1404 466 iram
1439 413 1490 466 in
1525 411 1706 466 novis-

140 505 268 559 simis
314 505 526 556 diebus.
567 521 585 552 ι
618 503 680 556 Ει
715 501 872 571 paulo
904 512 1056 571 post:
1097 522 1116 554 ι
1163 503 1370 571 Epulati
1395 503 1528 556 estis
1545 515 1708 570 super

140 603 413 656 terram,et
453 593 506 645 in
541 593 768 648 luxuriis
795 594 1080 648 euutristis
1117 596 1280 647 corda
1329 603 1508 648 vestra
1557 592 1700 662 (Jac.

139 689 198 758 v).
233 709 250 740 ι
278 687 374 740 Eat
407 703 554 742 nunc
586 689 770 742 infelix
801 690 982 753 homo,
1037 701 1092 744 et
1123 689 1286 744 ﬂuxui
1319 691 1554 746 carnalis
1583 692 1702 745 ille-

140 780 285 834 cebra'.
305 779 586 832 enerviter
616 781 798 842 cedat,
828 795 988 848 quem
1019 781 1360 850 postmodum
1385 781 1700 838 barathrum

140 867 426 938 gehennalis
461 869 700 922 incendii
732 869 1048 938 pestilenter
1076 870 1386 936 absorbent,
1433 872 1484 924 in
1515 875 1700 928 corni-

141 967 219 1012 bus
241 973 294 1010 se
319 958 590 1025 superbiae
617 973 760 1012 nunc
783 969 1100 1029 arroganter
1121 959 1363 1024 extollat,
1399 971 1458 1014 ut
1489 969 1618 1016 tunc
1643 965 1698 1019 in

141 1057 308 1100 eterna
337 1057 517 1102 morte
575 1050 901 1104 constrictus
929 1051 1308 1105 immortaliter
1347 1052 1514 1106 vivat.
1560 1051 1700 1120 Quid

143 1136 262 1189 enim
289 1137 534 1206 prodest,
575 1139 620 1192 si
653 1139 808 1193 hodie
839 1149 990 1193 satur
1015 1151 1224 1195 eructet
1251 1143 1304 1195 in
1335 1144 1613 1210 convivio;
1641 1153 1700 1200 et

141 1243 240 1282 cras
266 1237 504 1283 marceat
535 1228 734 1284 fetidus
759 1231 812 1284 in
853 1231 1304 1301 sepulcro‘iQnid
1331 1235 1506 1304 juvat,
1555 1236 1600 1291 si
1639 1252 1700 1292 se

141 1319 271 1373 hodie
311 1320 604 1388 purpureis
655 1321 896 1375 vestibus
924 1321 1129 1384 induat,
1161 1333 1214 1376 et
1245 1337 1370 1378 cras
1393 1339 1598 1394 pauper
1643 1334 1700 1380 et

144 1412 286 1465 nudus
331 1412 398 1464 ad
457 1412 672 1466 inferna
713 1414 1038 1468 descendat?
1077 1413 1214 1478 Heu,
1253 1416 1358 1470 heu
1389 1418 1518 1486 quid
1571 1429 1698 1474 tunc

143 1503 293 1556 dicent
337 1503 546 1564 miseri,
577 1517 700 1556 cum
730 1519 788 1558 se
835 1505 1069 1558 viderint
1100 1514 1156 1560 et
1182 1507 1320 1560 bona
1375 1511 1696 1578 temporalia

145 1593 616 1662 irrecuperabilitcr
669 1596 938 1660 amisisse,
991 1605 1048 1650 et
1107 1597 1246 1651 mala
1297 1598 1400 1652 sibi
1437 1608 1696 1670 perpetua

1807 413 1932 482 quia
1955 427 2120 480 nemo
2166 421 2342 481 potest
2391 412 2662 482 corrigere
2691 429 2850 482 quem
2887 415 3027 470 Deus
3077 413 3392 486 despexerit

1807 501 2034 572 (Eccles.
2067 506 2181 570 vti).
2217 501 2386 554 llomo
2409 501 2674 570 siquidem
2705 503 2908 556 homini
2949 505 3180 558 inaniter
3205 505 3384 574 loqui-

1805 601 1910 658 tur,
1935 594 1978 646 si
2005 608 2098 662 per
2127 595 2474 661 semetipsum
2511 594 2652 646 Deus
2705 594 2936 649 interius
2975 612 3078 648 non
3111 597 3382 665 loquatur.

1803 683 1882 738 Tu
1915 697 2115 744 autem,
2141 686 2468 740 charissime
2497 687 2688 749 frater,
2741 689 3037 742 secundum
3089 689 3387 757 prudentia:

1805 783 1908 830 tuae
1943 777 2212 846 ingenium
2245 778 2340 832 tibi
2371 777 2628 831 divinitus
2657 777 2864 844 datum,
2895 779 3056 832 vitam
3087 789 3230 832 tuam
3259 779 3386 832 sob-

1803 867 1970 921 tiliter
1999 868 2233 933 discute,
2263 867 2404 922 facta
2437 879 2522 922 tua
2556 881 2772 936 semper
2819 878 2945 922 ante
2985 867 3172 922 oculos
3221 883 3381 936 pone,

1801 957 1894 1012 Dei
1913 955 2175 1025 judicium
2207 959 2558 1028 pertimesco;
2587 959 2774 1026 sicque
2801 967 2854 1012 te
2884 962 3120 1028 undique
3147 959 3382 1014 soilicita

1798 1051 2106 1120 provisione
2161 1051 2552 1120 circumspice,
2597 1059 2654 1104 ut
2700 1066 2819 1104 cmn
2863 1050 3033 1120 judex
3081 1051 3382 1115 advenerit,

1799 1155 1906 1196 non
1933 1142 2316 1204 dormientem,
2341 1143 2434 1196 sed
2465 1141 2794 1207 vigilantem,
2831 1150 3014 1194 etnon
3041 1157 3164 1196 cum
3197 1141 3386 1210 fatuis,

1799 1234 1894 1290 sed
1941 1251 2064 1288 cum
2113 1234 2468 1304 prudentibus
2511 1241 2563 1287 te
2589 1231 2760 1286 valeat
2803 1233 3384 1303 virginibusinvenire,

1799 1335 2068 1396 quatenus
2105 1327 2232 1380 dum
2273 1341 2414 1380 nunc
2465 1326 2578 1394 ipse
2628 1333 2752 1378 tuus
2791 1323 2958 1392 judex
2991 1323 3252 1388 elliceris,
3282 1337 3384 1396 ne?

1797 1431 2068 1486 quaquam
2097 1417 2742 1486 postmodumjmliceris:
2777 1424 2830 1468 et
2855 1425 2978 1468 tunc
3006 1416 3140 1470 nihil
3161 1417 3385 1472 omnino

1801 1505 2014 1568 timeas,
2049 1507 2140 1574 qui
2173 1507 2332 1559 modo
2364 1506 2552 1558 timere
2583 1521 2688 1558 n0u
2717 1519 2920 1558 cessas.
2964 1503 3070 1558 Sed
3123 1507 3382 1574 quoniam

1799 1598 1938 1667 apud
1967 1606 2020 1652 te
2045 1599 2166 1666 plus
2189 1597 2414 1652 forsitan
2443 1596 2668 1666 proficio
2694 1597 2858 1649 Deum
2891 1597 3183 1664 precando,
3217 1610 3384 1666 quam

145 1681 493 1736 inevitahihter
521 1683 851 1736 imminere?
877 1684 1006 1749 Quae
1055 1693 1180 1739 tunc
1231 1685 1332 1740 illis
1371 1701 1523 1742 mens
1569 1689 1694 1754 erit,
1727 1683 1774 1742 B
1805 1696 1856 1741 te
1880 1689 2240 1755 praedicando,
2273 1687 2615 1755 onmipotens
2641 1685 2782 1739 Deus
2823 1693 2892 1750 te,
2923 1685 3094 1740 frater
3123 1683 3387 1738 charissi-

149 1790 246 1828 cnm
296 1773 526 1828 viderint
587 1783 798 1844 tempus
845 1777 1196 1845 acceptabile,
1225 1788 1280 1832 et
1311 1777 1452 1832 diem
1507 1779 1702 1834 salutis

145 1864 212 1934 {ll
235 1865 346 1918 Cor.
375 1865 450 1935 vt)
481 1865 702 1934 penitus
732 1864 1004 1922 ellluxisse
1025 1879 1078 1921 et
1109 1867 1236 1922 illud
1256 1877 1466 1938 tempus
1491 1871 1700 1934 adesse,

147 1971 188 2008 ιη
213 1970 306 2024 quo
333 1955 464 2008 nihil
519 1955 653 2009 boni
707 1955 912 2021 facere,
964 1957 1166 2010 nullum
1227 1959 1546 2027 perditionis
1591 1977 1703 2016 sua:

149 2045 402 2098 remedium
455 2045 680 2098 valeant
736 2047 1014 2100 invenire?
1067 2047 1240 2112 Quam
1287 2064 1472 2102 amara
1513 2063 1702 2104 eorum

149 2137 454 2200 conscientia,
488 2153 658 2206 quam
691 2137 886 2192 ﬂebilis
922 2154 1110 2192 eorum
1151 2141 1352 2208 poterit
1398 2157 1520 2196 esse
1569 2159 1702 2212 que-

149 2231 258 2284 rela!
300 2251 316 2282 ι
357 2231 508 2286 Tunc
538 2233 708 2296 enim,
746 2235 888 2288 sicut
915 2235 1174 2290 Salomon
1227 2236 1451 2304 fatetur,
1485 2239 1695 2305 flentes,

147 2331 296 2390 etpm
319 2323 572 2392 angustia
617 2323 841 2392 spiritus
867 2335 1166 2395 gementes,
1203 2327 1418 2382 dicent:
1477 2329 1700 2383 Erravi-

149 2429 240 2467 mus
257 2429 282 2467 a
304 2416 382 2467 via
407 2415 680 2480 veritatis,
703 2425 757 2469 et
773 2417 1000 2486 justitiae
1025 2418 1204 2472 lumen
1230 2435 1334 2472 non
1359 2419 1494 2472 luxit
1517 2421 1694 2486 nobis,

149 2513 188 2558 et
209 2505 276 2558 sol
301 2505 672 2576 intelligentia:
700 2523 803 2560 non
832 2518 916 2562 est
949 2517 1104 2562 ortus
1133 2511 1289 2564 nobis
1309 2551 1324 2574 ,
1379 2511 1562 2566 lassati
1601 2529 1692 2565 su-

149 2609 241 2648 mus
263 2595 310 2650 in
334 2597 414 2649 via
439 2598 748 2667 iniquitatis
776 2607 828 2651 et
854 2600 1190 2668 perditionis,
1217 2611 1271 2654 et
1297 2601 1694 2656 ambulavimus

147 2687 238 2739 vias
277 2687 530 2752 dilliciles,
595 2690 740 2742 viam
802 2701 980 2746 autem
1030 2691 1238 2745 Domini
1295 2692 1688 2762 ignoravimus.

150 2775 260 2839 Quid
309 2778 456 2832 nobis
503 2779 715 2847 profuit
751 2781 1023 2849 superbia,
1085 2791 1176 2834 aut
1214 2782 1340 2850 quid
1381 2783 1692 2836 divitiarum

148 2870 350 2934 lactantia
382 2869 620 2925 contulit
649 2871 841 2925 nobis?
868 2871 1226 2926 Transierunt
1251 2873 1432 2924 omnia
1463 2873 1553 2926 illa
1584 2883 1693 2926 tan-

147 2951 272 3024 quam
315 2961 517 3025 umbra,
557 2969 612 3014 et
667 2969 925 3030 tanquam
966 2961 1186 3014 nuntius
1224 2975 1584 3029 praecurrens,
1635 2973 1690 3016 et

1805 1797 1914 1845 me,
1945 1789 2001 1836 et
2031 1795 2174 1834 nunc
2207 1781 2260 1832 in
2289 1779 2432 1832 viam
2457 1778 2683 1846 iustitiae
2718 1775 3141 1832 misericorditer
3165 1776 3382 1846 dirigat,

1803 1881 1856 1926 et
1883 1871 2252 1926 iit-tremendo
2277 1887 2376 1926 suo
2395 1871 2601 1940 judicio
2633 1886 2754 1924 cum
2781 1869 2970 1926 electis
2997 1871 3064 1924 ad
3095 1870 3384 1926 dexteram

1803 1965 1993 2036 positis
2019 1973 2230 2034 partem
2262 1965 2462 2018 habere
2509 1965 2792 2018 concedat.

2365 2074 2700 2130 EPISTOLA
2727 2075 2816 2128 IX.

2196 2181 2264 2218 AD
2289 2181 2610 2220 BONIFACIUM
2635 2181 2998 2226 CAUSIDICUII.,
3351 2179 3364 2202 ί

2033 2255 2300 2327 (Habetur
2323 2269 2450 2312 tom.
2483 2259 2602 2322 III,
2633 2272 2810 2329 estque
2845 2275 3020 2328 opusc.
3053 2258 3168 2330 58.)

2369 2367 2702 2422 EPISTOLA
2741 2367 2806 2420 Χ.

2155 2474 2224 2512 ΑΒ
2241 2473 2477 2512 NORICUM
2504 2472 2682 2511 ιεϐυιι
2721 2471 3026 2510 DOCTOREM.

1795 2545 2188 2602 Ancuucarua.
2214 2578 2283 2587 —
2312 2547 2680 2600 llortatnruta
2711 2545 2945 2613 pet-jutio
2975 2553 3185 2608 caveat,
3213 2547 3376 2615 quod,

1865 2629 2192 2686 utprzeslare
2215 2627 2406 2685 possut,
2437 2619 2650 2672 suadet,
2675 2617 3378 2686 utajurejurandoontnino

1871 2685 2161 2749 abstineat,
2200 2703 2419 2755 remque
2445 2687 2613 2753 ipsam
2651 2685 3162 2754 simphriter,juxta
3213 2701 3380 2738 evan-

1861 2758 2084 2824 gelicum
2105 2760 2424 2818 doctrinam,
2459 2766 2548 2808 aut
2577 2755 2825 2818 allirntet,
2857 2764 2947 2807 aut
2975 2769 3150 2822 neget.
3176 2756 3377 2809 Deinde

1861 2831 1926 2879 ad
1955 2828 2308 2896 elecmosynae
2331 2827 2565 2896 studium
2599 2825 2743 2877 illum
2771 2825 3103 2878 inflammare
3129 2836 3376 2896 Conatur,

1785 2889 1796 2904 ⁸
1859 2896 1984 2949 dum
2005 2889 2282 2961 utilitates,
2313 2913 2448 2966 quas
2473 2895 2658 2949 eadem
2691 2897 2803 2949 suis
2832 2897 3166 2950 amatoribus
3193 2889 3371 2962 allert,

1862 2977 2166 3020 ettuuterat.

149 3056 357 3119 tauquam
394 3054 575 3116 navis,
601 3069 720 3121 qua:
747 3054 1043 3122 pertransit
1071 3051 1420 3106 ﬂuctuantem
1463 3069 1683 3122 aquam,
1715 3035 1759 3096 (ἶ
1865 3055 2030 3124 289
2057 3055 2260 3110 Domno
2289 3055 2500 3110 Momco
2525 3056 2945 3124 prudentissimo
2962 3053 3128 3124 judici
3157 3055 3373 3112 PETRUS

149 3136 283 3204 cujus,
307 3156 420 3195 cum
447 3141 796 3210 praeterierit,
819 3157 924 3195 non
952 3150 1036 3196 est
1085 3143 1368 3212 vestigium
1421 3142 1687 3206 invenire,

149 3243 282 3297 neque
305 3233 550 3285 semitam
573 3233 770 3286 carinae
801 3231 943 3286 illius
993 3233 1048 3286 in
1089 3232 1372 3299 ﬂuctibus;
1436 3242 1530 3286 aut
1570 3243 1690 3287 tan-

147 3333 272 3385 quam
307 3321 432 3386 avis,
489 3338 618 3392 qua:
661 3307 1060 3391 pertransvolat
1111 3322 1164 3375 in
1217 3335 1420 3386 aerem,
1483 3322 1690 3376 nullum

147 3409 374 3466 invenitur
429 3425 812 3483 argumentum
861 3415 1072 3469 itineris
1121 3413 1284 3480 illius,
1336 3415 1428 3468 sed
1479 3424 1688 3468 tantmn

147 3501 314 3555 sonitus
335 3513 412 3557 est
437 3505 520 3558 ala
533 3521 650 3558 rum
675 3505 970 3559 verberans
994 3505 1164 3558 levem
1197 3512 1440 3566 ventum,
1463 3513 1516 3556 et
1554 3504 1691 3556 scin-

146 3589 246 3645 dens
271 3594 426 3665 288
451 3611 553 3664 per
579 3597 719 3650 viam
755 3597 962 3650 itineris
1009 3611 1206 3658 aerem,
1253 3595 1541 3649 commotis
1593 3594 1691 3648 alis

147 3688 557 3750 transvolavit,et
601 3699 722 3756 post
749 3688 850 3742 hoc
901 3686 1104 3740 nullum
1151 3687 1362 3756 signum
1419 3685 1692 3739 imenitur

147 3773 319 3832 itineris
341 3778 488 3845 ejus:
517 3789 616 3833 ant
651 3789 906 3847 tanquam
931 3773 1127 3849 sagitta
1168 3779 1365 3833 emissa
1417 3778 1469 3831 in
1511 3777 1690 3831 locum

147 3867 451 3934 destinatum,
481 3873 690 3924 divisus
719 3885 810 3923 aer
835 3873 1088 3924 continuo
1117 3870 1168 3922 in
1207 3883 1266 3923 se
1307 3868 1555 3923 reclusus
1584 3877 1688 3931 est,

146 3967 186 4008 et
209 3959 464 4026 ignoratur
487 3961 752 4014 transitus
782 3961 953 4022 illius;
979 3959 1058 4012 sic
1087 3967 1142 4012 et
1165 3973 1262 4012 nos
1291 3959 1402 4010 nati
1432 3959 1690 4011 continuo

147 4047 396 4104 desivimns
429 4065 568 4110 esse,
601 4059 656 4104 et
687 4051 902 4104 virtutis
950 4051 1170 4118 quidem
1222 4049 1433 4118 signum
1481 4048 1688 4102 nullum

145 4137 370 4196 valuimus
423 4143 744 4206 ostendere;
787 4142 841 4196 in
887 4142 1222 4213 malignitate
1273 4151 1452 4194 autem
1503 4150 1688 4195 nostra

147 4233 406 4299 consumpti
453 4247 641 4287 sumus
689 4233 843 4302 (Sap.
905 4238 979 4303 ν).
1041 4251 1060 4283 ι
1120 4231 1270 4285 Talia
1325 4232 1582 4286 dixerunt
1635 4232 1688 4286 in

147 4312 321 4372 inferno
347 4321 380 4373 ii
401 4322 491 4390 qui
530 4335 628 4391 pec
662 4331 912 4386 avet-unt,
939 4323 1194 4392 quoniam
1226 4335 1350 4388 spes
1381 4321 1528 4389 impii
1566 4329 1687 4374 tan-

149 4419 280 4474 quam
309 4411 499 4482 lanugo
528 4424 634 4479 est,
663 4429 784 4484 qua:
821 4431 850 4468 a
877 4423 1040 4468 vento
1066 4413 1291 4474 tollitur,
1325 4421 1382 4467 et
1433 4423 1688 4481 tanquam

149 4510 303 4566 spuma
351 4503 585 4573 gracilis,
619 4519 740 4572 quae
779 4520 806 4556 a
833 4503 1065 4574 procella
1116 4503 1466 4573 dispergitur,
1493 4513 1546 4557 et
1577 4515 1692 4556 tan-

149 4603 279 4655 quam
309 4594 503 4656 fnmns,
535 4597 624 4665 qtti
661 4613 690 4648 a
723 4605 884 4650 vento
911 4595 1138 4649 dill'usus
1185 4604 1294 4660 est,
1326 4604 1380 4650 et
1430 4604 1688 4664 tanquam

151 4685 368 4738 memoria
397 4688 624 4756 hospitis
651 4688 812 4741 unius
833 4687 938 4740 diei
971 4687 1368 4755 praetereuntis.

205 4773 384 4832 Idcirco
418 4791 620 4841 autem,
653 4780 997 4840 charissime,
1041 4795 1146 4834 non
1193 4789 1301 4832 tam
1350 4792 1470 4832 mea
1521 4778 1684 4832 verba

154 4877 282 4930 quam
307 4871 440 4922 sacri
478 4871 673 4942 eloquii
703 4871 796 4925 tibi
841 4870 1092 4938 exempla
1143 4887 1406 4941 propono,
1453 4882 1512 4924 ut
1555 4879 1612 4923 et
1641 4871 1685 4924 si

153 4971 220 5012 me
245 4964 428 5016 rustice
451 4964 502 5017 lo
525 4977 752 5032 utentem
801 4966 962 5035 digne
989 4965 1160 5031 possit
1193 4965 1478 5034 prudentia
1511 4971 1688 5018 vestra

1719 4380 1768 4438 D

1793 3158 2044 3216 peccator
2069 3147 2365 3200 monachus
2391 3147 2618 3200 salutem
2651 3147 2702 3200 in
2739 3147 2985 3200 Domino.

1863 3236 1996 3302 Quia
2023 3236 2253 3290 debilem
2289 3245 2358 3297 te,
2393 3236 2741 3290 dilectissime
2769 3277 2784 3300 ,
2829 3252 2892 3290 ac
2933 3247 3148 3290 teneros
3179 3249 3376 3290 nervos

1793 3327 2064 3380 interioris
2112 3327 2345 3380 hominis
2377 3328 2484 3380 tuis
2521 3327 2818 3380 visceribus
2850 3327 3028 3380 inesse
3072 3324 3373 3393 conspicio,

1793 3416 2022 3484 plurima
2060 3415 2464 3483 Scripturarum
2517 3426 2780 3484 prmeritta
2824 3427 3114 3484 praetereo,
3154 3430 3218 3468 ac
3257 3429 3376 3482 pcr-

1790 3505 1922 3558 exili
1956 3504 2088 3558 falce
2125 3515 2432 3568 contentus,
2481 3521 2643 3572 grave
2671 3505 2878 3572 pondus
2917 3505 3023 3557 tuis
3072 3504 3374 3558 cervicibus

1793 3611 1898 3650 non
1951 3595 2186 3664 impono.
2237 3597 2320 3659 Et,
2371 3605 2429 3648 ιιι
2467 3598 2628 3650 rebus
2669 3597 2799 3662 ipsis
2833 3601 3118 3648 verborum
3151 3608 3370 3662 quoque

1793 3689 2176 3756 com-pendium
2221 3698 2519 3756 congruat,
2553 3688 2670 3740 lucc
2707 3689 2894 3738 eadem
2924 3701 3112 3754 pauca,
3145 3699 3263 3752 quae
3292 3684 3380 3754 ju-

1793 3779 1918 3843 beo,
1955 3781 2226 3832 succincta
2259 3777 2606 3831 nihilominus
2635 3777 2896 3828 brevitate
2947 3774 3270 3844 perstringo,
3312 3781 3376 3828 ut

1793 3887 1952 3937 quem
1976 3886 2203 3940 gravare
2235 3879 2415 3922 metuo
2445 3867 2773 3936 ponderibus
2801 3881 2998 3930 rerum,
3033 3866 3084 3918 in
3115 3867 3213 3920 hoc
3239 3881 3374 3935 quo-

1796 3977 1902 4031 que
1927 3961 2192 4016 debilitati
2221 3970 2322 4012 tuae
2354 3959 2699 4027 prospiciam,
2727 3957 2852 4009 dum
2885 3965 3007 4008 utor
3033 3955 3196 4008 etiam
3246 3957 3376 4011 bre-

1793 4055 1957 4106 vitate
2011 4065 2342 4106 sermonum.
2395 4049 2592 4102 llortor
2653 4049 2848 4115 igitur,
2897 4045 3267 4111 dilectissime,
3319 4055 3377 4100 et

1793 4145 2114 4199 charitatctn
2177 4152 2322 4194 tuam
2385 4147 2694 4196 reverenter
2753 4137 3055 4200 admoneo,
3113 4147 3379 4204 quatenus

1793 4242 1847 4288 et
1898 4229 2257 4301 jnratnentis,
2289 4243 2410 4296 qua:
2439 4245 2466 4280 a
2505 4228 2607 4280 tuis
2646 4225 3061 4295 corregionariis
3109 4225 3374 4293 sacrilego

1795 4324 1900 4377 ritu
1947 4321 2380 4389 frequentantur,
2425 4317 2698 4378 abstineas
2731 4325 2787 4368 et
2817 4315 3176 4384 indigentibus
3219 4313 3378 4368 refri-

1795 4415 1942 4485 geria
1974 4413 2309 4475 ministrare,
2345 4411 2398 4464 in
2428 4417 2690 4478 quantum
2719 4406 2952 4459 facultas
2979 4405 3234 4474 suppetit,
3267 4419 3376 4456 non

1795 4505 2038 4559 omittas.
2071 4503 2152 4556 Ab
2195 4517 2302 4554 uno
2334 4501 2500 4570 igitur
2546 4500 2739 4552 borum
2789 4506 2838 4550 te
2868 4495 3006 4548 velut
3031 4495 3123 4562 .ab
3176 4493 3375 4550 hiantis

1795 4595 2044 4652 barathri
2097 4593 2472 4646 Submcrsione
2521 4589 2816 4659 prohibeo;
2863 4587 2930 4640 ad
2979 4586 3142 4638 alium
3196 4594 3376 4638 autem

1795 4697 2052 4754 tanquam
2085 4685 2150 4737 ad
2176 4699 2357 4738 arcem
2385 4693 2548 4750 atque
2575 4681 2847 4751 fastigium
2878 4676 3170 4732 salutifera:
3199 4676 3377 4730 muni-

1769 4779 1961 4834 ~ti0nis
1987 4777 2222 4846 itnpello.
2254 4795 2272 4827 ι
2313 4775 2694 4844 Eleemosyna,
2729 4794 2748 4826 ι
2783 4769 3066 4840 siquidem,
3102 4781 3161 4823 ut
3187 4769 3384 4822 Tobias

1795 4873 1870 4926 ait
1904 4889 1922 4921 ι
1957 4870 2026 4924 ab
2055 4869 2199 4922 omni
2231 4878 2456 4938 peccato
2473 4873 2527 4918 et
2566 4880 2596 4917 a
2630 4875 2804 4920 morte
2831 4862 3045 4924 liberat,
3074 4869 3132 4914 et
3161 4877 3267 4914 non
3289 4873 3383 4927 pa—

1797 4965 1964 5018 tietur
1994 4961 2228 5013 animam
2257 4961 2336 5012 ire
2369 4958 2420 5047 in
2441 4955 2697 5010 tenebras
2727 4952 2876 5026 (Tob.
2907 4949 3004 5022 tv).
3038 4967 3056 4999 ι
3097 4951 3230 5014 Sed,
3251 4947 3390 5001 uide

1790 5053 2140 5126 jnramentis,
2167 5054 2308 5106 sicut
2339 5037 2618 5119 prtemissa
2653 5061 2801 5112 sunt,
2827 5044 2978 5113 prius
3010 5047 3254 5099 breviter
3285 5037 3396 5126 elo-‘

1793 5121 1952 5217 quur,
1971 5139 2612 5211 quisquisjusjurandum]
2641 5142 2896 5210 pejerans
2919 5132 3110 5194 molat,
3137 5151 3170 5188 a
3200 5121 3397 5187 Christi

1794 5216 1853 5295 se
1881 5247 2128 5302 corpore,
2151 5232 2304 5300 quasi
2325 5244 2420 5298 per
2435 5227 2715 5295 quoddam
2731 5222 3086 5282 abscissionis
3112 5216 3398 5276 tlissi-iit'll‘

2879 5313 3156 5344 “nn-undi"
3187 5309 3400 5344 n‘lﬂllnl.

153 5047 408 5118 despicere,
438 5054 517 5106 vel
545 5065 846 5109 sanctorum
883 5052 1196 5107 testimonia
1235 5054 1492 5106 divinitus
1521 5053 1690 5122 inspi-

107 5209 120 5214 ί
155 5149 244 5192 rata
271 5159 367 5198 non
419 5145 727 5213 dedignetnr
757 5144 967 5199 audire.
1001 5141 1108 5196 Has
1149 5147 1327 5216 igitur,
1363 5144 1533 5198 frater
1561 5149 1691 5198 cha-

154 5232 346 5298 rissime,
371 5235 648 5307 pluresque
677 5238 802 5290 alias
837 5249 1011 5290 sacra:
1058 5233 1354 5306 Scripturee
1394 5237 1690 5290 sententias

153 5319 256 5344 ιη.--
413 5328 447 5344 .·
511 5337 520 5344 .
811 5329 820 5338 ι
911 5341 916 5344 .
967 5323 1082 5344 ..-ιιι
1353 5330 1362 5338 -
1411 5337 1424 5344 -
1525 5326 1546 5344 ι·
1581 5327 1592 5344 l

2315 5321 2565 5344 _.....l....:n
2597 5321 2668 5344 I.-.
