3950 5344
533 268 641 327 ιεδ

1109 269 1164 324 S.
1198 268 1402 325 PETRI
1441 269 1723 326 DAMIANI
1760 269 1911 328 OPP.
1939 270 2120 327 PARS
2156 270 2284 327 SEU
2327 271 2564 328 TOMUS
2605 273 2642 327 l.
2683 304 2750 314 —
2783 275 3001 332 EPIST.
3046 275 3170 333 LIB.
3202 278 3335 336 Vill.

3700 285 3794 339 ιει

535 407 648 463 Deo
679 404 993 476 interposita
1021 403 1332 460 conditione
1357 402 1671 475 paciscitur,
1693 415 1756 460 ut
1775 406 1820 460 si
1843 408 2108 477 promissa
2137 413 2184 471 Α
2212 406 2480 479 legatores
2518 407 2817 475 accedunt,
2850 413 3104 468 causidici
3146 422 3512 485 perstrepunt,
3551 428 3796 474 movetur

535 513 644 553 non
667 497 908 567 impleat,
931 511 961 550 a
987 495 1119 561 Deo,
1132 495 1216 551 vel
1240 495 1742 567 sanctoﬁvangelio
1755 497 1980 553 ulterius
2011 515 2118 554 non

527 587 769 658 juvetur.
800 587 864 641 Et
892 588 1034 642 sicut
1068 596 1215 651 tunc,
1241 602 1364 642 cum
1393 587 1636 644 initiatus
1655 597 1738 644 est
1761 587 1997 652 Christo,
2026 604 2123 658 per

534 678 928 734 catechismum
954 677 1307 733 sacerdotalis
1330 676 1492 732 oliicii
1517 677 2121 733 abrenuntiaveratdia-

531 769 658 829 liolo
668 780 724 827 et
741 771 951 842 pompis
961 771 1099 841 ejus,
1117 771 1188 825 ita
1202 769 1349 825 velut
1370 773 1722 842 retrogradus
1739 787 1802 826 ac
1817 770 2118 842 transfuga,

537 861 621 918 sic
663 862 778 918 Deo
823 870 878 916 et
905 861 1199 932 Evangelio
1245 862 1363 932 ejus
1398 863 1768 924 abrenuntiat,
1797 863 1935 918 utin
1967 877 2116 929 eum,

535 953 694 1025 quasi
745 969 857 1008 sua:
885 954 1120 1024 quodam
1155 954 1539 1009 conventionis
1567 952 1790 1020 foedere,
1821 955 1886 1010 de
1918 956 2120 1011 foedere

531 1063 640 1102 non
673 1046 930 1102 confidat.
958 1046 1027 1101 Et
1050 1047 1191 1102 sicut
1219 1046 1404 1100 Labau
1439 1047 1579 1102 inter
1617 1061 1674 1101 se
1699 1055 1754 1102 et.
1773 1046 1941 1103 Jacob
1968 1063 2119 1104 acer-

531 1154 658 1193 vum
687 1138 868 1210 posuit
899 1138 1160 1207 lapidum,
1204 1148 1260 1194 et
1289 1139 1598 1194 interclusit
1627 1140 1948 1194 alterutrum
1977 1156 2117 1209 pra:—

530 1221 774 1285 cavéndo
808 1241 1044 1284 meatum
1075 1228 1227 1300 (Gen.
1255 1231 1432 1300 xxxi),
1467 1232 1545 1286 sic
1583 1232 1684 1286 iste
1715 1233 2117 1302 quodammodo

534 1319 679 1374 inter
699 1335 758 1375 se
785 1328 843 1374 et
871 1318 1038 1374 Deum
1071 1321 1222 1389 ponit
1247 1321 1556 1376 mentiendo
1585 1319 1901 1390 perjurinm.
1927 1321 2119 1394 Signat

534 1412 822 1467 adversum
853 1427 911 1466 se
939 1411 1134 1466 librum
1160 1412 1460 1484 Evangelii,
1489 1421 1545 1466 ut
1577 1428 1701 1467 eum
1754 1413 1966 1484 aperire
2009 1429 2115 1470 non

528 1503 728 1573 possit,
758 1504 884 1558 dum
927 1503 1068 1558 inter
1095 1517 1154 1558 se
1179 1513 1232 1558 et
1268 1503 1398 1558 illud
1439 1519 1656 1558 omnem
1689 1505 1883 1558 salutis
1911 1505 2115 1558 aditum

533 1593 866 1650 intercludit.
886 1595 960 1650 De
992 1608 1098 1664 quo
1119 1595 1366 1650 videlicet
1388 1595 1524 1649 libro
1552 1609 1649 1663 per
1669 1594 1864 1649 Isaiam
1884 1595 2110 1650 dicitur:

536 1701 556 1735 ι
594 1683 662 1740 Ει
685 1687 792 1740 erit
819 1685 969 1740 vobis
999 1685 1135 1738 visio
1162 1684 1426 1748 omnium,
1473 1684 1615 1738 sicut
1663 1684 1826 1738 verba
1881 1683 2004 1737 libri
2038 1683 2112 1738 si-

2221 499 2471 566 quzestio,
2501 497 2768 555 calumnia
2802 500 2913 556 litis
2950 503 3268 569 intenditur,
3297 505 3364 560 ab
3402 505 3790 564 obsistentibus

2222 589 2453 646 intentio
2494 600 2821 648 removetur.
2849 593 3088 648 Tandem
3126 595 3274 649 inter
3306 604 3494 664 partes
3542 596 3796 655 alterutra

2222 682 2613 740 deliberatione
2643 685 2896 739 convenit
2925 695 2986 740 ut
3013 687 3294 757 presbyter
3321 688 3569 756 quidam,
3593 690 3685 758 qui
3699 692 3793 746 viri

2220 779 2415 826 contra
2444 771 2746 828 Germanos
2768 771 2949 827 fautor
2976 782 3116 840 erat,
3154 789 3215 830 se
3257 774 3497 829 defuncti
3529 779 3705 846 patris
3725 778 3797 832 in-

2221 857 2472 916 terfuisse
2492 860 2700 929 judicio
2720 863 3058 932 perhibebat,
3082 863 3462 935 jusjurandum
3493 865 3679 933 daret,
3707 870 3796 923 sic-

2218 961 2324 1018 que
2351 949 2642 1007 decisionis
2673 951 2936 1007 calculum
2967 969 3128 1008 causa
3151 955 3452 1024 susciperet
3475 971 3798 1026 omnemque

2218 1042 2648 1098 controversiam
2693 1043 2854 1098 unius
2878 1045 3113 1100 hominis
3135 1042 3506 1114 testimonium
3545 1049 3796 1119 consopi-

2217 1140 2323 1190 ret.
2362 1132 2608 1204 Cumque
2634 1135 2920 1207 presbyter
2948 1152 3046 1208 pro
3076 1139 3192 1193 viro
3226 1149 3420 1194 contra
3459 1139 3799 1210 femiuasju-

2219 1233 2442 1280 raturus
2473 1226 2775 1290 accederet,
2799 1226 3021 1297 jamque
3054 1244 3274 1283 manum
3305 1230 3446 1284 libro
3478 1231 3576 1300 qui
3608 1247 3796 1302 propo-

2217 1314 2357 1370 situs
2380 1314 2558 1370 fuerat
2586 1317 2904 1387 applicaret,
2930 1319 3108 1376 subito
3133 1321 3366 1376 terriblis
3393 1337 3628 1393 serpens
3656 1340 3721 1380 ex
3741 1341 3799 1381 ea

2217 1421 2337 1475 quae
2368 1409 2809 1478 supereminebat
2837 1412 3033 1467 arbore
3054 1413 3281 1479 corruit,
3309 1413 3625 1485 librumque
3657 1433 3797 1472 com-

2216 1496 2431 1566 plexus,
2462 1498 2626 1567 spiris
2652 1502 2928 1569 squamosi
2977 1503 3222 1574 corporis
3267 1505 3684 1561 circumciuxit.
3716 1506 3800 1561 hii-

2219 1597 2412 1643 rantur
2460 1604 2648 1645 omnes
2694 1591 2934 1657 attoniti,
2977 1603 3031 1647 et
3071 1595 3302 1661 quodam
3349 1597 3506 1664 quasi
3555 1597 3797 1668 prodigio

2217 1679 2532 1749 stupefacti,
2562 1683 2861 1750 praesertim
2884 1685 3171 1756 presbchr
3195 1686 3310 1754 ipse
3340 1687 3589 1757 diriguit,
3625 1688 3796 1756 etjus-

532 1777 702 1846 gnati,
733 1791 894 1847 quem
924 1791 1044 1832 cum
1078 1774 1328 1830 dederint
1378 1774 1573 1829 scienti
1622 1774 1855 1838 litteras,
1892 1774 2106 1828 dicent:
2145 1774 2188 1834 Β
2209 1768 2500 1840 jurandum
2546 1773 2690 1840 quod
2745 1789 2853 1828 non
2902 1776 3153 1840 veritati,
3204 1778 3300 1832 sed
3333 1778 3589 1833 humana:
3623 1781 3798 1847 gratia:

529 1867 672 1940 Lege
701 1869 862 1923 istum
881 1909 894 1931 ,
926 1877 981 1922 et
1011 1867 1355 1938 respondebit
1385 1885 1397 1920 :
1428 1865 1544 1922 Non
1574 1881 1825 1937 possum;
1864 1865 2110 1936 signatus

531 1967 618 2014 est
641 1959 788 2014 enim
822 1958 977 2028 (Iani.
1011 1961 1189 2028 xxix).
1229 1977 1245 2010 ι
1282 1957 1414 2025 Quis
1441 1967 1526 2012 est
1577 1958 1720 2012 enim
1754 1956 1890 2010 liber
1921 1955 2007 2010 ille
2035 1955 2111 2011 si-

529 2059 746 2120 gnatus,
779 2049 884 2104 nisi
917 2059 1162 2104 sanctum
1211 2048 1563 2118 Evangelium
1620 2047 1866 2119 mysticis
1914 2046 2115 2116 figura-

530 2154 650 2193 rum
705 2138 986 2193 sententiis
1030 2137 1363 2203 obvolutum,
1405 2147 1460 2194 et
1505 2139 1574 2192 ab
1616 2139 1868 2192 humanm
1915 2138 2112 2192 mentis

531 2228 888 2299 intelligentia
945 2229 1136 2298 procul
1189 2244 1389 2283 arcana
1443 2229 1676 2299 quadam
1748 2227 2116 2297 profunditate

534 2321 847 2375 remotum?
902 2320 1000 2374 Hic
1028 2319 1271 2388 profecto
1303 2320 1438 2374 liber
1469 2320 1558 2374 ille
1587 2329 1689 2383 est,
1718 2320 1784 2373 de
1817 2334 1926 2387 quo
1950 2318 2116 2373 Joan-

530 2424 629 2464 nes
678 2410 795 2462 ait:
834 2429 852 2460 ι
888 2409 1007 2464 Vidi
1059 2410 1111 2462 in
1143 2409 1365 2464 dextera
1394 2408 1632 2464 sedentis
1657 2423 1821 2477 supra
1856 2409 2113 2462 thronum

531 2499 728 2555 librum
778 2502 1044 2571 scriptum
1094 2501 1242 2554 intus
1289 2509 1344 2555 et
1389 2500 1552 2565 foris,
1606 2499 1879 2568 signatum
1929 2499 2117 2568 sigillis

529 2604 736 2662 septem
785 2595 970 2665 (Apoc.
1005 2595 1078 2665 v).
1122 2613 1140 2643 ι
1175 2593 1306 2660 Quae
1332 2603 1458 2648 sunt
1487 2603 1664 2648 autem
1692 2592 1888 2663 sigilla,
1921 2592 2116 2659 quibus

528 2685 666 2740 liber
715 2687 1057 2758 evangelicus
1108 2687 1422 2757 obsignatus
1470 2687 1692 2750 dicitur,
1744 2684 1846 2738 nisi
1894 2693 2105 2752 septem

530 2778 618 2833 illa
662 2790 1022 2844 sacramenta,
1052 2779 1247 2847 quibus
1271 2780 1454 2848 utique
1479 2787 1622 2832 tutus
1650 2778 1786 2831 ordo
1817 2775 2112 2829 Dominicac

529 2869 952 2940 dispensationis
982 2868 1254 2938 impletur,
1285 2867 1534 2921 videlicet
1558 2865 1857 2920 iucarnatio
1881 2862 2112 2927 Domini,

529 2962 806 3024 nativitas,
859 2959 1062 3029 passio,
1121 2958 1466 3020 resurrectio,
1516 2957 1582 3010 ad
1618 2955 1787 3010 cwlos
1815 2956 2066 3009 ascensio
2094 2994 2110 3018 ,

530 3053 724 3110 deinde
769 3051 1052 3122 judicium,
1085 3058 1361 3118 postremo
1391 3047 1653 3117 regnum?
1683 3046 1777 3100 llis
1807 3046 1988 3114 itaque
2033 3045 2108 3099 si-

2213 1861 2528 1926 devoverat,
2553 1862 2846 1931 abjuravit.
2882 1863 2974 1920 Sic
3009 1866 3171 1935 igitur
3199 1867 3454 1937 antiquus
3481 1869 3687 1934 hostis,
3716 1869 3798 1940 qui

2213 1951 2362 2008 virus
2392 1968 2503 2008 suae
2527 1953 2746 2010 malitia:
2775 1956 2921 2011 cordi
2947 1957 3269 2028 presbyteri,
3294 1968 3353 2012 ut
3383 1969 3577 2013 contra
3602 1960 3800 2013 verita-

2217 2054 2323 2100 tem
2360 2045 2592 2114 juraret,
2625 2047 2855 2116 infudit;
2889 2050 3080 2104 adesse
3112 2066 3171 2105 se
3209 2051 3333 2106 huic
3357 2050 3683 2120 juramento
3717 2067 3802 2122 per

2215 2131 2536 2190 familiarem
2567 2135 2670 2191 slbi
2707 2136 2940 2194 bestiam
2972 2140 3256 2195 visibiliter
3278 2141 3708 2197 demonstravit.
3743 2141 3801 2195 ll-

2215 2224 2392 2279 larum
2427 2241 2645 2296 quoque
2696 2237 2944 2296 patruus,
2980 2229 3073 2299 qui
3121 2245 3237 2286 rem
3287 2231 3509 2300 quidem
3559 2242 3801 2296 noverat,

2215 2316 2309 2370 sed
2340 2331 2436 2385 pro
2462 2317 2646 2372 favore
2673 2319 2772 2380 viri
2818 2319 3061 2376 veritatis
3089 2322 3464 2376 testimonium
3505 2324 3802 2393 supprime-

2215 2405 2330 2469 bat,
2363 2421 2484 2460 mox
2512 2416 2626 2460 uta
2663 2405 2868 2476 judicio
2902 2411 3149 2476 recessit,
3181 2411 3341 2466 simul
3365 2427 3493 2467 cum
3519 2428 3589 2468 eo
3611 2414 3703 2467 cui
3730 2414 3801 2467 in.

2215 2497 2426 2552 sidebat
2457 2513 2598 2567 equo
2629 2498 2680 2552 in
2708 2500 3066 2569 prmeipitium
3096 2502 3323 2567 decidit;
3351 2518 3515 2572 quem
3559 2504 3664 2558 sibi
3689 2505 3805 2558 sub~

2219 2597 2450 2642 stratum
2467 2589 2640 2644 bestia
2658 2597 2769 2644 toto
2787 2605 3016 2660 corpore
3029 2607 3164 2662 pene
3188 2607 3356 2662 usque
3377 2595 3446 2647 ad
3469 2605 3707 2648 mortem
3723 2609 3804 2649 ve-

2200 2677 2498 2738 hementer
2511 2679 2695 2744 allisit,
2716 2689 2774 2733 ut
2793 2681 2974 2734 divina
2988 2683 3271 2752 dispositio
3283 2692 3538 2753 patenter
3557 2685 3802 2739 ostende-

2216 2778 2295 2824 ret
2337 2772 2464 2840 quia
2510 2771 2602 2840 qui
2647 2773 2950 2827 constantia
2990 2774 3213 2844 spiritus
3259 2790 3356 2844 pro
3397 2777 3633 2831 veritate
3667 2786 3802 2831 stare

2215 2860 2499 2927 noluerat,
2552 2861 2718 2917 etiam
2779 2877 3008 2933 corpore
3070 2879 3180 2919 non
3243 2865 3520 2920 immerito
3577 2867 3800 2921 cecidis-

2219 2958 2324 3002 set.

2291 3037 2369 3091 Tu
2415 3039 2620 3108 itaque,
2665 3041 3041 3108 dilectissime,
3074 3044 3185 3098 noli
3215 3045 3566 3114 supprimere
3593 3046 3797 3101 verita-

531 3143 674 3214 gillis
705 3115 841 3197 liber
860 3115 1203 3210 evangelicus
1235 3140 1307 3193 ita
1344 3115 1591 3210 signatus
1619 3146 1723 3200 est,
1754 3146 1811 3191 ut
1832 3137 2112 3208 290nisi
2142 3115 2185 3174 (ἶ
2220 3137 2349 3192 tem.
2375 3129 2469 3183 sed
2495 3146 2613 3184 eam
2640 3131 2690 3184 ίιι
2719 3134 2870 3186 omni
2914 3135 3129 3203 ιιθὲοιίο
3159 3145 3215 3188 ει
3241 3136 3638 3197 controversi“,
3657 3135 3802 3203 lux“

531 3249 656 3289 eum
684 3232 939 3288 Christus
959 3230 1282 3301 aperuisset,
1307 3229 1528 3284 cuilibet
1553 3229 1774 3282 omnino
1796 3238 1982 3298 patere
2013 3243 2120 3282 non

527 3333 732 3394 posset.
769 3321 918 3377 Unde
943 3319 1288 3390 subjungitur
1320 3339 1332 3372 :
1373 3337 1392 3369 ι
1427 3319 1566 3374 Ecce
1596 3319 1724 3374 vicit
1761 3318 1846 3372 leo
1876 3320 1940 3372 de
1975 3319 2117 3372 tribu

524 3417 682 3483 Juda,
711 3416 865 3470 radix
891 3412 1308 3482 David,aperire
1337 3412 1558 3476 librum,
1589 3422 1643 3465 et
1667 3411 1880 3465 solvere
1908 3421 2114 3480 septem

525 3506 803 3577 signacula
853 3504 970 3573 ejus
1027 3502 1241 3574 (Ibid.).
1279 3523 1297 3556 ι
1339 3504 1599 3573 Quisquis
1647 3519 1776 3574 ergo
1841 3503 2113 3573 perjurat,

525 3600 766 3655 studiose
780 3596 1074 3669 perpendat
1099 3597 1248 3665 quia,
1263 3595 1364 3650 nisi
1379 3597 1650 3666 pmuitens
1669 3595 1930 3650 canonice
1949 3594 2112 3649 satis-

524 3690 734 3757 lecerir,
764 3693 837 3745 ita
868 3689 970 3744 sibi
999 3699 1203 3759 septem
1236 3689 1410 3756 sigilla
1441 3688 1766 3756 evangelica:
1789 3688 2112 3743 narrationis

521 3781 779 3847 occludit,
811 3790 868 3834 ut
894 3795 992 3833 nec
1021 3779 1326 3835 inearnatio
1358 3777 1590 3843 Domini,
1622 3794 1798 3848 neque
1829 3779 2107 3843 nativitas,

522 3887 700 3941 neque
729 3871 928 3942 passio,
950 3870 1035 3924 vel
1063 3871 1414 3933 resurrectio,
1438 3877 1530 3923 aut
1558 3869 1829 3934 ascensio,
1846 3868 2109 3939 judicium

521 3975 762 4030 quoque,
779 3960 862 4014 vel
889 3975 1108 4030 regnum
1137 3958 1238 4012 sibi
1265 3956 1531 4026 proficere
1554 3961 1898 4028 aliquatenus
1914 3959 2104 4029 possit.

521 4053 716 4108 Omnia
742 4052 950 4106 scilicet
979 4052 1094 4105 lucc
1123 4067 1154 4104 a
1180 4066 1238 4104 sc
1259 4051 1443 4120 procul
1467 4051 1652 4119 abjicit
1675 4063 1730 4106 et
1751 4062 2014 4122 quantum
2040 4053 2107 4108 ad

522 4157 585 4196 se
635 4142 689 4195 in
736 4140 964 4195 nihilum
1003 4140 1198 4208 redigit
1225 4140 1339 4207 qui,
1378 4141 1503 4194 dum
1529 4139 1913 4211 jusjurandum
1942 4142 2108 4198 violat

520 4246 646 4286 cum
699 4229 966 4298 adjutorio
1014 4226 1314 4296 Evangelii,
1358 4229 1706 4283 abrenuntiat
1757 4230 2107 4286 nihilominus

520 4320 688 4375 etiam
729 4317 928 4372 auxilio
963 4317 1082 4371 Dei.

591 4409 760 4467 Plane
801 4423 910 4463 non
953 4407 1183 4462 otiosum
1223 4407 1519 4473 credimus,
1544 4409 1588 4463 si
1628 4409 1771 4478 quod
1798 4408 2102 4466 Richardus

518 4500 694 4559 nostri
723 4497 1041 4552 monasterii
1071 4496 1240 4566 prior,
1271 4497 1354 4550 vir
1380 4498 1640 4554 videlicet
1688 4500 1927 4554 honesta:
1954 4501 2096 4567 vitae,

519 4591 676 4649 nobis
703 4591 960 4645 hesterno
984 4588 1071 4644 die
1099 4589 1366 4654 retulerit,
1392 4598 1701 4646 attexamus
1727 4609 1739 4643 :
1764 4591 1879 4655 Vir,
1906 4592 2097 4661 inquit,

519 4683 574 4740 in
600 4681 862 4737 Perusino
893 4678 1168 4734 territorio
1199 4695 1370 4748 nuper
1393 4680 1458 4733 ad
1504 4688 1746 4734 extrema
1785 4681 2098 4747 devenicns,

520 4773 732 4830 duobus
757 4772 942 4826 liberis
969 4771 1084 4825 suis
1115 4771 1446 4841 totidemque
1473 4770 1684 4825 filiabus
1710 4774 2097 4841 patrin'touium

521 4878 675 4918 suum
707 4861 1054 4930 proportidue
1085 4859 1281 4930 legavit
1307 4901 1320 4923 ,
1363 4871 1420 4913 ut
1449 4861 1781 4915 erciscundae
1812 4863 2096 4918 haeredita-

519 4952 591 5006 tis
623 4953 862 5004 maribus
897 4951 1114 5020 quidem
1163 4951 1490 5019 relinqueret
1537 4951 1784 5013 bessem;
1831 4952 2097 5009 femineus

1639 5040 1678 5058 τι
1695 5056 1700 5057 γ
1749 5051 1758 5058 .

2127 4461 2178 4520 D

2221 3226 2367 3272 tuum
2397 3235 2577 3288 posse,
2607 3221 2855 3276 defende.
2879 3223 3162 3280 Christum
3186 3226 3406 3296 quippe,
3440 3226 3535 3295 qui
3593 3229 3795 3281 veritas

2217 3321 2303 3367 est
2332 3312 2384 3383 (I
2407 3311 2576 3367 Jomt.
2609 3319 2683 3382 v),
2710 3329 2908 3386 negare
2936 3316 3300 3381 convincitur,
3324 3319 3415 3386 qui
3445 3318 3664 3372 veritati
3705 3332 3796 3387 pm

2219 3403 2452 3457 humana
2482 3405 2654 3472 gratia
2690 3405 3006 3461 reluctatur.
3059 3407 3105 3460 A
3141 3407 3395 3477 perjuriis
3445 3408 3608 3477 291
3647 3401 3797 3467 cavc'.

2219 3493 2330 3548 imo
2356 3533 2371 3558 ,
2403 3494 2444 3547 si
2479 3495 2730 3562 possibile
2775 3508 2880 3561 est,
2911 3498 2978 3552 ab
3004 3499 3152 3552 omni
3207 3508 3257 3552 te
3288 3497 3606 3566 iuramento
3657 3514 3800 3554 com-

2217 3603 2396 3659 pesce.
2433 3589 2570 3655 Quia
2600 3589 2762 3655 sicut,
2794 3607 2900 3645 non
2937 3590 3172 3660 loquitur
3213 3606 3490 3661 nunquam
3523 3593 3798 3655 mentitur,

2215 3683 2308 3751 qui
2338 3682 3179 3752 itavquinonjurat,impossibile
3194 3694 3278 3738 est
3305 3693 3362 3737 ut
3393 3683 3696 3754 perjurium
3727 3684 3801 3735 iu—

2211 3780 2416 3826 currat.
2462 3772 2604 3826 Dicit
2636 3773 2780 3826 enim
2814 3773 2928 3842 ipsa
2953 3771 3202 3828 Veritas:
3236 3793 3253 3824 ι
3274 3772 3358 3828 Sit
3394 3781 3579 3827 autem
3623 3787 3799 3827 sermo

2209 3874 2409 3930 vester,
2449 3874 2552 3931 est,
2582 3873 2686 3927 est,
2732 3881 2860 3931 non,
2894 3882 3035 3930 non;
3083 3866 3127 3920 si
3158 3866 3287 3936 quid
3338 3878 3522 3920 autem
3573 3866 3800 3935 amplius

2208 3964 2312 4021 est,
2337 3971 2366 4009 a
2388 3954 2529 4010 malo
2551 3965 2632 4010 est
2647 3953 2864 4025 (Matth.
2880 3957 2954 4025 v).
2970 3975 2988 4009 ι
3005 3955 3147 4010 Cave
3167 3972 3294 4026 ergo
3306 3953 3628 4026 perjurium,
3652 3972 3718 4009 nc
3738 3955 3800 4008 li-

2207 4051 2363 4105 brum
2390 4050 2675 4104 adversum
2699 4059 2751 4106 te
2774 4051 3160 4122 redemptionis
3184 4054 3434 4108 humanae
3455 4054 3799 4123 compellaris

2208 4139 2450 4194 invenire
2487 4140 2778 4209 signatum.
2819 4138 2964 4195 Neve
2999 4141 3142 4211 quod
3183 4142 3343 4197 simul
3398 4145 3566 4198 etiam
3606 4158 3800 4214 propo-

2207 4231 2415 4285 suimus
2448 4231 2686 4297 excidat,
2717 4231 3076 4303 elecmosynis
3115 4234 3349 4288 animam
3395 4245 3540 4289 tuam
3574 4238 3796 4298 redime.

2205 4320 2464 4388 operibus
2488 4321 2705 4390 pictatis
2732 4322 2940 4377 insiste.
2975 4341 2992 4372 ι
3016 4323 3170 4387 Date,
3191 4323 3364 4392 inquit
3393 4324 3798 4387 Dominus,ele-

2205 4425 2517 4480 emosynam
2544 4420 2598 4466 et
2617 4425 2742 4466 ecce
2755 4412 2933 4466 omnia
2957 4412 3155 4466 munda
3179 4412 3639 4483 suntvobis(Luc.
3657 4414 3750 4480 xi).
3774 4433 3790 4463 I

2206 4502 2274 4556 Et
2303 4503 2494 4557 iterum
2522 4503 2779 4572 scriptum
2799 4512 2910 4558 est:
2935 4523 2953 4554 ι
2977 4503 3078 4569 Qui
3107 4505 3196 4557 dat
3221 4505 3465 4574 pauperi,
3493 4505 3604 4558 Deo
3635 4505 3798 4558 fmnc-

2206 4603 2292 4648 rat
2319 4593 2499 4665 (Prov.
2529 4595 2665 4663 xix).
2697 4615 2715 4647 ι
2753 4595 3008 4650 Sustenta
3049 4612 3179 4666 ergo
3223 4612 3542 4666 pauperem,
3573 4607 3633 4651 ut
3678 4609 3798 4650 tan-

2206 4701 2367 4757 quam
2396 4687 2509 4755 ipse
2534 4685 2774 4740 creditor
2806 4685 2972 4740 Deum
3012 4686 3106 4740 tibi
3146 4685 3316 4741 facias
3346 4687 3667 4746 debitorem.
3697 4687 3795 4740 Ne-

2204 4791 2310 4845 que
2335 4776 2476 4830 enim
2511 4787 2561 4828 te
2594 4776 2936 4843 omnipotens
2962 4777 3105 4832 Deus
3134 4777 3200 4832 ad
3236 4777 3642 4848 elecmosynam
3675 4793 3792 4847 pro-

2207 4874 2382 4927 vocat,
2416 4875 2669 4934 tanquam
2703 4866 2842 4921 desit
2873 4867 2974 4921 sibi
3009 4866 3149 4921 unde
3181 4867 3513 4936 pauperibus
3547 4869 3661 4923 suis
3697 4868 3792 4921 ali-

2208 4965 2388 5010 menta
2441 4957 2761 5026 provideat;
2811 4958 2905 5011 sed
2956 4957 3159 5012 idcirco
3189 4958 3372 5028 potius
3435 4959 3559 5015 illos
3616 4961 3790 5027 inopes
