3950 5344
196 255 303 311 ιὸὔ

1332 246 1533 300 LIBER
1569 244 1910 310 OCTAVUS,
1948 244 2161 300 EPIST.
2222 246 2325 300 XII.

3360 250 3465 306 486

191 373 389 426 herent
434 367 656 422 omnino
700 363 842 434 quod
880 364 1124 423 ederent,
1172 359 1565 414 hebdomadam
1612 366 1777 411 totam
1808 371 1853 425 Λ
1886 359 2070 429 (Ζαι-Ιι.
2102 364 2210 427 vi),
2253 380 2271 413 ι
2301 360 2367 414 de
2404 361 2613 415 oriente
2644 360 2863 414 veniunt
2905 360 2996 429 qui
3031 375 3060 414 a
3092 360 3292 418 Christi
3331 380 3463 421 con-

191 460 313 514 sine
362 456 617 511 victualis
669 453 936 507 alimonia:
972 450 1317 520 perceptione
1366 454 1774 517 transegeraut;

190 562 429 618 cumque
476 547 588 614 jam
612 546 865 600 diuturna
913 550 1321 596 macerarentur
1365 539 1567 604 inedia,
1610 553 1672 593 ac
1696 536 1777 591 vi—

194 641 345 699 ribus
378 634 525 693 effeti
548 635 804 706 longique
851 634 1062 687 itineris
1105 632 1354 688 molestia
1386 629 1641 685 tabefacti
1666 628 1780 698 jam

188 745 330 801 pene
380 729 701 792 deficerent,
768 740 968 794 eosque
1017 733 1270 779 nutantes
1312 723 1401 777 vix
1450 721 1781 791 Iapsabunda

189 820 424 889 vestigia
450 819 799 881 sustinerem,
826 831 952 871 ecce
974 816 1127 869 canis
1149 814 1339 868 obvius
1356 812 1605 867 dentibus
1629 827 1781 865 man-

194 913 290 967 tile
324 910 601 973 trahebat,
636 910 689 963 in
722 924 829 978 quo
859 908 1013 979 panis
1049 906 1197 961 velut
1228 906 1281 960 in
1327 904 1546 960 sacculo
1582 903 1784 957 latebat

194 1002 495 1059 involutus.
536 1000 708 1067 Quem
741 1013 934 1070 panem
982 999 1231 1069 protinus
1275 997 1617 1066 arripientes,
1658 1011 1781 1051 cum

193 1096 495 1166 gratiarum
513 1092 815 1147 actionibus
826 1090 1080 1145 alacriter
1100 1106 1158 1145 se
1173 1088 1497 1154 refecerunt,
1524 1097 1579 1143 et
1599 1089 1652 1142 in
1675 1088 1784 1142 for-

197 1186 431 1240 titudine
480 1184 587 1239 cibi
640 1183 783 1238 illius
818 1192 941 1238 octo
970 1184 1179 1239 dierum
1228 1182 1331 1236 iter
1392 1180 1784 1236 incessabiliter

190 1274 570 1345 expleverunt.
604 1271 948 1341 Rursumque
995 1274 1121 1327 dum
1169 1271 1493 1327 intolerabili
1538 1278 1781 1341 postmo-

192 1366 319 1420 dum
351 1364 732 1418 cruciarentur
760 1363 959 1425 inedia,
992 1372 1103 1417 tres
1134 1363 1368 1432 Agareni
1392 1377 1578 1417 eorum
1602 1361 1656 1415 in
1688 1361 1782 1415 iti-

192 1468 323 1508 nere
354 1451 486 1506 facti
519 1459 648 1505 sunt
684 1452 935 1516 comites,
969 1451 1209 1520 singulos
1237 1465 1405 1520 panes
1440 1464 1538 1520 pro
1575 1464 1670 1504 sua
1704 1449 1784 1503 vi-

189 1547 337 1600 ritim
398 1542 792 1597 sustentatione
843 1550 1158 1610 portantes;
1205 1541 1466 1609 quicum
1506 1550 1661 1595 nacta
1693 1554 1782 1594 re.~

193 1635 447 1691 fectionis
501 1634 633 1688 hora
692 1634 1134 1698 discumberent,
1189 1633 1295 1687 duo
1336 1634 1554 1702 quidam
1598 1648 1664 1687 ex
1702 1633 1782 1688 eis

1882 452 2053 507 sortio
2084 451 2224 507 male
2256 452 2503 517 vivendo,
2539 452 2617 505 vel
2656 452 2929 521 proximos
2971 452 3278 521 laceranda,
3315 472 3468 512 rece-

1882 542 2035 596 dunt.
2083 540 2328 596 Sennaar
2376 554 2556 597 autem
2605 547 2999 615 interpretatur
3043 551 3284 602 excursio
3340 551 3467 605 den-

1881 633 2039 696 tium,
2066 632 2179 687 sive
2202 632 2336 700 fetor
2362 648 2569 689 eorum.
2600 634 2659 689 In
2686 651 2879 706 campo
2906 637 3072 707 igitur
3096 637 3343 693 Scuuaar
3370 640 3468 694 ha-

1882 722 2131 777 bitabant
2165 724 2255 792 qui
2295 739 2400 779 non
2446 728 2727 782 constituti
2769 728 2823 782 in
2870 743 2995 783 arce
3038 730 3319 794 virtutum,
3370 731 3465 786 sed

1883 814 2065 884 potius
2094 813 2148 867 in
2179 816 2423 870 convalle
2458 816 2736 883 vitiorum,
2767 830 2822 872 et
2850 820 3038 875 dentes
3065 821 3370 887 excutiunt,
3411 830 3470 875 ut

1883 905 2162 975 proximos
2183 920 2313 960 suos
2332 906 2757 963 detractionibus
2778 911 2928 978 quasi
2947 911 3219 965 mordicus
3244 912 3462 974 rodant,

1882 1004 1938 1051 et
1984 996 2184 1051 fetores
2224 998 2502 1065 emittunt,
2530 1000 2655 1053 dum
2689 1000 2743 1054 in
2772 1016 3003 1056 cmuosze
3034 1002 3468 1058 conversationis

1883 1087 2231 1157 squaloribus
2261 1098 2734 1159 computrescunt;
2769 1093 2861 1145 sed
2886 1105 3073 1146 eorum
3101 1094 3289 1148 dentes
3323 1094 3464 1149 Deus

1882 1182 2227 1252 omnipotens
2257 1184 2483 1247 excutit,
2518 1184 2643 1238 dum
2668 1200 3054 1254 perversorum
3094 1186 3464 1255 quorumlibet

1883 1286 1940 1333 et
1966 1277 2107 1333 facta
2136 1277 2297 1333 simul
2327 1287 2380 1333 et
2409 1280 2569 1333 verba
2611 1279 2913 1339 confundit.
2953 1278 3104 1334 Unde
3139 1288 3194 1333 et
3234 1280 3343 1334 illic
3381 1280 3468 1333 di-

1882 1370 2027 1424 citur
2052 1387 2065 1424 :
2096 1389 2114 1422 ι
2145 1369 2353 1426 Idcirco
2378 1380 2629 1426 vocatum
2662 1382 2747 1426 est
2770 1386 2964 1427 nomen
2987 1371 3104 1441 ejus
3128 1371 3308 1433 Babel,
3336 1370 3465 1440 quia

1885 1461 1957 1515 ibi
2004 1459 2290 1517 confusum
2333 1473 2415 1517 est
2459 1463 2662 1519 labium
2700 1464 2969 1519 universa:
3023 1473 3197 1529 terrae,
3245 1474 3299 1518 et
3341 1464 3467 1518 inde

1885 1553 2143 1624 dispersit
2173 1569 2268 1610 eos
2303 1554 2566 1610 Dominus
2605 1570 2769 1624 super
2793 1554 2990 1609 faciem
3024 1563 3343 1609 cunctarum
3382 1570 3465 1609 re-

1887 1645 2106 1715 gionum
2140 1644 2293 1712 (Gen.
2323 1648 2420 1716 xx).
2457 1664 2474 1698 ι
2506 1645 2674 1701 Recte
2702 1660 2833 1716 ergo
2863 1645 3061 1699 dicitur
3085 1646 3209 1714 quia
3240 1646 3459 1715 superbi

194 1723 271 1777 ita
303 1723 553 1793 proprios
582 1736 965 1791 consumpsere
994 1736 1184 1791 panes,
1222 1730 1279 1775 ut
1304 1720 1627 1776 Christianis
1654 1738 1781 1776 esu-

1889 1736 1960 1791 illi
1992 1737 2239 1792 homines
2264 1751 2326 1791 ac
2356 1751 2507 1791 vana:
2533 1735 2720 1805 gloria:
2740 1744 3069 1804 captatores,
3096 1735 3351 1788 nimirum
3380 1735 3463 1790 di-

195 1812 464 1865 rientibus
517 1809 591 1863 nil
654 1809 870 1879 penitus
926 1808 1296 1878 impertirent;
1354 1808 1550 1863 tertius
1602 1819 1782 1864 autem

193 1915 378 1961 unam,
408 1914 571 1968 quam
609 1898 860 1968 portabat
900 1899 1013 1969 ipse
1042 1898 1334 1964 bucellam,
1366 1899 1419 1953 in
1457 1914 1649 1954 novem
1673 1898 1785 1954 fru-

194 2006 278 2049 sta
330 1994 553 2058 divisit,
598 2003 653 2049 et
701 2008 805 2046 una
854 1992 1116 2047 duntaxat
1154 1994 1267 2063 ipse
1308 2001 1619 2057 contentus,
1668 1993 1780 2048 sin-

195 2088 334 2159 gulis
362 2088 455 2156 qui
484 2101 675 2141 secum
701 2097 855 2140 erant
880 2085 1205 2140 Christianis
1227 2085 1462 2155 mquales
1488 2086 1781 2155 particulas

200 2178 553 2233 ministravit.
588 2177 812 2231 Factum
863 2186 941 2232 est
968 2185 1178 2245 postea,
1204 2176 1331 2229 dum
1374 2176 1534 2230 simul
1564 2176 1783 2231 incede—

192 2280 336 2333 rent,
378 2285 510 2325 ecce
551 2269 737 2324 leones
773 2269 825 2323 in
872 2283 968 2323 eos
1012 2268 1265 2322 ferociter
1296 2268 1534 2331 irruunt,
1582 2282 1785 2337 eosque

192 2364 564 2435 potissimum,
591 2363 683 2431 qui
714 2378 875 2431 panes
896 2362 992 2415 soli
1018 2368 1484 2431 consumpserant,
1508 2360 1785 2430 signanter

193 2458 483 2522 invadunt;
532 2470 670 2525 quos
701 2455 845 2509 illico
868 2455 1130 2509 violenter
1160 2463 1429 2524 arpaxant
1450 2494 1464 2518 ,
1494 2464 1548 2507 et
1573 2455 1785 2508 caneris

191 2546 572 2612 evadentibus,
610 2545 729 2599 illos
759 2545 1128 2600 tantummodo
1153 2545 1467 2598 immaniter
1496 2543 1780 2597 devorant.

200 2637 293 2694 Sic
322 2638 606 2702 nimirum,
638 2636 718 2690 sic
749 2636 839 2705 qui
879 2636 979 2691 soli
1021 2634 1495 2699 manducaverant,
1524 2634 1623 2687 soli
1656 2641 1784 2688 sunt

191 2725 533 2788 manducati,
557 2733 613 2779 et
638 2725 731 2793 qui
759 2725 877 2777 sine
913 2724 1183 2778 charitate
1213 2737 1311 2776 sua
1346 2722 1648 2776 bestialiter
1682 2720 1783 2776 ali-

196 2824 383 2870 menta
433 2823 903 2883 consumpserant,
940 2814 1286 2868 frementium
1316 2814 1611 2867 bestiarum
1656 2821 1785 2867 sunt

195 2912 541 2966 immanitate
566 2911 891 2979 consumpti.
922 2908 1271 2963 Postmodum
1297 2923 1425 2961 vero
1447 2924 1542 2978 per
1570 2908 1785 2978 glareas

193 3001 397 3055 marini
448 3000 651 3055 littoris
707 3000 1043 3070 gradientes;
1090 3001 1331 3054 enormis
1393 3000 1784 3068 magnitudinis

1886 1835 2071 1881 centes
2098 1826 2163 1880 ad
2192 1827 2421 1881 alterum
2449 1845 2459 1879 :
2498 1845 2517 1879 ι
2553 1824 2762 1889 Venite,
2790 1826 3052 1881 faciamus
3083 1826 3237 1881 nobis
3267 1826 3463 1881 civita-

1887 1926 1995 1971 tem
2045 1925 2099 1970 et
2137 1918 2353 1981 turrim,
2385 1917 2539 1987 cujus
2575 1916 2790 1973 culmen
2827 1917 3100 1988 pertingat
3137 1917 3203 1989 ad
3232 1916 3461 1981 malum;

1886 2015 1942 2059 et
1966 2005 2303 2061 celebremus
2326 2022 2519 2061 nomen
2544 2017 2812 2070 nostrum,
2838 2015 3126 2075 antequam
3158 2006 3467 2061 dividantur

1889 2099 1940 2152 in
1968 2101 2253 2154 universas
2281 2109 2455 2156 terras
2484 2100 2709 2171 (Ibid);
2748 2120 2765 2152 ι
2806 2101 3187 2154 habitaverunt
3222 2099 3273 2152 in
3320 2108 3464 2153 terra

1888 2186 2155 2249 Sennaar,
2201 2190 2342 2259 quod
2386 2193 2525 2260 apud
2572 2206 2695 2255 nos,
2735 2191 2879 2244 sicut
2919 2190 3122 2243 dictum
3164 2199 3266 2252 est,
3310 2196 3469 2242 sonat

1886 2282 2137 2334 excussio
2158 2282 2423 2347 dentium,
2447 2282 2530 2336 vel
2548 2282 2688 2337 fetor
2710 2297 2921 2345 eorum,
2947 2281 3201 2349 quoniam
3225 2280 3467 2349 perversi

1887 2373 2110 2442 quique,
2160 2374 2285 2426 dum
2328 2385 2516 2428 contra
2559 2375 2753 2428 divinae
2797 2374 2930 2441 legis
2976 2374 3229 2427 mandata
3274 2387 3466 2442 super-

1886 2466 2063 2529 biunt,
2111 2465 2237 2519 dum
2272 2466 2532 2521 adversus
2566 2468 2730 2521 Demn
2772 2466 3040 2520 cervicem
3087 2465 3269 2518 cordis
3314 2479 3468 2518 arro-

1887 2568 2077 2626 ganter
2104 2558 2357 2613 attollunt
2388 2568 2441 2613 et
2472 2560 2733 2627 proximis
2765 2572 3152 2624 nonnunquam
3188 2555 3471 2609 damnabi-

1888 2649 2013 2702 liter
2043 2649 2356 2713 detrahunt,
2388 2658 2443 2703 et
2484 2650 2583 2719 ipsi
2631 2648 2921 2719 proclivius
2965 2647 3017 2701 in
3058 2648 3309 2701 obscenae
3344 2647 3469 2702 vitae

1888 2740 2233 2808 sterquilinio
2281 2739 2613 2793 volutantur.
2665 2740 2730 2793 Et
2775 2740 2841 2792 de
2886 2738 3210 2791 excussione
3249 2737 3469 2806 quidem

1888 2830 2131 2884 dentium
2160 2845 2255 2899 per
2285 2830 2452 2883 David
2491 2830 2730 2883 dicitur:
2766 2846 2785 2879 ι
2829 2828 2907 2881 Tu
2937 2827 3249 2897 percussisti
3282 2842 3476 2881 omnes

1888 2922 2241 2975 adversantes
2262 2920 2392 2974 mihi
2418 2920 2535 2974 sine
2556 2935 2741 2985 causa,
2765 2920 2953 2974 dentes
2975 2928 3319 2987 peccatorum
3345 2932 3474 2971 con-

1890 3012 2085 3067 trivisti
2112 3010 2282 3081 (Paul.
2311 3011 2425 3079 ιιι);
2466 3030 2483 3062 ι
2505 3019 2561 3064 et
2584 3010 2709 3064 alibi
2740 3028 2751 3062 :
2794 3028 2811 3060 ι
2848 3007 2990 3062 Deus
3013 3015 3259 3061 conteret
3288 3006 3476 3062 dentes

193 3091 399 3159 Piscem
443 3090 762 3160 reperiunt.
816 3103 976 3158 quem
1034 3089 1283 3158 ῐποῑίηυε
1323 3086 1511 3141 δθδυιο
1563 3096 1784 3161 Propter
1813 3070 1858 3132 Ο
1894 3116 2079 3155 eorum
2098 3102 2150 3156 in
2167 3100 2950 3170 oreipsorum,molasleonum
2966 3098 3271 3168 confringet
3290 3097 3475 3151 Domi-

196 3182 412 3251 equites
440 3222 455 3245 ,
500 3196 637 3250 quos
682 3180 897 3234 eminus
950 3181 1242 3235 adventare
1297 3179 1737 3254 contemplantur
1766 3221 1781 3245 ,

200 3270 565 3323 abscondunt.
595 3269 660 3322 Et
686 3268 760 3321 illi
790 3268 1006 3337 quidem
1035 3267 1255 3336 propius
1284 3268 1627 3331 accedentes,
1660 3269 1787 3322 dum

192 3368 469 3415 recentem
492 3366 887 3429 superaggestte
918 3358 1113 3428 glarea:
1136 3356 1475 3425 conspiciunt
1502 3356 1786 3424 tumulum,

192 3453 338 3520 quod
371 3464 461 3504 res
490 3457 628 3510 erat,
664 3448 910 3502 arbitrati
943 3458 1068 3502 sunt
1094 3447 1323 3501 occulta:
1358 3446 1636 3516 cujusdam
1695 3461 1787 3501 re-

192 3540 483 3611 positionis
528 3555 635 3594 non
682 3541 870 3594 deesse
898 3540 1237 3609 mysterium.
1269 3536 1599 3607 lncipicntes
1624 3537 1791 3606 igitur

197 3633 419 3688 curiose
474 3631 683 3695 rimari,
726 3630 939 3684 tandem
981 3630 1164 3684 divino
1203 3637 1336 3682 nutu
1374 3627 1634 3697 suSpicati
1665 3634 1792 3682 sunt

194 3721 531 3792 sepulturam
558 3734 680 3774 csse
704 3716 964 3773 defuncti.
1015 3718 1177 3788 292
1228 3717 1428 3786 Sicque
1449 3717 1577 3772 dum
1604 3716 1679 3771 illi
1708 3731 1789 3772 re-

193 3814 505 3885 linquentes
526 3819 724 3880 crepta,
748 3810 1051 3875 dim-edunt,
1079 3810 1165 3863 isti
1188 3808 1521 3864 defodientes
1542 3810 1791 3865 benedic-

193 3906 394 3971 tioaem
422 3905 592 3959 divini
626 3903 867 3957 muneris
896 3903 948 3956 in
973 3916 1072 3956 sua
1094 3902 1344 3972 protinus
1372 3900 1631 3956 alimenta
1656 3916 1790 3956 con-

190 4002 513 4051 vertunt....
554 3993 701 4063 (106)
772 4060 1111 4117 EPISTOLA
1151 4060 1240 4115 XL

662 4172 731 4211 Δί)
768 4171 920 4210 CIVES
960 4170 1345 4211 FLORENTINOS.

444 4246 717 4317 (Habetur
754 4258 879 4302 tom.
926 4248 1017 4302 III
1052 4260 1225 4320 estque
1252 4264 1432 4318 opusc.
1460 4248 1552 4318 30)

759 4339 1097 4395 EPlSTOLA
1138 4338 1251 4394 XII.

503 4445 575 4484 ID
618 4445 985 4484 BERIISINDEI
1019 4444 1507 4485 SANCTIIONILLEM.

197 4526 601 4580 Aacuuzrtruu.
638 4550 711 4561 —-
750 4523 804 4576 lu
838 4521 995 4589 hujus
1025 4522 1268 4592 epistola:
1297 4521 1617 4591 fragmentis
1661 4522 1793 4577 scri-

266 4596 405 4648 bens
428 4594 501 4647 ad
534 4592 936 4646 llermisindem
968 4605 1157 4646 contra
1199 4594 1461 4660 superbos
1488 4593 1787 4658 invehitur,

266 4665 551 4733 variisque
586 4678 865 4733 sacrarum
907 4663 1208 4733 litterarum
1248 4662 1574 4716 testimoniis
1607 4672 1791 4719 osten-

269 4735 347 4787 dit
370 4731 645 4803 superbia:
670 4731 1035 4787 fundamentis
1063 4732 1278 4785 innixos
1305 4732 1413 4786 cito
1434 4746 1712 4787 corruere.

275 4825 604 4881 llnmsxsm
669 4824 1070 4879 sanctimoniali
1264 4823 1480 4880 Pernus
1527 4833 1786 4893 peccator

200 4920 625 4973 mouachus.....

274 5028 294 5061 ι
317 5011 449 5065 Cum
465 5006 943 5078 proficiscerentur
956 5007 1023 5062 de
1039 5005 1279 5073 Oriente,
1300 5009 1621 5063 invenerunt
1642 5023 1787 5063 eam-

199 5113 324 5168 pum
354 5100 406 5153 in
439 5108 594 5152 terra
617 5094 879 5165 Scnnaar,
910 5104 967 5152 et
1007 5095 1389 5153 habitaverunt
1416 5100 1467 5153 in
1498 5112 1592 5162 eo;
1626 5099 1791 5154 dixit-

200 5206 303 5260 que
324 5192 465 5245 alter
496 5190 566 5243 ad
593 5187 890 5257 proximum
924 5202 1085 5242 suum
1115 5205 1127 5240 :
1172 5187 1385 5253 Venite,
1414 5188 1683 5243 faciamus
1713 5190 1789 5245 la-

200 5288 357 5344 teres,
403 5289 461 5335 et
500 5293 801 5344 coqnamus
826 5296 919 5334 eos
956 5277 1103 5344 igni;
1142 5279 1560 5344 habueruntque
1587 5278 1788 5339 lateres

1894 3208 1996 3248 nus
2021 3191 2193 3263 (Psal.
2226 3194 2374 3263 Lvn).
2408 3213 2425 3244 ι
2453 3193 2529 3246 De
2560 3192 2729 3247 fetore
2760 3206 2972 3260 quoque
3001 3205 3188 3244 eorum
3214 3190 3477 3259 propheta

1894 3284 2031 3337 alius
2060 3283 2220 3353 293
2244 3285 2409 3338 dicit:
2446 3302 2464 3333 ι
2494 3284 2949 3352 Computruerunt
2976 3278 3223 3348 jumenta
3260 3280 3469 3332 inster-

1892 3387 2019 3427 core
2034 3387 2131 3426 suo
2161 3372 2319 3441 (loel.
2349 3371 2410 3440 I).
2448 3390 2465 3422 ι
2489 3370 2553 3424 Ει
2574 3371 2769 3425 Isaias:
2796 3390 2812 3419 ι
2836 3368 2970 3431 Erit,
2998 3368 3189 3436 inquit,
3215 3383 3310 3436 pro
3325 3367 3477 3421 suavi

1892 3464 2057 3519 odore
2072 3462 2347 3531 felor(lsa.
2367 3462 2467 3531 ιιι).
2484 3462 2796 3518 )EIIIIIIVCI‘O
2807 3459 3049 3527 quisquis
3064 3459 3175 3512 vult
3190 3458 3479 3512 mdiflcium

1896 3554 2131 3608 condere
2152 3552 2294 3622 quod
2321 3552 2478 3606 facile
2504 3552 2673 3605 ruinae
2700 3566 2806 3604 non
2834 3550 2906 3602 sit
2927 3549 3242 3611 obnoxium,
3260 3560 3481 3601 necesse

1893 3652 1981 3699 est
2004 3659 2125 3699 eum
2149 3659 2254 3697 non
2283 3643 2480 3697 lateres
2500 3652 2554 3695 et
2584 3642 2824 3697 bitumen
2854 3640 3079 3704 habere,
3110 3654 3231 3708 qua:
3256 3648 3478 3707 repente

1894 3736 2185 3799 dissiliant,
2234 3735 2326 3789 sed
2358 3733 2562 3803 lapides
2602 3733 2780 3802 potius
2810 3748 2873 3787 ac
2916 3748 3067 3797 saxa,
3101 3748 3219 3801 qua:
3246 3736 3481 3801 parietes

1893 3828 2127 3897 erigant,
2164 3835 2219 3880 et
2246 3825 2411 3881 calcis
2440 3841 2501 3879 ac
2549 3825 2721 3878 sabuli
2751 3832 3100 3887 cmmentum,
3135 3826 3278 3893 quod
3333 3825 3480 3893 ipsos

1893 3922 2129 3991 parietes
2207 3918 2464 3972 inviolata
2523 3917 2759 3985 lapidum
2809 3928 3071 3985 compage
3115 3916 3475 3985 constringat.

1894 4009 2048 4077 Quod
2079 4023 2209 4079 ergo
2231 4006 2343 4075 jam
2369 4007 2495 4062 dicti
2526 4006 2807 4077 Babylonii
2853 4004 3053 4059 lateres
3091 4021 3189 4075 pro
3219 4008 3383 4067 saxis,
3422 4017 3478 4059 et

1894 4100 2134 4154 bitumen
2192 4097 2463 4152 habebant
2493 4112 2590 4166 pro
2640 4102 2932 4157 eminente,
2966 4094 3200 4149 carnalis
3253 4096 3378 4149 vitae
3400 4096 3477 4149 si-

1896 4191 2154 4261 gnificant
2180 4189 2487 4254 mditicium,
2515 4189 2580 4242 ad
2605 4188 2714 4242 vim
2761 4196 3067 4249 ventorum,
3109 4186 3190 4241 vel
3219 4187 3481 4256 impetum

1896 4279 2175 4333 fluminum
2203 4279 2525 4348 quantocius
2563 4278 2921 4332 obruendum.
2965 4276 3137 4330 Urbes
3159 4276 3262 4330 illa:
3299 4278 3481 4330 taber-

1898 4370 2239 4435 naculorum,
2269 4385 2407 4439 quas
2450 4370 2661 4423 Pharao
2696 4369 2807 4423 luto
2858 4369 3120 4439 paleaque
3174 4370 3479 4423 construxit

1818 4420 1872 4481 Ι)
1897 4420 2654 4530 is;;;.'.3';;..:.;.;...;1.1;;
2677 4420 2819 4528 σίιῖὸζι
2848 4420 3119 4527 ίῖιήφὲίηέιιξ
3155 4420 3479 4527 ρίιιρτὶμιιιεέ

1895 4553 2199 4607 destinatur
2230 4553 2296 4605 ad
2335 4551 2604 4616 flammas,
2632 4551 2887 4605 Phithom
2931 4557 2985 4602 et
3016 4548 3301 4601 Ramesses
3351 4560 3479 4603 sunt

1894 4660 2000 4699 non
2031 4644 2148 4699 sine
2172 4643 2430 4713 mysterio
2456 4652 2798 4711 nuncupata}.
2823 4640 3077 4694 Pliithom
3110 4639 3374 4706 siquidem
3398 4640 3481 4692 iu-

1894 4742 2223 4802 terpretatur
2270 4749 2325 4787 os
2376 4732 2571 4801 abyssi,
2618 4730 2702 4784 vel
2756 4730 2944 4785 subito.
2997 4727 3252 4796 Quisquis
3308 4729 3477 4791 enim,

1884 4832 2036 4902 juxta
2070 4828 2220 4882 Pauli
2258 4829 2609 4891 sententiam,
2662 4843 2830 4898 supra
2878 4825 3314 4887 fundamentum,
3341 4828 3485 4893 quod

1889 4931 1974 4975 est
2016 4919 2267 4975 Christus
2309 4921 2492 4981 Jesus,
2542 4918 2707 4987 ligna,
2770 4920 2973 4979 fenum,
3030 4915 3286 4986 stipulam
3348 4933 3490 4971 nunc

1891 5010 2124 5065 :edilicat
2157 5026 2169 5060 :
2200 5011 2366 5077 quale
2415 5008 2677 5077 cujusque
2729 5024 2869 5081 opus
2919 5004 3013 5067 sit,
3056 5005 3199 5075 ignis
3246 5006 3494 5079 probabit

1894 5104 1944 5177 (1
1974 5102 2095 5156 Cor.
2128 5103 2213 5163 ιιι)
2246 5122 2258 5156 :
2287 5115 2345 5160 et
2373 5116 2482 5171 quo
2510 5102 2680 5171 magis
2704 5104 2760 5159 in
2792 5105 2964 5159 altum
2993 5100 3110 5156 haec
3150 5103 3380 5159 carnalis
3420 5101 3494 5153 vi-

1894 5206 1963 5250 tae
1994 5202 2265 5250 structura
2321 5193 2673 5261 suberigitur,
2732 5206 2884 5251 tanto
2914 5193 3216 5262 proclivius
3246 5192 3408 5247 veluti
3442 5190 3493 5243 iu

1895 5284 2073 5344 abvssi
2121 5288 2449 5344 voraginem
2500 5298 2702 5344 mersa,
2755 5287 2936 5341 subito
2998 5283 3317 5344 dissipatur.
3362 5279 3501 5332 unde
