3950 5344
521 314 625 372 ιὸἳ

1045 306 1105 363 S.
1140 303 1345 362 PETRI
1382 300 1666 359 DAMIANI
1705 298 1856 357 OPP.
1896 297 2078 354 PARS
2117 296 2246 353 SEU
2289 294 2525 352 TOMUS
2542 296 2585 351 1.
2621 326 2690 337 —--
2727 293 2944 351 EPIST.
2972 295 3098 350 LIB.
3141 294 3272 349 VIII.

3664 294 3769 350 483

521 429 591 484 lis
625 429 768 488 vitae,
806 436 925 492 quae
971 433 1071 490 per
1119 432 1243 472 eum
1289 415 1551 479 innuitur,
1611 411 1848 467 culmine
1875 424 1982 464 non
2012 423 2095 464 se-
2118 414 2167 472 Α
2196 422 2381 462 sumus
2408 406 2519 462 Deo
2547 406 2600 461 in
2627 406 2694 461 iis
2741 406 2832 476 qui
2875 406 3007 462 salvi
3056 407 3190 461 ﬁunt
3233 415 3287 460 et
3315 406 3369 460 in
3421 405 3490 463 iis
3517 406 3614 475 qui
3649 422 3775 477 pcr-

516 522 715 592 gniter,
748 514 838 570 sed
871 514 978 568 cito
1029 511 1335 574 corruitur;
1373 518 1428 564 et
1484 507 1614 563 illud
1658 514 1744 560 est
1783 520 1845 558 os
1888 504 2086 576 abyssi,

514 612 659 681 quod
713 621 971 664 ascensus
1026 603 1310 658 videbatur
1364 613 1483 655 esse
1536 597 1766 668 fastigii,
1823 595 2091 666 Propheta

516 712 774 764 testante,
805 699 895 767 qui
932 697 1008 751 ait
1040 713 1054 749 :
1091 712 1110 745 ‹
1148 691 1399 762 Dejecisti
1431 706 1525 746 eos
1560 691 1684 744 dum
1731 686 2093 742 allevarentur

523 791 700 862 (Psal.
754 790 943 858 Lxxu).
974 805 993 840 ι
1055 785 1343 839 Ramesses
1396 798 1525 837 vero
1577 778 1824 849 pabulum
1874 777 2089 844 dicitur,

512 882 597 937 vel
621 882 794 943 tinea;
819 880 1071 947 pabulum
1103 889 1339 945 namque
1366 872 1564 928 diaboli
1614 880 1741 926 sunt
1769 884 1960 925 omnes
2005 882 2093 923 re-

512 971 691 1043 probi,
728 970 926 1039 quibus
967 967 1056 1021 ille
1100 974 1356 1035 tanquam
1386 964 1543 1031 lupus
1590 961 1782 1015 ovibus
1831 958 2090 1034 vescitur,

511 1077 807 1131 eorumque
833 1059 1072 1130 pernicie
1110 1058 1257 1112 velut
1303 1056 1476 1127 epulis
1528 1055 1825 1125 saginatur.
1859 1054 1934 1107 De
1972 1051 2092 1121 qui-

515 1152 615 1206 bus
635 1151 798 1205 etiam
828 1164 923 1218 per
947 1146 1114 1202 David
1149 1147 1380 1201 dicitur:
1408 1164 1425 1195 ι
1456 1143 1608 1198 Sicut
1634 1158 1763 1197 oves
1795 1141 1848 1194 in
1880 1139 2091 1196 inferno

518 1240 679 1311 positi
703 1248 848 1303 sunt,
872 1249 925 1293 et
948 1252 1093 1292 mors
1114 1237 1369 1306 depascet
1394 1249 1487 1288 eos
1513 1232 1684 1304 (Psal.
1715 1229 1926 1299 XLVI").
1958 1249 1977 1282 ι

582 1331 728 1388 Dixit
745 1329 1000 1384 Dominus
1017 1329 1082 1382 ad
1104 1327 1318 1399 Moysen
1333 1323 1531 1398 (Exod.
1564 1326 1638 1395 tv)
1669 1341 1683 1378 :
1716 1342 1734 1374 ι
1755 1323 1967 1392 Projice
1983 1322 2091 1376 vir-

518 1436 636 1494 gam
656 1438 813 1491 quam
842 1422 895 1475 in
926 1436 1088 1475 manu
1114 1428 1312 1488 gestas.
1337 1419 1390 1473 in
1422 1428 1655 1478 terram;
1679 1426 1732 1470 et
1760 1414 2007 1485 projecit,
2035 1420 2091 1468 et

515 1511 694 1567 factus
710 1519 788 1564 est
813 1524 1055 1579 serpens.
1087 1508 1318 1576 Expavit
1341 1507 1481 1561 illico
1505 1506 1733 1577 Moyses,
1756 1513 1810 1559 et
1837 1500 2005 1572 fugit;
2033 1512 2088 1558 et

510 1603 587 1657 ait
616 1602 687 1655 illi
720 1602 976 1655 Dominus
1002 1615 1017 1651 :
1054 1618 1073 1651 ‹
1096 1599 1450 1669 Apprehende
1484 1598 1710 1651 caudam
1741 1594 1889 1662 ejus;
1918 1605 1970 1648 et
1995 1610 2089 1665 ap-

508 1690 816 1761 prehendit,
865 1688 1112 1757 factaqne
1162 1697 1245 1741 est
1288 1687 1482 1741 iterum
1531 1684 1681 1754 virga
1737 1680 1889 1754 (Gen.
1923 1683 2027 1750 ιιι).
2058 1700 2077 1734 ι

506 1750 697 1834 cuncti
747 1777 952 1847 liquido
979 1779 1225 1831 novimus
1251 1777 1376 1846 quia
1425 1790 1650 1845 serpens
1678 1776 1848 1828 suasit
1878 1773 2082 1827 homini
2114 1750 2157 1810 Β

505 1878 767 1933 mortem;
797 1883 926 1938 ergo
956 1883 1101 1921 mors
1126 1882 1156 1920 a
1206 1875 1476 1936 serpente.
1521 1864 1660 1932 Quid
1702 1873 1882 1918 autem
1929 1864 2079 1934 virga

503 1960 607 2014 nisi
631 1959 902 2025 Christus,
935 1961 1001 2015 de
1051 1975 1156 2028 quo
1204 1961 1465 2030 propheta
1497 1959 1666 2013 dicit:
1700 1976 1716 2008 ι
1753 1957 1888 2024 Quia
1936 1971 2085 2027 egre-

502 2051 681 2104 dietur
704 2048 860 2119 virga
892 2050 958 2103 de
994 2048 1173 2103 radice
1202 2049 1392 2104 Iesse?
1429 2068 1447 2099 ι
1492 2047 1626 2118 (lsa.
1663 2046 1765 2117 ιι.)
1798 2047 1954 2116 Virga
1983 2046 2085 2100 ita-

501 2153 609 2208 que
638 2139 690 2192 in
724 2148 1048 2207 serpentem,
1078 2137 1329 2192 Christus
1380 2138 1432 2191 in
1467 2146 1713 2191 mortem.
1745 2136 1954 2208 Moyses
1981 2151 2081 2190 au-

502 2236 611 2281 tem
662 2227 899 2296 expavit,
929 2236 985 2280 et
1032 2227 1190 2295 fugit,
1219 2228 1347 2296 quia
1380 2241 1642 2296 suspenso
1694 2227 1746 2280 in
1775 2242 1960 2291 cruce,
1996 2226 2081 2282 vel

502 2317 769 2371 moriente
797 2317 1040 2380 Domino,
1073 2319 1249 2371 omnis
1281 2319 1368 2373 ille
1423 2318 1788 2388 apostolorum
1822 2332 2081 2373 nmnerus

502 2404 851 2459 tremefactus
879 2406 1117 2473 expavit,
1147 2417 1200 2459 et
1225 2423 1252 2460 a
1285 2417 1445 2462 certae
1490 2407 1603 2476 spei
1652 2423 1715 2461 ac
1756 2409 1923 2463 ﬁrma:
1955 2408 2078 2463 ﬁdei

501 2495 771 2551 soliditate
801 2497 1044 2551 recessit.
1090 2497 1224 2565 Quia
1280 2514 1408 2554 vero
1450 2503 1619 2555 cauda
1669 2511 1911 2556 extrema
1952 2518 2080 2571 pars

497 2592 582 2639 est
631 2586 896 2654 corporis,
937 2586 1063 2654 quid
1106 2588 1208 2641 nisi
1256 2588 1416 2644 ﬁnem
1472 2589 1761 2643 Dominicae
1811 2590 2078 2659 signiﬁcat

497 2674 798 2745 passionis?
859 2675 1067 2745 Moyses
1126 2678 1290 2748 igitur
1327 2681 1552 2734 caudam
1609 2681 1984 2748 apprehendit,
2024 2688 2081 2735 ct

496 2766 631 2820 nihil
659 2768 706 2821 ei
734 2768 786 2820 in
817 2768 963 2838 virga
997 2767 1134 2821 ultra
1165 2769 1431 2837 serpentis
1465 2770 1733 2839 apparuit,
1772 2771 1899 2841 quia
1924 2786 2071 2825 cona-

497 2859 641 2926 plelo
665 2856 954 2910 Dominicaa
977 2857 1240 2927 passionis
1261 2860 1543 2927 crucisque
1566 2862 1844 2930 mysterio,
1870 2871 1923 2914 et
1946 2860 2077 2914 ﬁde-

495 2945 563 3000 lis
593 2947 820 3014 quisque
845 2956 972 2999 tunc
1008 2948 1073 3000 ad
1123 2948 1278 3002 ﬁdem
1327 2950 1506 3013 rediit,
1558 2961 1612 3003 et
1637 2950 1902 3013 Christus,
1947 2965 2077 3004 con-

498 3049 714 3106 sumpta
742 3047 939 3102 morte,
972 3039 1201 3108 idipsum
1235 3040 1286 3094 in
1315 3056 1373 3095 se
1408 3041 1550 3108 quod
1573 3040 1752 3095 fuerat
1772 3057 1867 3110 per
1895 3056 2074 3096 resur-

2193 507 2351 563 eunt;
2405 498 2524 551 aliis
2559 498 2774 567 quidem
2837 498 2973 553 odor
3024 497 3214 551 mortis
3259 497 3310 551 in
3363 506 3622 560 mortem,
3654 495 3773 553 aliis

2192 588 2328 643 odor
2354 588 2477 642 vita:
2501 589 2552 641 in
2584 588 2750 641 vitam
2778 586 2863 656 (II
2888 585 3006 641 Cor.
3042 586 3127 657 ιι).
3164 607 3181 637 ι
3214 586 3409 641 Pactus
3431 588 3655 657 quidem
3693 598 3774 643 est

2194 678 2325 733 Saul
2354 678 2611 748 majorem
2645 678 2808 732 ﬁliam
2839 694 2991 733 suam
3031 678 3213 733 Merob
3271 678 3436 732 David
3468 679 3606 734 dare
3635 695 3773 734 uxoo

2193 782 2337 834 rem;
2371 769 2462 823 sed
2496 776 2862 838 cumtempus
2901 768 3205 822 advenisset
3231 783 3337 838 quo
3389 768 3507 821 dari
3538 768 3647 822 sibi
3676 771 3774 825 de-

2192 861 2424 926 buisset,
2456 877 2560 916 non
2596 862 2645 915 ei
2677 862 2798 917 data
2827 872 2930 922 est,
2958 862 3052 917 sed
3081 861 3170 916 alii
3210 861 3501 930 conjuncta
3524 872 3609 917 est
3634 863 3770 917 viro.

2194 950 2394 1005 Dilexit
2438 961 2619 1006 autem
2664 950 2862 1005 Michol
2924 950 3090 1005 ﬁliam
3124 951 3251 1006 Saul
3312 950 3537 1006 alteram
3606 951 3771 1006 David

2191 1057 2423 1112 eamque
2452 1041 2556 1094 sibi
2579 1056 2804 1099 uxorem
2830 1043 3106 1112 conjunxit
3130 1042 3180 1111 (1
3204 1042 3333 1113 Reg.
3373 1042 3554 1107 xvm).
3587 1041 3770 1097 Merob

2191 1133 2389 1203 quippe
2412 1135 2796 1202 interpretatur
2836 1134 2901 1188 de
2926 1134 3291 1199 multitudine;
3322 1133 3519 1187 Michol
3563 1143 3766 1196 autem.

2190 1240 2328 1293 aqua
2360 1222 2443 1278 vel
2473 1239 2538 1277 ex
2562 1223 2823 1277 omnibus.
2877 1224 2943 1278 Et
2967 1225 3095 1293 quid
3145 1239 3243 1293 per
3287 1223 3490 1287 Merob,
3541 1224 3647 1277 nisi
3679 1223 3766 1276 illa

2189 1312 2456 1368 duntaxat
2483 1313 2773 1367 inﬁdelium
2804 1314 2956 1369 turba
2983 1316 3246 1383 signatur,
3271 1330 3390 1384 qua:
3417 1323 3503 1369 est
3541 1315 3611 1368 de
3632 1314 3765 1368 mulo

2191 1402 2418 1457 titudine
2465 1417 2586 1471 quae
2626 1402 2944 1472 repellitur?
2974 1419 2994 1453 ι
3024 1402 3171 1457 Multi
3221 1403 3364 1457 enim
3404 1412 3535 1457 sunt
3563 1403 3763 1468 vocati,

2189 1494 2343 1564 pauci
2373 1509 2500 1548 vero
2522 1494 2678 1549 electi
2709 1494 2925 1565 (Matth.
2949 1503 3065 1563 xx).
3102 1514 3122 1548 ι
3154 1494 3292 1563 Quid
3331 1505 3512 1549 autem
3547 1511 3647 1565 per
3670 1494 3765 1548 lli-

2189 1585 2458 1650 chol,nisi
2508 1595 2693 1640 sancta
2735 1586 3285 1656 ﬁguratur-Ecclesia,
3310 1603 3339 1639 a
3368 1601 3474 1655 qua
3516 1586 3763 1640 videlicet

2178 1686 2377 1731 'otnnes
2423 1676 2677 1730 oriuntur
2699 1677 2881 1741 electi,
2915 1677 2996 1732 vel
3039 1693 3159 1746 qute
3182 1693 3249 1731 ex
3274 1676 3525 1731 omnibus
3551 1685 3764 1731 censtat

2185 1764 2556 1831 electis‘lQua:
2597 1765 2722 1820 licet
2751 1766 2918 1820 ﬁlium
2970 1782 3076 1820 non
3135 1768 3404 1836 genuerit,
3435 1767 3523 1821 hic
3584 1779 3759 1820 tamen

2183 1858 2554 1929 intelligentiae
2578 1858 2695 1927 ejus
2709 1860 2967 1913 sterilitas
2990 1875 3093 1913 non
3118 1860 3352 1913 obsistit.
3381 1859 3543 1913 Aliud
3563 1860 3759 1928 quippe

2184 1951 2505 2021 mysterium
2536 1958 2637 2011 est,
2673 1951 2795 2018 quia
2829 1950 2942 2020 regi
2997 1950 3162 2003 David
3192 1962 3274 2003 est
3302 1950 3355 2003 in
3382 1948 3760 2018 conjugalitate

2164 2040 2513 2110 conjuncta;
2561 2040 2729 2103 aliud,
2768 2040 2892 2110 quia
2939 2039 3173 2110 perstitit
3222 2037 3545 2104 infecunda;
3599 2039 3758 2102 aliud,

2186 2132 2312 2202 quia
2364 2132 2563 2185 Christi
2600 2130 2815 2185 Domini
2867 2140 2949 2185 est
2994 2133 3185 2187 sortita
3227 2131 3576 2201 conjugimn;
3624 2130 3760 2184 aliud

2182 2224 2311 2294 quia
2339 2223 2687 2279 fecunditatis
2709 2240 2815 2279 non
2843 2226 3040 2277 meruit
3075 2225 3295 2286 donum,
3328 2224 3421 2277 sed
3461 2226 3688 2293 pertulit
3709 2224 3757 2277 in

2180 2314 2347 2370 Israel
2378 2315 2679 2370 sterilitatis
2705 2316 3075 2385 opprobrium.
3131 2315 3281 2369 ﬂante
3308 2330 3443 2369 sane
3471 2315 3642 2369 David
3669 2332 3757 2371 su-

2179 2406 2331 2473 perbi
2360 2405 2501 2476 regis
2525 2403 2653 2459 Saul
2682 2406 2784 2459 sibi
2823 2405 2986 2461 ﬁliam
3004 2403 3211 2472 junxit,
3241 2404 3368 2458 dum
3411 2404 3572 2458 fortis
3600 2421 3755 2458 manu

2176 2493 2307 2549 Jesu
2357 2509 2419 2547 ac
2465 2494 2658 2549 merito
2707 2494 3083 2549 desiderabilis
3121 2509 3239 2547 eam
3264 2494 3329 2547 de
3357 2494 3580 2562 superbi
3605 2493 3755 2560 hujus

2179 2585 2362 2639 mundi
2387 2584 2646 2653 principis
2670 2585 2931 2655 obsequio
2979 2583 3216 2650 sustulit,
3254 2584 3466 2654 sibique
3489 2584 3756 2638 confmdeo

2178 2674 2404 2729 rationis
2454 2674 2656 2728 intimae
2707 2675 2917 2744 glutino
2963 2675 3223 2728 counivit.
3284 2674 3458 2740 Quam
3514 2674 3756 2731 videlicet

2177 2764 2391 2830 Michol,
2424 2780 2543 2834 qua:
2572 2776 2759 2820 sancta
2808 2766 3105 2821 electorum
3146 2776 3230 2822 est
3274 2767 3541 2830 Ecclesia.
3570 2783 3753 2839 Super-

2174 2855 2278 2911 bus
2298 2856 2386 2910 ille
2408 2856 2558 2923 Saul,
2585 2858 2686 2911 hoc
2710 2867 2817 2922 est,
2855 2858 3121 2928 malignus
3152 2859 3399 2928 spiritus,
3426 2874 3552 2914 cum
3572 2846 3753 2916 .lilerob

2175 2947 2393 3001 auferre
2420 2948 2644 3002 minime
2670 2949 2832 3015 valet,
2863 2950 2988 3020 quia
3016 2951 3190 3006 ﬁdelis
3214 2960 3399 3006 custos
3423 2952 3750 3006 irrevocabi—

2176 3037 2301 3091 liter
2321 3053 2441 3092 eam
2463 3052 2574 3092 suae
2597 3038 2903 3093 dilectionis
2949 3039 3245 3093 obstrinxit
3283 3041 3649 3109 amplexibus,
3669 3040 3753 3110 qui

497 3132 759 3185 rectionis
786 3130 1011 3201 gloriam
1045 3126 1333 3198 reparavit.
1369 3129 1587 3185 Tollens
1617 3133 1794 3185 Aaron
1830 3132 2073 3186 tlmribu-
2101 3101 2145 3162 Ο
2179 3128 2232 3181 in
2261 3127 2553 3195 Evangelio
2577 3127 2775 3182 clamat
2801 3147 2814 3182 :
2844 3147 2863 3180 ι
2902 3128 3042 3185 Oves
3072 3145 3203 3184 meae
3226 3144 3414 3184 vocem
3457 3146 3638 3184 meam
3660 3146 3749 3183 au-

494 3219 630 3284 lum,
684 3220 927 3274 cucurrit
993 3234 1089 3289 per
1151 3220 1380 3272 mediam
1432 3215 1853 3283 multitudinem,
1912 3237 2072 3290 quam

496 3311 747 3365 vastabat
773 3310 1076 3363 incendium
1105 3325 1119 3373 ;
1140 3318 1196 3363 et
1219 3318 1371 3364 stans
1399 3310 1539 3365 inter
1553 3320 1794 3365 mortuos
1813 3326 1877 3366 ac
1893 3313 2075 3367 viven-

494 3408 597 3462 tes,
632 3400 924 3470 thymiama
957 3399 1180 3463 obtulit;
1215 3400 1402 3468 sicque
1446 3401 1741 3457 desmviens
1765 3402 1921 3471 plaga
1957 3418 2076 3457 ces-

492 3491 634 3545 s:ivit
664 3490 853 3559 (Num.
910 3490 1044 3559 xvi).
1076 3490 1247 3556 Quem
1303 3506 1432 3544 sane
1458 3491 1638 3545 Aaron
1689 3492 1789 3546 nisi
1842 3492 2073 3547 Redem-

489 3588 703 3650 ptorem
727 3589 971 3633 nostrum
1013 3580 1429 3650 signabatilpse
1460 3597 1691 3651 namque
1730 3584 1982 3651 quoniam
2005 3586 2072 3640 ad

493 3671 821 3725 currendum
854 3672 1018 3737 viam,
1049 3673 1202 3740 quasi
1234 3674 1388 3743 gigas
1410 3674 1699 3728 exsultavit
1725 3675 1898 3746 (Psal.
1927 3678 2068 3745 vm),

492 3770 711 3828 arrepto
736 3761 1001 3829 passionis
1026 3777 1137 3814 sua:
1161 3761 1456 3828 thuribulo,
1484 3764 1624 3817 inter
1646 3777 1886 3820 mortuos
1906 3766 2071 3838 294

489 3864 556 3904 ac
581 3851 825 3904 viventes
852 3852 1110 3916 occurrit,
1159 3862 1214 3906 et
1255 3853 1466 3923 objectu
1513 3857 1693 3910 crucis
1717 3872 1852 3916 suae.
1882 3858 1934 3911 in
1962 3874 2068 3927 qua

491 3939 785 4010 thymiama
808 3942 947 3993 sacri
974 3942 1218 4009 corporis
1247 3955 1654 3998 concrematum
1674 3956 1777 4013 est,
1809 3957 1860 4001 et
1882 3948 2070 4017 Agnus

489 4028 581 4082 ille
609 4029 847 4084 caelestis
891 4041 1104 4084 assatns
1146 4041 1248 4095 est,
1293 4034 1443 4089 vivos
1471 4050 1534 4089 ac
1585 4048 1827 4092 mortuos
1858 4055 2070 4107 separa-

487 4120 598 4185 vit;
632 4121 878 4190 ignisque
925 4124 1217 4191 perniciem
1249 4125 1317 4179 ab
1342 4127 1441 4189 eis,
1479 4130 1630 4196 quasi
1653 4130 1868 4199 quidam
1901 4133 2066 4188 inter-

487 4207 714 4261 veniens
738 4224 943 4274 murus,
968 4211 1214 4281 exclusit,
1254 4222 1312 4266 ut
1352 4230 1517 4268 vorax
1549 4217 1763 4272 llanuna
1811 4220 2069 4290 deglntiat

492 4296 739 4351 inﬁdeles
764 4314 1028 4368 quosque,
1081 4300 1146 4354 de
1192 4302 1388 4370 quibus
1417 4307 1674 4374 scriptum
1705 4317 1827 4362 est:
1864 4328 1882 4359 ι
1915 4309 2067 4366 Nunc

489 4384 651 4455 ignis
685 4389 1027 4442 adversarios
1075 4392 1369 4455 consumit,
1406 4402 1462 4446 et
1506 4393 1656 4461 justi,
1705 4397 1797 4464 qui
1843 4397 1947 4453 ﬁde
1990 4401 2065 4454 vi-

484 4490 660 4546 vunt,
719 4482 1025 4536 incendium
1051 4483 1413 4565 damnationis
1461 4489 1696 4543 evadunt
1720 4489 1906 4560 (Hebr.
1928 4491 2005 4563 ι).
2037 4513 2055 4546 ι

484 4568 722 4637 Quorum
758 4581 1094 4641 mortuorum
1123 4582 1285 4642 atque
1309 4575 1601 4631 viventium
1627 4579 1741 4649 jam
1783 4590 1835 4635 el
1857 4581 1957 4650 ipsi
1985 4582 2063 4636 la-

486 4670 668 4717 trones
701 4677 997 4720 noscuntur
1041 4669 1208 4727 fuisse
1237 4674 1509 4741 primitia»,
1541 4678 1679 4731 inter
1708 4692 1845 4747 quos
1875 4680 2057 4735 Domi-

483 4767 588 4808 nus
618 4757 911 4812 cruciﬁxus
936 4769 1039 4825 est,
1072 4778 1303 4831 quorum
1347 4768 1482 4822 alter
1517 4770 1741 4836 electus,
1791 4773 1929 4829 alter
1976 4787 2061 4830 est

484 4844 678 4897 merito
701 4846 938 4913 perﬁdia:
995 4852 1329 4919 reprobatus.
1377 4857 1491 4912 lloe
1538 4861 1718 4929 itaque
1761 4864 2058 4932 thymiama

486 4931 737 4985 sacriﬁcii
768 4935 1026 4992 salutaris
1048 4950 1210 5008 atque
1239 4946 1548 5013 Singularis,
1573 4952 1715 5016 quod
1744 4950 1795 5003 in
1821 4931 1910 5004 ara
1942 4968 2058 5006 cru-

487 5018 567 5072 (τῖε
626 5022 862 5078 oblatum
922 5038 1005 5080 est
1066 5030 1176 5080 Den
1242 5033 1424 5080 Patri-
1478 5054 1633 5080 man

1697 5040 1785 5080 ίΙΙρ
1838 5041 2058 5080 fni-lit"-

2090 4444 2140 4501 D

2177 3221 2348 3282 diunt.
2383 3231 2439 3275 et
2460 3237 2564 3274 non
2589 3222 2841 3291 peribunt
2886 3223 2942 3277 in
2962 3232 3250 3291 atternum.
3275 3234 3329 3277 et
3356 3238 3467 3279 non
3504 3225 3754 3294 rapiteas

2183 3311 2468 3380 quisquam
2493 3312 2558 3366 de
2591 3328 2751 3365 manu
2777 3328 2896 3367 mea
2925 3312 3107 3381 (Joan.
3134 3314 3209 3385 ι).
3235 3332 3255 3364 ι

2247 3400 2370 3466 Qui,
2394 3409 2701 3477 contempla
2756 3412 2985 3458 terrenae
3026 3404 3456 3461 conversationis
3486 3406 3747 3477 concupi-

2186 3492 2512 3559 scentique
2551 3500 2837 3556 structura,
2890 3494 3186 3562 spiritualis
3232 3496 3446 3550 aediﬁcii
3493 3497 3754 3552 fabricam

2174 3590 2518 3646 construunt,
2541 3582 2598 3635 hi
2622 3583 2776 3651 quasi
2821 3583 3020 3638 lateres
3064 3585 3117 3638 in
3149 3585 3382 3654 lapidem
3413 3597 3670 3653 vertunt;
3700 3598 3750 3642 et

2173 3687 2280 3726 non
2310 3672 2363 3725 in
2385 3686 2547 3726 arena
2577 3674 2858 3729 mundana:
2898 3675 3031 3744 spei.
3063 3676 3156 3729 sed
3182 3675 3234 3729 in
3265 3687 3415 3744 petra
3443 3676 3592 3738 ﬁdei.
3631 3693 3748 3748 qua:

2171 3762 2420 3819 Christus
2440 3772 2523 3818 est
2543 3762 2595 3828 (Ι
2626 3761 2749 3818 Cor.
2776 3765 2857 3836 ι),
2905 3766 3039 3822 atria
3069 3782 3343 3836 nunquam
3375 3766 3600 3836 lapsura
3628 3785 3753 3823 con-

2171 3856 2418 3910 stituunt.
2450 3855 2602 3910 Unde
2648 3871 2745 3926 per
2791 3856 2980 3912 Isaiam
3034 3858 3229 3912 dicitur
3259 3876 3273 3911 :
3311 3878 3327 3909 ‹
3357 3857 3589 3914 Lateres
3613 3862 3752 3916 ceci-

2169 3949 2389 4012 derunt,
2413 3948 2508 4002 sed
2535 3949 2758 4018 quadris
2804 3948 3071 4019 lapidibus
3134 3950 3566 4018 mdiﬁcabimus;
3597 3968 3747 4024 syco-

2168 4056 2352 4096 moros
2393 4043 2762 4107 succiderunt,
2812 4042 2906 4096 sed
2943 4043 3133 4098 cedros
3177 4043 3589 4101 immutabimus
3617 4046 3745 4115 (Ira.

2168 4130 2266 4201 ιι).
2302 4149 2320 4181 ι
2352 4129 2637 4185 Lateribus
2662 4130 2861 4200 quippe
2888 4132 3242 4186 candentibus
3286 4133 3450 4204 295
3473 4144 3530 4189 et
3563 4136 3749 4207 lapidi-

2168 4223 2267 4277 bus
2281 4221 2502 4291 quadris
2521 4219 2749 4274 aediﬁcat
2769 4222 3014 4291 quisquis
3027 4223 3283 4276 vitiorum
3304 4225 3746 4296 voluptatumque

2168 4313 2443 4368 lasciviam
2466 4312 2810 4366 districtioris
2833 4313 2954 4366 vitae
2973 4313 3154 4383 rigore
3175 4314 3428 4384 castigat,
3453 4316 3547 4383 qui
3578 4316 3744 4385 legem

2168 4406 2348 4460 carnis
2390 4406 2507 4476 lege
2535 4406 2755 4473 spiritus
2793 4415 3036 4475 superat,
3069 4406 3160 4475 qni
3206 4405 3587 4463 fortitudinem
3628 4423 3745 4463 cor-

2168 4498 2316 4568 poris
2334 4497 2496 4549 animi
2528 4496 3001 4550 virtutcdemutat.
3032 4495 3186 4551 Unde
3209 4512 3397 4551 rursus
3424 4513 3522 4567 per
3553 4498 3743 4554 Isaiam

2167 4589 2402 4643 dicitur:
2435 4604 2454 4637 ι
2487 4585 2589 4653 Qui
2619 4586 2893 4642 conﬁdunt
2922 4588 2977 4641 in
3018 4587 3248 4641 Domino
3277 4590 3563 4643 mutabunt
3596 4590 3744 4644 forti-

2167 4680 2407 4734 tudinem
2433 4677 2566 4750 (Isa.
2593 4678 2706 4745 XL).
2740 4699 2756 4730 ι
2799 4677 2930 4732 Nam
2959 4679 3106 4742 dum,
3160 4692 3265 4732 non
3294 4693 3599 4739 assumunt,
3652 4681 3743 4735 sed

2168 4771 2473 4834 mutabunt,
2505 4770 2660 4833 dixit,
2714 4779 2964 4838 patenter
3007 4764 3239 4824 innotuit
3261 4770 3420 4826 aliam
3443 4788 3568 4826 cSSe
3589 4772 3742 4827 forti-

2168 4859 2432 4923 tudinem,
2460 4873 2579 4927 qua:
2617 4859 2924 4928 deponitur.
2950 4859 3109 4916 aliam
3139 4875 3260 4929 quae
3282 4860 3495 4914 nuvitrr
3526 4866 3741 4917 uit-boa-

2167 4958 2273 5004 tur.
2307 4950 2446 5003 I-Iinc
2471 4950 2658 5004 electis
2687 4966 2781 5018 per
2805 4950 3148 5005 Psalmistam
3174 4951 3370 5005 dicitur
3400 4965 3416 5004 :
3450 4970 3469 5001 ε
3504 4951 3616 5006 Viri
3642 4953 3741 5006 iter

2163 5039 2304 5080 nni“!
2348 5047 2401 5080 ρι
2427 5037 2764 5080 Dnnfnrlnlnr
2790 5055 2885 5080 (δην
2914 5050 3150 5080 amen-tun
3204 5056 3397 5080 ntnnnc
3447 5044 3538 5080 nuli
3565 5057 3735 5080 «mn.
