3950 5344
229 367 338 424 489

1431 369 1630 426 LIBER
1667 369 2013 439 OCTAVUS,
2052 371 2266 431 EPIST.
2297 375 2434 432 XIV.

3416 377 3518 434 191)

229 486 334 538 bus
355 484 646 552 premitur,
680 495 741 538 ca
769 497 888 554 qum
915 483 1144 552 patitur,
1170 483 1310 538 mala
1353 471 1458 540 non
1493 488 1677 552 sentit,
1700 503 1832 557 quo-
1860 499 1908 556 Α
1937 489 2115 544 lomon
2147 491 2224 546 ait
2255 509 2266 545 :
2303 511 2322 544 α
2357 491 2530 560 Quem
2561 493 2738 566 diligit
2787 493 3047 550 Dominus
3068 533 3082 560 ,
3135 491 3392 565 corripit;
3433 494 3522 550 fia-

233 581 380 636 niazn
405 582 472 635 ad
497 591 696 636 cuncta
728 581 1124 638 delectabiliter
1150 583 1388 652 ducitur,
1424 585 1475 639 in
1500 585 1696 656 quibus
1719 599 1829 656 pe:-

231 675 433 730 naliter
465 675 748 748 fatigatur.

313 788 332 820 1
368 769 528 824 Sicut
555 784 687 825 oves
739 771 792 826 in
837 769 1048 826 inferno
1093 771 1250 842 positi
1277 783 1423 838 sunt,
1473 783 1528 828 et
1567 786 1714 828 mors
1744 771 1832 826 de-

233 871 426 932 poscet
465 875 561 919 eos
604 862 778 936 (Psal.
832 866 1042 936 1111111).
1079 884 1098 918 ›
1145 863 1286 921 Oves
1336 866 1496 922 habet
1562 865 1828 930 Christus,

231 968 372 1024 quas
407 953 476 1010 ad
505 969 720 1010 arntena
750 955 978 1010 virentia
1025 955 1197 1011 caulis
1247 957 1560 1012 coelestibus
1590 956 1834 1011 introdu-

233 1053 358 1112 cat;
407 1059 540 1102 oves
587 1047 776 1112 habet,
823 1057 878 1102 et
933 1049 1019 1104 ille
1051 1049 1298 1118 rugiens,
1342 1065 1478 1119 quas
1534 1049 1829 1104 insatiabili

233 1147 496 1192 cruentus
520 1153 614 1193 ore
639 1138 920 1210 deglutiat.
949 1139 1050 1208 Qui
1077 1141 1214 1196 bene
1255 1155 1402 1196 mors
1424 1139 1644 1206 dicitur,
1679 1141 1827 1210 quia,

237 1244 360 1284 cum
389 1231 458 1286 sit
479 1245 674 1286 auctor
697 1235 906 1298 mortis,
923 1233 988 1288 ad
1015 1233 1352 1288 inferendum
1375 1234 1532 1289 nobis
1549 1235 1828 1290 interitum

238 1322 534 1378 crudeliter
557 1322 835 1380 efferatur.
869 1325 1020 1380 Unde
1041 1324 1280 1382 Joannes
1309 1344 1323 1380 :
1357 1345 1374 1380 1
1413 1327 1478 1382 Et
1506 1343 1632 1382 cccc
1660 1343 1832 1398 equus

234 1415 494 1484 pallidus,
521 1426 577 1472 et
597 1418 688 1488 qui
722 1419 943 1474 sedebat
969 1433 1134 1488 super
1159 1433 1309 1487 cum,
1335 1436 1530 1476 nomen
1559 1421 1632 1476 illi
1659 1420 1832 1478 :Mors

235 1507 421 1580 (Apoc.
456 1513 550 1581 vi).
590 1529 609 1564 ι

773 1601 1106 1660 EPISTOLA
1157 1603 1294 1660 XIII.

757 1717 822 1756 Αι)
863 1716 1107 1756 5011011831
1143 1717 1238 1757 SUA
1249 1717 1282 1756 II
1292 1743 1304 1755 .

235 1787 636 1864 Ancuussrmt.
664 1823 733 1833 -
763 1793 996 1864 Rogatus
1024 1811 1052 1850 a
1092 1809 1305 1860 sorore,
1337 1794 1402 1850 de
1445 1795 1630 1850 mundi
1663 1795 1830 1851 inter-

311 1863 419 1936 itu,
451 1863 770 1936 Antichristi
800 1863 1032 1920 adventu
1055 1865 1332 1933 etjudicio
1356 1882 1608 1936 supremo
1651 1869 1826 1922 disse-

305 1934 408 2008 rit;
443 1933 596 2008 cujus
625 1936 842 2004 quidem
862 1937 1056 2005 judicii
1080 1937 1225 1992 diem
1251 1933 1468 2008 semper
1490 1949 1616 1994 ante
1637 1940 1828 1994 oculos

305 2004 614 2062 habendam
644 2022 766 2062 esse
787 2004 883 2062 ait.

305 2097 648 2154 Dulcissimze
679 2102 850 2156 sorori
885 2102 950 2158 111
979 2102 1196 2160 Penus
1233 2113 1493 2174 peccator
1530 2105 1832 2162 monachus

235 2189 493 2248 humilem
525 2191 582 2247 in
613 2193 844 2250 Domino
874 2197 1214 2252 servitutem.

303 2283 640 2351 Quodamc,
675 2301 832 2340 soror
881 2289 1226 2356 charissima,
1281 2293 1422 2362 petis
1469 2300 1654 2346 notum
1711 2291 1830 2348 ﬁeri

235 2376 354 2444 tibi,
403 2377 534 2446 quid
584 2389 712 2433 ante
741 2381 928 2436 mundi
977 2383 1476 2456 creationemhctc.
1531 2382 1732 2438 Eadem
1757 2393 1831 2438 est

236 2466 348 2522 Ιιιεσ
377 2469 530 2539 epist.
554 2487 672 2540 qua:
695 2481 742 2526 et
774 2472 864 2526 lib.
888 2489 942 2528 v1
971 2473 1098 2528 tomi
1121 2474 1302 2544 Imjus.

780 2565 1118 2624 EPISTOLA
1153 2565 1294 2621 XIV.

365 2669 432 2710 AD
471 2671 706 2712 SORORES
743 2673 872 2714 SUAS
909 2673 1254 2712 RODELINDAHI
1293 2674 1364 2714 ET
1409 2673 1708 2714 SUFFICIAM.

227 2747 632 2804 Ausones'ruu.
648 2780 716 2788 —-
739 2748 1096 2820 Rodelindam
1122 2759 1285 2820 atque
1305 2749 1608 2814 Sufﬁciam,
1643 2749 1832 2806 ambas

299 2821 500 2874 marito
523 2822 772 2886 orbatas,
797 2819 862 2874 ad
887 2819 1210 2876 servandam
1229 2837 1348 2891 non
1373 2821 1546 2874 solum
1563 2821 1826 2891 corporis,

301 2891 398 2946 sed
429 2891 593 2944 etiam
627 2892 848 2955 mentis,
887 2892 954 2946 ab
979 2893 1126 2946 omni
1171 2890 1292 2944 labe
1325 2891 1582 2945 intactam
1615 2890 1826 2960 purita-

301 2971 436 3025 tem,
465 2963 934 3032 cogitationesque
979 2962 1290 3016 immundus
1329 2962 1476 3016 omni
1506 2963 1686 3016 studio
1713 2963 1833 3016 evi-

301 3034 502 3087 tandas
525 3035 796 3088 hortatur.
825 3033 1283 3104 Quodutfaeilins
1303 3042 1566 3104 prtestare
1595 3033 1828 3104 possint,

301 3105 624 3173 patientiam
671 3105 724 3158 in
761 3103 1220 3170 tribulationilnts,
1249 3103 1555 3160 orationem
1600 3103 1722 3158 ’si::e
1751 3105 1830 3158 in-

305 3177 667 3236 termissione,
728 3174 1066 3244 frequentem
1115 3186 1171 3230 et
1223 3176 1491 3229 sinceram
1533 3175 1830 3230 confessio-

299 3261 451 3312 nem,
484 3247 950 3300 mansuetudinem
981 3246 1033 3299 in
1079 3247 1350 3308 inimicos,
1375 3255 1431 3300 et
1471 3247 1826 3302 contumelio-

297 3332 410 3380 sos,
442 3317 876 3372 misericordiam
905 3319 960 3370 in
990 3332 1280 3387 pauperes,
1310 3317 1477 3388 296
1501 3326 1556 3371 et
1587 3317 1824 3387 denique

299 3403 557 3442 curarunt
607 3387 948 3460 sagcularinm
1005 3388 1404 3460 ablegationem
1443 3387 1704 3443 ’tnaximo
1745 3389 1826 3442 cis

308 3460 626 3527 adjumcnto
657 3458 866 3514 futuras
893 3473 1012 3513 esse
1038 3458 1289 3514 testatur.

300 3551 654 3606 Charissimis
682 3552 735 3606 in
761 3551 980 3607 Christo
998 3553 1278 3607 sororibus
1305 3551 1636 3607 Rosianum;
1663 3560 1828 3622 atque

231 3644 504 3704 δεπῑςιιε
531 3646 752 3703 Parcus
783 3656 1035 3718 peccator
1061 3648 1362 3704 monachus
1385 3648 1591 3702 intima?
1621 3661 1830 3718 germa-

231 3741 422 3795 nitatis
447 3740 720 3796 affectum.

301 3833 516 3889 Uberes
553 3833 752 3888 divinae
798 3833 1187 3904 dispensationi
1221 3834 1426 3906 gratias
1471 3833 1668 3896 refero,
1702 3831 1830 3885 dum

234 3939 354 3990 vos,
427 3924 570 3980 fama
626 3925 993 3993 discurrente,
1048 3927 1320 3998 coniperio
1370 3935 1424 3981 et
1468 3926 1522 3980 in
1565 3925 1830 3979 virtutum

207 4009 599 4086 'spiritnalium
641 4015 854 4072 fervere
899 4017 1234 4073 unanimiter
1285 4015 1515 4084 studiis,
1549 4027 1604 4072 et
1649 4028 1832 4071 tamen

232 4107 462 4162 diversis
489 4107 676 4161 mundi
726 4107 1009 4178 subjacere
1053 4109 1343 4178 pressuris.
1379 4107 1516 4162 Nota
1565 4107 1834 4176 siquidem

231 4207 314 4257 est
345 4202 615 4273 regularis
637 4201 728 4257 illa
776 4203 1274 4274 supernzcjustititc
1307 4201 1470 4266 linea,
1505 4215 1610 4269 qua
1643 4197 1830 4254 invisi-

229 4296 354 4350 bilis
381 4296 603 4352 Arbiter
633 4311 728 4351 eos
755 4296 808 4349 in
839 4296 938 4351 hac
967 4297 1079 4350 vita
1111 4295 1427 4367 temporalis
1461 4309 1716 4350 aerumna:
1739 4292 1834 4346 fla-

231 4389 384 4461 gellis
415 4390 622 4454 erudit,
677 4390 874 4459 quibus
925 4391 1142 4446 tradere
1171 4397 1446 4460 perpetem
1494 4387 1836 4443 limreditatis

226 4481 350 4550 jura
385 4483 656 4552 disponit,
685 4499 886 4552 eosque
918 4492 1175 4553 tanquam
1203 4495 1391 4537 servos
1417 4481 1566 4535 duris
1595 4478 1837 4534 verberi-

229 4571 330 4628 bus
356 4573 546 4640 aiIicit,
572 4589 713 4644 quos
755 4573 866 4644 jam
899 4591 995 4644 per
1025 4575 1252 4630 occultae
1274 4571 1544 4628 cautionis
1570 4573 1832 4636 edictum,

231 4673 287 4720 ut
315 4681 512 4721 revera
548 4666 690 4720 filios
719 4667 769 4720 in
801 4667 1184 4736 patrimonium
1209 4665 1555 4736 capessendae
1598 4662 1834 4734 propriae

201 4749 204 4752 ’
233 4743 608 4828 possessionis
633 4757 887 4812 adscivit.
914 4757 1172 4828 Quisquis
1192 4757 1336 4813 enim
1369 4758 1494 4812 dum
1527 4763 1672 4811 recta
1703 4753 1836 4822 agit,

231 4849 580 4905 successibus
616 4847 806 4916 afﬂuit,
831 4850 1051 4921 dignum
1080 4850 1326 4918 profecto
1376 4857 1478 4914 est,
1509 4856 1567 4901 ut
1594 4843 1709 4916 ejus
1740 4861 1835 4901 cor

227 4941 462 4998 formido
487 4943 791 5007 concutiat,
825 4941 1049 4996 nedum
1100 4941 1310 4995 meritis
1348 4941 1461 4996 suis
1513 4953 1832 5007 recompen-

229 5038 333 5092 sari
365 5037 646 5108 con5pieil
671 5034 1012 5107 temporalia,
1059 5034 1268 5088 minora
1295 5032 1547 5098 fortasse,
1578 5034 1660 5088 vel
1687 5034 1832 5088 nulla

230 5130 630 5185 redhibeantur
655 5135 878 5182 mtcrna.
912 5125 986 5180 At
1019 5125 1109 5194 qui
1134 5125 1272 5180 bona
1296 5133 1555 5196 operatur
1576 5135 1628 5180 et
1654 5125 1836 5200 ﬂagel-

229 5217 290 5246 ‘:.-
319 5219 590 5246 “Olnn:D-‘u
630 5225 804 5246 nnniun
833 5219 941 5246 :n-sa
972 5231 1078 5246 III‘VI
1112 5216 1124 5246 ἶ

497 5230 590 5246 ..1η
630 5225 804 5246 ηηησιυιι
833 5219 941 5246 ξαινι
972 5231 1078 5246 ιιιὶνι
1112 5216 1462 5246 ἶ-ὶιηειηκειήι-ΙΛ
1487 5216 1830 5246 “nimiis-ur.an

1931 580 2091 651 gellal
2118 592 2297 638 autem
2320 597 2536 639 omnem
2555 582 2724 638 filium
2751 599 2912 654 quem
2941 584 3132 655 recipit
3157 582 3341 656 (Prov.
3371 585 3516 657 ιιι).›

1841 707 1844 710 ‹
1932 671 2047 728 Non
2077 675 2241 744 igitur
2273 675 2547 732 innnerito
2593 677 2812 747 gaudet,
2843 677 2936 748 qui
2969 677 3022 732 in
3069 685 3270 732 sanctae
3293 693 3524 732 converm

1933 767 2161 821 sationis
2197 767 2392 823 itinere
2421 768 2772 836 constitutus,
2793 769 2918 824 dum
2948 785 3006 824 se
3025 767 3250 840 ﬂagellis
3277 769 3520 824 conside-

1933 867 2018 914 rat
2046 860 2309 916 ultoribns
2355 863 2518 934 cingi,
2549 865 2602 918 in
2653 873 2855 919 sortem
2901 864 3136 920 filiorum
3179 863 3276 918 Dei
3301 877 3360 918 se
3410 878 3520 918 non

1934 953 2156 1024 ambigit
2177 955 2444 1026 adoptari.
2471 955 2583 1012 Iloc
2609 966 2818 1012 tantum
2835 958 3064 1014 sollicita
3087 956 3520 1013 consideratione

1933 1050 2232 1105 cavendum
2263 1059 2368 1115 est,
2405 1066 2473 1106 ne
2501 1051 2642 1106 inter
2677 1053 2791 1122 ipsa
2846 1051 3186 1110 rectitudinis
3214 1065 3378 1120 opera
3399 1049 3520 1120 qui-

1933 1141 2034 1196 bus
2060 1141 2288 1197 debetur
2317 1144 2504 1215 utique
2555 1145 2865 1214 prtemium,
2915 1145 3313 1200 admisceamus
3352 1143 3520 1198 etiam

1934 1235 2176 1304 quaedam
2196 1252 2384 1306 prava,
2401 1237 2528 1292 licet
2551 1237 2793 1303 minima,
2811 1239 3005 1308 quibus
3031 1241 3302 1310 irrogetur
3319 1237 3518 1294 saltem

1935 1329 2234 1399 temporale
2263 1329 2606 1402 supplicium.
2643 1331 2796 1387 Unde
2825 1341 2880 1386 et
2909 1331 3100 1386 Petrus
3137 1331 3214 1386 ait
3241 1349 3254 1384 :
3294 1347 3312 1380 ‹
3351 1327 3522 1384 Nemo

1934 1431 2183 1482 vestrum
2212 1425 2450 1494 patiatur
2471 1427 2624 1495 quasi
2657 1425 2946 1488 homicida,
2981 1433 3074 1480 aut
3101 1423 3214 1498 fur,
3235 1431 3331 1478 aut
3353 1422 3526 1480 male-
3561 1425 3583 1488 t

1933 1514 2103 1576 dicus,
2123 1517 2535 1572 autalienornm
2567 1519 2841 1589 appetitor
2861 1517 2910 1588 (I
2933 1517 3076 1573 Patr.
3107 1516 3202 1593 tv).
3227 1537 3245 1570 1
3268 1515 3526 1586 Quisquis
3573 1505 3582 1520 ³

1933 1621 2062 1679 ergo
2091 1607 2176 1662 vel
2227 1608 2402 1664 aliena
2450 1609 2680 1680 cupidus
2731 1610 2956 1680 appetit,
3007 1609 3092 1662 vel
3151 1607 3437 1663 maledicis
3467 1606 3524 1662 in

1933 1704 2241 1774 quempiam
2266 1705 2449 1760 verbis
2499 1705 2716 1761 excedit
2766 1705 2896 1774 quin
2949 1705 3110 1776 digne
3149 1703 3377 1773 patitur,
3403 1717 3528 1772 pas-

1936 1796 2107 1852 sionis
2143 1813 2254 1853 suae
2281 1787 2562 1868 praemium
2597 1811 2702 1852 non
2727 1805 2986 1852 meretur.

1855 1875 1904 1936 Β
2001 1889 2111 1944 Vos
2160 1900 2365 1954 autem,
2399 1888 2790 1954 dilectissimze,
2833 1887 2962 1958 quia
3013 1885 3192 1942 soluto
3249 1883 3521 1956 conjugali

1933 1981 2184 2049 vinculo,
2241 1983 2512 2038 vidualem
2559 1981 2952 2037 continentiam
3007 1979 3360 2056 profitentes,
3415 1993 3526 2034 non

1933 2079 2094 2134 unedo
2124 2079 2191 2134 ad
2219 2079 2544 2136 inmortalis
2579 2076 2772 2147 Sponsi
2803 2075 3054 2146 copulam
3077 2074 3526 2146 trausmigrastis,

1931 2173 2028 2228 sed
2052 2181 2108 2228 et
2137 2172 2411 2228 incentiva
2443 2161 2625 2228 omnia
2678 2168 2918 2224 carnalis
2971 2169 3241 2224 illecebrae
3289 2167 3528 2224 mirandi

1934 2267 2167 2323 fervoris
2193 2267 2450 2322 instantia
2493 2271 2814 2337 reprimere,
2849 2263 2957 2318 imo
2997 2261 3318 2333 crucifigere
3347 2261 3532 2316 decre-

1932 2361 2112 2425 vistis,
2141 2367 2196 2415 et
2221 2359 2580 2430 vosmetipsas
2625 2359 2694 2414 ab
2723 2356 3006 2412 inferenda
3037 2371 3262 2428 prorsus
3305 2354 3529 2410 laesione

1933 2431 2290 2520 compescite,
2313 2459 2366 2504 et
2397 2449 2579 2504 illatas
2619 2447 2688 2502 ab
2712 2445 2836 2502 aliis
2863 2444 3245 2517 requanimiter
3277 2443 3528 2500 tolerate.

1935 2544 2008 2601 Ut
2033 2545 2160 2614 quia
2191 2543 2521 2614 Redemptor
2535 2552 2590 2598 et
2611 2541 2753 2596 mala
2784 2537 3066 2606 non'f'ecit,
3091 2547 3146 2594 et
3168 2553 3385 2594 crucem
3407 2551 3531 2608 per-

1933 2638 2078 2702 tulit,
2105 2637 2216 2707 jam
2252 2638 2305 2692 in
2325 2635 2476 2692 vobis
2501 2635 2740 2706 ejusdem
2775 2633 2972 2689 summi
3026 2630 3220 2703 Sponsi
3243 2629 3406 2685 arrha
3431 2628 3533 2682 fte-

1935 2729 2134 2785 deralis
2161 2737 2437 2799 appareat,
2467 2725 2597 2782 dum
2649 2726 2752 2781 viae
2781 2725 2898 2796 ejus
2939 2733 2994 2781 et
3039 2723 3152 2778 vita
3185 2731 3368 2778 vestra
3391 2735 3527 2778 00n-

1934 2821 2144 2876 cordat.
2189 2818 2303 2875 Etsi
2347 2821 2494 2876 enim
2543 2821 2757 2890 Agnum
2791 2833 2899 2872 non
2946 2815 3138 2872 valetis
3181 2815 3365 2886 sequi,
3401 2829 3532 2885 quo-

1934 2927 2150 2984 cunque
2175 2913 2300 2969 ierit
2325 2913 2512 2985 (Apoc.
2539 2911 2676 2982 xiv),
2707 2918 2970 2982 tanquam
2998 2908 3260 2980 virgines,
3295 2905 3532 2963 sufficiat

1934 3021 2058 3061 eum
2081 3005 2238 3062 vobis
2253 3005 2452 3060 imitari
2477 3021 2574 3076 per
2589 3005 2733 3060 viam
2750 3002 3046 3074 patientiae,
3070 3001 3160 3072 qui
3177 2999 3419 3071 profecto
3434 3015 3534 3071 per

1935 3106 2165 3153 mortem
2182 3097 2397 3152 transiit
2414 3097 2467 3154 in
2481 3095 2935 3153 resurrectionem
2951 3093 3096 3148 vitae.
3111 3091 3179 3146 Et
3191 3105 3258 3146 ne
3275 3090 3533 3147 diuturna

1933 3193 2168 3249 fortasse
2187 3192 2434 3246 molestia
2454 3191 2610 3247 vobis
2629 3191 2842 3262 ingerat
2857 3187 3091 3254 taedium,
3111 3185 3423 3258 evangelica
3442 3184 3536 3242 illa

1855 3249 1900 3311 ο
1935 3289 2086 3342 Anna
2108 3295 2302 3342 vestra:
2325 3285 2572 3340 viduitati
2597 3291 2928 3355 proponatur
2949 3280 3274 3351 exemplum.
3300 3277 3434 3346 Quae
3447 3278 3536 3332 ni-

1929 3381 2159 3443 mirum,
2213 3377 2375 3449 297
2427 3377 2708 3448 Scriptura
2765 3385 2933 3441 teste,
2983 3373 3230 3444 septenni
3280 3369 3536 3444 coniugio

1931 3471 2184 3536 fruitam,
2232 3470 2342 3540 jam
2380 3483 2552 3538 usque
2582 3467 2649 3522 ad
2686 3466 2957 3538 octoginta
2999 3472 3236 3535 quatuor
3271 3477 3443 3520 annos
3473 3461 3533 3516 in

1931 3565 2197 3620 viduitate
2243 3569 2588 3632 processerat
2646 3559 2799 3632 (Luc.
2845 3560 2938 3630 n);
2987 3564 3360 3612 verumtamen
3410 3557 3534 3625 qlia:

1936 3667 2043 3712 tam
2073 3655 2366 3726 prolixum,
2394 3663 2504 3708 tam
2527 3667 2790 3707 annosum
2813 3650 3029 3706 vivendi
3064 3659 3276 3720 tempus
3301 3648 3533 3718 accepit,

1933 3745 2178 3816 nunquid
2205 3745 2286 3799 vel
2321 3743 2566 3798 vacando
2593 3739 2814 3806 fabulis,
2855 3737 2942 3794 vel
2990 3737 3244 3794 deliciose
3274 3735 3534 3804 vivendo,

1933 3835 2268 3893 curvatrices
2318 3833 2475 3890 anilis
2522 3831 2622 3888 aevi
2660 3831 2937 3886 molestias
2983 3829 3340 3900 temperavit?
3397 3827 3532 3896 Sed,

1935 3928 2283 3984 continentiae
2319 3926 2662 3997 longaevitate
2686 3923 2986 3994 praemissa,
3027 3922 3276 3992 protinus
3302 3936 3536 3990 evange-

1937 4023 2055 4078 lista
2105 4019 2417 4090 subjungit:
2470 4037 2488 4069 ι
2520 4015 2657 4085 Quia
2705 4032 2809 4072 non
2841 4015 3153 4071 discedebat
3194 4015 3261 4070 de
3305 4015 3534 4086 templo,

1931 4113 2154 4184 jejuniis
2202 4121 2257 4167 et
2310 4110 2781 4166 obsecrationibus
2829 4108 3073 4165 serviens
3121 4115 3282 4165 nocte
3331 4123 3397 4164 ac
3447 4107 3538 4164 die

1911 4206 2150 4280 ‘(Ibid.).
2180 4225 2199 4258 ι
2228 4204 2386 4272 Quid,
2416 4217 2622 4274 quasso,
2653 4203 2768 4257 hate
2791 4199 2984 4256 mulier
3007 4199 3232 4266 faceret,
3263 4199 3308 4254 si
3337 4199 3536 4255 adhor-

1938 4299 2170 4353 tationes
2199 4295 2524 4366 apostolicus
2569 4295 2810 4364 legeret:
2851 4312 2868 4344 1
2903 4291 3070 4349 Orate
3099 4292 3218 4346 sine
3255 4291 3536 4348 intermis-

1939 4392 2088 4446 sione
2121 4389 2186 4461 (I
2218 4389 2398 4445 Thess.
2427 4391 2495 4460 γ)
2522 4407 2533 4442 :
2565 4407 2583 4439 1
2611 4387 2915 4458 praesertim
2943 4386 2988 4441 si
3019 4386 3196 4456 ipsum
3245 4383 3532 4440 Dominum

1937 4489 2323 4553 provocantem
2376 4495 2474 4534 nos
2529 4478 2598 4533 ad
2649 4477 2886 4533 studium
2945 4474 3216 4531 continua:
3270 4471 3536 4530 orationis

1943 4575 2188 4631 audiret?
2220 4574 2414 4639 Porro,
2447 4573 2573 4642 quia
2608 4579 2898 4641 antequam
2939 4566 3292 4638 Evangelium
3326 4566 3540 4622 discere

1941 4666 2238 4738 potuisset,
2296 4663 2540 4735 implevit
2595 4662 2914 4733 prephetica
2959 4659 3248 4714 Dominum
3307 4656 3539 4728 inspira-

1943 4761 2088 4815 tione
2124 4771 2480 4830 cognoscere,
2525 4753 2710 4824 atque,
2758 4761 2818 4809 ut
2846 4753 2919 4808 ita
2963 4749 3158 4816 fatear,
3203 4747 3542 4821 evangelista

1943 4851 2085 4907 facta
2126 4849 2244 4918 ejus
2285 4848 2489 4906 meruit
2531 4847 2880 4917 prtesentiam
2915 4841 3191 4896 nuntiare.
3226 4839 3379 4896 Sicut
3406 4836 3544 4908 legi-

1942 4953 2032 4998 tur
2061 4958 2076 4997 :
2111 4960 2130 4993 1
2166 4943 2304 5010 Quia
2338 4943 2460 4998 haec
2493 4939 2610 5010 ipsa
2647 4938 2782 4995 hora
2813 4933 3220 5007 superveniens,
3250 4928 3550 4988 conﬁteba-

1947 5047 2036 5092 tur
2089 5037 2360 5104 Domino,
2417 5041 2474 5086 et
2521 5031 2848 5100 loquebatur
2895 5029 2962 5083 de
3019 5025 3409 5090 illoomnibus
3463 5015 3560 5088 qui

1944 5131 2340 5197 exspectabant
2400 5123 2833 5192 redemptionem
2885 5117 3051 5175 Israel
3100 5118 3312 5190 (Ibid.).
3345 5138 3364 5170 ι
3405 5112 3562 5168 Hanc

1945 5221 2124 5246 εει-...ιη-
2163 5223 2444 5246 --.η-,ξηης
2485 5215 2704 5246 υῗιιηηηκ
2740 5213 2892 5246 ...ιιιοῖ
2927 5210 3259 5246 εἶσηηηιιιιιηι
3290 5203 3566 5246 nunr‘tlam
