  <div class='ocr_page' id='page_1' title='image "/cluster/home/n/w/nwhite01/storage/ocr_20150623/144/hvd.32044010574010/251.png"; bbox 0 0 3950 5344; ppageno 0'>
   <div class='ocr_carea' id='block_1_1' title="bbox 486 262 3779 333">
    <p class='ocr_par' dir='ltr' id='par_1_1' title="bbox 486 262 3779 333">
     <span class='ocr_line' id='line_1_1' title="bbox 486 262 3779 333; baseline -0.003 -2"><span class='ocrx_word' id='word_1_1' title='bbox 486 274 589 333; x_wconf 62' lang='lat' dir='ltr'><strong>l9!</strong></span> <span class='ocrx_word' id='word_1_2' title='bbox 958 271 1017 328; x_wconf 91' lang='lat' dir='ltr'><strong>S.</strong></span> <span class='ocrx_word' id='word_1_3' title='bbox 1056 269 1264 328; x_wconf 76' lang='lat' dir='ltr'><strong>PETRI</strong></span> <span class='ocrx_word' id='word_1_4' title='bbox 1304 267 1587 326; x_wconf 75' lang='lat' dir='ltr'><strong>DAMIANI</strong></span> <span class='ocrx_word' id='word_1_5' title='bbox 1628 265 1780 325; x_wconf 88' lang='lat' dir='ltr'><strong>OPP.</strong></span> <span class='ocrx_word' id='word_1_6' title='bbox 1821 263 2003 322; x_wconf 75' lang='lat' dir='ltr'><strong>PARS</strong></span> <span class='ocrx_word' id='word_1_7' title='bbox 2030 263 2164 324; x_wconf 84' lang='lat' dir='ltr'><strong>SEU</strong></span> <span class='ocrx_word' id='word_1_8' title='bbox 2205 262 2445 323; x_wconf 80' lang='lat' dir='ltr'><strong>TOMUS</strong></span> <span class='ocrx_word' id='word_1_9' title='bbox 2467 263 2511 321; x_wconf 89' lang='lat' dir='ltr'><strong>l.</strong></span> <span class='ocrx_word' id='word_1_10' title='bbox 2549 293 2619 307; x_wconf 90' lang='lat'><strong>—</strong></span> <span class='ocrx_word' id='word_1_11' title='bbox 2660 262 2878 323; x_wconf 82' lang='lat' dir='ltr'><strong>EPIST.</strong></span> <span class='ocrx_word' id='word_1_12' title='bbox 2914 264 3041 320; x_wconf 84' lang='lat' dir='ltr'><strong>LIB.</strong></span> <span class='ocrx_word' id='word_1_13' title='bbox 3091 263 3221 321; x_wconf 83' lang='lat' dir='ltr'><strong>Vill.</strong></span> <span class='ocrx_word' id='word_1_14' title='bbox 3671 264 3779 322; x_wconf 67' lang='lat'><strong>492</strong></span> 
     </span>
    </p>
   </div>
   <div class='ocr_carea' id='block_1_2' title="bbox 481 376 3772 452">
    <p class='ocr_par' dir='ltr' id='par_1_2' title="bbox 481 376 3772 452">
     <span class='ocr_line' id='line_1_2' title="bbox 481 376 3772 452; baseline -0.002 -10"><span class='ocrx_word' id='word_1_15' title='bbox 481 394 593 442; x_wconf 87' lang='lat' dir='ltr'><strong>tem</strong></span> <span class='ocrx_word' id='word_1_16' title='bbox 644 383 698 439; x_wconf 91' lang='lat' dir='ltr'><strong>in</strong></span> <span class='ocrx_word' id='word_1_17' title='bbox 752 380 961 437; x_wconf 82' lang='lat' dir='ltr'><strong>deliciis</strong></span> <span class='ocrx_word' id='word_1_18' title='bbox 1009 381 1141 451; x_wconf 85' lang='lat' dir='ltr'><strong>agit,</strong></span> <span class='ocrx_word' id='word_1_19' title='bbox 1192 379 1383 436; x_wconf 88' lang='lat' dir='ltr'><strong>vivens</strong></span> <span class='ocrx_word' id='word_1_20' title='bbox 1427 389 1642 436; x_wconf 85' lang='lat' dir='ltr'><strong>mortua</strong></span> <span class='ocrx_word' id='word_1_21' title='bbox 1688 386 1775 434; x_wconf 89' lang='lat' dir='ltr'><strong>est</strong></span> <span class='ocrx_word' id='word_1_22' title='bbox 1809 376 2019 451; x_wconf 77' lang='lat' dir='ltr'><strong>(Ibid.).</strong></span> <span class='ocrx_word' id='word_1_23' title='bbox 2046 396 2065 431; x_wconf 81' lang='grc'>›</span> <span class='ocrx_word' id='word_1_24' title='bbox 2099 379 2421 445; x_wconf 71' lang='lat' dir='ltr'><strong>Ameribus</strong></span> <span class='ocrx_word' id='word_1_25' title='bbox 2456 378 2742 448; x_wconf 85' lang='lat' dir='ltr'><strong>ins’ulcati,</strong></span> <span class='ocrx_word' id='word_1_26' title='bbox 2788 380 3066 436; x_wconf 92' lang='lat' dir='ltr'><strong>horrentia</strong></span> <span class='ocrx_word' id='word_1_27' title='bbox 3109 379 3500 452; x_wconf 75' lang='lat' dir='ltr'><strong>cogitationum</strong></span> <span class='ocrx_word' id='word_1_28' title='bbox 3556 378 3772 436; x_wconf 87' lang='lat' dir='ltr'><strong>dumeta</strong></span> 
     </span>
    </p>
   </div>
   <div class='ocr_carea' id='block_1_3' title="bbox 476 469 3771 543">
    <p class='ocr_par' dir='ltr' id='par_1_3' title="bbox 476 469 3771 543">
     <span class='ocr_line' id='line_1_3' title="bbox 476 469 3771 543; baseline -0.002 -12"><span class='ocrx_word' id='word_1_29' title='bbox 476 475 647 531; x_wconf 88' lang='lat' dir='ltr'><strong>Plane</strong></span> <span class='ocrx_word' id='word_1_30' title='bbox 691 472 737 529; x_wconf 85' lang='lat' dir='ltr'><strong>s‘i</strong></span> <span class='ocrx_word' id='word_1_31' title='bbox 769 485 968 529; x_wconf 78' lang='lat' dir='ltr'><strong>uxores</strong></span> <span class='ocrx_word' id='word_1_32' title='bbox 1013 471 1269 543; x_wconf 83' lang='lat' dir='ltr'><strong>quaelibet</strong></span> <span class='ocrx_word' id='word_1_33' title='bbox 1310 470 1634 527; x_wconf 83' lang='lat' dir='ltr'><strong>mortalibus</strong></span> <span class='ocrx_word' id='word_1_34' title='bbox 1678 469 1813 526; x_wconf 89' lang='lat' dir='ltr'><strong>viris</strong></span> <span class='ocrx_word' id='word_1_35' title='bbox 1856 469 2074 542; x_wconf 84' lang='lat' dir='ltr'><strong>placere</strong></span> <span class='ocrx_word' id='word_1_36' title='bbox 2182 470 2506 539; x_wconf 87' lang='lat' dir='ltr'><strong>recidimus,</strong></span> <span class='ocrx_word' id='word_1_37' title='bbox 2547 481 2605 527; x_wconf 91' lang='lat' dir='ltr'><strong>ut</strong></span> <span class='ocrx_word' id='word_1_38' title='bbox 2634 472 2689 527; x_wconf 87' lang='lat' dir='ltr'><strong>itt</strong></span> <span class='ocrx_word' id='word_1_39' title='bbox 2716 473 2916 528; x_wconf 89' lang='lat' dir='ltr'><strong>munda</strong></span> <span class='ocrx_word' id='word_1_40' title='bbox 2945 472 3124 527; x_wconf 84' lang='lat' dir='ltr'><strong>cordis</strong></span> <span class='ocrx_word' id='word_1_41' title='bbox 3152 470 3375 542; x_wconf 85' lang='lat' dir='ltr'><strong>planitie</strong></span> <span class='ocrx_word' id='word_1_42' title='bbox 3411 470 3517 542; x_wconf 77' lang='lat' dir='ltr'><strong>pia:</strong></span> <span class='ocrx_word' id='word_1_43' title='bbox 3542 487 3771 527; x_wconf 80' lang='lat' dir='ltr'><strong>convcr-</strong></span> 
     </span>
    </p>
   </div>
   <div class='ocr_carea' id='block_1_4' title="bbox 478 562 3773 637">
    <p class='ocr_par' dir='ltr' id='par_1_4' title="bbox 478 562 3773 637">
     <span class='ocr_line' id='line_1_4' title="bbox 478 562 3773 637; baseline -0 -15"><span class='ocrx_word' id='word_1_44' title='bbox 478 579 693 622; x_wconf 91' lang='lat' dir='ltr'><strong>summo</strong></span> <span class='ocrx_word' id='word_1_45' title='bbox 723 564 992 621; x_wconf 89' lang='lat' dir='ltr'><strong>desiderio</strong></span> <span class='ocrx_word' id='word_1_46' title='bbox 1014 571 1271 634; x_wconf 79' lang='lat' dir='ltr'><strong>satagunt</strong></span> <span class='ocrx_word' id='word_1_47' title='bbox 1298 563 1351 637; x_wconf 90' lang='grc' dir='ltr'><strong>(ι</strong></span> <span class='ocrx_word' id='word_1_48' title='bbox 1380 562 1505 619; x_wconf 85' lang='lat' dir='ltr'><strong>Cor.</strong></span> <span class='ocrx_word' id='word_1_49' title='bbox 1536 562 1663 636; x_wconf 80' lang='lat' dir='ltr'><strong>vn),</strong></span> <span class='ocrx_word' id='word_1_50' title='bbox 1699 573 1904 634; x_wconf 90' lang='lat' dir='ltr'><strong>quanto</strong></span> <span class='ocrx_word' id='word_1_51' title='bbox 1932 562 2072 635; x_wconf 89' lang='lat' dir='ltr'><strong>vigi-</strong></span> <span class='ocrx_word' id='word_1_52' title='bbox 2177 565 2409 621; x_wconf 86' lang='lat' dir='ltr'><strong>sationis</strong></span> <span class='ocrx_word' id='word_1_53' title='bbox 2455 565 2663 621; x_wconf 88' lang='lat' dir='ltr'><strong>semina</strong></span> <span class='ocrx_word' id='word_1_54' title='bbox 2713 580 3152 636; x_wconf 84' lang='lat' dir='ltr'><strong>conspergamus.</strong></span> <span class='ocrx_word' id='word_1_55' title='bbox 3205 564 3359 631; x_wconf 86' lang='lat' dir='ltr'><strong>Quod</strong></span> <span class='ocrx_word' id='word_1_56' title='bbox 3396 564 3661 621; x_wconf 88' lang='lat' dir='ltr'><strong>nimirum</strong></span> <span class='ocrx_word' id='word_1_57' title='bbox 3695 566 3773 621; x_wconf 89' lang='lat' dir='ltr'><strong>id-</strong></span> 
     </span>
    </p>
   </div>
   <div class='ocr_carea' id='block_1_5' title="bbox 478 655 3771 730">
    <p class='ocr_par' dir='ltr' id='par_1_5' title="bbox 478 655 3771 730">
     <span class='ocr_line' id='line_1_5' title="bbox 478 655 3771 730; baseline -0 -16"><span class='ocrx_word' id='word_1_58' title='bbox 478 658 708 726; x_wconf 88' lang='lat' dir='ltr'><strong>lantius,</strong></span> <span class='ocrx_word' id='word_1_59' title='bbox 756 667 1071 730; x_wconf 89' lang='lat' dir='ltr'><strong>quantoque</strong></span> <span class='ocrx_word' id='word_1_60' title='bbox 1113 657 1366 719; x_wconf 80' lang='lat' dir='ltr'><strong>subtilius</strong></span> <span class='ocrx_word' id='word_1_61' title='bbox 1411 665 1616 714; x_wconf 73' lang='lat' dir='ltr'><strong>sancta:</strong></span> <span class='ocrx_word' id='word_1_62' title='bbox 1660 655 1834 713; x_wconf 76' lang='lat' dir='ltr'><strong>vidua:</strong></span> <span class='ocrx_word' id='word_1_63' title='bbox 1875 655 2076 714; x_wconf 87' lang='lat' dir='ltr'><strong>debent</strong></span> <span class='ocrx_word' id='word_1_64' title='bbox 2178 658 2327 714; x_wconf 91' lang='lat' dir='ltr'><strong>circo</strong></span> <span class='ocrx_word' id='word_1_65' title='bbox 2355 656 2486 713; x_wconf 87' lang='lat' dir='ltr'><strong>viris</strong></span> <span class='ocrx_word' id='word_1_66' title='bbox 2511 655 2749 724; x_wconf 86' lang='lat' dir='ltr'><strong>Juda,et</strong></span> <span class='ocrx_word' id='word_1_67' title='bbox 2775 656 3535 715; x_wconf 88' lang='lat' dir='ltr'><strong>habitatoribusHierusalem</strong></span> <span class='ocrx_word' id='word_1_68' title='bbox 3565 660 3771 729; x_wconf 84' lang='lat' dir='ltr'><strong>specia-</strong></span> 
     </span>
    </p>
   </div>
   <div class='ocr_carea' id='block_1_6' title="bbox 472 747 3768 822">
    <p class='ocr_par' dir='ltr' id='par_1_6' title="bbox 472 747 3768 822">
     <span class='ocr_line' id='line_1_6' title="bbox 472 747 3768 822; baseline -0 -17"><span class='ocrx_word' id='word_1_69' title='bbox 472 749 757 806; x_wconf 71' lang='lat' dir='ltr'><strong>interimis</strong></span> <span class='ocrx_word' id='word_1_70' title='bbox 801 748 1039 805; x_wconf 83' lang='lat' dir='ltr'><strong>hominis</strong></span> <span class='ocrx_word' id='word_1_71' title='bbox 1086 748 1325 818; x_wconf 88' lang='lat' dir='ltr'><strong>speciem</strong></span> <span class='ocrx_word' id='word_1_72' title='bbox 1374 747 1685 805; x_wconf 88' lang='lat' dir='ltr'><strong>decusando</strong></span> <span class='ocrx_word' id='word_1_73' title='bbox 1714 761 2064 819; x_wconf 84' lang='lat' dir='ltr'><strong>componere,</strong></span> <span class='ocrx_word' id='word_1_74' title='bbox 2178 750 2305 806; x_wconf 89' lang='lat' dir='ltr'><strong>liter</strong></span> <span class='ocrx_word' id='word_1_75' title='bbox 2331 751 2736 821; x_wconf 81' lang='lat' dir='ltr'><strong>exsequendum</strong></span> <span class='ocrx_word' id='word_1_76' title='bbox 2777 765 2895 807; x_wconf 90' lang='lat' dir='ltr'><strong>esse</strong></span> <span class='ocrx_word' id='word_1_77' title='bbox 2938 750 3272 822; x_wconf 70' lang='lat' dir='ltr'><strong>prmcipitur,</strong></span> <span class='ocrx_word' id='word_1_78' title='bbox 3313 758 3376 805; x_wconf 90' lang='lat' dir='ltr'><strong>ut</strong></span> <span class='ocrx_word' id='word_1_79' title='bbox 3418 750 3452 805; x_wconf 88' lang='lat' dir='ltr'><strong>ii</strong></span> <span class='ocrx_word' id='word_1_80' title='bbox 3498 751 3768 822; x_wconf 71' lang='lat' dir='ltr'><strong>przecipue</strong></span> 
     </span>
    </p>
   </div>
   <div class='ocr_carea' id='block_1_7' title="bbox 472 840 3770 916">
    <p class='ocr_par' dir='ltr' id='par_1_7' title="bbox 472 840 3770 916">
     <span class='ocr_line' id='line_1_7' title="bbox 472 840 3770 916; baseline 0 -18"><span class='ocrx_word' id='word_1_81' title='bbox 472 848 536 898; x_wconf 81' lang='lat' dir='ltr'><strong>ut</strong></span> <span class='ocrx_word' id='word_1_82' title='bbox 573 843 862 900; x_wconf 76' lang='lat' dir='ltr'><strong>invisibilis</strong></span> <span class='ocrx_word' id='word_1_83' title='bbox 892 843 1077 915; x_wconf 87' lang='lat' dir='ltr'><strong>sponsi</strong></span> <span class='ocrx_word' id='word_1_84' title='bbox 1109 843 1320 899; x_wconf 73' lang='lat' dir='ltr'><strong>decora:</strong></span> <span class='ocrx_word' id='word_1_85' title='bbox 1351 842 1570 899; x_wconf 83' lang='lat' dir='ltr'><strong>valeant</strong></span> <span class='ocrx_word' id='word_1_86' title='bbox 1598 840 1877 898; x_wconf 91' lang='lat' dir='ltr'><strong>obtutibus</strong></span> <span class='ocrx_word' id='word_1_87' title='bbox 1906 856 2075 912; x_wconf 88' lang='lat' dir='ltr'><strong>appa-</strong></span> <span class='ocrx_word' id='word_1_88' title='bbox 2178 842 2443 899; x_wconf 87' lang='lat' dir='ltr'><strong>adversus</strong></span> <span class='ocrx_word' id='word_1_89' title='bbox 2484 843 2822 900; x_wconf 88' lang='lat' dir='ltr'><strong>internorum</strong></span> <span class='ocrx_word' id='word_1_90' title='bbox 2859 853 3102 900; x_wconf 85' lang='lat' dir='ltr'><strong>motuum</strong></span> <span class='ocrx_word' id='word_1_91' title='bbox 3139 843 3278 900; x_wconf 89' lang='lat' dir='ltr'><strong>bella</strong></span> <span class='ocrx_word' id='word_1_92' title='bbox 3323 842 3620 916; x_wconf 83' lang='lat' dir='ltr'><strong>conﬂigere</strong></span> <span class='ocrx_word' id='word_1_93' title='bbox 3659 860 3770 899; x_wconf 88' lang='lat' dir='ltr'><strong>mo-</strong></span> 
     </span>
    </p>
   </div>
   <div class='ocr_carea' id='block_1_8' title="bbox 480 932 3767 1009">
    <p class='ocr_par' dir='ltr' id='par_1_8' title="bbox 480 932 3767 1009">
     <span class='ocr_line' id='line_1_8' title="bbox 480 932 3767 1009; baseline 0.001 -20"><span class='ocrx_word' id='word_1_94' title='bbox 480 934 636 995; x_wconf 68' lang='lat' dir='ltr'><strong>lere?</strong></span> <span class='ocrx_word' id='word_1_95' title='bbox 678 934 852 1001; x_wconf 79' lang='lat' dir='ltr'><strong>Nam,</strong></span> <span class='ocrx_word' id='word_1_96' title='bbox 884 936 1029 990; x_wconf 89' lang='lat' dir='ltr'><strong>sicut</strong></span> <span class='ocrx_word' id='word_1_97' title='bbox 1070 934 1214 991; x_wconf 90' lang='lat' dir='ltr'><strong>idem</strong></span> <span class='ocrx_word' id='word_1_98' title='bbox 1265 934 1342 990; x_wconf 86' lang='lat' dir='ltr'><strong>ait</strong></span> <span class='ocrx_word' id='word_1_99' title='bbox 1386 932 1665 1007; x_wconf 86' lang='lat' dir='ltr'><strong>apostolus</strong></span> <span class='ocrx_word' id='word_1_100' title='bbox 1698 947 1715 988; x_wconf 92' lang='lat'><strong>:</strong></span> <span class='ocrx_word' id='word_1_101' title='bbox 1756 952 1775 986; x_wconf 76' lang='grc' dir='ltr'>ι</span> <span class='ocrx_word' id='word_1_102' title='bbox 1809 933 1940 1001; x_wconf 74' lang='lat' dir='ltr'><strong>Qua:</strong></span> <span class='ocrx_word' id='word_1_103' title='bbox 1988 932 2073 987; x_wconf 88' lang='lat' dir='ltr'><strong>in-</strong></span> <span class='ocrx_word' id='word_1_104' title='bbox 2175 945 2434 1003; x_wconf 88' lang='lat' dir='ltr'><strong>neantur,</strong></span> <span class='ocrx_word' id='word_1_105' title='bbox 2475 937 2568 1007; x_wconf 89' lang='lat' dir='ltr'><strong>qui</strong></span> <span class='ocrx_word' id='word_1_106' title='bbox 2613 945 2927 1009; x_wconf 89' lang='lat' dir='ltr'><strong>contempto</strong></span> <span class='ocrx_word' id='word_1_107' title='bbox 2958 938 3146 993; x_wconf 91' lang='lat' dir='ltr'><strong>mundi</strong></span> <span class='ocrx_word' id='word_1_108' title='bbox 3192 937 3439 1004; x_wconf 84' lang='lat' dir='ltr'><strong>turbine,</strong></span> <span class='ocrx_word' id='word_1_109' title='bbox 3468 936 3614 993; x_wconf 89' lang='lat' dir='ltr'><strong>etin</strong></span> <span class='ocrx_word' id='word_1_110' title='bbox 3643 953 3767 993; x_wconf 78' lang='lat' dir='ltr'><strong>con-</strong></span> 
     </span>
    </p>
   </div>
   <div class='ocr_carea' id='block_1_9' title="bbox 478 1017 3770 1100">
    <p class='ocr_par' dir='ltr' id='par_1_9' title="bbox 478 1017 3770 1100">
     <span class='ocr_line' id='line_1_9' title="bbox 478 1017 3770 1100; baseline 0 -16"><span class='ocrx_word' id='word_1_111' title='bbox 478 1030 648 1100; x_wconf 84' lang='lat' dir='ltr'><strong>nupta</strong></span> <span class='ocrx_word' id='word_1_112' title='bbox 700 1036 805 1093; x_wconf 77' lang='lat' dir='ltr'><strong>est,</strong></span> <span class='ocrx_word' id='word_1_113' title='bbox 859 1027 1092 1083; x_wconf 89' lang='lat' dir='ltr'><strong>sollicita</strong></span> <span class='ocrx_word' id='word_1_114' title='bbox 1149 1034 1232 1082; x_wconf 89' lang='lat' dir='ltr'><strong>est</strong></span> <span class='ocrx_word' id='word_1_115' title='bbox 1281 1041 1402 1098; x_wconf 74' lang='lat' dir='ltr'><strong>qua:</strong></span> <span class='ocrx_word' id='word_1_116' title='bbox 1449 1035 1576 1083; x_wconf 89' lang='lat' dir='ltr'><strong>sunt</strong></span> <span class='ocrx_word' id='word_1_117' title='bbox 1620 1026 1854 1092; x_wconf 86' lang='lat' dir='ltr'><strong>Domini,</strong></span> <span class='ocrx_word' id='word_1_118' title='bbox 1894 1032 1954 1080; x_wconf 90' lang='lat' dir='ltr'><strong>ut</strong></span> <span class='ocrx_word' id='word_1_119' title='bbox 1999 1024 2073 1080; x_wconf 90' lang='lat' dir='ltr'><strong>sit</strong></span> <span class='ocrx_word' id='word_1_120' title='bbox 2176 1026 2416 1083; x_wconf 87' lang='lat' dir='ltr'><strong>fessione</strong></span> <span class='ocrx_word' id='word_1_121' title='bbox 2445 1026 2692 1085; x_wconf 71' lang='lat' dir='ltr'><strong>veritatis</strong></span> <span class='ocrx_word' id='word_1_122' title='bbox 2733 1038 2859 1084; x_wconf 86' lang='lat' dir='ltr'><strong>sunt</strong></span> <span class='ocrx_word' id='word_1_123' title='bbox 2891 1029 3160 1085; x_wconf 77' lang='lat' dir='ltr'><strong>stabiliter</strong></span> <span class='ocrx_word' id='word_1_124' title='bbox 3195 1028 3287 1084; x_wconf 85' lang='lat' dir='ltr'><strong>fixi</strong></span> <span class='ocrx_word' id='word_1_125' title='bbox 3320 1037 3374 1085; x_wconf 94' lang='lat' dir='ltr'><strong>et</strong></span> <span class='ocrx_word' id='word_1_126' title='bbox 3403 1017 3770 1085; x_wconf 79' lang='lat' dir='ltr'><strong>visionisuni-</strong></span> 
     </span>
    </p>
   </div>
   <div class='ocr_carea' id='block_1_10' title="bbox 470 1118 3766 1194">
    <p class='ocr_par' dir='ltr' id='par_1_10' title="bbox 470 1118 3766 1194">
     <span class='ocr_line' id='line_1_10' title="bbox 470 1118 3766 1194; baseline 0 -17"><span class='ocrx_word' id='word_1_127' title='bbox 470 1125 664 1177; x_wconf 86' lang='lat' dir='ltr'><strong>sancta</strong></span> <span class='ocrx_word' id='word_1_128' title='bbox 703 1133 935 1190; x_wconf 89' lang='lat' dir='ltr'><strong>corpore</strong></span> <span class='ocrx_word' id='word_1_129' title='bbox 978 1126 1034 1174; x_wconf 91' lang='lat' dir='ltr'><strong>et</strong></span> <span class='ocrx_word' id='word_1_130' title='bbox 1081 1118 1308 1188; x_wconf 87' lang='lat' dir='ltr'><strong>spiritu;</strong></span> <span class='ocrx_word' id='word_1_131' title='bbox 1343 1133 1466 1189; x_wconf 72' lang='lat' dir='ltr'><strong>qua:</strong></span> <span class='ocrx_word' id='word_1_132' title='bbox 1514 1126 1695 1173; x_wconf 89' lang='lat' dir='ltr'><strong>autem</strong></span> <span class='ocrx_word' id='word_1_133' title='bbox 1744 1124 1912 1187; x_wconf 86' lang='lat' dir='ltr'><strong>nupta</strong></span> <span class='ocrx_word' id='word_1_134' title='bbox 1962 1124 2067 1183; x_wconf 90' lang='lat' dir='ltr'><strong>est,</strong></span> <span class='ocrx_word' id='word_1_135' title='bbox 2183 1133 2287 1173; x_wconf 76' lang='lat' dir='ltr'><strong>mae</strong></span> <span class='ocrx_word' id='word_1_136' title='bbox 2327 1118 2479 1188; x_wconf 89' lang='lat' dir='ltr'><strong>pacis</strong></span> <span class='ocrx_word' id='word_1_137' title='bbox 2517 1120 2805 1192; x_wconf 82' lang='lat' dir='ltr'><strong>vigilanter</strong></span> <span class='ocrx_word' id='word_1_138' title='bbox 2835 1122 3046 1178; x_wconf 90' lang='lat' dir='ltr'><strong>intenti.</strong></span> <span class='ocrx_word' id='word_1_139' title='bbox 3082 1121 3237 1191; x_wconf 83' lang='lat' dir='ltr'><strong>Quod</strong></span> <span class='ocrx_word' id='word_1_140' title='bbox 3275 1123 3439 1179; x_wconf 88' lang='lat' dir='ltr'><strong>etiam</strong></span> <span class='ocrx_word' id='word_1_141' title='bbox 3486 1121 3644 1178; x_wconf 86' lang='lat' dir='ltr'><strong>vobis</strong></span> <span class='ocrx_word' id='word_1_142' title='bbox 3674 1138 3766 1194; x_wconf 89' lang='lat' dir='ltr'><strong>ap-</strong></span> 
     </span>
    </p>
   </div>
   <div class='ocr_carea' id='block_1_11' title="bbox 469 1208 3766 1287">
    <p class='ocr_par' dir='ltr' id='par_1_11' title="bbox 469 1208 3766 1287">
     <span class='ocr_line' id='line_1_11' title="bbox 469 1208 3766 1287; baseline 0 -16"><span class='ocrx_word' id='word_1_143' title='bbox 469 1214 702 1271; x_wconf 88' lang='lat' dir='ltr'><strong>sollicita</strong></span> <span class='ocrx_word' id='word_1_144' title='bbox 746 1215 850 1287; x_wconf 71' lang='lat' dir='ltr'><strong>[est</strong></span> <span class='ocrx_word' id='word_1_145' title='bbox 899 1227 1023 1285; x_wconf 74' lang='lat' dir='ltr'><strong>quae</strong></span> <span class='ocrx_word' id='word_1_146' title='bbox 1076 1219 1205 1269; x_wconf 87' lang='lat' dir='ltr'><strong>sunt</strong></span> <span class='ocrx_word' id='word_1_147' title='bbox 1255 1212 1477 1280; x_wconf 90' lang='lat' dir='ltr'><strong>mundi,</strong></span> <span class='ocrx_word' id='word_1_148' title='bbox 1531 1211 1802 1283; x_wconf 87' lang='lat' dir='ltr'><strong>quomodo</strong></span> <span class='ocrx_word' id='word_1_149' title='bbox 1856 1208 2070 1281; x_wconf 86' lang='lat' dir='ltr'><strong>placeat</strong></span> <span class='ocrx_word' id='word_1_150' title='bbox 2186 1209 2394 1267; x_wconf 88' lang='lat' dir='ltr'><strong>tissime</strong></span> <span class='ocrx_word' id='word_1_151' title='bbox 2432 1213 2713 1284; x_wconf 79' lang='lat' dir='ltr'><strong>congruit,</strong></span> <span class='ocrx_word' id='word_1_152' title='bbox 2766 1229 2887 1286; x_wconf 70' lang='lat' dir='ltr'><strong>qua:</strong></span> <span class='ocrx_word' id='word_1_153' title='bbox 2930 1215 2997 1270; x_wconf 92' lang='lat' dir='ltr'><strong>ad</strong></span> <span class='ocrx_word' id='word_1_154' title='bbox 3047 1215 3239 1282; x_wconf 87' lang='lat' dir='ltr'><strong>Deum,</strong></span> <span class='ocrx_word' id='word_1_155' title='bbox 3289 1229 3521 1271; x_wconf 88' lang='lat' dir='ltr'><strong>accenso</strong></span> <span class='ocrx_word' id='word_1_156' title='bbox 3569 1214 3766 1271; x_wconf 88' lang='lat' dir='ltr'><strong>mentis</strong></span> 
     </span>
    </p>
   </div>
   <div class='ocr_carea' id='block_1_12' title="bbox 469 1301 3763 1379">
    <p class='ocr_par' dir='ltr' id='par_1_12' title="bbox 469 1301 3763 1379">
     <span class='ocr_line' id='line_1_12' title="bbox 469 1301 3763 1379; baseline 0.001 -16"><span class='ocrx_word' id='word_1_157' title='bbox 469 1308 593 1363; x_wconf 89' lang='lat' dir='ltr'><strong>viro</strong></span> <span class='ocrx_word' id='word_1_158' title='bbox 624 1304 835 1379; x_wconf 83' lang='lat' dir='ltr'><strong>(Ibid.).</strong></span> <span class='ocrx_word' id='word_1_159' title='bbox 868 1325 888 1359; x_wconf 77' lang='grc' dir='ltr'><strong><em>ι</em></strong></span> <span class='ocrx_word' id='word_1_160' title='bbox 926 1304 1171 1361; x_wconf 89' lang='lat' dir='ltr'><strong>Sollicita</strong></span> <span class='ocrx_word' id='word_1_161' title='bbox 1207 1312 1293 1361; x_wconf 88' lang='lat' dir='ltr'><strong>est</strong></span> <span class='ocrx_word' id='word_1_162' title='bbox 1337 1312 1531 1374; x_wconf 85' lang='lat' dir='ltr'><strong>nupta,</strong></span> <span class='ocrx_word' id='word_1_163' title='bbox 1561 1319 1630 1360; x_wconf 88' lang='lat' dir='ltr'><strong>ne</strong></span> <span class='ocrx_word' id='word_1_164' title='bbox 1656 1304 1712 1359; x_wconf 90' lang='lat' dir='ltr'><strong>in</strong></span> <span class='ocrx_word' id='word_1_165' title='bbox 1742 1301 1926 1373; x_wconf 88' lang='lat' dir='ltr'><strong>aliquo</strong></span> <span class='ocrx_word' id='word_1_166' title='bbox 1956 1301 2067 1358; x_wconf 91' lang='lat' dir='ltr'><strong>dis-</strong></span> <span class='ocrx_word' id='word_1_167' title='bbox 2178 1305 2479 1373; x_wconf 87' lang='lat' dir='ltr'><strong>desiderio,</strong></span> <span class='ocrx_word' id='word_1_168' title='bbox 2538 1307 2849 1365; x_wconf 87' lang='lat' dir='ltr'><strong>medullitus</strong></span> <span class='ocrx_word' id='word_1_169' title='bbox 2895 1318 3213 1377; x_wconf 76' lang='lat' dir='ltr'><strong>:estuantes,</strong></span> <span class='ocrx_word' id='word_1_170' title='bbox 3261 1308 3536 1367; x_wconf 81' lang='lat' dir='ltr'><strong>sa-vientis</strong></span> <span class='ocrx_word' id='word_1_171' title='bbox 3580 1308 3763 1365; x_wconf 86' lang='lat' dir='ltr'><strong>mundi</strong></span> 
     </span>
    </p>
   </div>
   <div class='ocr_carea' id='block_1_13' title="bbox 463 1391 3763 1472">
    <p class='ocr_par' dir='ltr' id='par_1_13' title="bbox 463 1391 3763 1472">
     <span class='ocr_line' id='line_1_13' title="bbox 463 1391 3763 1472; baseline 0.001 -18"><span class='ocrx_word' id='word_1_172' title='bbox 463 1398 806 1471; x_wconf 69' lang='lat' dir='ltr'><strong>pliceativiro</strong></span> <span class='ocrx_word' id='word_1_173' title='bbox 849 1406 974 1470; x_wconf 92' lang='lat' dir='ltr'><strong>post</strong></span> <span class='ocrx_word' id='word_1_174' title='bbox 1006 1395 1284 1469; x_wconf 86' lang='lat' dir='ltr'><strong>paululum</strong></span> <span class='ocrx_word' id='word_1_175' title='bbox 1313 1395 1581 1452; x_wconf 90' lang='lat' dir='ltr'><strong>morituro</strong></span> <span class='ocrx_word' id='word_1_176' title='bbox 1617 1401 1861 1465; x_wconf 86' lang='lat' dir='ltr'><strong>:quauto</strong></span> <span class='ocrx_word' id='word_1_177' title='bbox 1898 1391 2067 1448; x_wconf 82' lang='lat' dir='ltr'><strong>soler-</strong></span> <span class='ocrx_word' id='word_1_178' title='bbox 2174 1397 2317 1453; x_wconf 88' lang='lat' dir='ltr'><strong>mala</strong></span> <span class='ocrx_word' id='word_1_179' title='bbox 2378 1398 2672 1469; x_wconf 88' lang='lat' dir='ltr'><strong>perfertis,</strong></span> <span class='ocrx_word' id='word_1_180' title='bbox 2742 1400 2869 1472; x_wconf 86' lang='lat' dir='ltr'><strong>quia</strong></span> <span class='ocrx_word' id='word_1_181' title='bbox 2924 1399 3251 1456; x_wconf 86' lang='lat' dir='ltr'><strong>blandientis</strong></span> <span class='ocrx_word' id='word_1_182' title='bbox 3312 1399 3596 1457; x_wconf 85' lang='lat' dir='ltr'><strong>illecebras</strong></span> <span class='ocrx_word' id='word_1_183' title='bbox 3663 1414 3763 1456; x_wconf 89' lang='lat' dir='ltr'><strong>non</strong></span> 
     </span>
    </p>
   </div>
   <div class='ocr_carea' id='block_1_14' title="bbox 465 1484 3762 1561">
    <p class='ocr_par' dir='ltr' id='par_1_14' title="bbox 465 1484 3762 1561">
     <span class='ocr_line' id='line_1_14' title="bbox 465 1484 3762 1561; baseline -0.001 -14"><span class='ocrx_word' id='word_1_184' title='bbox 465 1491 577 1548; x_wconf 89' lang='lat' dir='ltr'><strong>tius</strong></span> <span class='ocrx_word' id='word_1_185' title='bbox 618 1488 944 1547; x_wconf 88' lang='lat' dir='ltr'><strong>studendum</strong></span> <span class='ocrx_word' id='word_1_186' title='bbox 990 1498 1078 1545; x_wconf 91' lang='lat' dir='ltr'><strong>est</strong></span> <span class='ocrx_word' id='word_1_187' title='bbox 1122 1489 1299 1545; x_wconf 77' lang='lat' dir='ltr'><strong>vidua:</strong></span> <span class='ocrx_word' id='word_1_188' title='bbox 1346 1486 1563 1560; x_wconf 88' lang='lat' dir='ltr'><strong>placere</strong></span> <span class='ocrx_word' id='word_1_189' title='bbox 1615 1484 1825 1543; x_wconf 77' lang='lat' dir='ltr'><strong>ctelesti</strong></span> <span class='ocrx_word' id='word_1_190' title='bbox 1861 1498 2064 1556; x_wconf 90' lang='lat' dir='ltr'><strong>sponso</strong></span> <span class='ocrx_word' id='word_1_191' title='bbox 2171 1489 2419 1545; x_wconf 89' lang='lat' dir='ltr'><strong>amastis.</strong></span> <span class='ocrx_word' id='word_1_192' title='bbox 2443 1489 2511 1544; x_wconf 91' lang='lat' dir='ltr'><strong>Et</strong></span> <span class='ocrx_word' id='word_1_193' title='bbox 2536 1490 2792 1561; x_wconf 90' lang='lat' dir='ltr'><strong>quoniam</strong></span> <span class='ocrx_word' id='word_1_194' title='bbox 2829 1502 3084 1547; x_wconf 89' lang='lat' dir='ltr'><strong>versutus</strong></span> <span class='ocrx_word' id='word_1_195' title='bbox 3123 1489 3323 1547; x_wconf 78' lang='lat' dir='ltr'><strong>artifex</strong></span> <span class='ocrx_word' id='word_1_196' title='bbox 3353 1484 3422 1546; x_wconf 87' lang='lat' dir='ltr'><strong>ad</strong></span> <span class='ocrx_word' id='word_1_197' title='bbox 3451 1487 3762 1546; x_wconf 80' lang='lat' dir='ltr'><strong>referendas</strong></span> 
     </span>
    </p>
   </div>
   <div class='ocr_carea' id='block_1_15' title="bbox 464 1576 3761 1657">
    <p class='ocr_par' dir='ltr' id='par_1_15' title="bbox 464 1576 3761 1657">
     <span class='ocr_line' id='line_1_15' title="bbox 464 1576 3761 1657; baseline -0.001 -17"><span class='ocrx_word' id='word_1_198' title='bbox 464 1600 567 1657; x_wconf 83' lang='lat' dir='ltr'><strong>per</strong></span> <span class='ocrx_word' id='word_1_199' title='bbox 596 1583 795 1641; x_wconf 72' lang='lat' dir='ltr'><strong>saecula</strong></span> <span class='ocrx_word' id='word_1_200' title='bbox 829 1583 1160 1656; x_wconf 82' lang='lat' dir='ltr'><strong>regnatum?</strong></span> <span class='ocrx_word' id='word_1_201' title='bbox 1186 1582 1382 1639; x_wconf 86' lang='lat' dir='ltr'><strong>Studet</strong></span> <span class='ocrx_word' id='word_1_202' title='bbox 1403 1591 1572 1654; x_wconf 91' lang='lat' dir='ltr'><strong>nupta</strong></span> <span class='ocrx_word' id='word_1_203' title='bbox 1601 1589 1663 1638; x_wconf 91' lang='lat' dir='ltr'><strong>ut</strong></span> <span class='ocrx_word' id='word_1_204' title='bbox 1688 1583 1870 1639; x_wconf 90' lang='lat' dir='ltr'><strong>virum</strong></span> <span class='ocrx_word' id='word_1_205' title='bbox 1902 1596 2061 1637; x_wconf 90' lang='lat' dir='ltr'><strong>suum</strong></span> <span class='ocrx_word' id='word_1_206' title='bbox 2165 1576 2521 1636; x_wconf 83' lang='lat' dir='ltr'><strong>inferentibus</strong></span> <span class='ocrx_word' id='word_1_207' title='bbox 2549 1579 2905 1637; x_wconf 89' lang='lat' dir='ltr'><strong>contumelias</strong></span> <span class='ocrx_word' id='word_1_208' title='bbox 2937 1597 3033 1637; x_wconf 92' lang='lat' dir='ltr'><strong>vos</strong></span> <span class='ocrx_word' id='word_1_209' title='bbox 3073 1583 3263 1653; x_wconf 89' lang='lat' dir='ltr'><strong>nequit</strong></span> <span class='ocrx_word' id='word_1_210' title='bbox 3303 1583 3636 1648; x_wconf 85' lang='lat' dir='ltr'><strong>accendere,</strong></span> <span class='ocrx_word' id='word_1_211' title='bbox 3671 1597 3761 1637; x_wconf 86' lang='lat' dir='ltr'><strong>ca-</strong></span> 
     </span>
    </p>
   </div>
   <div class='ocr_carea' id='block_1_16' title="bbox 463 1672 3755 1752">
    <p class='ocr_par' dir='ltr' id='par_1_16' title="bbox 463 1672 3755 1752">
     <span class='ocr_line' id='line_1_16' title="bbox 463 1672 3755 1752; baseline -0.002 -15"><span class='ocrx_word' id='word_1_212' title='bbox 463 1681 707 1738; x_wconf 84' lang='lat' dir='ltr'><strong>faleratae</strong></span> <span class='ocrx_word' id='word_1_213' title='bbox 727 1680 1135 1752; x_wconf 86' lang='lat' dir='ltr'><strong>compositionis</strong></span> <span class='ocrx_word' id='word_1_214' title='bbox 1151 1676 1683 1736; x_wconf 88' lang='lat' dir='ltr'><strong>formademulceat:</strong></span> <span class='ocrx_word' id='word_1_215' title='bbox 1714 1686 1919 1747; x_wconf 88' lang='lat' dir='ltr'><strong>quanto</strong></span> <span class='ocrx_word' id='word_1_216' title='bbox 1948 1688 2063 1729; x_wconf 88' lang='lat' dir='ltr'><strong>ma-</strong></span> <span class='ocrx_word' id='word_1_217' title='bbox 2164 1672 2399 1729; x_wconf 82' lang='lat' dir='ltr'><strong>vendam</strong></span> <span class='ocrx_word' id='word_1_218' title='bbox 2447 1675 2601 1731; x_wconf 90' lang='lat' dir='ltr'><strong>vobis</strong></span> <span class='ocrx_word' id='word_1_219' title='bbox 2648 1691 2993 1747; x_wconf 85' lang='lat' dir='ltr'><strong>summopere</strong></span> <span class='ocrx_word' id='word_1_220' title='bbox 3028 1684 3133 1743; x_wconf 92' lang='lat' dir='ltr'><strong>est,</strong></span> <span class='ocrx_word' id='word_1_221' title='bbox 3184 1690 3254 1732; x_wconf 91' lang='lat' dir='ltr'><strong>ne</strong></span> <span class='ocrx_word' id='word_1_222' title='bbox 3305 1675 3389 1732; x_wconf 88' lang='lat' dir='ltr'><strong>vel</strong></span> <span class='ocrx_word' id='word_1_223' title='bbox 3432 1675 3673 1731; x_wconf 85' lang='lat' dir='ltr'><strong>latenter</strong></span> <span class='ocrx_word' id='word_1_224' title='bbox 3705 1675 3755 1730; x_wconf 92' lang='lat' dir='ltr'><strong>in</strong></span> 
     </span>
    </p>
   </div>
   <div class='ocr_carea' id='block_1_17' title="bbox 463 1766 3758 1847">
    <p class='ocr_par' dir='ltr' id='par_1_17' title="bbox 463 1766 3758 1847">
     <span class='ocr_line' id='line_1_17' title="bbox 463 1766 3758 1847; baseline -0.003 -16"><span class='ocrx_word' id='word_1_225' title='bbox 463 1772 546 1847; x_wconf 82' lang='lat' dir='ltr'><strong>gis</strong></span> <span class='ocrx_word' id='word_1_226' title='bbox 573 1776 885 1832; x_wconf 88' lang='lat' dir='ltr'><strong>enitendum</strong></span> <span class='ocrx_word' id='word_1_227' title='bbox 912 1782 996 1831; x_wconf 90' lang='lat' dir='ltr'><strong>est</strong></span> <span class='ocrx_word' id='word_1_228' title='bbox 1017 1773 1219 1841; x_wconf 72' lang='lat' dir='ltr'><strong>viduae,</strong></span> <span class='ocrx_word' id='word_1_229' title='bbox 1241 1773 1378 1828; x_wconf 91' lang='lat' dir='ltr'><strong>utin</strong></span> <span class='ocrx_word' id='word_1_230' title='bbox 1407 1781 1704 1841; x_wconf 86' lang='lat' dir='ltr'><strong>conspectu</strong></span> <span class='ocrx_word' id='word_1_231' title='bbox 1731 1770 1831 1826; x_wconf 89' lang='lat' dir='ltr'><strong>Dei</strong></span> <span class='ocrx_word' id='word_1_232' title='bbox 1856 1768 2059 1825; x_wconf 86' lang='lat' dir='ltr'><strong>sanctis</strong></span> <span class='ocrx_word' id='word_1_233' title='bbox 2088 1772 2137 1834; x_wconf 78' lang='grc' dir='ltr'><strong>Β</strong></span> <span class='ocrx_word' id='word_1_234' title='bbox 2164 1780 2350 1823; x_wconf 88' lang='lat' dir='ltr'><strong>eorum</strong></span> <span class='ocrx_word' id='word_1_235' title='bbox 2398 1768 2571 1838; x_wconf 87' lang='lat' dir='ltr'><strong>possit</strong></span> <span class='ocrx_word' id='word_1_236' title='bbox 2599 1768 2784 1824; x_wconf 89' lang='lat' dir='ltr'><strong>odium</strong></span> <span class='ocrx_word' id='word_1_237' title='bbox 2831 1769 3144 1837; x_wconf 87' lang='lat' dir='ltr'><strong>concitare;</strong></span> <span class='ocrx_word' id='word_1_238' title='bbox 3191 1776 3247 1824; x_wconf 88' lang='lat' dir='ltr'><strong>et</strong></span> <span class='ocrx_word' id='word_1_239' title='bbox 3280 1766 3408 1838; x_wconf 87' lang='lat' dir='ltr'><strong>quia</strong></span> <span class='ocrx_word' id='word_1_240' title='bbox 3462 1766 3628 1839; x_wconf 85' lang='lat' dir='ltr'><strong>longo</strong></span> <span class='ocrx_word' id='word_1_241' title='bbox 3648 1768 3758 1840; x_wconf 83' lang='lat' dir='ltr'><strong>jam</strong></span> 
     </span>
    </p>
   </div>
   <div class='ocr_carea' id='block_1_18' title="bbox 460 1862 2060 1940">
    <p class='ocr_par' dir='ltr' id='par_1_18' title="bbox 460 1862 2060 1940">
     <span class='ocr_line' id='line_1_18' title="bbox 460 1862 2060 1940; baseline -0.006 -14"><span class='ocrx_word' id='word_1_242' title='bbox 460 1869 759 1926; x_wconf 77' lang='lat' dir='ltr'><strong>virtutibus</strong></span> <span class='ocrx_word' id='word_1_243' title='bbox 798 1876 1057 1940; x_wconf 89' lang='lat' dir='ltr'><strong>tanquam</strong></span> <span class='ocrx_word' id='word_1_244' title='bbox 1105 1864 1457 1922; x_wconf 88' lang='lat' dir='ltr'><strong>rutilantibus</strong></span> <span class='ocrx_word' id='word_1_245' title='bbox 1507 1862 1823 1934; x_wconf 79' lang='lat' dir='ltr'><strong>margaritis</strong></span> <span class='ocrx_word' id='word_1_246' title='bbox 1863 1870 2060 1918; x_wconf 86' lang='lat' dir='ltr'><strong>ornata</strong></span> 
     </span>
    </p>
   </div>
   <div class='ocr_carea' id='block_1_19' title="bbox 461 1954 2057 2025">
    <p class='ocr_par' dir='ltr' id='par_1_19' title="bbox 461 1954 2057 2025">
     <span class='ocr_line' id='line_1_19' title="bbox 461 1954 2057 2025; baseline -0.006 -9"><span class='ocrx_word' id='word_1_247' title='bbox 461 1960 734 2018; x_wconf 83' lang='lat' dir='ltr'><strong>nitescat?</strong></span> <span class='ocrx_word' id='word_1_248' title='bbox 761 1959 1055 2016; x_wconf 87' lang='lat' dir='ltr'><strong>Contendit</strong></span> <span class='ocrx_word' id='word_1_249' title='bbox 1084 1958 1172 2013; x_wconf 85' lang='lat' dir='ltr'><strong>illa</strong></span> <span class='ocrx_word' id='word_1_250' title='bbox 1196 1997 1211 2024; x_wconf 94' lang='lat'><strong>,</strong></span> <span class='ocrx_word' id='word_1_251' title='bbox 1242 1966 1303 2012; x_wconf 92' lang='lat' dir='ltr'><strong>ut</strong></span> <span class='ocrx_word' id='word_1_252' title='bbox 1329 1956 1543 2012; x_wconf 90' lang='lat' dir='ltr'><strong>venusti</strong></span> <span class='ocrx_word' id='word_1_253' title='bbox 1573 1954 1754 2013; x_wconf 72' lang='lat' dir='ltr'><strong>vult-1:</strong></span> <span class='ocrx_word' id='word_1_254' title='bbox 1776 1962 2057 2025; x_wconf 68' lang='lat' dir='ltr'><strong>appareat,</strong></span> 
     </span>
    </p>
   </div>
   <div class='ocr_carea' id='block_1_20' title="bbox 458 2044 2055 2120">
    <p class='ocr_par' dir='ltr' id='par_1_20' title="bbox 458 2044 2055 2120">
     <span class='ocr_line' id='line_1_20' title="bbox 458 2044 2055 2120; baseline -0.007 -12"><span class='ocrx_word' id='word_1_255' title='bbox 458 2060 522 2109; x_wconf 86' lang='lat' dir='ltr'><strong>ut</strong></span> <span class='ocrx_word' id='word_1_256' title='bbox 571 2051 754 2108; x_wconf 84' lang='lat' dir='ltr'><strong>decori</strong></span> <span class='ocrx_word' id='word_1_257' title='bbox 807 2050 925 2120; x_wconf 86' lang='lat' dir='ltr'><strong>ejus</strong></span> <span class='ocrx_word' id='word_1_258' title='bbox 984 2048 1186 2104; x_wconf 89' lang='lat' dir='ltr'><strong>nullius</strong></span> <span class='ocrx_word' id='word_1_259' title='bbox 1235 2046 1502 2103; x_wconf 72' lang='lat' dir='ltr'><strong>foeditatis</strong></span> <span class='ocrx_word' id='word_1_260' title='bbox 1560 2059 1752 2100; x_wconf 85' lang='lat' dir='ltr'><strong>naevus</strong></span> <span class='ocrx_word' id='word_1_261' title='bbox 1788 2044 2055 2114; x_wconf 88' lang='lat' dir='ltr'><strong>obrepat:</strong></span> 
     </span>
    </p>
   </div>
   <div class='ocr_carea' id='block_1_21' title="bbox 462 2140 2061 2218">
    <p class='ocr_par' dir='ltr' id='par_1_21' title="bbox 462 2140 2061 2218">
     <span class='ocr_line' id='line_1_21' title="bbox 462 2140 2061 2218; baseline -0.004 -17"><span class='ocrx_word' id='word_1_262' title='bbox 462 2152 668 2218; x_wconf 88' lang='lat' dir='ltr'><strong>quanto</strong></span> <span class='ocrx_word' id='word_1_263' title='bbox 710 2144 925 2201; x_wconf 88' lang='lat' dir='ltr'><strong>cautius</strong></span> <span class='ocrx_word' id='word_1_264' title='bbox 971 2152 1175 2200; x_wconf 75' lang='lat' dir='ltr'><strong>sancta:</strong></span> <span class='ocrx_word' id='word_1_265' title='bbox 1210 2142 1385 2198; x_wconf 70' lang='lat' dir='ltr'><strong>viduae</strong></span> <span class='ocrx_word' id='word_1_266' title='bbox 1435 2140 1793 2211; x_wconf 87' lang='lat' dir='ltr'><strong>satagendum</strong></span> <span class='ocrx_word' id='word_1_267' title='bbox 1837 2148 1938 2204; x_wconf 87' lang='lat' dir='ltr'><strong>est,</strong></span> <span class='ocrx_word' id='word_1_268' title='bbox 1992 2153 2061 2195; x_wconf 90' lang='lat' dir='ltr'><strong>ne</strong></span> 
     </span>
    </p>
   </div>
   <div class='ocr_carea' id='block_1_22' title="bbox 460 2232 2060 2310">
    <p class='ocr_par' dir='ltr' id='par_1_22' title="bbox 460 2232 2060 2310">
     <span class='ocr_line' id='line_1_22' title="bbox 460 2232 2060 2310; baseline -0.006 -15"><span class='ocrx_word' id='word_1_269' title='bbox 460 2246 619 2295; x_wconf 79' lang='lat' dir='ltr'><strong>mens</strong></span> <span class='ocrx_word' id='word_1_270' title='bbox 643 2236 762 2310; x_wconf 85' lang='lat' dir='ltr'><strong>ejus</strong></span> <span class='ocrx_word' id='word_1_271' title='bbox 787 2235 1150 2307; x_wconf 84' lang='lat' dir='ltr'><strong>implacabilis</strong></span> <span class='ocrx_word' id='word_1_272' title='bbox 1176 2234 1308 2301; x_wconf 89' lang='lat' dir='ltr'><strong>odii,</strong></span> <span class='ocrx_word' id='word_1_273' title='bbox 1332 2233 1421 2291; x_wconf 86' lang='lat' dir='ltr'><strong>vel</strong></span> <span class='ocrx_word' id='word_1_274' title='bbox 1463 2235 1639 2304; x_wconf 87' lang='lat' dir='ltr'><strong>turpis</strong></span> <span class='ocrx_word' id='word_1_275' title='bbox 1671 2232 2060 2303; x_wconf 88' lang='lat' dir='ltr'><strong>concupiscen-</strong></span> 
     </span>
    </p>
   </div>
   <div class='ocr_carea' id='block_1_23' title="bbox 460 2321 2060 2400">
    <p class='ocr_par' dir='ltr' id='par_1_23' title="bbox 460 2321 2060 2400">
     <span class='ocr_line' id='line_1_23' title="bbox 460 2321 2060 2400; baseline -0.006 -15"><span class='ocrx_word' id='word_1_276' title='bbox 460 2330 553 2385; x_wconf 84' lang='lat' dir='ltr'><strong>tiae</strong></span> <span class='ocrx_word' id='word_1_277' title='bbox 575 2328 829 2400; x_wconf 83' lang='lat' dir='ltr'><strong>squalore</strong></span> <span class='ocrx_word' id='word_1_278' title='bbox 855 2324 1167 2384; x_wconf 83' lang='lat' dir='ltr'><strong>sordescat?</strong></span> <span class='ocrx_word' id='word_1_279' title='bbox 1196 2323 1333 2380; x_wconf 87' lang='lat' dir='ltr'><strong>illud</strong></span> <span class='ocrx_word' id='word_1_280' title='bbox 1362 2324 1596 2395; x_wconf 87' lang='lat' dir='ltr'><strong>denique</strong></span> <span class='ocrx_word' id='word_1_281' title='bbox 1630 2323 1839 2379; x_wconf 85' lang='lat' dir='ltr'><strong>arctius</strong></span> <span class='ocrx_word' id='word_1_282' title='bbox 1868 2321 2060 2378; x_wconf 87' lang='lat' dir='ltr'><strong>menti-</strong></span> 
     </span>
    </p>
   </div>
   <div class='ocr_carea' id='block_1_24' title="bbox 456 2414 2059 2489">
    <p class='ocr_par' dir='ltr' id='par_1_24' title="bbox 456 2414 2059 2489">
     <span class='ocr_line' id='line_1_24' title="bbox 456 2414 2059 2489; baseline -0.006 -12"><span class='ocrx_word' id='word_1_283' title='bbox 456 2421 560 2477; x_wconf 91' lang='lat' dir='ltr'><strong>bus</strong></span> <span class='ocrx_word' id='word_1_284' title='bbox 593 2419 793 2476; x_wconf 88' lang='lat' dir='ltr'><strong>vestris</strong></span> <span class='ocrx_word' id='word_1_285' title='bbox 819 2416 1047 2489; x_wconf 79' lang='lat' dir='ltr'><strong>inﬁgite,</strong></span> <span class='ocrx_word' id='word_1_286' title='bbox 1088 2415 1219 2475; x_wconf 90' lang='lat' dir='ltr'><strong>illud</strong></span> <span class='ocrx_word' id='word_1_287' title='bbox 1248 2414 1434 2473; x_wconf 88' lang='lat' dir='ltr'><strong>sedula</strong></span> <span class='ocrx_word' id='word_1_288' title='bbox 1458 2414 1813 2471; x_wconf 88' lang='lat' dir='ltr'><strong>meditatione</strong></span> <span class='ocrx_word' id='word_1_289' title='bbox 1843 2421 2059 2468; x_wconf 86' lang='lat' dir='ltr'><strong>versate</strong></span> 
     </span>
    </p>
   </div>
   <div class='ocr_carea' id='block_1_25' title="bbox 458 2503 2059 2584">
    <p class='ocr_par' dir='ltr' id='par_1_25' title="bbox 458 2503 2059 2584">
     <span class='ocr_line' id='line_1_25' title="bbox 458 2503 2059 2584; baseline -0.006 -15"><span class='ocrx_word' id='word_1_290' title='bbox 458 2512 608 2584; x_wconf 83' lang='lat' dir='ltr'><strong>quod</strong></span> <span class='ocrx_word' id='word_1_291' title='bbox 637 2511 856 2577; x_wconf 89' lang='lat' dir='ltr'><strong>dicitur,</strong></span> <span class='ocrx_word' id='word_1_292' title='bbox 890 2517 952 2565; x_wconf 92' lang='lat' dir='ltr'><strong>ut</strong></span> <span class='ocrx_word' id='word_1_293' title='bbox 981 2509 1052 2565; x_wconf 90' lang='lat' dir='ltr'><strong>sit</strong></span> <span class='ocrx_word' id='word_1_294' title='bbox 1090 2516 1281 2565; x_wconf 89' lang='lat' dir='ltr'><strong>sancta</strong></span> <span class='ocrx_word' id='word_1_295' title='bbox 1318 2522 1549 2578; x_wconf 87' lang='lat' dir='ltr'><strong>corpore</strong></span> <span class='ocrx_word' id='word_1_296' title='bbox 1578 2514 1634 2562; x_wconf 91' lang='lat' dir='ltr'><strong>et</strong></span> <span class='ocrx_word' id='word_1_297' title='bbox 1664 2506 1883 2578; x_wconf 90' lang='lat' dir='ltr'><strong>spiritu.</strong></span> <span class='ocrx_word' id='word_1_298' title='bbox 1917 2503 2059 2573; x_wconf 88' lang='lat' dir='ltr'><strong>Quid</strong></span> 
     </span>
    </p>
   </div>
   <div class='ocr_carea' id='block_1_26' title="bbox 460 2593 2058 2674">
    <p class='ocr_par' dir='ltr' id='par_1_26' title="bbox 460 2593 2058 2674">
     <span class='ocr_line' id='line_1_26' title="bbox 460 2593 2058 2674; baseline -0.007 -14"><span class='ocrx_word' id='word_1_299' title='bbox 460 2604 605 2660; x_wconf 85' lang='lat' dir='ltr'><strong>enim</strong></span> <span class='ocrx_word' id='word_1_300' title='bbox 636 2601 861 2674; x_wconf 89' lang='lat' dir='ltr'><strong>prodest</strong></span> <span class='ocrx_word' id='word_1_301' title='bbox 898 2600 1123 2659; x_wconf 84' lang='lat' dir='ltr'><strong>castitas</strong></span> <span class='ocrx_word' id='word_1_302' title='bbox 1159 2598 1434 2670; x_wconf 85' lang='lat' dir='ltr'><strong>corporis,</strong></span> <span class='ocrx_word' id='word_1_303' title='bbox 1468 2598 1601 2670; x_wconf 89' lang='lat' dir='ltr'><strong>quid</strong></span> <span class='ocrx_word' id='word_1_304' title='bbox 1634 2595 1941 2667; x_wconf 80' lang='lat' dir='ltr'><strong>castigatio,</strong></span> <span class='ocrx_word' id='word_1_305' title='bbox 1973 2593 2058 2650; x_wconf 88' lang='lat' dir='ltr'><strong>vel</strong></span> 
     </span>
    </p>
   </div>
   <div class='ocr_carea' id='block_1_27' title="bbox 458 2690 2059 2763">
    <p class='ocr_par' dir='ltr' id='par_1_27' title="bbox 458 2690 2059 2763">
     <span class='ocr_line' id='line_1_27' title="bbox 458 2690 2059 2763; baseline -0.005 -10"><span class='ocrx_word' id='word_1_306' title='bbox 458 2696 686 2753; x_wconf 86' lang='lat' dir='ltr'><strong>alllictio</strong></span> <span class='ocrx_word' id='word_1_307' title='bbox 720 2694 924 2762; x_wconf 89' lang='lat' dir='ltr'><strong>carnis,</strong></span> <span class='ocrx_word' id='word_1_308' title='bbox 957 2693 1005 2750; x_wconf 88' lang='lat' dir='ltr'><strong>si</strong></span> <span class='ocrx_word' id='word_1_309' title='bbox 1043 2693 1180 2749; x_wconf 89' lang='lat' dir='ltr'><strong>desit</strong></span> <span class='ocrx_word' id='word_1_310' title='bbox 1224 2693 1434 2763; x_wconf 83' lang='lat' dir='ltr'><strong>paritas</strong></span> <span class='ocrx_word' id='word_1_311' title='bbox 1461 2701 1517 2749; x_wconf 91' lang='lat' dir='ltr'><strong>et</strong></span> <span class='ocrx_word' id='word_1_312' title='bbox 1546 2691 1808 2747; x_wconf 87' lang='lat' dir='ltr'><strong>munditia</strong></span> <span class='ocrx_word' id='word_1_313' title='bbox 1840 2690 2059 2747; x_wconf 89' lang='lat' dir='ltr'><strong>cordis?</strong></span> 
     </span>
    </p>
   </div>
   <div class='ocr_carea' id='block_1_28' title="bbox 462 2782 2057 2860">
    <p class='ocr_par' dir='ltr' id='par_1_28' title="bbox 462 2782 2057 2860">
     <span class='ocr_line' id='line_1_28' title="bbox 462 2782 2057 2860; baseline -0.004 -15"><span class='ocrx_word' id='word_1_314' title='bbox 462 2806 485 2845; x_wconf 69' lang='grc' dir='ltr'>ι</span> <span class='ocrx_word' id='word_1_315' title='bbox 512 2782 664 2847; x_wconf 84' lang='lat' dir='ltr'><strong>Beati</strong></span> <span class='ocrx_word' id='word_1_316' title='bbox 705 2790 974 2860; x_wconf 89' lang='lat' dir='ltr'><strong>siquidem</strong></span> <span class='ocrx_word' id='word_1_317' title='bbox 1001 2787 1205 2844; x_wconf 91' lang='lat' dir='ltr'><strong>mundo</strong></span> <span class='ocrx_word' id='word_1_318' title='bbox 1235 2788 1424 2854; x_wconf 88' lang='lat' dir='ltr'><strong>corde,</strong></span> <span class='ocrx_word' id='word_1_319' title='bbox 1456 2786 1714 2859; x_wconf 88' lang='lat' dir='ltr'><strong>quoniam</strong></span> <span class='ocrx_word' id='word_1_320' title='bbox 1755 2784 1859 2856; x_wconf 88' lang='lat' dir='ltr'><strong>ipsi</strong></span> <span class='ocrx_word' id='word_1_321' title='bbox 1886 2785 2057 2840; x_wconf 91' lang='lat' dir='ltr'><strong>Deum</strong></span> 
     </span>
    </p>
   </div>
   <div class='ocr_carea' id='block_1_29' title="bbox 455 2878 2057 2955">
    <p class='ocr_par' dir='ltr' id='par_1_29' title="bbox 455 2878 2057 2955">
     <span class='ocr_line' id='line_1_29' title="bbox 455 2878 2057 2955; baseline -0.005 -14"><span class='ocrx_word' id='word_1_322' title='bbox 455 2884 717 2941; x_wconf 61' lang='lat' dir='ltr'><strong>Videbunt</strong></span> <span class='ocrx_word' id='word_1_323' title='bbox 747 2882 964 2955; x_wconf 78' lang='lat' dir='ltr'><strong>(Matth.</strong></span> <span class='ocrx_word' id='word_1_324' title='bbox 1002 2882 1079 2953; x_wconf 91' lang='lat' dir='ltr'><strong>v).</strong></span> <span class='ocrx_word' id='word_1_325' title='bbox 1105 2902 1125 2935; x_wconf 74' lang='grc' dir='ltr'><strong>ι</strong></span> <span class='ocrx_word' id='word_1_326' title='bbox 1175 2881 1315 2937; x_wconf 81' lang='lat' dir='ltr'><strong>llinc</strong></span> <span class='ocrx_word' id='word_1_327' title='bbox 1347 2890 1433 2937; x_wconf 89' lang='lat' dir='ltr'><strong>est</strong></span> <span class='ocrx_word' id='word_1_328' title='bbox 1471 2880 1616 2951; x_wconf 92' lang='lat' dir='ltr'><strong>quod</strong></span> <span class='ocrx_word' id='word_1_329' title='bbox 1659 2879 1855 2935; x_wconf 76' lang='lat' dir='ltr'><strong>anima:</strong></span> <span class='ocrx_word' id='word_1_330' title='bbox 1892 2878 2057 2934; x_wconf 86' lang='lat' dir='ltr'><strong>noxia</strong></span> 
     </span>
    </p>
   </div>
   <div class='ocr_carea' id='block_1_30' title="bbox 456 2969 2054 3048">
    <p class='ocr_par' dir='ltr' id='par_1_30' title="bbox 456 2969 2054 3048">
     <span class='ocr_line' id='line_1_30' title="bbox 456 2969 2054 3048; baseline -0.005 -15"><span class='ocrx_word' id='word_1_331' title='bbox 456 2976 747 3048; x_wconf 75' lang='lat' dir='ltr'><strong>cogitanti,</strong></span> <span class='ocrx_word' id='word_1_332' title='bbox 791 2973 894 3031; x_wconf 86' lang='lat' dir='ltr'><strong>sub</strong></span> <span class='ocrx_word' id='word_1_333' title='bbox 925 2982 1054 3046; x_wconf 81' lang='lat' dir='ltr'><strong>typo</strong></span> <span class='ocrx_word' id='word_1_334' title='bbox 1083 2972 1443 3043; x_wconf 64' lang='lat' dir='ltr'><strong>Hierusalem;</strong></span> <span class='ocrx_word' id='word_1_335' title='bbox 1462 2987 1561 3043; x_wconf 89' lang='lat' dir='ltr'><strong>per</strong></span> <span class='ocrx_word' id='word_1_336' title='bbox 1588 2969 1883 3027; x_wconf 82' lang='lat' dir='ltr'><strong>Jeremiam</strong></span> <span class='ocrx_word' id='word_1_337' title='bbox 1918 2970 2054 3025; x_wconf 89' lang='lat' dir='ltr'><strong>dici-</strong></span> 
     </span>
    </p>
   </div>
   <div class='ocr_carea' id='block_1_31' title="bbox 452 3063 2058 3137">
    <p class='ocr_par' dir='ltr' id='par_1_31' title="bbox 452 3063 2058 3137">
     <span class='ocr_line' id='line_1_31' title="bbox 452 3063 2058 3137; baseline -0.004 -13"><span class='ocrx_word' id='word_1_338' title='bbox 452 3072 587 3124; x_wconf 87' lang='lat' dir='ltr'><strong>tur:</strong></span> <span class='ocrx_word' id='word_1_339' title='bbox 639 3084 658 3121; x_wconf 81' lang='lat' dir='ltr'><strong>t</strong></span> <span class='ocrx_word' id='word_1_340' title='bbox 686 3067 854 3132; x_wconf 86' lang='lat' dir='ltr'><strong>Lava,</strong></span> <span class='ocrx_word' id='word_1_341' title='bbox 907 3066 1103 3137; x_wconf 89' lang='lat' dir='ltr'><strong>inquit,</strong></span> <span class='ocrx_word' id='word_1_342' title='bbox 1153 3081 1185 3121; x_wconf 88' lang='lat' dir='ltr'><strong>a</strong></span> <span class='ocrx_word' id='word_1_343' title='bbox 1226 3065 1433 3121; x_wconf 88' lang='lat' dir='ltr'><strong>malitia</strong></span> <span class='ocrx_word' id='word_1_344' title='bbox 1460 3080 1558 3121; x_wconf 91' lang='lat' dir='ltr'><strong>cor</strong></span> <span class='ocrx_word' id='word_1_345' title='bbox 1602 3063 2058 3131; x_wconf 78' lang='lat' dir='ltr'><strong>tuum,iiierus&#39;a-</strong></span> 
     </span>
    </p>
   </div>
   <div class='ocr_carea' id='block_1_32' title="bbox 2166 1858 3757 1931">
    <p class='ocr_par' dir='ltr' id='par_1_32' title="bbox 2166 1858 3757 1931">
     <span class='ocr_line' id='line_1_32' title="bbox 2166 1858 3757 1931; baseline 0 -17"><span class='ocrx_word' id='word_1_346' title='bbox 2166 1866 2411 1929; x_wconf 88' lang='lat' dir='ltr'><strong>tempore</strong></span> <span class='ocrx_word' id='word_1_347' title='bbox 2441 1858 2719 1915; x_wconf 85' lang='lat' dir='ltr'><strong>vobiscum</strong></span> <span class='ocrx_word' id='word_1_348' title='bbox 2767 1859 3057 1928; x_wconf 90' lang='lat' dir='ltr'><strong>dimicans,</strong></span> <span class='ocrx_word' id='word_1_349' title='bbox 3104 1859 3216 1916; x_wconf 88' lang='lat' dir='ltr'><strong>Deo</strong></span> <span class='ocrx_word' id='word_1_350' title='bbox 3252 1874 3351 1931; x_wconf 85' lang='lat' dir='ltr'><strong>pro</strong></span> <span class='ocrx_word' id='word_1_351' title='bbox 3378 1860 3534 1915; x_wconf 88' lang='lat' dir='ltr'><strong>vobis</strong></span> <span class='ocrx_word' id='word_1_352' title='bbox 3563 1870 3757 1925; x_wconf 84' lang='lat' dir='ltr'><strong>stante,</strong></span> 
     </span>
    </p>
   </div>
   <div class='ocr_carea' id='block_1_33' title="bbox 2164 1950 3759 2023">
    <p class='ocr_par' dir='ltr' id='par_1_33' title="bbox 2164 1950 3759 2023">
     <span class='ocr_line' id='line_1_33' title="bbox 2164 1950 3759 2023; baseline 0.001 -18"><span class='ocrx_word' id='word_1_353' title='bbox 2164 1950 2221 2006; x_wconf 92' lang='lat' dir='ltr'><strong>in</strong></span> <span class='ocrx_word' id='word_1_354' title='bbox 2254 1965 2449 2021; x_wconf 90' lang='lat' dir='ltr'><strong>campo</strong></span> <span class='ocrx_word' id='word_1_355' title='bbox 2479 1952 2661 2023; x_wconf 90' lang='lat' dir='ltr'><strong>operis</strong></span> <span class='ocrx_word' id='word_1_356' title='bbox 2689 1961 2914 2008; x_wconf 90' lang='lat' dir='ltr'><strong>coactus</strong></span> <span class='ocrx_word' id='word_1_357' title='bbox 2958 1960 3043 2008; x_wconf 90' lang='lat' dir='ltr'><strong>est</strong></span> <span class='ocrx_word' id='word_1_358' title='bbox 3085 1953 3330 2023; x_wconf 88' lang='lat' dir='ltr'><strong>perdere,</strong></span> <span class='ocrx_word' id='word_1_359' title='bbox 3364 1951 3759 2022; x_wconf 74' lang='lat' dir='ltr'><strong>providendum</strong></span> 
     </span>
    </p>
   </div>
   <div class='ocr_carea' id='block_1_34' title="bbox 2168 2040 3759 2115">
    <p class='ocr_par' dir='ltr' id='par_1_34' title="bbox 2168 2040 3759 2115">
     <span class='ocr_line' id='line_1_34' title="bbox 2168 2040 3759 2115; baseline 0.003 -19"><span class='ocrx_word' id='word_1_360' title='bbox 2168 2045 2275 2107; x_wconf 89' lang='lat' dir='ltr'><strong>est,</strong></span> <span class='ocrx_word' id='word_1_361' title='bbox 2304 2055 2372 2096; x_wconf 89' lang='lat' dir='ltr'><strong>ne</strong></span> <span class='ocrx_word' id='word_1_362' title='bbox 2398 2040 2453 2095; x_wconf 94' lang='lat' dir='ltr'><strong>in</strong></span> <span class='ocrx_word' id='word_1_363' title='bbox 2482 2041 2597 2113; x_wconf 87' lang='lat' dir='ltr'><strong>ipsa</strong></span> <span class='ocrx_word' id='word_1_364' title='bbox 2630 2041 2977 2115; x_wconf 79' lang='lat' dir='ltr'><strong>cogitationis</strong></span> <span class='ocrx_word' id='word_1_365' title='bbox 3008 2043 3169 2101; x_wconf 90' lang='lat' dir='ltr'><strong>domo</strong></span> <span class='ocrx_word' id='word_1_366' title='bbox 3203 2056 3301 2115; x_wconf 89' lang='lat' dir='ltr'><strong>per</strong></span> <span class='ocrx_word' id='word_1_367' title='bbox 3328 2044 3578 2101; x_wconf 74' lang='lat' dir='ltr'><strong>remissa:</strong></span> <span class='ocrx_word' id='word_1_368' title='bbox 3608 2054 3759 2101; x_wconf 80' lang='lat' dir='ltr'><strong>secu-</strong></span> 
     </span>
    </p>
   </div>
   <div class='ocr_carea' id='block_1_35' title="bbox 2166 2133 3761 2207">
    <p class='ocr_par' dir='ltr' id='par_1_35' title="bbox 2166 2133 3761 2207">
     <span class='ocr_line' id='line_1_35' title="bbox 2166 2133 3761 2207; baseline 0.003 -19"><span class='ocrx_word' id='word_1_369' title='bbox 2166 2133 2345 2189; x_wconf 84' lang='lat' dir='ltr'><strong>ritatis</strong></span> <span class='ocrx_word' id='word_1_370' title='bbox 2382 2133 2633 2189; x_wconf 85' lang='lat' dir='ltr'><strong>inertiam</strong></span> <span class='ocrx_word' id='word_1_371' title='bbox 2664 2134 2845 2191; x_wconf 89' lang='lat' dir='ltr'><strong>valeat</strong></span> <span class='ocrx_word' id='word_1_372' title='bbox 2873 2136 3120 2194; x_wconf 90' lang='lat' dir='ltr'><strong>obtinere</strong></span> <span class='ocrx_word' id='word_1_373' title='bbox 3146 2146 3206 2192; x_wconf 90' lang='lat' dir='ltr'><strong>ut</strong></span> <span class='ocrx_word' id='word_1_374' title='bbox 3239 2150 3472 2207; x_wconf 85' lang='lat' dir='ltr'><strong>quarum</strong></span> <span class='ocrx_word' id='word_1_375' title='bbox 3503 2137 3761 2193; x_wconf 85' lang='lat' dir='ltr'><strong>videlicet</strong></span> 
     </span>
    </p>
   </div>
   <div class='ocr_carea' id='block_1_36' title="bbox 2163 2226 3755 2300">
    <p class='ocr_par' dir='ltr' id='par_1_36' title="bbox 2163 2226 3755 2300">
     <span class='ocr_line' id='line_1_36' title="bbox 2163 2226 3755 2300; baseline 0.003 -20"><span class='ocrx_word' id='word_1_376' title='bbox 2163 2240 2359 2281; x_wconf 87' lang='lat' dir='ltr'><strong>manus</strong></span> <span class='ocrx_word' id='word_1_377' title='bbox 2402 2233 2531 2281; x_wconf 91' lang='lat' dir='ltr'><strong>sunt</strong></span> <span class='ocrx_word' id='word_1_378' title='bbox 2576 2226 2913 2284; x_wconf 80' lang='lat' dir='ltr'><strong>extrinsecus</strong></span> <span class='ocrx_word' id='word_1_379' title='bbox 2959 2229 3174 2286; x_wconf 85' lang='lat' dir='ltr'><strong>mundae</strong></span> <span class='ocrx_word' id='word_1_380' title='bbox 3221 2235 3319 2300; x_wconf 76' lang='lat' dir='ltr'><strong>per</strong></span> <span class='ocrx_word' id='word_1_381' title='bbox 3365 2228 3755 2295; x_wconf 88' lang='lat' dir='ltr'><strong>innocentiam,</strong></span> 
     </span>
    </p>
   </div>
   <div class='ocr_carea' id='block_1_37' title="bbox 2176 2316 3760 2393">
    <p class='ocr_par' dir='ltr' id='par_1_37' title="bbox 2176 2316 3760 2393">
     <span class='ocr_line' id='line_1_37' title="bbox 2176 2316 3760 2393; baseline 0.003 -20"><span class='ocrx_word' id='word_1_382' title='bbox 2176 2333 2272 2373; x_wconf 92' lang='lat' dir='ltr'><strong>cor</strong></span> <span class='ocrx_word' id='word_1_383' title='bbox 2299 2316 2470 2374; x_wconf 88' lang='lat' dir='ltr'><strong>oculis</strong></span> <span class='ocrx_word' id='word_1_384' title='bbox 2514 2318 2609 2374; x_wconf 92' lang='lat' dir='ltr'><strong>Dei</strong></span> <span class='ocrx_word' id='word_1_385' title='bbox 2654 2328 2942 2375; x_wconf 89' lang='lat' dir='ltr'><strong>cruentum</strong></span> <span class='ocrx_word' id='word_1_386' title='bbox 2986 2322 3329 2377; x_wconf 89' lang='lat' dir='ltr'><strong>machinetur</strong></span> <span class='ocrx_word' id='word_1_387' title='bbox 3372 2321 3641 2377; x_wconf 86' lang='lat' dir='ltr'><strong>exhibere</strong></span> <span class='ocrx_word' id='word_1_388' title='bbox 3669 2332 3760 2393; x_wconf 83' lang='lat' dir='ltr'><strong>per</strong></span> 
     </span>
    </p>
   </div>
   <div class='ocr_carea' id='block_1_38' title="bbox 2170 2408 3759 2485">
    <p class='ocr_par' dir='ltr' id='par_1_38' title="bbox 2170 2408 3759 2485">
     <span class='ocr_line' id='line_1_38' title="bbox 2170 2408 3759 2485; baseline 0.005 -23"><span class='ocrx_word' id='word_1_389' title='bbox 2170 2408 2343 2475; x_wconf 90' lang='lat' dir='ltr'><strong>iram;</strong></span> <span class='ocrx_word' id='word_1_390' title='bbox 2391 2423 2513 2464; x_wconf 91' lang='lat' dir='ltr'><strong>cum</strong></span> <span class='ocrx_word' id='word_1_391' title='bbox 2556 2409 2815 2467; x_wconf 88' lang='lat' dir='ltr'><strong>Dominus</strong></span> <span class='ocrx_word' id='word_1_392' title='bbox 2860 2426 2959 2482; x_wconf 89' lang='lat' dir='ltr'><strong>per</strong></span> <span class='ocrx_word' id='word_1_393' title='bbox 2999 2413 3317 2483; x_wconf 86' lang='lat' dir='ltr'><strong>prophetam</strong></span> <span class='ocrx_word' id='word_1_394' title='bbox 3354 2411 3558 2485; x_wconf 87' lang='lat' dir='ltr'><strong>legales</strong></span> <span class='ocrx_word' id='word_1_395' title='bbox 3613 2427 3759 2470; x_wconf 81' lang='lat' dir='ltr'><strong>cere-</strong></span> 
     </span>
    </p>
   </div>
   <div class='ocr_carea' id='block_1_39' title="bbox 2173 2497 3756 2575">
    <p class='ocr_par' dir='ltr' id='par_1_39' title="bbox 2173 2497 3756 2575">
     <span class='ocr_line' id='line_1_39' title="bbox 2173 2497 3756 2575; baseline 0.006 -22"><span class='ocrx_word' id='word_1_396' title='bbox 2173 2498 2387 2553; x_wconf 88' lang='lat' dir='ltr'><strong>monias</strong></span> <span class='ocrx_word' id='word_1_397' title='bbox 2424 2497 2773 2568; x_wconf 90' lang='lat' dir='ltr'><strong>implentibus</strong></span> <span class='ocrx_word' id='word_1_398' title='bbox 2803 2502 2986 2558; x_wconf 84' lang='lat' dir='ltr'><strong>dicat:</strong></span> <span class='ocrx_word' id='word_1_399' title='bbox 3030 2520 3049 2554; x_wconf 77' lang='lat' dir='ltr'><strong>t</strong></span> <span class='ocrx_word' id='word_1_400' title='bbox 3080 2501 3213 2571; x_wconf 87' lang='lat' dir='ltr'><strong>Quis</strong></span> <span class='ocrx_word' id='word_1_401' title='bbox 3253 2504 3507 2575; x_wconf 60' lang='lat' dir='ltr'><strong>quaesivit</strong></span> <span class='ocrx_word' id='word_1_402' title='bbox 3542 2504 3663 2562; x_wconf 65' lang='lat' dir='ltr'><strong>haec</strong></span> <span class='ocrx_word' id='word_1_403' title='bbox 3694 2506 3756 2561; x_wconf 84' lang='lat' dir='ltr'><strong>de</strong></span> 
     </span>
    </p>
   </div>
   <div class='ocr_carea' id='block_1_40' title="bbox 2166 2591 3757 2669">
    <p class='ocr_par' dir='ltr' id='par_1_40' title="bbox 2166 2591 3757 2669">
     <span class='ocr_line' id='line_1_40' title="bbox 2166 2591 3757 2669; baseline 0.004 -23"><span class='ocrx_word' id='word_1_404' title='bbox 2166 2591 2420 2648; x_wconf 90' lang='lat' dir='ltr'><strong>manibus</strong></span> <span class='ocrx_word' id='word_1_405' title='bbox 2440 2593 2676 2649; x_wconf 81' lang='lat' dir='ltr'><strong>vestris?</strong></span> <span class='ocrx_word' id='word_1_406' title='bbox 2702 2608 2895 2651; x_wconf 87' lang='lat' dir='ltr'><strong>manus</strong></span> <span class='ocrx_word' id='word_1_407' title='bbox 2919 2605 3116 2652; x_wconf 75' lang='lat' dir='ltr'><strong>vestra:</strong></span> <span class='ocrx_word' id='word_1_408' title='bbox 3142 2598 3406 2669; x_wconf 88' lang='lat' dir='ltr'><strong>sanguine</strong></span> <span class='ocrx_word' id='word_1_409' title='bbox 3434 2597 3611 2668; x_wconf 76' lang='lat' dir='ltr'><strong>plena:</strong></span> <span class='ocrx_word' id='word_1_410' title='bbox 3635 2606 3757 2654; x_wconf 91' lang='lat' dir='ltr'><strong>sunt</strong></span> 
     </span>
    </p>
   </div>
   <div class='ocr_carea' id='block_1_41' title="bbox 2164 2685 3757 2766">
    <p class='ocr_par' dir='ltr' id='par_1_41' title="bbox 2164 2685 3757 2766">
     <span class='ocr_line' id='line_1_41' title="bbox 2164 2685 3757 2766; baseline 0.006 -26"><span class='ocrx_word' id='word_1_411' title='bbox 2164 2685 2299 2758; x_wconf 81' lang='lat' dir='ltr'><strong>(Isa.</strong></span> <span class='ocrx_word' id='word_1_412' title='bbox 2330 2687 2398 2761; x_wconf 82' lang='grc' dir='ltr'><strong>ι).</strong></span> <span class='ocrx_word' id='word_1_413' title='bbox 2421 2706 2439 2741; x_wconf 73' lang='grc' dir='ltr'><strong><em>ι</em></strong></span> <span class='ocrx_word' id='word_1_414' title='bbox 2469 2688 2624 2758; x_wconf 91' lang='lat' dir='ltr'><strong>Quod</strong></span> <span class='ocrx_word' id='word_1_415' title='bbox 2658 2690 2916 2748; x_wconf 85' lang='lat' dir='ltr'><strong>nimirum</strong></span> <span class='ocrx_word' id='word_1_416' title='bbox 2951 2691 3059 2751; x_wconf 89' lang='lat' dir='ltr'><strong>illis</strong></span> <span class='ocrx_word' id='word_1_417' title='bbox 3094 2693 3230 2751; x_wconf 82' lang='lat' dir='ltr'><strong>dixit</strong></span> <span class='ocrx_word' id='word_1_418' title='bbox 3259 2709 3494 2766; x_wconf 88' lang='lat' dir='ltr'><strong>quorum</strong></span> <span class='ocrx_word' id='word_1_419' title='bbox 3522 2708 3624 2751; x_wconf 91' lang='lat' dir='ltr'><strong>cor</strong></span> <span class='ocrx_word' id='word_1_420' title='bbox 3648 2709 3757 2750; x_wconf 86' lang='lat' dir='ltr'><strong>ma-</strong></span> 
     </span>
    </p>
   </div>
   <div class='ocr_carea' id='block_1_42' title="bbox 2162 2773 2967 2852">
    <p class='ocr_par' dir='ltr' id='par_1_42' title="bbox 2162 2773 2967 2852">
     <span class='ocr_line' id='line_1_42' title="bbox 2162 2773 2967 2852; baseline 0.011 -21"><span class='ocrx_word' id='word_1_421' title='bbox 2162 2773 2278 2833; x_wconf 89' lang='lat' dir='ltr'><strong>litia</strong></span> <span class='ocrx_word' id='word_1_422' title='bbox 2308 2778 2531 2849; x_wconf 88' lang='lat' dir='ltr'><strong>plenum</strong></span> <span class='ocrx_word' id='word_1_423' title='bbox 2558 2797 2679 2837; x_wconf 88' lang='lat' dir='ltr'><strong>esse</strong></span> <span class='ocrx_word' id='word_1_424' title='bbox 2708 2783 2967 2852; x_wconf 86' lang='lat' dir='ltr'><strong>providit.</strong></span> 
     </span>
    </p>
   </div>
   <div class='ocr_carea' id='block_1_43' title="bbox 2232 2871 3751 2951">
    <p class='ocr_par' dir='ltr' id='par_1_43' title="bbox 2232 2871 3751 2951">
     <span class='ocr_line' id='line_1_43' title="bbox 2232 2871 3751 2951; baseline 0.011 -26"><span class='ocrx_word' id='word_1_425' title='bbox 2232 2871 2367 2939; x_wconf 86' lang='lat' dir='ltr'><strong>Quia</strong></span> <span class='ocrx_word' id='word_1_426' title='bbox 2401 2874 2588 2946; x_wconf 84' lang='lat' dir='ltr'><strong>igitur,</strong></span> <span class='ocrx_word' id='word_1_427' title='bbox 2624 2876 3012 2948; x_wconf 57' lang='lat' dir='ltr'><strong>dilectissime,</strong></span> <span class='ocrx_word' id='word_1_428' title='bbox 3046 2882 3154 2937; x_wconf 89' lang='lat' dir='ltr'><strong>vita</strong></span> <span class='ocrx_word' id='word_1_429' title='bbox 3188 2891 3371 2939; x_wconf 86' lang='lat' dir='ltr'><strong>vestra</strong></span> <span class='ocrx_word' id='word_1_430' title='bbox 3406 2892 3520 2939; x_wconf 87' lang='lat' dir='ltr'><strong>tam</strong></span> <span class='ocrx_word' id='word_1_431' title='bbox 3548 2894 3751 2951; x_wconf 86' lang='lat' dir='ltr'><strong>sancta,</strong></span> 
     </span>
    </p>
   </div>
   <div class='ocr_carea' id='block_1_44' title="bbox 2162 2965 3752 3048">
    <p class='ocr_par' dir='ltr' id='par_1_44' title="bbox 2162 2965 3752 3048">
     <span class='ocr_line' id='line_1_44' title="bbox 2162 2965 3752 3048; baseline 0.009 -29"><span class='ocrx_word' id='word_1_432' title='bbox 2162 2971 2274 3019; x_wconf 91' lang='lat' dir='ltr'><strong>tam</strong></span> <span class='ocrx_word' id='word_1_433' title='bbox 2308 2965 2539 3023; x_wconf 90' lang='lat' dir='ltr'><strong>honesta</strong></span> <span class='ocrx_word' id='word_1_434' title='bbox 2571 2977 2791 3042; x_wconf 89' lang='lat' dir='ltr'><strong>tamque</strong></span> <span class='ocrx_word' id='word_1_435' title='bbox 2836 2972 3084 3031; x_wconf 87' lang='lat' dir='ltr'><strong>districta</strong></span> <span class='ocrx_word' id='word_1_436' title='bbox 3116 2990 3239 3032; x_wconf 88' lang='lat' dir='ltr'><strong>esse</strong></span> <span class='ocrx_word' id='word_1_437' title='bbox 3280 2978 3664 3048; x_wconf 86' lang='lat' dir='ltr'><strong>perpenditur,</strong></span> <span class='ocrx_word' id='word_1_438' title='bbox 3696 2987 3752 3033; x_wconf 90' lang='lat' dir='ltr'><strong>ut</strong></span> 
     </span>
    </p>
   </div>
   <div class='ocr_carea' id='block_1_45' title="bbox 2163 3061 3754 3139">
    <p class='ocr_par' dir='ltr' id='par_1_45' title="bbox 2163 3061 3754 3139">
     <span class='ocr_line' id='line_1_45' title="bbox 2163 3061 3754 3139; baseline 0.01 -27"><span class='ocrx_word' id='word_1_439' title='bbox 2163 3068 2428 3130; x_wconf 87' lang='lat' dir='ltr'><strong>quantum</strong></span> <span class='ocrx_word' id='word_1_440' title='bbox 2458 3061 2525 3117; x_wconf 89' lang='lat' dir='ltr'><strong>ad</strong></span> <span class='ocrx_word' id='word_1_441' title='bbox 2550 3078 2715 3133; x_wconf 89' lang='lat' dir='ltr'><strong>opera</strong></span> <span class='ocrx_word' id='word_1_442' title='bbox 2752 3080 3095 3139; x_wconf 87' lang='lat' dir='ltr'><strong>nequaquam</strong></span> <span class='ocrx_word' id='word_1_443' title='bbox 3127 3078 3329 3127; x_wconf 72' lang='lat' dir='ltr'><strong>nostra:</strong></span> <span class='ocrx_word' id='word_1_444' title='bbox 3356 3071 3754 3128; x_wconf 89' lang='lat' dir='ltr'><strong>exhortationis</strong></span> 
     </span>
    </p>
   </div>
   <div class='ocr_carea' id='block_1_46' title="bbox 459 3147 3754 3234">
    <p class='ocr_par' dir='ltr' id='par_1_46' title="bbox 459 3147 3754 3234">
     <span class='ocr_line' id='line_1_46' title="bbox 459 3147 3754 3234; baseline 0.005 -32"><span class='ocrx_word' id='word_1_445' title='bbox 459 3160 591 3228; x_wconf 62' lang='lat' dir='ltr'><strong>lem,</strong></span> <span class='ocrx_word' id='word_1_446' title='bbox 637 3169 698 3216; x_wconf 77' lang='grc' dir='ltr'><strong>υι</strong></span> <span class='ocrx_word' id='word_1_447' title='bbox 725 3159 877 3216; x_wconf 72' lang='lat' dir='ltr'><strong>salva</strong></span> <span class='ocrx_word' id='word_1_448' title='bbox 904 3159 1026 3215; x_wconf 59' lang='lat' dir='ltr'><strong>ﬁas,</strong></span> <span class='ocrx_word' id='word_1_449' title='bbox 1064 3158 1358 3230; x_wconf 69' lang='lat' dir='ltr'><strong>Usquequo</strong></span> <span class='ocrx_word' id='word_1_450' title='bbox 1400 3158 1760 3215; x_wconf 62' lang='lat' dir='ltr'><strong>morabuntur</strong></span> <span class='ocrx_word' id='word_1_451' title='bbox 1789 3159 1845 3214; x_wconf 76' lang='lat' dir='ltr'><strong>in</strong></span> <span class='ocrx_word' id='word_1_452' title='bbox 1884 3167 1936 3214; x_wconf 68' lang='lat' dir='ltr'><strong>te</strong></span> <span class='ocrx_word' id='word_1_453' title='bbox 1964 3173 2057 3214; x_wconf 72' lang='lat' dir='ltr'><strong>co.</strong></span> <span class='ocrx_word' id='word_1_454' title='bbox 2084 3147 2131 3215; x_wconf 79' lang='lat' dir='ltr'><strong>C</strong></span> <span class='ocrx_word' id='word_1_455' title='bbox 2161 3147 2345 3221; x_wconf 91' lang='lat' dir='ltr'><strong>indiga</strong></span> <span class='ocrx_word' id='word_1_456' title='bbox 2372 3151 2639 3221; x_wconf 89' lang='lat' dir='ltr'><strong>videatur,</strong></span> <span class='ocrx_word' id='word_1_457' title='bbox 2670 3163 2731 3211; x_wconf 92' lang='lat' dir='ltr'><strong>ut</strong></span> <span class='ocrx_word' id='word_1_458' title='bbox 2758 3164 2940 3214; x_wconf 88' lang='lat' dir='ltr'><strong>tamen</strong></span> <span class='ocrx_word' id='word_1_459' title='bbox 2966 3168 3024 3215; x_wconf 90' lang='lat' dir='ltr'><strong>et</strong></span> <span class='ocrx_word' id='word_1_460' title='bbox 3048 3169 3238 3217; x_wconf 77' lang='lat' dir='ltr'><strong>HOSll&#39;O</strong></span> <span class='ocrx_word' id='word_1_461' title='bbox 3265 3163 3412 3234; x_wconf 83' lang='lat' dir='ltr'><strong>style</strong></span> <span class='ocrx_word' id='word_1_462' title='bbox 3440 3163 3674 3234; x_wconf 87' lang='lat' dir='ltr'><strong>quilibet</strong></span> <span class='ocrx_word' id='word_1_463' title='bbox 3702 3165 3754 3219; x_wconf 90' lang='lat' dir='ltr'><strong>in</strong></span> 
     </span>
    </p>
   </div>
   <div class='ocr_carea' id='block_1_47' title="bbox 458 3249 2049 3329">
    <p class='ocr_par' dir='ltr' id='par_1_47' title="bbox 458 3249 2049 3329">
     <span class='ocr_line' id='line_1_47' title="bbox 458 3249 2049 3329; baseline -0.003 -18"><span class='ocrx_word' id='word_1_464' title='bbox 458 3254 751 3329; x_wconf 77' lang='lat' dir='ltr'><strong>gitationes</strong></span> <span class='ocrx_word' id='word_1_465' title='bbox 778 3252 956 3310; x_wconf 79' lang='lat' dir='ltr'><strong>noxia:</strong></span> <span class='ocrx_word' id='word_1_466' title='bbox 990 3251 1127 3325; x_wconf 86' lang='lat' dir='ltr'><strong>(Jer.</strong></span> <span class='ocrx_word' id='word_1_467' title='bbox 1158 3251 1258 3323; x_wconf 87' lang='lat' dir='ltr'><strong>tv.)</strong></span> <span class='ocrx_word' id='word_1_468' title='bbox 1291 3270 1311 3303; x_wconf 75' lang='grc' dir='ltr'><strong><em>ι</em></strong></span> <span class='ocrx_word' id='word_1_469' title='bbox 1348 3249 1485 3307; x_wconf 82' lang='grc' dir='ltr'><strong>Νονί</strong></span> <span class='ocrx_word' id='word_1_470' title='bbox 1515 3266 1668 3318; x_wconf 88' lang='lat' dir='ltr'><strong>sane,</strong></span> <span class='ocrx_word' id='word_1_471' title='bbox 1696 3260 1753 3306; x_wconf 91' lang='lat' dir='ltr'><strong>et</strong></span> <span class='ocrx_word' id='word_1_472' title='bbox 1778 3250 1913 3308; x_wconf 90' lang='lat' dir='ltr'><strong>satis</strong></span> <span class='ocrx_word' id='word_1_473' title='bbox 1953 3266 2049 3307; x_wconf 89' lang='lat' dir='ltr'><strong>su-</strong></span> 
     </span>
    </p>
   </div>
   <div class='ocr_carea' id='block_1_48' title="bbox 446 3340 2050 3419">
    <p class='ocr_par' dir='ltr' id='par_1_48' title="bbox 446 3340 2050 3419">
     <span class='ocr_line' id='line_1_48' title="bbox 446 3340 2050 3419; baseline -0.004 -17"><span class='ocrx_word' id='word_1_474' title='bbox 446 3354 662 3419; x_wconf 76' lang='lat' dir='ltr'><strong>perque</strong></span> <span class='ocrx_word' id='word_1_475' title='bbox 687 3353 948 3416; x_wconf 82' lang='lat' dir='ltr'><strong>expertus</strong></span> <span class='ocrx_word' id='word_1_476' title='bbox 986 3358 1106 3399; x_wconf 90' lang='lat' dir='ltr'><strong>sum</strong></span> <span class='ocrx_word' id='word_1_477' title='bbox 1145 3342 1273 3413; x_wconf 86' lang='lat' dir='ltr'><strong>quia</strong></span> <span class='ocrx_word' id='word_1_478' title='bbox 1316 3356 1426 3412; x_wconf 89' lang='lat' dir='ltr'><strong>quo</strong></span> <span class='ocrx_word' id='word_1_479' title='bbox 1478 3340 1744 3397; x_wconf 87' lang='lat' dir='ltr'><strong>remotius</strong></span> <span class='ocrx_word' id='word_1_480' title='bbox 1789 3356 1818 3395; x_wconf 89' lang='lat' dir='ltr'><strong>a</strong></span> <span class='ocrx_word' id='word_1_481' title='bbox 1861 3341 2050 3397; x_wconf 90' lang='lat' dir='ltr'><strong>mundi</strong></span> 
     </span>
    </p>
   </div>
   <div class='ocr_carea' id='block_1_49' title="bbox 452 3434 2046 3512">
    <p class='ocr_par' dir='ltr' id='par_1_49' title="bbox 452 3434 2046 3512">
     <span class='ocr_line' id='line_1_49' title="bbox 452 3434 2046 3512; baseline -0.003 -16"><span class='ocrx_word' id='word_1_482' title='bbox 452 3440 706 3512; x_wconf 80' lang='lat' dir='ltr'><strong>negotiis,</strong></span> <span class='ocrx_word' id='word_1_483' title='bbox 753 3437 839 3493; x_wconf 90' lang='lat' dir='ltr'><strong>vel</strong></span> <span class='ocrx_word' id='word_1_484' title='bbox 882 3435 1131 3493; x_wconf 68' lang='lat' dir='ltr'><strong>saeculari</strong></span> <span class='ocrx_word' id='word_1_485' title='bbox 1179 3435 1595 3492; x_wconf 86' lang='lat' dir='ltr'><strong>conversatione</strong></span> <span class='ocrx_word' id='word_1_486' title='bbox 1639 3434 1929 3503; x_wconf 88' lang='lat' dir='ltr'><strong>seceditis,</strong></span> <span class='ocrx_word' id='word_1_487' title='bbox 1978 3450 2046 3492; x_wconf 91' lang='lat' dir='ltr'><strong>eo</strong></span> 
     </span>
    </p>
   </div>
   <div class='ocr_carea' id='block_1_50' title="bbox 454 3527 2053 3601">
    <p class='ocr_par' dir='ltr' id='par_1_50' title="bbox 454 3527 2053 3601">
     <span class='ocr_line' id='line_1_50' title="bbox 454 3527 2053 3601; baseline -0.002 -14"><span class='ocrx_word' id='word_1_488' title='bbox 454 3530 738 3588; x_wconf 82' lang='lat' dir='ltr'><strong>molestius</strong></span> <span class='ocrx_word' id='word_1_489' title='bbox 760 3530 1073 3601; x_wconf 88' lang='lat' dir='ltr'><strong>importuno</strong></span> <span class='ocrx_word' id='word_1_490' title='bbox 1098 3527 1493 3600; x_wconf 83' lang='lat' dir='ltr'><strong>cogitationum</strong></span> <span class='ocrx_word' id='word_1_491' title='bbox 1515 3527 1883 3598; x_wconf 84' lang='lat' dir='ltr'><strong>ingruentium</strong></span> <span class='ocrx_word' id='word_1_492' title='bbox 1914 3535 2053 3585; x_wconf 90' lang='lat' dir='ltr'><strong>stre-</strong></span> 
     </span>
    </p>
   </div>
   <div class='ocr_carea' id='block_1_51' title="bbox 452 3614 2049 3698">
    <p class='ocr_par' dir='ltr' id='par_1_51' title="bbox 452 3614 2049 3698">
     <span class='ocr_line' id='line_1_51' title="bbox 452 3614 2049 3698; baseline -0.003 -17"><span class='ocrx_word' id='word_1_493' title='bbox 452 3614 573 3698; x_wconf 74' lang='lat' dir='ltr'><strong>pitu</strong></span> <span class='ocrx_word' id='word_1_494' title='bbox 614 3622 880 3681; x_wconf 84' lang='lat' dir='ltr'><strong>laboratis</strong></span> <span class='ocrx_word' id='word_1_495' title='bbox 929 3620 1230 3694; x_wconf 63' lang='lat' dir='ltr'><strong>praesertim</strong></span> <span class='ocrx_word' id='word_1_496' title='bbox 1281 3620 1449 3693; x_wconf 68' lang='lat'><strong>298</strong></span> <span class='ocrx_word' id='word_1_497' title='bbox 1482 3636 1607 3677; x_wconf 87' lang='lat' dir='ltr'><strong>cum</strong></span> <span class='ocrx_word' id='word_1_498' title='bbox 1638 3621 1694 3677; x_wconf 91' lang='lat' dir='ltr'><strong>in</strong></span> <span class='ocrx_word' id='word_1_499' title='bbox 1727 3622 1884 3677; x_wconf 87' lang='lat' dir='ltr'><strong>vobis</strong></span> <span class='ocrx_word' id='word_1_500' title='bbox 1933 3622 2049 3677; x_wconf 88' lang='lat' dir='ltr'><strong>evi-</strong></span> 
     </span>
    </p>
   </div>
   <div class='ocr_carea' id='block_1_52' title="bbox 452 3712 2049 3787">
    <p class='ocr_par' dir='ltr' id='par_1_52' title="bbox 452 3712 2049 3787">
     <span class='ocr_line' id='line_1_52' title="bbox 452 3712 2049 3787; baseline -0.004 -13"><span class='ocrx_word' id='word_1_501' title='bbox 452 3717 647 3774; x_wconf 82' lang='lat' dir='ltr'><strong>denter</strong></span> <span class='ocrx_word' id='word_1_502' title='bbox 695 3714 984 3787; x_wconf 87' lang='lat' dir='ltr'><strong>impleatur</strong></span> <span class='ocrx_word' id='word_1_503' title='bbox 1026 3713 1173 3784; x_wconf 88' lang='lat' dir='ltr'><strong>quod</strong></span> <span class='ocrx_word' id='word_1_504' title='bbox 1207 3712 1527 3783; x_wconf 87' lang='lat' dir='ltr'><strong>prophetice</strong></span> <span class='ocrx_word' id='word_1_505' title='bbox 1583 3729 1682 3785; x_wconf 89' lang='lat' dir='ltr'><strong>per</strong></span> <span class='ocrx_word' id='word_1_506' title='bbox 1726 3715 2049 3786; x_wconf 85' lang='lat' dir='ltr'><strong>mysterium</strong></span> 
     </span>
    </p>
   </div>
   <div class='ocr_carea' id='block_1_53' title="bbox 456 3804 2051 3878">
    <p class='ocr_par' dir='ltr' id='par_1_53' title="bbox 456 3804 2051 3878">
     <span class='ocr_line' id='line_1_53' title="bbox 456 3804 2051 3878; baseline -0.004 -12"><span class='ocrx_word' id='word_1_507' title='bbox 456 3809 657 3865; x_wconf 84' lang='lat' dir='ltr'><strong>dicitur</strong></span> <span class='ocrx_word' id='word_1_508' title='bbox 682 3825 696 3864; x_wconf 94' lang='lat'><strong>:</strong></span> <span class='ocrx_word' id='word_1_509' title='bbox 736 3824 758 3859; x_wconf 74' lang='grc' dir='ltr'>ι</span> <span class='ocrx_word' id='word_1_510' title='bbox 783 3806 978 3863; x_wconf 88' lang='lat' dir='ltr'><strong>Frater</strong></span> <span class='ocrx_word' id='word_1_511' title='bbox 1004 3806 1226 3878; x_wconf 87' lang='lat' dir='ltr'><strong>iniquus</strong></span> <span class='ocrx_word' id='word_1_512' title='bbox 1248 3804 1622 3877; x_wconf 87' lang='lat' dir='ltr'><strong>supplantavit</strong></span> <span class='ocrx_word' id='word_1_513' title='bbox 1649 3821 1760 3874; x_wconf 89' lang='lat' dir='ltr'><strong>me,</strong></span> <span class='ocrx_word' id='word_1_514' title='bbox 1790 3815 1847 3862; x_wconf 90' lang='lat' dir='ltr'><strong>et</strong></span> <span class='ocrx_word' id='word_1_515' title='bbox 1873 3805 2051 3863; x_wconf 89' lang='lat' dir='ltr'><strong>omnis</strong></span> 
     </span>
    </p>
   </div>
   <div class='ocr_carea' id='block_1_54' title="bbox 456 3895 1828 3970">
    <p class='ocr_par' dir='ltr' id='par_1_54' title="bbox 456 3895 1828 3970">
     <span class='ocr_line' id='line_1_54' title="bbox 456 3895 1828 3970; baseline -0.003 -15"><span class='ocrx_word' id='word_1_516' title='bbox 456 3899 669 3957; x_wconf 80' lang='lat' dir='ltr'><strong>amicus</strong></span> <span class='ocrx_word' id='word_1_517' title='bbox 697 3896 1068 3955; x_wconf 77' lang='lat' dir='ltr'><strong>fraudulenter</strong></span> <span class='ocrx_word' id='word_1_518' title='bbox 1098 3896 1301 3954; x_wconf 82' lang='lat' dir='ltr'><strong>insedit</strong></span> <span class='ocrx_word' id='word_1_519' title='bbox 1326 3897 1383 3954; x_wconf 92' lang='lat' dir='ltr'><strong>in</strong></span> <span class='ocrx_word' id='word_1_520' title='bbox 1408 3912 1495 3953; x_wconf 89' lang='lat' dir='ltr'><strong>me</strong></span> <span class='ocrx_word' id='word_1_521' title='bbox 1523 3895 1660 3969; x_wconf 81' lang='lat' dir='ltr'><strong>(Jer.</strong></span> <span class='ocrx_word' id='word_1_522' title='bbox 1696 3898 1782 3970; x_wconf 86' lang='lat' dir='ltr'><strong>tt).</strong></span> <span class='ocrx_word' id='word_1_523' title='bbox 1808 3915 1828 3951; x_wconf 73' lang='grc' dir='ltr'><strong><em>ι</em></strong></span> 
     </span>
    </p>
   </div>
   <div class='ocr_carea' id='block_1_55' title="bbox 529 3991 2051 4063">
    <p class='ocr_par' dir='ltr' id='par_1_55' title="bbox 529 3991 2051 4063">
     <span class='ocr_line' id='line_1_55' title="bbox 529 3991 2051 4063; baseline 0.001 -16"><span class='ocrx_word' id='word_1_524' title='bbox 529 3992 872 4062; x_wconf 74' lang='lat' dir='ltr'><strong>Quapropter</strong></span> <span class='ocrx_word' id='word_1_525' title='bbox 914 3992 961 4047; x_wconf 90' lang='lat' dir='ltr'><strong>si</strong></span> <span class='ocrx_word' id='word_1_526' title='bbox 1007 3991 1148 4047; x_wconf 88' lang='lat' dir='ltr'><strong>inter</strong></span> <span class='ocrx_word' id='word_1_527' title='bbox 1176 3991 1372 4048; x_wconf 89' lang='lat' dir='ltr'><strong>uberes</strong></span> <span class='ocrx_word' id='word_1_528' title='bbox 1409 3992 1678 4048; x_wconf 81' lang='lat' dir='ltr'><strong>bonorum</strong></span> <span class='ocrx_word' id='word_1_529' title='bbox 1706 4007 1933 4063; x_wconf 92' lang='lat' dir='ltr'><strong>operum</strong></span> <span class='ocrx_word' id='word_1_530' title='bbox 1963 4007 2051 4049; x_wconf 89' lang='lat' dir='ltr'><strong>se-</strong></span> 
     </span>
    </p>
   </div>
   <div class='ocr_carea' id='block_1_56' title="bbox 457 4081 2049 4160">
    <p class='ocr_par' dir='ltr' id='par_1_56' title="bbox 457 4081 2049 4160">
     <span class='ocr_line' id='line_1_56' title="bbox 457 4081 2049 4160; baseline -0.003 -18"><span class='ocrx_word' id='word_1_531' title='bbox 457 4082 627 4160; x_wconf 79' lang='lat' dir='ltr'><strong>getes,</strong></span> <span class='ocrx_word' id='word_1_532' title='bbox 675 4097 813 4154; x_wconf 88' lang='lat' dir='ltr'><strong>quas</strong></span> <span class='ocrx_word' id='word_1_533' title='bbox 863 4081 1114 4139; x_wconf 79' lang='lat' dir='ltr'><strong>excolere</strong></span> <span class='ocrx_word' id='word_1_534' title='bbox 1164 4097 1274 4139; x_wconf 92' lang='lat' dir='ltr'><strong>non</strong></span> <span class='ocrx_word' id='word_1_535' title='bbox 1325 4083 1571 4150; x_wconf 89' lang='lat' dir='ltr'><strong>cessatis,</strong></span> <span class='ocrx_word' id='word_1_536' title='bbox 1633 4083 1855 4154; x_wconf 90' lang='lat' dir='ltr'><strong>quidam</strong></span> <span class='ocrx_word' id='word_1_537' title='bbox 1902 4098 2049 4139; x_wconf 83' lang='lat' dir='ltr'><strong>com-</strong></span> 
     </span>
    </p>
   </div>
   <div class='ocr_carea' id='block_1_57' title="bbox 451 4174 2048 4253">
    <p class='ocr_par' dir='ltr' id='par_1_57' title="bbox 451 4174 2048 4253">
     <span class='ocr_line' id='line_1_57' title="bbox 451 4174 2048 4253; baseline -0.003 -17"><span class='ocrx_word' id='word_1_538' title='bbox 451 4177 812 4253; x_wconf 88' lang='lat' dir='ltr'><strong>pungentium</strong></span> <span class='ocrx_word' id='word_1_539' title='bbox 860 4175 1251 4246; x_wconf 79' lang='lat' dir='ltr'><strong>cogitationum</strong></span> <span class='ocrx_word' id='word_1_540' title='bbox 1298 4189 1493 4247; x_wconf 90' lang='lat' dir='ltr'><strong>vepres</strong></span> <span class='ocrx_word' id='word_1_541' title='bbox 1537 4190 1605 4232; x_wconf 87' lang='lat' dir='ltr'><strong>ex</strong></span> <span class='ocrx_word' id='word_1_542' title='bbox 1652 4175 1744 4231; x_wconf 88' lang='lat' dir='ltr'><strong>illa</strong></span> <span class='ocrx_word' id='word_1_543' title='bbox 1797 4174 2048 4233; x_wconf 89' lang='lat' dir='ltr'><strong>fortassis</strong></span> 
     </span>
    </p>
   </div>
   <div class='ocr_carea' id='block_1_58' title="bbox 448 4268 2047 4349">
    <p class='ocr_par' dir='ltr' id='par_1_58' title="bbox 448 4268 2047 4349">
     <span class='ocr_line' id='line_1_58' title="bbox 448 4268 2047 4349; baseline -0.003 -19"><span class='ocrx_word' id='word_1_544' title='bbox 448 4282 831 4349; x_wconf 88' lang='lat' dir='ltr'><strong>pressurarum</strong></span> <span class='ocrx_word' id='word_1_545' title='bbox 869 4268 1057 4325; x_wconf 89' lang='lat' dir='ltr'><strong>radice</strong></span> <span class='ocrx_word' id='word_1_546' title='bbox 1111 4277 1431 4336; x_wconf 87' lang='lat' dir='ltr'><strong>nascuntur,</strong></span> <span class='ocrx_word' id='word_1_547' title='bbox 1476 4268 1751 4325; x_wconf 82' lang='lat' dir='ltr'><strong>sarculum</strong></span> <span class='ocrx_word' id='word_1_548' title='bbox 1797 4268 2047 4340; x_wconf 88' lang='lat' dir='ltr'><strong>protinus</strong></span> 
     </span>
    </p>
   </div>
   <div class='ocr_carea' id='block_1_59' title="bbox 450 4360 2047 4433">
    <p class='ocr_par' dir='ltr' id='par_1_59' title="bbox 450 4360 2047 4433">
     <span class='ocr_line' id='line_1_59' title="bbox 450 4360 2047 4433; baseline -0.004 -9"><span class='ocrx_word' id='word_1_549' title='bbox 450 4362 752 4424; x_wconf 66' lang='lat' dir='ltr'><strong>salutiferae</strong></span> <span class='ocrx_word' id='word_1_550' title='bbox 819 4360 1181 4419; x_wconf 89' lang='lat' dir='ltr'><strong>confessionis</strong></span> <span class='ocrx_word' id='word_1_551' title='bbox 1253 4375 1318 4417; x_wconf 91' lang='lat' dir='ltr'><strong>ac</strong></span> <span class='ocrx_word' id='word_1_552' title='bbox 1385 4360 1623 4432; x_wconf 77' lang='lat' dir='ltr'><strong>prapria:</strong></span> <span class='ocrx_word' id='word_1_553' title='bbox 1687 4360 2047 4433; x_wconf 89' lang='lat' dir='ltr'><strong>correptionis</strong></span> 
     </span>
    </p>
   </div>
   <div class='ocr_carea' id='block_1_60' title="bbox 452 4451 2045 4545">
    <p class='ocr_par' dir='ltr' id='par_1_60' title="bbox 452 4451 2045 4545">
     <span class='ocr_line' id='line_1_60' title="bbox 452 4451 2045 4545; baseline -0.004 -32"><span class='ocrx_word' id='word_1_554' title='bbox 452 4456 700 4527; x_wconf 78' lang='lat' dir='ltr'><strong>arripite,</strong></span> <span class='ocrx_word' id='word_1_555' title='bbox 727 4454 1063 4520; x_wconf 66' lang='lat' dir='ltr'><strong>et-jvirosum</strong></span> <span class='ocrx_word' id='word_1_556' title='bbox 1107 4465 1331 4545; x_wconf 58' lang='lat' dir='ltr'><strong>germen</strong></span> <span class='ocrx_word' id='word_1_557' title='bbox 1374 4451 1440 4507; x_wconf 92' lang='lat' dir='ltr'><strong>de</strong></span> <span class='ocrx_word' id='word_1_558' title='bbox 1471 4466 1599 4508; x_wconf 90' lang='lat' dir='ltr'><strong>rure</strong></span> <span class='ocrx_word' id='word_1_559' title='bbox 1641 4451 1828 4509; x_wconf 88' lang='lat' dir='ltr'><strong>cordis</strong></span> <span class='ocrx_word' id='word_1_560' title='bbox 1874 4452 2045 4509; x_wconf 91' lang='lat' dir='ltr'><strong>vestri</strong></span> 
     </span>
    </p>
   </div>
   <div class='ocr_carea' id='block_1_61' title="bbox 2158 3242 3755 3325">
    <p class='ocr_par' dir='ltr' id='par_1_61' title="bbox 2158 3242 3755 3325">
     <span class='ocr_line' id='line_1_61' title="bbox 2158 3242 3755 3325; baseline 0.011 -29"><span class='ocrx_word' id='word_1_561' title='bbox 2158 3242 2520 3303; x_wconf 79' lang='lat' dir='ltr'><strong>aediﬁcatione</strong></span> <span class='ocrx_word' id='word_1_562' title='bbox 2554 3256 2736 3303; x_wconf 77' lang='lat' dir='ltr'><strong>veStra</strong></span> <span class='ocrx_word' id='word_1_563' title='bbox 2766 3258 2952 3321; x_wconf 87' lang='lat' dir='ltr'><strong>pateat</strong></span> <span class='ocrx_word' id='word_1_564' title='bbox 2980 3252 3153 3321; x_wconf 88' lang='lat' dir='ltr'><strong>locus,</strong></span> <span class='ocrx_word' id='word_1_565' title='bbox 3188 3255 3257 3310; x_wconf 89' lang='lat' dir='ltr'><strong>ad</strong></span> <span class='ocrx_word' id='word_1_566' title='bbox 3285 3255 3404 3325; x_wconf 84' lang='lat' dir='ltr'><strong>ipsa</strong></span> <span class='ocrx_word' id='word_1_567' title='bbox 3438 3258 3646 3313; x_wconf 89' lang='lat' dir='ltr'><strong>mentis</strong></span> <span class='ocrx_word' id='word_1_568' title='bbox 3670 3272 3755 3312; x_wconf 85' lang='lat' dir='ltr'><strong>ar-</strong></span> 
     </span>
    </p>
   </div>
   <div class='ocr_carea' id='block_1_62' title="bbox 2167 3339 3756 3421">
    <p class='ocr_par' dir='ltr' id='par_1_62' title="bbox 2167 3339 3756 3421">
     <span class='ocr_line' id='line_1_62' title="bbox 2167 3339 3756 3421; baseline 0.011 -32"><span class='ocrx_word' id='word_1_569' title='bbox 2167 3350 2300 3390; x_wconf 85' lang='lat' dir='ltr'><strong>cana</strong></span> <span class='ocrx_word' id='word_1_570' title='bbox 2334 3339 2701 3408; x_wconf 89' lang='lat' dir='ltr'><strong>recurrimus,</strong></span> <span class='ocrx_word' id='word_1_571' title='bbox 2751 3342 2843 3398; x_wconf 90' lang='lat' dir='ltr'><strong>ubi</strong></span> <span class='ocrx_word' id='word_1_572' title='bbox 2878 3358 3100 3402; x_wconf 85' lang='lat' dir='ltr'><strong>necesse</strong></span> <span class='ocrx_word' id='word_1_573' title='bbox 3138 3355 3242 3413; x_wconf 90' lang='lat' dir='ltr'><strong>est,</strong></span> <span class='ocrx_word' id='word_1_574' title='bbox 3287 3354 3347 3402; x_wconf 90' lang='lat' dir='ltr'><strong>ut</strong></span> <span class='ocrx_word' id='word_1_575' title='bbox 3390 3358 3602 3420; x_wconf 88' lang='lat' dir='ltr'><strong>quanto</strong></span> <span class='ocrx_word' id='word_1_576' title='bbox 3635 3350 3756 3421; x_wconf 82' lang='lat' dir='ltr'><strong>quis</strong></span> 
     </span>
    </p>
   </div>
   <div class='ocr_carea' id='block_1_63' title="bbox 2157 3428 3758 3506">
    <p class='ocr_par' dir='ltr' id='par_1_63' title="bbox 2157 3428 3758 3506">
     <span class='ocr_line' id='line_1_63' title="bbox 2157 3428 3758 3506; baseline 0.011 -24"><span class='ocrx_word' id='word_1_577' title='bbox 2157 3428 2323 3484; x_wconf 85' lang='lat' dir='ltr'><strong>fuerit</strong></span> <span class='ocrx_word' id='word_1_578' title='bbox 2366 3428 2420 3485; x_wconf 92' lang='lat' dir='ltr'><strong>in</strong></span> <span class='ocrx_word' id='word_1_579' title='bbox 2466 3432 2760 3491; x_wconf 88' lang='lat' dir='ltr'><strong>virtutibus</strong></span> <span class='ocrx_word' id='word_1_580' title='bbox 2815 3438 3168 3506; x_wconf 89' lang='lat' dir='ltr'><strong>eminentior,</strong></span> <span class='ocrx_word' id='word_1_581' title='bbox 3220 3448 3373 3499; x_wconf 86' lang='lat' dir='ltr'><strong>tanto</strong></span> <span class='ocrx_word' id='word_1_582' title='bbox 3426 3442 3501 3497; x_wconf 88' lang='lat' dir='ltr'><strong>sit</strong></span> <span class='ocrx_word' id='word_1_583' title='bbox 3547 3443 3605 3499; x_wconf 91' lang='lat' dir='ltr'><strong>in</strong></span> <span class='ocrx_word' id='word_1_584' title='bbox 3664 3460 3758 3500; x_wconf 83' lang='lat' dir='ltr'><strong>ca-</strong></span> 
     </span>
    </p>
   </div>
   <div class='ocr_carea' id='block_1_64' title="bbox 2165 3520 3759 3595">
    <p class='ocr_par' dir='ltr' id='par_1_64' title="bbox 2165 3520 3759 3595">
     <span class='ocr_line' id='line_1_64' title="bbox 2165 3520 3759 3595; baseline 0.013 -21"><span class='ocrx_word' id='word_1_585' title='bbox 2165 3520 2343 3576; x_wconf 90' lang='lat' dir='ltr'><strong>venda</strong></span> <span class='ocrx_word' id='word_1_586' title='bbox 2405 3524 2704 3582; x_wconf 89' lang='lat' dir='ltr'><strong>tentatione</strong></span> <span class='ocrx_word' id='word_1_587' title='bbox 2764 3528 3032 3586; x_wconf 91' lang='lat' dir='ltr'><strong>subtilior.</strong></span> <span class='ocrx_word' id='word_1_588' title='bbox 3097 3529 3338 3589; x_wconf 88' lang='lat' dir='ltr'><strong>Callidus</strong></span> <span class='ocrx_word' id='word_1_589' title='bbox 3387 3535 3538 3591; x_wconf 89' lang='lat' dir='ltr'><strong>enim</strong></span> <span class='ocrx_word' id='word_1_590' title='bbox 3585 3534 3759 3595; x_wconf 81' lang='lat' dir='ltr'><strong>hostis</strong></span> 
     </span>
    </p>
   </div>
   <div class='ocr_carea' id='block_1_65' title="bbox 2158 3612 3757 3699">
    <p class='ocr_par' dir='ltr' id='par_1_65' title="bbox 2158 3612 3757 3699">
     <span class='ocr_line' id='line_1_65' title="bbox 2158 3612 3757 3699; baseline 0.013 -32"><span class='ocrx_word' id='word_1_591' title='bbox 2158 3612 2397 3684; x_wconf 87' lang='lat' dir='ltr'><strong>idipsum</strong></span> <span class='ocrx_word' id='word_1_592' title='bbox 2436 3630 2579 3686; x_wconf 71' lang='lat' dir='ltr'><strong>sazpe</strong></span> <span class='ocrx_word' id='word_1_593' title='bbox 2623 3619 2789 3675; x_wconf 90' lang='lat' dir='ltr'><strong>vertit</strong></span> <span class='ocrx_word' id='word_1_594' title='bbox 2836 3620 2891 3676; x_wconf 91' lang='lat' dir='ltr'><strong>in</strong></span> <span class='ocrx_word' id='word_1_595' title='bbox 2932 3623 3220 3679; x_wconf 89' lang='lat' dir='ltr'><strong>materiam</strong></span> <span class='ocrx_word' id='word_1_596' title='bbox 3247 3641 3442 3699; x_wconf 68' lang='lat' dir='ltr'><strong>pugna:</strong></span> <span class='ocrx_word' id='word_1_597' title='bbox 3466 3629 3614 3699; x_wconf 89' lang='lat' dir='ltr'><strong>quod</strong></span> <span class='ocrx_word' id='word_1_598' title='bbox 3645 3628 3757 3687; x_wconf 88' lang='lat' dir='ltr'><strong>fac-</strong></span> 
     </span>
    </p>
   </div>
   <div class='ocr_carea' id='block_1_66' title="bbox 2158 3711 3757 3793">
    <p class='ocr_par' dir='ltr' id='par_1_66' title="bbox 2158 3711 3757 3793">
     <span class='ocr_line' id='line_1_66' title="bbox 2158 3711 3757 3793; baseline 0.011 -31"><span class='ocrx_word' id='word_1_599' title='bbox 2158 3714 2274 3764; x_wconf 90' lang='lat' dir='ltr'><strong>tum</strong></span> <span class='ocrx_word' id='word_1_600' title='bbox 2303 3718 2388 3765; x_wconf 91' lang='lat' dir='ltr'><strong>est</strong></span> <span class='ocrx_word' id='word_1_601' title='bbox 2418 3725 2585 3767; x_wconf 91' lang='lat' dir='ltr'><strong>causa</strong></span> <span class='ocrx_word' id='word_1_602' title='bbox 2623 3711 2886 3769; x_wconf 66' lang='lat' dir='ltr'><strong>victoriae.</strong></span> <span class='ocrx_word' id='word_1_603' title='bbox 2928 3713 3045 3771; x_wconf 81' lang='lat' dir='ltr'><strong>Huc</strong></span> <span class='ocrx_word' id='word_1_604' title='bbox 3071 3712 3284 3774; x_wconf 87' lang='lat' dir='ltr'><strong>accedit</strong></span> <span class='ocrx_word' id='word_1_605' title='bbox 3312 3720 3458 3791; x_wconf 92' lang='lat' dir='ltr'><strong>quod</strong></span> <span class='ocrx_word' id='word_1_606' title='bbox 3488 3721 3609 3793; x_wconf 88' lang='lat' dir='ltr'><strong>ipse</strong></span> <span class='ocrx_word' id='word_1_607' title='bbox 3638 3739 3757 3780; x_wconf 89' lang='lat' dir='ltr'><strong>om-</strong></span> 
     </span>
    </p>
   </div>
   <div class='ocr_carea' id='block_1_67' title="bbox 2154 3802 3755 3872">
    <p class='ocr_par' dir='ltr' id='par_1_67' title="bbox 2154 3802 3755 3872">
     <span class='ocr_line' id='line_1_67' title="bbox 2154 3802 3755 3872; baseline 0.008 -14"><span class='ocrx_word' id='word_1_608' title='bbox 2154 3802 2410 3872; x_wconf 87' lang='lat' dir='ltr'><strong>nipotens</strong></span> <span class='ocrx_word' id='word_1_609' title='bbox 2436 3805 2579 3861; x_wconf 90' lang='lat' dir='ltr'><strong>Deus</strong></span> <span class='ocrx_word' id='word_1_610' title='bbox 2602 3804 2658 3860; x_wconf 90' lang='lat' dir='ltr'><strong>in</strong></span> <span class='ocrx_word' id='word_1_611' title='bbox 2680 3804 2956 3863; x_wconf 89' lang='lat' dir='ltr'><strong>mentibus</strong></span> <span class='ocrx_word' id='word_1_612' title='bbox 2986 3807 3199 3864; x_wconf 88' lang='lat' dir='ltr'><strong>habitat</strong></span> <span class='ocrx_word' id='word_1_613' title='bbox 3241 3810 3568 3870; x_wconf 89' lang='lat' dir='ltr'><strong>electorum.</strong></span> <span class='ocrx_word' id='word_1_614' title='bbox 3601 3813 3755 3871; x_wconf 90' lang='lat' dir='ltr'><strong>Licet</strong></span> 
     </span>
    </p>
   </div>
   <div class='ocr_carea' id='block_1_68' title="bbox 2155 3894 3751 3971">
    <p class='ocr_par' dir='ltr' id='par_1_68' title="bbox 2155 3894 3751 3971">
     <span class='ocr_line' id='line_1_68' title="bbox 2155 3894 3751 3971; baseline 0.01 -22"><span class='ocrx_word' id='word_1_615' title='bbox 2155 3894 2301 3950; x_wconf 89' lang='lat' dir='ltr'><strong>enim</strong></span> <span class='ocrx_word' id='word_1_616' title='bbox 2350 3903 2406 3951; x_wconf 94' lang='lat' dir='ltr'><strong>et</strong></span> <span class='ocrx_word' id='word_1_617' title='bbox 2450 3896 2505 3951; x_wconf 89' lang='lat' dir='ltr'><strong>in</strong></span> <span class='ocrx_word' id='word_1_618' title='bbox 2549 3897 2718 3954; x_wconf 90' lang='lat' dir='ltr'><strong>castis</strong></span> <span class='ocrx_word' id='word_1_619' title='bbox 2771 3898 3095 3971; x_wconf 89' lang='lat' dir='ltr'><strong>corporibus</strong></span> <span class='ocrx_word' id='word_1_620' title='bbox 3142 3902 3395 3959; x_wconf 88' lang='lat' dir='ltr'><strong>habitare</strong></span> <span class='ocrx_word' id='word_1_621' title='bbox 3443 3907 3751 3965; x_wconf 89' lang='lat' dir='ltr'><strong>credendus</strong></span> 
     </span>
    </p>
   </div>
   <div class='ocr_carea' id='block_1_69' title="bbox 2154 3988 3749 4071">
    <p class='ocr_par' dir='ltr' id='par_1_69' title="bbox 2154 3988 3749 4071">
     <span class='ocr_line' id='line_1_69' title="bbox 2154 3988 3749 4071; baseline 0.007 -27"><span class='ocrx_word' id='word_1_622' title='bbox 2154 3988 2260 4055; x_wconf 91' lang='lat' dir='ltr'><strong>sit,</strong></span> <span class='ocrx_word' id='word_1_623' title='bbox 2291 3988 2507 4045; x_wconf 90' lang='lat' dir='ltr'><strong>dicente</strong></span> <span class='ocrx_word' id='word_1_624' title='bbox 2546 3990 2847 4059; x_wconf 87' lang='lat' dir='ltr'><strong>Apostolo:</strong></span> <span class='ocrx_word' id='word_1_625' title='bbox 2897 4011 2914 4044; x_wconf 79' lang='grc' dir='ltr'>ι</span> <span class='ocrx_word' id='word_1_626' title='bbox 2947 3990 3158 4065; x_wconf 89' lang='lat' dir='ltr'><strong>Corpus</strong></span> <span class='ocrx_word' id='word_1_627' title='bbox 3200 4004 3443 4053; x_wconf 89' lang='lat' dir='ltr'><strong>vestrum</strong></span> <span class='ocrx_word' id='word_1_628' title='bbox 3491 3998 3749 4071; x_wconf 87' lang='lat' dir='ltr'><strong>templum</strong></span> 
     </span>
    </p>
   </div>
   <div class='ocr_carea' id='block_1_70' title="bbox 2154 4079 3751 4157">
    <p class='ocr_par' dir='ltr' id='par_1_70' title="bbox 2154 4079 3751 4157">
     <span class='ocr_line' id='line_1_70' title="bbox 2154 4079 3751 4157; baseline 0.01 -22"><span class='ocrx_word' id='word_1_629' title='bbox 2154 4079 2211 4135; x_wconf 89' lang='lat' dir='ltr'><strong>in</strong></span> <span class='ocrx_word' id='word_1_630' title='bbox 2254 4080 2410 4137; x_wconf 90' lang='lat' dir='ltr'><strong>vobis</strong></span> <span class='ocrx_word' id='word_1_631' title='bbox 2439 4091 2524 4137; x_wconf 87' lang='lat' dir='ltr'><strong>est</strong></span> <span class='ocrx_word' id='word_1_632' title='bbox 2555 4083 2791 4154; x_wconf 90' lang='lat' dir='ltr'><strong>Spiritus</strong></span> <span class='ocrx_word' id='word_1_633' title='bbox 2842 4087 3039 4153; x_wconf 89' lang='lat' dir='ltr'><strong>sancti,</strong></span> <span class='ocrx_word' id='word_1_634' title='bbox 3093 4103 3253 4157; x_wconf 90' lang='lat' dir='ltr'><strong>quem</strong></span> <span class='ocrx_word' id='word_1_635' title='bbox 3300 4088 3515 4148; x_wconf 86' lang='lat' dir='ltr'><strong>habetis</strong></span> <span class='ocrx_word' id='word_1_636' title='bbox 3563 4109 3595 4148; x_wconf 91' lang='lat' dir='ltr'><strong>a</strong></span> <span class='ocrx_word' id='word_1_637' title='bbox 3643 4094 3751 4151; x_wconf 87' lang='lat' dir='ltr'><strong>Deo</strong></span> 
     </span>
    </p>
   </div>
   <div class='ocr_carea' id='block_1_71' title="bbox 2154 4169 3749 4256">
    <p class='ocr_par' dir='ltr' id='par_1_71' title="bbox 2154 4169 3749 4256">
     <span class='ocr_line' id='line_1_71' title="bbox 2154 4169 3749 4256; baseline 0.013 -32"><span class='ocrx_word' id='word_1_638' title='bbox 2154 4169 2207 4242; x_wconf 91' lang='grc'><strong>(1</strong></span> <span class='ocrx_word' id='word_1_639' title='bbox 2238 4169 2361 4227; x_wconf 82' lang='lat' dir='ltr'><strong>Cor.</strong></span> <span class='ocrx_word' id='word_1_640' title='bbox 2389 4171 2489 4245; x_wconf 78' lang='lat' dir='ltr'><strong>v1);</strong></span> <span class='ocrx_word' id='word_1_641' title='bbox 2516 4192 2533 4224; x_wconf 78' lang='grc' dir='ltr'><strong><em>ι</em></strong></span> <span class='ocrx_word' id='word_1_642' title='bbox 2567 4174 2734 4229; x_wconf 90' lang='lat' dir='ltr'><strong>menti</strong></span> <span class='ocrx_word' id='word_1_643' title='bbox 2764 4174 2932 4248; x_wconf 74' lang='lat'><strong>299</strong></span> <span class='ocrx_word' id='word_1_644' title='bbox 2961 4186 3143 4234; x_wconf 89' lang='lat' dir='ltr'><strong>tamen</strong></span> <span class='ocrx_word' id='word_1_645' title='bbox 3167 4180 3418 4251; x_wconf 88' lang='lat' dir='ltr'><strong>specialis</strong></span> <span class='ocrx_word' id='word_1_646' title='bbox 3444 4183 3566 4256; x_wconf 86' lang='lat' dir='ltr'><strong>ejus</strong></span> <span class='ocrx_word' id='word_1_647' title='bbox 3594 4187 3749 4244; x_wconf 88' lang='lat' dir='ltr'><strong>sedes</strong></span> 
     </span>
    </p>
   </div>
   <div class='ocr_carea' id='block_1_72' title="bbox 2155 4263 3749 4352">
    <p class='ocr_par' dir='ltr' id='par_1_72' title="bbox 2155 4263 3749 4352">
     <span class='ocr_line' id='line_1_72' title="bbox 2155 4263 3749 4352; baseline 0.013 -34"><span class='ocrx_word' id='word_1_648' title='bbox 2155 4263 2469 4332; x_wconf 87' lang='lat' dir='ltr'><strong>uscribitur,</strong></span> <span class='ocrx_word' id='word_1_649' title='bbox 2501 4279 2622 4336; x_wconf 75' lang='lat' dir='ltr'><strong>qute</strong></span> <span class='ocrx_word' id='word_1_650' title='bbox 2668 4266 2914 4339; x_wconf 88' lang='lat' dir='ltr'><strong>subjecto</strong></span> <span class='ocrx_word' id='word_1_651' title='bbox 2943 4274 3160 4342; x_wconf 87' lang='lat' dir='ltr'><strong>corpori</strong></span> <span class='ocrx_word' id='word_1_652' title='bbox 3201 4275 3436 4344; x_wconf 89' lang='lat' dir='ltr'><strong>quadam</strong></span> <span class='ocrx_word' id='word_1_653' title='bbox 3468 4280 3749 4352; x_wconf 83' lang='lat' dir='ltr'><strong>regiminis</strong></span> 
     </span>
    </p>
   </div>
   <div class='ocr_carea' id='block_1_73' title="bbox 2153 4356 3745 4439">
    <p class='ocr_par' dir='ltr' id='par_1_73' title="bbox 2153 4356 3745 4439">
     <span class='ocr_line' id='line_1_73' title="bbox 2153 4356 3745 4439; baseline 0.012 -29"><span class='ocrx_word' id='word_1_654' title='bbox 2153 4357 2477 4413; x_wconf 88' lang='lat' dir='ltr'><strong>auctoritate</strong></span> <span class='ocrx_word' id='word_1_655' title='bbox 2500 4356 2860 4429; x_wconf 86' lang='lat' dir='ltr'><strong>principatur.</strong></span> <span class='ocrx_word' id='word_1_656' title='bbox 2898 4361 3052 4418; x_wconf 86' lang='lat' dir='ltr'><strong>Sicut</strong></span> <span class='ocrx_word' id='word_1_657' title='bbox 3085 4363 3227 4420; x_wconf 91' lang='lat' dir='ltr'><strong>idem</strong></span> <span class='ocrx_word' id='word_1_658' title='bbox 3259 4366 3388 4422; x_wconf 90' lang='lat' dir='ltr'><strong>dicit</strong></span> <span class='ocrx_word' id='word_1_659' title='bbox 3411 4369 3745 4439; x_wconf 87' lang='lat' dir='ltr'><strong>Apostolus:</strong></span> 
     </span>
    </p>
   </div>
   <div class='ocr_carea' id='block_1_74' title="bbox 2161 4448 3748 4525">
    <p class='ocr_par' dir='ltr' id='par_1_74' title="bbox 2161 4448 3748 4525">
     <span class='ocr_line' id='line_1_74' title="bbox 2161 4448 3748 4525; baseline 0.014 -22"><span class='ocrx_word' id='word_1_660' title='bbox 2161 4467 2179 4502; x_wconf 74' lang='grc' dir='ltr'>ι</span> <span class='ocrx_word' id='word_1_661' title='bbox 2212 4448 2473 4520; x_wconf 91' lang='lat' dir='ltr'><strong>Spiritum</strong></span> <span class='ocrx_word' id='word_1_662' title='bbox 2526 4462 2773 4510; x_wconf 86' lang='lat' dir='ltr'><strong>sanctum</strong></span> <span class='ocrx_word' id='word_1_663' title='bbox 2828 4454 2881 4510; x_wconf 93' lang='lat' dir='ltr'><strong>in</strong></span> <span class='ocrx_word' id='word_1_664' title='bbox 2931 4457 3186 4515; x_wconf 89' lang='lat' dir='ltr'><strong>cordibus</strong></span> <span class='ocrx_word' id='word_1_665' title='bbox 3247 4462 3450 4519; x_wconf 89' lang='lat' dir='ltr'><strong>nostris</strong></span> <span class='ocrx_word' id='word_1_666' title='bbox 3494 4464 3748 4525; x_wconf 88' lang='lat' dir='ltr'><strong>habitare</strong></span> 
     </span>
    </p>
   </div>
   <div class='ocr_carea' id='block_1_75' title="bbox 412 4513 3745 4621">
    <p class='ocr_par' dir='ltr' id='par_1_75' title="bbox 412 4513 3745 4621">
     <span class='ocr_line' id='line_1_75' title="bbox 412 4513 3745 4621; baseline 0.009 -34"><span class='ocrx_word' id='word_1_667' title='bbox 412 4560 419 4564; x_wconf 60' lang='grc' dir='ltr'>ν</span> <span class='ocrx_word' id='word_1_668' title='bbox 448 4513 717 4608; x_wconf 44' lang='lat' dir='ltr'><strong>radi-cu“;</strong></span> <span class='ocrx_word' id='word_1_669' title='bbox 740 4513 1060 4618; x_wconf 56' lang='grc' dir='ltr'><strong>θέειίιιυιιιθ.</strong></span> <span class='ocrx_word' id='word_1_670' title='bbox 1092 4513 1211 4613; x_wconf 64' lang='lat' dir='ltr'><strong>Qua</strong></span> <span class='ocrx_word' id='word_1_671' title='bbox 1241 4543 1309 4600; x_wconf 89' lang='lat' dir='ltr'><strong>de</strong></span> <span class='ocrx_word' id='word_1_672' title='bbox 1339 4558 1399 4600; x_wconf 91' lang='lat' dir='ltr'><strong>re</strong></span> <span class='ocrx_word' id='word_1_673' title='bbox 1426 4545 1567 4600; x_wconf 90' lang='lat' dir='ltr'><strong>bene</strong></span> <span class='ocrx_word' id='word_1_674' title='bbox 1596 4559 1694 4615; x_wconf 88' lang='lat' dir='ltr'><strong>per</strong></span> <span class='ocrx_word' id='word_1_675' title='bbox 1718 4545 2041 4617; x_wconf 90' lang='lat' dir='ltr'><strong>prophetam</strong></span> <span class='ocrx_word' id='word_1_676' title='bbox 2072 4513 2126 4574; x_wconf 71' lang='grc' dir='ltr'><em>Π</em></span> <span class='ocrx_word' id='word_1_677' title='bbox 2150 4513 2441 4615; x_wconf 49' lang='grc' dir='ltr'><strong>ρετ-(ἰάθη)</strong></span> <span class='ocrx_word' id='word_1_678' title='bbox 2486 4545 2705 4618; x_wconf 78' lang='lat' dir='ltr'><strong>(Epltes.</strong></span> <span class='ocrx_word' id='word_1_679' title='bbox 2754 4546 2871 4621; x_wconf 82' lang='lat' dir='ltr'><strong>ili);</strong></span> <span class='ocrx_word' id='word_1_680' title='bbox 2905 4569 2924 4601; x_wconf 80' lang='grc' dir='ltr'><strong><em>ι</em></strong></span> <span class='ocrx_word' id='word_1_681' title='bbox 2967 4513 3340 4619; x_wconf 68' lang='lat' dir='ltr'><strong>nimirum,ut</strong></span> 
     </span>
    </p>
   </div>
   <div class='ocr_carea' id='block_1_76' title="bbox 452 4634 2039 4711">
    <p class='ocr_par' dir='ltr' id='par_1_76' title="bbox 452 4634 2039 4711">
     <span class='ocr_line' id='line_1_76' title="bbox 452 4634 2039 4711; baseline -0.005 -12"><span class='ocrx_word' id='word_1_682' title='bbox 452 4641 634 4701; x_wconf 87' lang='lat' dir='ltr'><strong>divina</strong></span> <span class='ocrx_word' id='word_1_683' title='bbox 659 4655 765 4695; x_wconf 87' lang='lat' dir='ltr'><strong>vox</strong></span> <span class='ocrx_word' id='word_1_684' title='bbox 792 4638 1067 4711; x_wconf 70' lang='lat' dir='ltr'><strong>praecipit,</strong></span> <span class='ocrx_word' id='word_1_685' title='bbox 1101 4637 1287 4693; x_wconf 90' lang='lat' dir='ltr'><strong>dicens</strong></span> <span class='ocrx_word' id='word_1_686' title='bbox 1313 4654 1326 4691; x_wconf 94' lang='lat'><strong>:</strong></span> <span class='ocrx_word' id='word_1_687' title='bbox 1361 4655 1381 4688; x_wconf 72' lang='grc' dir='ltr'>ι</span> <span class='ocrx_word' id='word_1_688' title='bbox 1413 4634 1619 4693; x_wconf 85' lang='lat' dir='ltr'><strong>Novate</strong></span> <span class='ocrx_word' id='word_1_689' title='bbox 1647 4634 1800 4691; x_wconf 90' lang='lat' dir='ltr'><strong>vobis</strong></span> <span class='ocrx_word' id='word_1_690' title='bbox 1828 4636 2039 4703; x_wconf 87' lang='lat' dir='ltr'><strong>novale,</strong></span> 
     </span>
    </p>
   </div>
   <div class='ocr_carea' id='block_1_77' title="bbox 452 4728 2040 4804">
    <p class='ocr_par' dir='ltr' id='par_1_77' title="bbox 452 4728 2040 4804">
     <span class='ocr_line' id='line_1_77' title="bbox 452 4728 2040 4804; baseline -0.004 -12"><span class='ocrx_word' id='word_1_691' title='bbox 452 4734 511 4792; x_wconf 76' lang='lat' dir='ltr'><strong>et</strong></span> <span class='ocrx_word' id='word_1_692' title='bbox 534 4734 705 4791; x_wconf 87' lang='lat' dir='ltr'><strong>nolite</strong></span> <span class='ocrx_word' id='word_1_693' title='bbox 729 4742 914 4790; x_wconf 83' lang='lat' dir='ltr'><strong>serere</strong></span> <span class='ocrx_word' id='word_1_694' title='bbox 943 4745 1108 4804; x_wconf 88' lang='lat' dir='ltr'><strong>super</strong></span> <span class='ocrx_word' id='word_1_695' title='bbox 1133 4731 1318 4801; x_wconf 88' lang='lat' dir='ltr'><strong>spinas</strong></span> <span class='ocrx_word' id='word_1_696' title='bbox 1347 4728 1486 4801; x_wconf 80' lang='lat' dir='ltr'><strong>(ler.</strong></span> <span class='ocrx_word' id='word_1_697' title='bbox 1515 4728 1613 4801; x_wconf 90' lang='lat' dir='ltr'><strong>tv).</strong></span> <span class='ocrx_word' id='word_1_698' title='bbox 1645 4748 1664 4782; x_wconf 72' lang='grc' dir='ltr'><strong>ι</strong></span> <span class='ocrx_word' id='word_1_699' title='bbox 1697 4729 1839 4796; x_wconf 90' lang='lat' dir='ltr'><strong>Quid</strong></span> <span class='ocrx_word' id='word_1_700' title='bbox 1860 4738 2040 4786; x_wconf 89' lang='lat' dir='ltr'><strong>autem</strong></span> 
     </span>
    </p>
   </div>
   <div class='ocr_carea' id='block_1_78' title="bbox 451 4821 2038 4898">
    <p class='ocr_par' dir='ltr' id='par_1_78' title="bbox 451 4821 2038 4898">
     <span class='ocr_line' id='line_1_78' title="bbox 451 4821 2038 4898; baseline -0.005 -13"><span class='ocrx_word' id='word_1_701' title='bbox 451 4826 526 4886; x_wconf 83' lang='lat' dir='ltr'><strong>sit</strong></span> <span class='ocrx_word' id='word_1_702' title='bbox 576 4826 723 4897; x_wconf 86' lang='lat' dir='ltr'><strong>quod</strong></span> <span class='ocrx_word' id='word_1_703' title='bbox 778 4825 1088 4898; x_wconf 72' lang='lat' dir='ltr'><strong>praemisit,</strong></span> <span class='ocrx_word' id='word_1_704' title='bbox 1135 4840 1263 4881; x_wconf 88' lang='lat' dir='ltr'><strong>mox</strong></span> <span class='ocrx_word' id='word_1_705' title='bbox 1318 4824 1493 4894; x_wconf 87' lang='lat' dir='ltr'><strong>aperit</strong></span> <span class='ocrx_word' id='word_1_706' title='bbox 1538 4838 1664 4879; x_wconf 91' lang='lat' dir='ltr'><strong>cum</strong></span> <span class='ocrx_word' id='word_1_707' title='bbox 1713 4821 2038 4895; x_wconf 76' lang='lat' dir='ltr'><strong>subiungit:</strong></span> 
     </span>
    </p>
   </div>
   <div class='ocr_carea' id='block_1_79' title="bbox 461 4913 2044 4986">
    <p class='ocr_par' dir='ltr' id='par_1_79' title="bbox 461 4913 2044 4986">
     <span class='ocr_line' id='line_1_79' title="bbox 461 4913 2044 4986; baseline -0.002 -15"><span class='ocrx_word' id='word_1_708' title='bbox 461 4924 482 4971; x_wconf 80' lang='lat' dir='ltr'><strong>t</strong></span> <span class='ocrx_word' id='word_1_709' title='bbox 512 4915 1001 4982; x_wconf 81' lang='lat' dir='ltr'><strong>Circumcidimini,</strong></span> <span class='ocrx_word' id='word_1_710' title='bbox 1038 4916 1246 4986; x_wconf 88' lang='lat' dir='ltr'><strong>inquit,</strong></span> <span class='ocrx_word' id='word_1_711' title='bbox 1286 4914 1539 4982; x_wconf 88' lang='lat' dir='ltr'><strong>Domino,</strong></span> <span class='ocrx_word' id='word_1_712' title='bbox 1571 4923 1628 4971; x_wconf 92' lang='lat' dir='ltr'><strong>et</strong></span> <span class='ocrx_word' id='word_1_713' title='bbox 1667 4913 1879 4971; x_wconf 90' lang='lat' dir='ltr'><strong>auferte</strong></span> <span class='ocrx_word' id='word_1_714' title='bbox 1908 4930 2044 4986; x_wconf 69' lang='lat' dir='ltr'><strong>pra:-</strong></span> 
     </span>
    </p>
   </div>
   <div class='ocr_carea' id='block_1_80' title="bbox 447 5003 2042 5081">
    <p class='ocr_par' dir='ltr' id='par_1_80' title="bbox 447 5003 2042 5081">
     <span class='ocr_line' id='line_1_80' title="bbox 447 5003 2042 5081; baseline 0.002 -20"><span class='ocrx_word' id='word_1_715' title='bbox 447 5006 606 5081; x_wconf 84' lang='lat' dir='ltr'><strong>putia</strong></span> <span class='ocrx_word' id='word_1_716' title='bbox 635 5003 881 5060; x_wconf 87' lang='lat' dir='ltr'><strong>cordium</strong></span> <span class='ocrx_word' id='word_1_717' title='bbox 908 5013 1239 5074; x_wconf 89' lang='lat' dir='ltr'><strong>vestrorum,</strong></span> <span class='ocrx_word' id='word_1_718' title='bbox 1267 5006 1374 5061; x_wconf 88' lang='lat' dir='ltr'><strong>viri</strong></span> <span class='ocrx_word' id='word_1_719' title='bbox 1399 5004 1570 5073; x_wconf 80' lang='lat' dir='ltr'><strong>Juda,</strong></span> <span class='ocrx_word' id='word_1_720' title='bbox 1616 5015 1674 5062; x_wconf 93' lang='lat' dir='ltr'><strong>et</strong></span> <span class='ocrx_word' id='word_1_721' title='bbox 1703 5006 2042 5064; x_wconf 89' lang='lat' dir='ltr'><strong>habitatores</strong></span> 
     </span>
    </p>
   </div>
   <div class='ocr_carea' id='block_1_81' title="bbox 446 5093 2042 5171">
    <p class='ocr_par' dir='ltr' id='par_1_81' title="bbox 446 5093 2042 5171">
     <span class='ocr_line' id='line_1_81' title="bbox 446 5093 2042 5171; baseline 0 -15"><span class='ocrx_word' id='word_1_722' title='bbox 446 5094 818 5157; x_wconf 76' lang='lat' dir='ltr'><strong>Hierusalem.</strong></span> <span class='ocrx_word' id='word_1_723' title='bbox 871 5112 892 5147; x_wconf 73' lang='grc' dir='ltr'>ι</span> <span class='ocrx_word' id='word_1_724' title='bbox 948 5093 1147 5151; x_wconf 83' lang='lat' dir='ltr'><strong>Novale</strong></span> <span class='ocrx_word' id='word_1_725' title='bbox 1211 5098 1375 5167; x_wconf 86' lang='lat' dir='ltr'><strong>igitur</strong></span> <span class='ocrx_word' id='word_1_726' title='bbox 1429 5106 1633 5154; x_wconf 88' lang='lat' dir='ltr'><strong>novant</strong></span> <span class='ocrx_word' id='word_1_727' title='bbox 1695 5100 1787 5171; x_wconf 90' lang='lat' dir='ltr'><strong>qui</strong></span> <span class='ocrx_word' id='word_1_728' title='bbox 1859 5100 2042 5157; x_wconf 87' lang='lat' dir='ltr'><strong>cordis</strong></span> 
     </span>
    </p>
   </div>
   <div class='ocr_carea' id='block_1_82' title="bbox 453 5182 2040 5263">
    <p class='ocr_par' dir='ltr' id='par_1_82' title="bbox 453 5182 2040 5263">
     <span class='ocr_line' id='line_1_82' title="bbox 453 5182 2040 5263; baseline 0.002 -17"><span class='ocrx_word' id='word_1_729' title='bbox 453 5196 671 5263; x_wconf 83' lang='lat' dir='ltr'><strong>agrum,</strong></span> <span class='ocrx_word' id='word_1_730' title='bbox 715 5184 847 5241; x_wconf 88' lang='lat' dir='ltr'><strong>licet</strong></span> <span class='ocrx_word' id='word_1_731' title='bbox 884 5182 1003 5253; x_wconf 79' lang='lat' dir='ltr'><strong>jam</strong></span> <span class='ocrx_word' id='word_1_732' title='bbox 1045 5194 1170 5242; x_wconf 85' lang='lat' dir='ltr'><strong>ante</strong></span> <span class='ocrx_word' id='word_1_733' title='bbox 1208 5191 1562 5259; x_wconf 86' lang='lat' dir='ltr'><strong>proscissum,</strong></span> <span class='ocrx_word' id='word_1_734' title='bbox 1609 5190 1819 5248; x_wconf 89' lang='lat' dir='ltr'><strong>crebris</strong></span> <span class='ocrx_word' id='word_1_735' title='bbox 1863 5193 2040 5249; x_wconf 88' lang='lat' dir='ltr'><strong>adhuc</strong></span> 
     </span>
    </p>
   </div>
   <div class='ocr_carea' id='block_1_83' title="bbox 448 5273 2037 5344">
    <p class='ocr_par' dir='ltr' id='par_1_83' title="bbox 448 5273 2037 5344">
     <span class='ocr_line' id='line_1_83' title="bbox 448 5273 2037 5344; baseline 0.001 -8"><span class='ocrx_word' id='word_1_736' title='bbox 448 5278 558 5344; x_wconf 71' lang='lat' dir='ltr'><strong>pia:</strong></span> <span class='ocrx_word' id='word_1_737' title='bbox 598 5273 960 5335; x_wconf 86' lang='lat' dir='ltr'><strong>confessionis</strong></span> <span class='ocrx_word' id='word_1_738' title='bbox 999 5276 1311 5335; x_wconf 85' lang='lat' dir='ltr'><strong>vomeribus</strong></span> <span class='ocrx_word' id='word_1_739' title='bbox 1355 5280 1569 5336; x_wconf 87' lang='lat' dir='ltr'><strong>sulcant</strong></span> <span class='ocrx_word' id='word_1_740' title='bbox 1623 5291 1680 5337; x_wconf 90' lang='lat' dir='ltr'><strong>et</strong></span> <span class='ocrx_word' id='word_1_741' title='bbox 1733 5282 1874 5339; x_wconf 90' lang='lat' dir='ltr'><strong>male</strong></span> <span class='ocrx_word' id='word_1_742' title='bbox 1916 5283 2037 5338; x_wconf 76' lang='lat' dir='ltr'><strong>laeta</strong></span> 
     </span>
    </p>
   </div>
   <div class='ocr_carea' id='block_1_84' title="bbox 2149 4636 3746 4715">
    <p class='ocr_par' dir='ltr' id='par_1_84' title="bbox 2149 4636 3746 4715">
     <span class='ocr_line' id='line_1_84' title="bbox 2149 4636 3746 4715; baseline 0.009 -25"><span class='ocrx_word' id='word_1_743' title='bbox 2149 4636 2395 4706; x_wconf 91' lang='lat' dir='ltr'><strong>corporis</strong></span> <span class='ocrx_word' id='word_1_744' title='bbox 2436 4637 2681 4693; x_wconf 86' lang='lat' dir='ltr'><strong>membra</strong></span> <span class='ocrx_word' id='word_1_745' title='bbox 2729 4638 3001 4707; x_wconf 81' lang='lat' dir='ltr'><strong>vivificat,</strong></span> <span class='ocrx_word' id='word_1_746' title='bbox 3035 4641 3115 4698; x_wconf 89' lang='lat' dir='ltr'><strong>sic</strong></span> <span class='ocrx_word' id='word_1_747' title='bbox 3158 4651 3212 4698; x_wconf 90' lang='lat' dir='ltr'><strong>et</strong></span> <span class='ocrx_word' id='word_1_748' title='bbox 3241 4643 3360 4715; x_wconf 90' lang='lat' dir='ltr'><strong>ipsa</strong></span> <span class='ocrx_word' id='word_1_749' title='bbox 3394 4662 3425 4700; x_wconf 89' lang='lat' dir='ltr'><strong>a</strong></span> <span class='ocrx_word' id='word_1_750' title='bbox 3459 4647 3576 4703; x_wconf 90' lang='lat' dir='ltr'><strong>Deo</strong></span> <span class='ocrx_word' id='word_1_751' title='bbox 3606 4650 3746 4706; x_wconf 86' lang='lat' dir='ltr'><strong>vivi-</strong></span> 
     </span>
    </p>
   </div>
   <div class='ocr_carea' id='block_1_85' title="bbox 2150 4727 3742 4811">
    <p class='ocr_par' dir='ltr' id='par_1_85' title="bbox 2150 4727 3742 4811">
     <span class='ocr_line' id='line_1_85' title="bbox 2150 4727 3742 4811; baseline 0.009 -28"><span class='ocrx_word' id='word_1_752' title='bbox 2150 4727 2314 4785; x_wconf 83' lang='lat' dir='ltr'><strong>ficata</strong></span> <span class='ocrx_word' id='word_1_753' title='bbox 2336 4728 2616 4786; x_wconf 88' lang='lat' dir='ltr'><strong>subsistat.</strong></span> <span class='ocrx_word' id='word_1_754' title='bbox 2646 4728 2704 4784; x_wconf 90' lang='lat' dir='ltr'><strong>Si</strong></span> <span class='ocrx_word' id='word_1_755' title='bbox 2727 4728 2892 4802; x_wconf 88' lang='lat' dir='ltr'><strong>igitur</strong></span> <span class='ocrx_word' id='word_1_756' title='bbox 2916 4730 2970 4786; x_wconf 93' lang='lat' dir='ltr'><strong>in</strong></span> <span class='ocrx_word' id='word_1_757' title='bbox 3000 4733 3272 4790; x_wconf 89' lang='lat' dir='ltr'><strong>mentibus</strong></span> <span class='ocrx_word' id='word_1_758' title='bbox 3295 4737 3494 4794; x_wconf 88' lang='lat' dir='ltr'><strong>vestris</strong></span> <span class='ocrx_word' id='word_1_759' title='bbox 3521 4739 3742 4811; x_wconf 82' lang='lat' dir='ltr'><strong>dignum</strong></span> 
     </span>
    </p>
   </div>
   <div class='ocr_carea' id='block_1_86' title="bbox 2148 4820 3743 4891">
    <p class='ocr_par' dir='ltr' id='par_1_86' title="bbox 2148 4820 3743 4891">
     <span class='ocr_line' id='line_1_86' title="bbox 2148 4820 3743 4891; baseline 0.009 -16"><span class='ocrx_word' id='word_1_760' title='bbox 2148 4820 2263 4879; x_wconf 91' lang='lat' dir='ltr'><strong>Deo</strong></span> <span class='ocrx_word' id='word_1_761' title='bbox 2311 4820 2476 4876; x_wconf 90' lang='lat' dir='ltr'><strong>vultis</strong></span> <span class='ocrx_word' id='word_1_762' title='bbox 2523 4820 2702 4877; x_wconf 90' lang='lat' dir='ltr'><strong>cubile</strong></span> <span class='ocrx_word' id='word_1_763' title='bbox 2748 4831 3092 4891; x_wconf 89' lang='lat' dir='ltr'><strong>construere,</strong></span> <span class='ocrx_word' id='word_1_764' title='bbox 3145 4826 3384 4884; x_wconf 88' lang='lat' dir='ltr'><strong>studiose</strong></span> <span class='ocrx_word' id='word_1_765' title='bbox 3428 4835 3743 4891; x_wconf 88' lang='lat' dir='ltr'><strong>contendite</strong></span> 
     </span>
    </p>
   </div>
   <div class='ocr_carea' id='block_1_87' title="bbox 2149 4913 3738 4996">
    <p class='ocr_par' dir='ltr' id='par_1_87' title="bbox 2149 4913 3738 4996">
     <span class='ocr_line' id='line_1_87' title="bbox 2149 4913 3738 4996; baseline 0.008 -26"><span class='ocrx_word' id='word_1_766' title='bbox 2149 4913 2300 4985; x_wconf 89' lang='lat' dir='ltr'><strong>ipsas</strong></span> <span class='ocrx_word' id='word_1_767' title='bbox 2343 4923 2556 4971; x_wconf 90' lang='lat' dir='ltr'><strong>mentes</strong></span> <span class='ocrx_word' id='word_1_768' title='bbox 2597 4916 2744 4971; x_wconf 90' lang='lat' dir='ltr'><strong>omni</strong></span> <span class='ocrx_word' id='word_1_769' title='bbox 2792 4916 3087 4974; x_wconf 89' lang='lat' dir='ltr'><strong>simultatis</strong></span> <span class='ocrx_word' id='word_1_770' title='bbox 3140 4929 3195 4975; x_wconf 90' lang='lat' dir='ltr'><strong>et</strong></span> <span class='ocrx_word' id='word_1_771' title='bbox 3226 4921 3482 4980; x_wconf 89' lang='lat' dir='ltr'><strong>odiorum</strong></span> <span class='ocrx_word' id='word_1_772' title='bbox 3529 4925 3738 4996; x_wconf 87' lang='lat' dir='ltr'><strong>fomite,</strong></span> 
     </span>
    </p>
   </div>
   <div class='ocr_carea' id='block_1_88' title="bbox 2147 5005 3228 5085">
    <p class='ocr_par' dir='ltr' id='par_1_88' title="bbox 2147 5005 3228 5085">
     <span class='ocr_line' id='line_1_88' title="bbox 2147 5005 3228 5085; baseline 0.006 -23"><span class='ocrx_word' id='word_1_773' title='bbox 2147 5006 2294 5062; x_wconf 90' lang='lat' dir='ltr'><strong>omni</strong></span> <span class='ocrx_word' id='word_1_774' title='bbox 2316 5005 2549 5079; x_wconf 90' lang='lat' dir='ltr'><strong>denique</strong></span> <span class='ocrx_word' id='word_1_775' title='bbox 2576 5008 2796 5064; x_wconf 72' lang='lat' dir='ltr'><strong>malitia:</strong></span> <span class='ocrx_word' id='word_1_776' title='bbox 2826 5009 2946 5066; x_wconf 88' lang='lat' dir='ltr'><strong>labe</strong></span> <span class='ocrx_word' id='word_1_777' title='bbox 2975 5028 3228 5085; x_wconf 89' lang='lat' dir='ltr'><strong>purgare.</strong></span> 
     </span>
    </p>
   </div>
   <div class='ocr_carea' id='block_1_89' title="bbox 2220 5097 3738 5185">
    <p class='ocr_par' dir='ltr' id='par_1_89' title="bbox 2220 5097 3738 5185">
     <span class='ocr_line' id='line_1_89' title="bbox 2220 5097 3738 5185; baseline 0.013 -32"><span class='ocrx_word' id='word_1_778' title='bbox 2220 5097 2424 5171; x_wconf 80' lang='lat' dir='ltr'><strong>Regem</strong></span> <span class='ocrx_word' id='word_1_779' title='bbox 2466 5113 2598 5156; x_wconf 88' lang='lat' dir='ltr'><strong>sane</strong></span> <span class='ocrx_word' id='word_1_780' title='bbox 2626 5101 2747 5172; x_wconf 92' lang='lat' dir='ltr'><strong>quis</strong></span> <span class='ocrx_word' id='word_1_781' title='bbox 2778 5115 3104 5175; x_wconf 79' lang='lat' dir='ltr'><strong>excepturus</strong></span> <span class='ocrx_word' id='word_1_782' title='bbox 3134 5105 3402 5178; x_wconf 90' lang='lat' dir='ltr'><strong>hospitio,</strong></span> <span class='ocrx_word' id='word_1_783' title='bbox 3433 5110 3569 5182; x_wconf 91' lang='lat' dir='ltr'><strong>quid</strong></span> <span class='ocrx_word' id='word_1_784' title='bbox 3612 5131 3738 5185; x_wconf 86' lang='lat' dir='ltr'><strong>pro-</strong></span> 
     </span>
    </p>
   </div>
   <div class='ocr_carea' id='block_1_90' title="bbox 2146 5189 3739 5264">
    <p class='ocr_par' dir='ltr' id='par_1_90' title="bbox 2146 5189 3739 5264">
     <span class='ocr_line' id='line_1_90' title="bbox 2146 5189 3739 5264; baseline 0.012 -19"><span class='ocrx_word' id='word_1_785' title='bbox 2146 5189 2270 5246; x_wconf 89' lang='lat' dir='ltr'><strong>dest</strong></span> <span class='ocrx_word' id='word_1_786' title='bbox 2302 5192 2349 5247; x_wconf 92' lang='lat' dir='ltr'><strong>si</strong></span> <span class='ocrx_word' id='word_1_787' title='bbox 2398 5201 2509 5248; x_wconf 86' lang='lat' dir='ltr'><strong>tota</strong></span> <span class='ocrx_word' id='word_1_788' title='bbox 2542 5193 2735 5250; x_wconf 89' lang='lat' dir='ltr'><strong>domus</strong></span> <span class='ocrx_word' id='word_1_789' title='bbox 2766 5196 2907 5251; x_wconf 85' lang='lat' dir='ltr'><strong>atria</strong></span> <span class='ocrx_word' id='word_1_790' title='bbox 2946 5198 3177 5254; x_wconf 80' lang='lat' dir='ltr'><strong>diversis</strong></span> <span class='ocrx_word' id='word_1_791' title='bbox 3219 5205 3621 5263; x_wconf 84' lang='lat' dir='ltr'><strong>toreumatibus</strong></span> <span class='ocrx_word' id='word_1_792' title='bbox 3656 5207 3739 5264; x_wconf 85' lang='lat' dir='ltr'><strong>in-</strong></span> 
     </span>
    </p>
   </div>
   <div class='ocr_carea' id='block_1_91' title="bbox 2145 5285 3732 5344">
    <p class='ocr_par' dir='ltr' id='par_1_91' title="bbox 2145 5285 3732 5344">
     <span class='ocr_line' id='line_1_91' title="bbox 2145 5285 3732 5344; baseline 0.002 -3"><span class='ocrx_word' id='word_1_793' title='bbox 2145 5292 2359 5344; x_wconf 84' lang='lat' dir='ltr'><strong>struat.</strong></span> <span class='ocrx_word' id='word_1_794' title='bbox 2413 5285 2460 5340; x_wconf 89' lang='lat' dir='ltr'><strong>si</strong></span> <span class='ocrx_word' id='word_1_795' title='bbox 2510 5298 2608 5344; x_wconf 90' lang='lat' dir='ltr'><strong>ner</strong></span> <span class='ocrx_word' id='word_1_796' title='bbox 2667 5286 2946 5344; x_wconf 80' lang='lat' dir='ltr'><strong>laquearia</strong></span> <span class='ocrx_word' id='word_1_797' title='bbox 2996 5306 3223 5344; x_wconf 73' lang='lat' dir='ltr'><strong>aumaue</strong></span> <span class='ocrx_word' id='word_1_798' title='bbox 3271 5296 3562 5344; x_wconf 66' lang='lat' dir='ltr'><strong>cadmina</strong></span> <span class='ocrx_word' id='word_1_799' title='bbox 3621 5299 3732 5344; x_wconf 67' lang='lat' dir='ltr'><strong>vola</strong></span> 
     </span>
    </p>
   </div>
  </div>
