3950 5344
183 236 288 292 495

1368 228 1586 287 LIBER.
1607 227 1952 296 OCTAVUS,
1993 226 2211 284 EPIST.
2246 226 2383 282 XIV.

3357 230 3464 287 494

182 346 458 420 pudicitia:
494 346 818 404 matronalis
846 360 1075 418 corpora
1105 354 1288 403 vestra
1316 346 1372 402 in
1401 359 1588 403 sancta
1620 361 1776 404 muuo
1807 347 1854 407 Α
1881 358 2014 408 suae,
2050 353 2248 413 praeter
2293 341 2539 408 sabbata,
2567 349 2622 396 et
2652 339 2978 408 Neomenias
3011 351 3066 397 et
3103 342 3240 398 festa
3271 343 3467 403 domus

183 443 311 498 ditia
337 439 650 506 οδιειοάἰιὶε,
675 454 804 509 erga
829 439 1192 511 cogitationes
1221 454 1439 511 quoque
1467 441 1772 496 districtum

182 548 400 603 semper
449 530 870 587 sollicitudinem
914 531 1200 597 exhibete,
1243 539 1302 585 ut
1340 533 1598 602 quoniam
1653 547 1740 589 cui

181 625 301 681 lesti
333 639 538 696 sponso
569 623 867 680 thalamum
898 623 954 679 in
993 632 1174 679 vestra
1212 632 1396 679 mente
1423 624 1769 691 construitis,

185 718 258 772 nil
297 717 372 773 ibi
421 717 632 773 ftedum
681 732 822 783 esse,
872 717 1010 773 nihil
1058 717 1431 773 inordinatum
1479 718 1622 789 quod
1659 718 1778 789 ejus

183 824 375 866 oculos
397 811 573 880 possit
615 808 890 866 olferidere
932 809 1285 880 permittatis.
1319 809 1436 866 Lux
1475 811 1618 865 enim
1647 825 1777 866 vera

186 901 439 956 tenebras
475 899 588 955 odii
627 916 737 956 non
783 899 1076 968 inhabitat,
1109 908 1165 955 et
1206 899 1468 972 Princeps
1495 901 1646 971 pacis
1678 901 1778 956 im-

183 1003 392 1063 pacata;
434 991 637 1047 mentis
680 992 975 1062 hospitium
1023 1006 1130 1045 non
1182 991 1432 1061 requirit.
1487 991 1778 1047 Enimvero

184 1099 290 1138 non
321 1084 594 1156 ignoratis
623 1085 888 1155 quasdam
933 1083 1230 1140 carnaliter
1278 1095 1666 1142 conversantes
1692 1087 1778 1142 di‘

185 1190 372 1232 versas
436 1176 582 1232 inter
643 1177 835 1233 dentes
890 1185 1197 1232 aromatum
1259 1191 1326 1232 ac
1374 1179 1779 1250 pigmentorum

183 1266 396 1335 species
428 1275 630 1334 terere,
657 1276 718 1323 ut
745 1267 879 1322 viris
908 1268 1022 1324 suis
1043 1267 1341 1336 jucundius
1373 1269 1590 1326 valeant
1617 1271 1778 1327 redo-o

184 1359 348 1416 lentis
403 1361 721 1433 fragrantia
766 1361 951 1418 nitore
1003 1372 1241 1432 placere.
1301 1362 1512 1435 Lingua
1563 1379 1780 1436 quoque

183 1461 369 1506 vestra
417 1461 475 1508 et
520 1452 664 1508 labia
711 1469 741 1508 a
792 1453 992 1509 divinis
1041 1453 1296 1511 laudibus
1343 1471 1620 1526 nunquam
1673 1458 1783 1512 sint

183 1544 394 1609 Otiose;
437 1545 534 1600 sed
565 1559 785 1616 semper
813 1545 1053 1616 psalmos
1072 1585 1087 1612 ,
1116 1560 1332 1618 semper
1355 1548 1663 1616 orationes,
1687 1564 1782 1605 ve-

184 1633 262 1688 lat
282 1644 534 1690 aromata
563 1635 790 1692 terendo
808 1677 824 1703 ,
868 1637 1148 1705 revolvite,
1177 1648 1238 1694 ut
1265 1639 1321 1694 in
1354 1649 1650 1712 conspectu
1681 1641 1780 1698 Dei

1876 433 2039 488 lsrael
2087 431 2308 504 (Iudith
2362 437 2488 503 11)..
2540 432 3010 488 Considerandum
3056 433 3214 503 plane
3245 439 3466 506 quantis

1877 526 1994 580 haec
2033 524 2194 580 vidua
2229 525 2394 580 fuerit
2431 523 2591 594 digna
2642 524 2949 593 praeconiis,
2997 540 3118 594 qua:
3164 534 3314 583 tanto
3343 529 3470 599 igne

1879 618 2047 673 divini
2075 619 2342 674 aestuabat
2370 618 2592 673 amoris.
2623 616 2795 673 Porro
2833 626 3016 673 autem
3043 617 3276 676 vidualis
3305 619 3470 680 ollicii

1879 709 2052 767 limite
2091 726 2198 766 non
2230 720 2509 776 contenta,
2557 711 2626 766 ad
2669 711 2976 783 hocusque
3023 711 3076 766 in
3125 722 3313 769 sancta
3346 713 3471 771 reli-

1880 803 2040 876 gione
2067 813 2415 875 processerat
2453 813 2512 859 ut
2533 801 2647 874 jam
2680 820 2788 860 non
2838 805 2974 871 sola,
3015 804 3109 860 sed
3139 814 3339 862 etcum
3368 822 3472 863 an-

1881 897 2022 953 cillis
2051 897 2166 952 suis
2211 898 2369 953 ﬁeret
2410 898 2669 964 eremita;
2700 898 2766 954 de
2793 899 2954 955 domo
2992 901 3266 955 communi
3294 900 3470 958 reclu-
3503 950 3509 976 ί

1881 991 2086 1046 serium
2110 990 2262 1057 fecit,
2292 1000 2348 1045 et
2376 991 2428 1045 in
2454 992 2713 1062 populosa
2759 991 2895 1049 urbe
2941 1007 3094 1049 amor
3120 994 3316 1050 artifex
3345 995 3474 1052 soli-
3504 993 3506 997 ’

1883 1083 2124 1139 tudinem
2158 1082 2378 1154 reperit.
2403 1082 2631 1150 Quantis
2663 1084 2750 1138 illa
2777 1086 3065 1141 mundanae
3094 1087 3476 1158 prosperitatis

1883 1175 2098 1230 dotibus
2120 1175 2393 1242 aﬁluebat,
2423 1191 2546 1246 quae
2583 1176 2838 1232 nimirum
2879 1177 3077 1234 blande
3113 1179 3476 1238 lenocinantis

1883 1267 2152 1322 secundas
2181 1266 2285 1322 sibi
2327 1266 2532 1322 illicere
2566 1269 2786 1338 nuptias
2816 1271 3100 1338 poterant!
3137 1269 3290 1326 Sicut
3326 1271 3472 1327 enim

1882 1371 2038 1412 sacra
2063 1366 2252 1412 narrat
2280 1357 2540 1413 historia:
2577 1376 2594 1409 ι
2624 1358 2756 1413 Erat
2781 1358 3012 1430 eleganti
3040 1369 3264 1430 aspectu
3286 1361 3473 1430 nimis,

1885 1449 1970 1505 cui
2009 1451 2094 1504 vir
2120 1465 2252 1506 suus
2293 1449 2591 1522 reliquerat
2620 1452 2840 1508 divitias
2870 1453 3101 1521 multas,
3131 1462 3186 1510 et
3213 1453 3478 1512 familiam

1885 1543 2186 1614 copiosam,
2217 1559 2283 1599 ac
2321 1547 2700 1615 possessiones
2737 1549 3002 1604 armentis
3045 1548 3210 1604 boum
3255 1559 3313 1606 et
3353 1566 3481 1624 gre-

1886 1637 2042 1708 gibus
2067 1638 2250 1693 ovium
2282 1639 2474 1710 plenas
2521 1640 2754 1714 (Ibid.):
2791 1662 2810 1694 ι
2847 1651 2901 1698 et
2926 1643 3070 1714 quod
3096 1645 3183 1701 his
3225 1646 3480 1704 omnibus

183 1743 291 1782 non
342 1729 626 1786 immerito
671 1732 898 1802 possitis
948 1733 1173 1790 odorem
1226 1735 1514 1791 suavitatis
1560 1735 1777 1792 olferre.
1809 1723 1858 1790 Β
1887 1740 1970 1787 est
1997 1731 2155 1803 longe
2183 1734 2556 1800 praestantius,
2604 1734 2804 1789 dicitur
2835 1735 3020 1800 etiam,
3061 1756 3078 1789 ι
3107 1736 3234 1807 quia
3274 1737 3482 1794 eratin

182 1824 314 1880 Illud
349 1827 520 1881 etiam
551 1841 650 1882 vos
693 1843 808 1883 non
837 1827 970 1884 latet
999 1829 1126 1899 quia
1166 1829 1360 1900 puellae
1400 1831 1456 1885 in
1485 1830 1650 1886 domo
1685 1843 1781 1902 pa-

183 1929 402 1973 rentum
431 1926 558 1975 cuin
589 1921 825 1991 puberes
851 1921 1185 1989 adolescere,
1210 1937 1335 1978 eum
1357 1923 1474 1993 jam
1506 1923 1782 1980 nubilibus

179 2010 539 2068 incrementis
587 2014 857 2083 cceperint
907 2015 1316 2085 pr0pinquare,
1370 2016 1606 2073 scientes
1651 2019 1780 2088 quia

179 2111 412 2171 paterna
445 2103 758 2161 substantia
787 2107 1072 2162 masculini
1106 2121 1271 2163 sexus
1307 2108 1620 2165 baeredibus
1656 2124 1782 2181 per-

178 2195 424 2252 maxime
452 2206 792 2264 reservetur,
815 2199 1096 2270 capsidilia
1123 2198 1225 2256 sibi
1251 2201 1609 2271 qutedamque
1637 2217 1784 2256 mar-

176 2287 467 2356 supior‘um
531 2290 878 2362 receptacula
931 2299 1254 2362 comparant
1309 2303 1368 2347 ut
1411 2305 1641 2364 quaeque
1688 2309 1783 2364 po-

180 2381 390 2436 tuerint
441 2383 572 2440 hinc
618 2384 748 2440 inde
788 2385 1102 2450 corradere,
1135 2385 1221 2441 his
1265 2386 1523 2442 studeant
1569 2388 1784 2444 cautius

176 2471 470 2541 lnfareire,
502 2482 776 2545 quatenus
800 2477 867 2531 ad
897 2475 1169 2548 nuptiales
1195 2476 1468 2532 thalamus
1499 2481 1784 2534 transeun-

179 2569 278 2628 tes,
328 2575 486 2623 tanto
527 2569 712 2625 minus
753 2571 895 2640 apud
943 2581 1237 2627 extraneos
1275 2572 1602 2627 erubescere
1637 2586 1786 2627 com-

175 2653 478 2726 pellantur,
516 2669 724 2730 quanto
752 2673 849 2717 eas
893 2673 960 2716 ex
1005 2669 1234 2732 paterna
1285 2661 1448 2716 domo
1491 2669 1785 2732 congesta-

177 2755 298 2804 rum
328 2757 500 2820 opum
538 2752 704 2808 ditior
732 2753 886 2824 copia
917 2730 1230 2808 comitatur.
1258 2751 1369 2809 Vos
1411 2730 1622 2824 itaque,
1645 2730 1788 2824 ἠοω

179 2841 245 2894 ad
271 2842 538 2900 coalestes
582 2845 800 2914 nuptias
842 2844 1012 2899 ﬁrma'
1043 2845 1154 2916 spei
1197 2845 1456 2914 gradibus
1488 2843 1781 2910 festinatis,

178 2937 285 2988 non
315 2949 549 3004 parvam
573 2945 788 3006 partem
825 2943 1024 2993 vestrae
1067 2937 1388 2992 substantiae
1423 2936 1476 2991 in
1521 2943 1638 2991 tuto
1669 2935 1788 2992 loco

183 3028 434 3096 reponite
456 3069 472 3092 ,
515 3034 576 3082 ut
603 3028 670 3084 ad
704 3029 1067 3085 immortalem
1097 3044 1355 3101 sponsum
1399 3029 1516 3085 sine
1546 3029 1652 3084 ulla
1697 3029 1789 3085 de-

1886 1824 2139 1880 omnibus
2162 1824 2552 1891 famosissima,
2577 1827 2833 1896 quoniam
2859 1827 3087 1882 timebat
3105 1827 3275 1883 Deum
3298 1827 3478 1896 valde,

1885 1931 1988 1974 nec
2040 1925 2158 1974 erat
2216 1919 2309 1989 qui
2365 1917 2681 1990 loqueretur
2745 1922 2812 1977 de
2845 1921 2950 1992 illa
3000 1922 3227 1978 verbum
3273 1923 3480 1978 malum

1887 2009 2109 2083 (Ibid.).
2140 2032 2158 2064 ι
2205 2011 2313 2068 Sed
2361 2014 2581 2084 quando
2608 2015 2710 2071 ista
2747 2032 2944 2087 procos
2975 2019 3309 2085 admitteret,
3351 2019 3481 2074 dum

1885 2102 2191 2173 puellarum
2219 2119 2437 2175 quoque
2459 2105 2577 2175 ejus
2599 2106 2898 2178 alloquium
2921 2109 3156 2178 cuipiam
3188 2108 3347 2165 facile
3373 2125 3484 2165 non

1887 2197 2133 2266 pateret?
2160 2212 2268 2268 quo
2297 2209 2458 2268 pacto
2504 2199 2743 2255 ambiret
2793 2201 3024 2256 vestium
3067 2199 3294 2267 cultum,
3331 2201 3486 2272 cujus

1891 2286 2109 2342 assidue
2140 2289 2350 2344 terebat
2382 2290 2628 2347 membra
2660 2291 2937 2347 cilicium?
2970 2307 3040 2346 au
3087 2291 3323 2350 fortasse
3368 2294 3486 2350 lau-

1891 2382 2120 2438 tioribus
2150 2383 2324 2453 epulis
2352 2394 2500 2440 esset
2547 2386 2778 2453 intenta,
2812 2402 2975 2458 quam
3007 2389 3327 2458 quotidiana
3365 2404 3481 2445 ma-

1890 2474 2114 2530 curabat
2151 2474 2366 2530 inedia?
2406 2475 2513 2532 Sed
2559 2477 2625 2532 ad
2656 2478 2771 2533 hac
2815 2477 3063 2535 fortassis
3092 2480 3330 2549 objicitis
3357 2482 3487 2552 quia

1890 2563 2052 2619 facile
2091 2579 2152 2620 se
2197 2579 2460 2622 exercere
2509 2566 2562 2620 in
2614 2568 2910 2625 virtutibus
2955 2579 3188 2640 poterat,
3239 2585 3360 2642 quae
3409 2579 3489 2626 tot

1889 2658 2170 2727 prosperis
2213 2659 2454 2730 undique
2490 2661 2834 2717 successibus
2873 2661 3152 2730 allluebat;
3193 2673 3249 2719 at
3290 2664 3489 2735 quibus

1893 2751 2079 2806 vivere
2104 2761 2381 2822 utcunque
2406 2755 2584 2819 deest,
2614 2755 2876 2810 virtutum
2916 2757 3082 2811 vitam
3122 2757 3323 2814 ducere
3349 2773 3486 2828 quo-

1892 2840 2054 2897 modo
2084 2843 2258 2898 libet?
2288 2843 2473 2900 Facile
2501 2845 2709 2900 scilicet
2748 2846 3086 2903 abstinemus
3112 2847 3339 2915 oblatis,
3369 2847 3488 2906 avi—

1893 2933 2016 2988 dius
2043 2933 2367 3005 plerumque
2414 2933 2656 2992 solemus
2703 2937 2913 2992 inhiare
2959 2939 3256 2994 subductis.
3291 2938 3490 2996 Fateor

1892 3025 2055 3095 plane
2097 3027 2222 3098 quia
2263 3038 2567 3100 spontanea
2614 3029 2816 3087 oblatio
2859 3030 3102 3087 laetiﬁcat
3145 3030 3485 3100 offerentem,

183 3117 356 3176 beatis
389 3120 719 3180 confusione
760 3124 1027 3190 transire;
1078 3123 1417 3193 marsupium
1450 3131 1656 3188 autem,
1698 3121 1788 3178 ubi
1817 3103 1863 3167 Ο
1896 3120 2141 3175 coactiva
2192 3121 2492 3178 necessitas
2549 3121 2918 3178 tabescentem
2973 3123 3253 3180 obnubilat
3305 3124 3490 3180 volun-

182 3211 296 3268 hzec
348 3213 633 3269 tutiSsime
691 3223 1052 3284 reponantur,
1111 3213 1265 3270 sinus
1316 3222 1401 3270 est
1449 3229 1784 3284 pauperum,

182 3304 522 3359 suatentatiu
552 3304 905 3361 miserorum.
953 3304 1064 3359 lloc
1110 3304 1367 3360 nimirum
1400 3303 1559 3360 ﬁdele
1585 3315 1670 3360 est
1697 3305 1788 3360 de-

181 3396 510 3465 positarium
579 3397 698 3453 sine
765 3397 874 3453 ullo
930 3412 1157 3467 prorsus
1223 3398 1588 3466 detrimento,
1644 3399 1790 3468 quod

183 3479 526 3558 Susceperit,
560 3487 922 3543 redditurum.
958 3487 1136 3544 Nolite
1165 3503 1295 3560 ergo
1340 3489 1420 3544 sic
1449 3489 1784 3545 remanenti—

183 3573 280 3634 bus
308 3587 516 3634 cuncta
567 3579 914 3650 relinquere,
959 3588 1019 3634 ut
1054 3580 1341 3652 negligatis
1390 3581 1554 3636 etiam
1605 3582 1786 3637 vobis-

181 3672 456 3743 metipsis,
488 3669 651 3742 paulo
685 3679 813 3742 post
841 3672 970 3727 hinc
998 3673 1418 3746 emigrantibus,
1463 3673 1783 3742 providere;

183 3763 323 3834 quod
362 3764 414 3819 si
438 3763 674 3820 facultas
706 3779 814 3821 non
853 3765 1110 3837 suppetit,
1153 3765 1198 3821 si
1225 3773 1438 3837 egestas
1469 3780 1564 3821 vos
1593 3766 1670 3823 rei
1704 3766 1789 3821 fa~

183 3854 419 3909 miliaria
441 3861 721 3925 angustat,
754 3854 848 3926 qui
895 3856 1104 3910 minuta
1133 3855 1310 3911 viduae
1333 3855 1559 3910 divitum
1597 3869 1790 3912 mune-

185 3947 335 4003 ribus
367 3946 612 4017 przetulit
642 3945 794 4018 (Luc.
819 3945 956 4019 xxi),
985 3954 1166 4002 vestra
1193 3961 1411 4017 quoque
1438 3947 1786 4014 munuscula,

185 4037 266 4092 vel
296 4038 602 4110 perexigua
630 4037 772 4092 intra
799 4037 1246 4110 gazophylacium
1276 4037 1644 4094 exauditionis
1675 4054 1789 4094 suae

186 4147 291 4188 non
330 4133 583 4204 ingratus
609 4131 870 4188 admittit.
903 4130 973 4185 At
1001 4131 1047 4187 si
1085 4140 1142 4186 et
1181 4130 1319 4199 haec,
1362 4131 1505 4202 quod
1533 4145 1642 4188 non
1667 4145 1788 4188 cre-

187 4223 386 4291 tb‘tnus,
417 4226 646 4282 omnino
669 4223 961 4291 defuerint,
999 4225 1117 4296 pias
1157 4223 1447 4298 lacrymas,
1487 4225 1788 4296 profundos

184 4319 448 4389 gemitus,
489 4317 600 4374 alta
647 4315 881 4388 suspiria
925 4331 1022 4372 vos
1072 4314 1270 4372 oll'erre
1318 4315 1585 4386 sulliciat;
1643 4318 1788 4375 ultro

183 4413 348 4467 etiam
389 4411 658 4483 quidquid
693 4409 906 4481 sapitis,
936 4409 1197 4481 quidquid
1237 4411 1487 4480 potestis,
1525 4411 1789 4483 quidquid

1896 3218 2083 3268 tatem.
2117 3210 2226 3268 Sed
2253 3221 2371 3269 esto
2403 3213 2529 3284 quia
2559 3213 2746 3270 Judlth
2782 3215 2969 3270 divitis
2999 3215 3302 3271 causamini
3335 3217 3491 3273 vobis

1895 3307 2110 3377 copiam
2140 3307 2432 3375 dehaberi;
2463 3308 2710 3379 nunquid
2742 3309 3089 3380 pauperculae
3118 3308 3262 3366 illius
3291 3308 3486 3366 Moabi-

1896 3401 2046 3466 tidis,
2088 3399 2237 3456 Ruth
2266 3401 2521 3458 videlicet
2555 3403 2828 3469 exsilium,
2864 3403 3223 3471 calamitates,
3264 3405 3489 3472 famem,
3527 3417 3534 3427 ‘

1893 3492 2071 3557 sitim,
2104 3492 2353 3548 laborum
2395 3493 2818 3550 intolerabilium
2852 3497 3171 3567 patientiam
3229 3499 3490 3568 ignoratis

1895 3585 2063 3657 (Ruth
2107 3584 2487 3658 t)?Nunquid
2527 3587 2679 3643 vobis
2729 3605 2826 3659 pro
2865 3591 3229 3659 pudicissima:
3256 3591 3489 3647 viduita-

1894 3679 1963 3734 tis
2010 3678 2325 3750 aliquandiu
2357 3681 2643 3738 honestate
2666 3684 2936 3739 servanda
2968 3683 3143 3756 (107),
3177 3685 3245 3741 ad
3285 3693 3485 3740 tantam

1894 3772 2045 3827 illam
2093 3772 2379 3830 devenisse
2426 3775 2736 3846 penuriam,
2791 3787 2850 3833 ut
2901 3779 3111 3835 resides
3161 3779 3338 3850 spicas
3369 3786 3484 3851 post

1894 3865 2216 3920 metentium
2259 3873 2410 3939 terga
2441 3869 2744 3940 colligeret,
2796 3879 2853 3926 et
2897 3871 3048 3942 virga
3097 3871 3336 3937 cadens,
3381 3886 3483 3928 nos.

1895 3955 2071 4012 dicam
2101 3956 2270 4025 virili,
2303 3960 2396 4014 sed
2431 3958 2669 4016 humano
2707 3961 2964 4017 destituta
2996 3974 3222 4032 prorsus
3266 3961 3489 4031 auxilio,

1895 4049 2013 4120 ipsa
2044 4049 2186 4121 quod
2238 4051 2553 4123 collegerat,
2600 4051 3220 4111 trituraret?Nimirum
3269 4071 3335 4111 ex
3385 4071 3492 4127 qua

1897 4150 2172 4198 tantorum
2228 4160 2417 4216 regum
2442 4144 2657 4201 soboles
2716 4143 2895 4202 fuerat
2951 4155 3309 4218 processura,
3358 4156 3494 4213 ,tan-

1895 4249 2056 4305 quam
2088 4235 2196 4293 vile
2227 4238 2580 4310 mancipium,
2627 4239 2919 4297 servilibus
2960 4241 3217 4312 Operibus
3261 4241 3490 4296 videba-

1897 4336 1984 4382 tur
2007 4327 2242 4384 addicta.
2295 4327 2440 4384 Inter
2490 4337 2568 4385 tot
2616 4340 2797 4386 autem
2845 4345 3133 4402 pressuras
3180 4338 3342 4400 atque
3396 4345 3492 4384 an-

1896 4420 2105 4490 gustias
2153 4429 2428 4476 coarctata
2483 4421 2715 4477 virtutes
2767 4421 2934 4476 animi
2981 4437 3088 4476 non
3133 4421 3394 4489 deseruit,
3439 4430 3496 4477 et

182 4503 366 4559 vivitis
389 4545 405 4571 ,
461 4500 730 4573 quidquid
774 4510 858 4558 est
909 4501 1055 4573 quod
1105 4500 1347 4573 spiratis,
1398 4502 1451 4557 in
1496 4502 1661 4573 300
1692 4517 1791 4586 ara
1817 4497 1868 4558 Ι)
1896 4509 2076 4582 incipis
2108 4512 2326 4581 quidem
2359 4512 2480 4568 vita:
2509 4512 2742 4584 pondus,
2770 4529 2877 4586 quo
2901 4513 3278 4584 premebatur,
3308 4521 3495 4584 aeqiia-

181 4606 380 4652 vestrze
407 4593 723 4650 devotionis
751 4593 1041 4666 imponite,
1067 4603 1122 4649 et
1151 4594 1232 4650 sic
1257 4593 1617 4664 vosmetipsas
1648 4585 1794 4663 Deo,’

179 4689 323 4764 quod
373 4685 716 4743 holocaustis
760 4687 1014 4742 omnibus
1062 4685 1238 4756 majus
1286 4684 1391 4754 est,
1445 4687 1780 4744 sacriﬁcium

179 4785 416 4842 adolete.
466 4780 704 4837 Horrete
733 4779 916 4854 itaque
953 4778 1219 4850 colloquia
1259 4779 1634 4847 smcularium,
1662 4796 1786 4837 car-

179 4881 388 4936 nalium
427 4877 710 4934 devitetur
738 4885 1013 4947 aspectus,
1040 4883 1220 4928 vestra
1249 4874 1488 4946 denique
1527 4888 1635 4929 non
1668 4891 1784 4932 om-

177 4975 336 5029 nibus
355 4971 535 5042 janua
567 4976 778 5040 pateat;
814 4972 995 5028 donec
1026 4969 1286 5024 adventus
1316 4984 1480 5027 causa
1521 4969 1782 5042 discatur,

177 5062 457 5121 nonnullis
513 5057 863 5130 prohibeatur
909 5071 1190 5114 accessus.
1244 5053 1434 5118 Iudith
1488 5059 1654 5116 etiam
1696 5063 1786 5120 illa

176 5165 359 5214 sancta
391 5153 562 5210 vobis
609 5150 814 5209 vivendi
857 5155 938 5211 sit
985 5165 1197 5216 norma,
1242 5159 1298 5207 et
1340 5151 1576 5211 vidualis
1609 5157 1788 5214 conti-

175 5248 370 5302 tientia:
403 5240 718 5311 disciplina.
761 5244 834 5301 De
871 5240 1264 5316 quavide‘ticct
1296 5257 1453 5300 sacra
1497 5240 1785 5316 Scriptura

1899 4602 2121 4657 nimiter
2167 4601 2316 4669 tulit;
2370 4604 2437 4658 ab
2482 4604 2687 4658 intimae
2731 4619 2864 4661 vero
2912 4603 3217 4661 nobilitatis
3264 4603 3502 4660 culmine

1898 4705 1959 4754 ut
1983 4707 2113 4769 puta
2143 4698 2302 4772 digna
2343 4698 2514 4754 David
2559 4713 2787 4769 proava,
2833 4699 3178 4768 degenerare
3221 4697 3506 4769 indignum

1899 4794 2078 4850 duxit.
2127 4792 2323 4850 Socrui
2369 4791 2739 4849 reverentiam
2798 4795 3020 4867 dignam
3061 4789 3348 4853 exhibuit,
3401 4795 3517 4843 tua-

1901 4884 2166 4942 tronalem
2235 4884 2550 4956 pudicitiam
2630 4887 2865 4954 tenuit,
2943 4877 3220 4943 defuncto
3288 4877 3410 4932 viro
3466 4873 3532 4928 li-

1900 4979 2021 5033 dem
2080 4979 2354 5042 servavit,
2423 4973 2578 5029 idolis
2631 4974 2886 5036 deditam
2951 4972 3214 5040 patriam
3262 4971 3544 5040 ρλτεεηῐεε·

1899 5084 2005 5139 que
2050 5065 2210 5138 301
2259 5067 2534 5132 deseruit.
2585 5073 2639 5120 et
2696 5071 2772 5126 ad
2824 5066 3039 5127 cultum
3121 5067 3248 5126 νειηῖ
3293 5057 3390 5111 Dei
3440 5055 3555 5150 sine

1898 5161 2008 5216 ullo
2054 5159 2294 5216 doctoris
2335 5157 2653 5229 magisterio
2707 5161 2926 5221 nobilis
2971 5159 3279 5234 proselyta
3315 5143 3566 5244 transivit

1901 5251 2075 5325 (Ruth
2107 5250 2200 5319 ιι).
2233 5251 2372 5306 Ecce
2406 5249 2571 5320 igitur
2596 5245 2798 5311 Judith
2827 5257 3113 5326 prospera
3154 5247 3357 5324 quibus
3384 5235 3436 5286 in
3458 5235 3570 5284 vita
