3950 5344
478 378 587 436 495

983 376 1040 432 S.
1069 375 1274 432 PETRI
1309 376 1592 431 DAMIANI
1620 377 1772 435 OPI’.
1795 375 1976 432 PARS
2012 375 2144 434 SEU
2174 377 2410 434 TOMUS
2447 374 2489 430 Ῑν.
2530 406 2600 416 —-—
2623 375 2837 432 EPIST.
2868 375 2997 431 LIB.
3043 375 3176 432 VIII.

3656 384 3763 439 496

477 490 802 548 obliviscens
828 491 949 545 'sese
973 480 1062 542 illa
1093 478 1308 556 dejecit.
1335 485 1441 542 Sed
1464 487 1552 541 illa
1581 487 1844 542 tolerabat
1868 485 2063 556 quibus
2092 490 2143 548 Α
2169 495 2225 541 et
2250 486 2482 541 lamenta
2513 487 2838 552 concurrite,
2869 496 3031 560 atque
3053 489 3123 544 ab
3148 497 3283 546 aestu
3310 495 3762 563 persequentium

480 583 824 648 abundabat;
864 580 966 636 ista
1000 579 1282 634 fruebatur
1317 595 1436 649 qua:
1463 579 1788 649 patiebatur.
1825 577 2068 646 Utraque

479 651 734 734 nimirum
788 674 854 730 de
900 673 1186 728 mundanae
1241 671 1621 727 inconstantim
1669 669 2070 726 alternitatibus

481 762 751 835 asserens,
789 787 808 820 ι
840 767 993 823 Sicut
1017 766 1273 832 tenebrae,
1307 765 1504 835 inquit,
1541 763 1680 835 ejus,
1713 762 1783 818 ita
1811 771 1867 817 et
1890 761 2068 816 lumen

479 859 599 930 ejus
620 857 794 932 (Psal.
823 858 1108 930 cxxxvm).
1143 874 1161 909 ι
1201 856 1270 911 Ει
1305 871 1428 911 cum
1459 871 1562 912 una
1592 863 1840 910 contenta
1867 853 2070 923 sitpri-

482 952 617 1019 mis,
652 951 820 1006 altera
871 950 1076 1022 nuptiis
1107 949 1178 1005 sit
1219 957 1403 1019 aptata
1448 947 1732 1013 secundis,
1774 945 1898 1001 licet
1925 944 2070 999 Ruth

483 1044 754 1101 thalamos
801 1042 1113 1107 iteraverit,
1158 1057 1190 1096 a
1228 1041 1496 1096 castitatis
1539 1048 1718 1095 tamen
1751 1039 1936 1094 habitu
1965 1051 2072 1093 non

483 1136 744 1200 recessit,
789 1133 916 1204 quia
965 1132 1196 1188 vidualis
1247 1132 1580 1188 continentia
1634 1132 1685 1186 in
1737 1129 2074 1202 conjugalem

483 1224 802 1297 pudicitiam
831 1239 939 1278 non
969 1222 1190 1278 libidine
1211 1222 1448 1277 carnalis
1470 1221 1755 1286 illecebrae,
1780 1213 2073 1276 sed’divina

483 1317 667 1389 pntius
691 1326 775 1371 est
802 1315 1156 1386 dispositione
1198 1323 1425 1369 mutata.
1473 1313 1612 1381 Quid
1649 1321 1829 1368 autem
1862 1311 1929 1366 de
1959 1311 2075 1380 ipsa

485 1407 799 1463 beatissima
833 1407 923 1462 Dei
953 1405 1231 1461 Genitrice
1263 1418 1701 1468 commemorem,
1733 1417 1852 1472 qua:
1885 1408 1942 1456 et
1972 1408 2077 1454 ter-

478 1514 744 1557 renarum
772 1514 934 1570 opum
964 1497 1150 1566 copias
1179 1512 1284 1552 non
1324 1495 1583 1567 possedit,
1614 1503 1669 1550 et
1699 1490 2077 1549 immanissimi

488 1587 1157 1647 doloris-amaritudinem
1203 1586 1466 1658 pertulit?
1505 1586 1602 1643 Cui
1647 1585 1905 1640 nimirum
1951 1595 2080 1637 vere

488 1680 810 1751 praedictum
840 1688 963 1737 est:
999 1698 1016 1731 t
1053 1679 1122 1734 Et
1147 1687 1296 1734 tuam
1341 1677 1511 1749 ipsius
1545 1677 1782 1730 animam
1821 1683 2076 1745 pertran-

489 1773 619 1829 sibit
648 1773 856 1846 gladius
887 1772 1038 1844 (Luc.
1067 1771 1152 1844 ιι).
1190 1791 1209 1825 ι
1261 1771 1318 1826 Si
1365 1771 1510 1826 enim
1554 1768 1899 1839 omnipotens
1935 1766 2078 1820 Deus

484 1863 652 1933 hujus
705 1863 830 1919 vita:
879 1878 1137 1935 prospera
1189 1861 1372 1932 magni
1423 1860 1720 1932 penderet,
1774 1856 2081 1912 nullatenus

487 1955 666 2025 ipsam
713 1954 1039 2025 singularem
1086 1968 1152 2008 ac
1187 1960 1504 2024 perpetuam
1542 1949 1841 2021 Virginem,
1872 1963 1938 2004 ex
1975 1962 2082 2018 qua

491 2046 768 2102 incarnari
799 2046 1052 2116 dignatus
1081 2053 1185 2110 est,
1217 2044 1358 2098 allici
1397 2042 1674 2098 doloribus
1721 2039 2079 2111 permisisset.

491 2139 832 2210 Quapropter
860 2150 914 2192 et
940 2152 1057 2203 vos,
1080 2134 1236 2205 juxta
1262 2137 1322 2190 B.
1351 2135 1497 2190 Petri
1523 2133 1868 2199 sententiam,
1895 2131 2082 2186 eadem

491 2231 822 2304 cogitatione
865 2230 1155 2286 armamini
1197 2229 1248 2301 (I
1281 2229 1428 2285 Petr.
1475 2226 1585 2299 iv),
1632 2236 1689 2283 et
1727 2226 1867 2281 mala
1899 2224 2084 2280 mundi

491 2339 588 2395 per
617 2323 935 2394 patientiam
967 2323 1189 2388 vincite,
1222 2338 1343 2392 qua:
1378 2321 1622 2393 profecto
1676 2336 1782 2376 non
1823 2319 2084 2390 ignoratis

491 2431 684 2472 omnes
719 2416 922 2472 electos
963 2415 1033 2470 ab
1071 2415 1186 2485 ipsa
1237 2415 1458 2469 humani
1490 2413 1705 2484 generis
1731 2413 1939 2484 origine
1963 2427 2087 2481 per-

494 2512 704 2568 tulisse.
746 2509 902 2567 Unde
937 2509 1068 2566 dicit
1110 2507 1442 2578 Apostolus:
1484 2526 1503 2558 ‹
1554 2507 1689 2575 Quia
1739 2520 1839 2577 per
1886 2504 2086 2561 multas

493 2603 871 2659 tribulationcs
917 2609 1126 2672 oportet
1183 2615 1282 2656 nos
1339 2601 1546 2666 intrare
1600 2600 1654 2653 in
1710 2613 1936 2668 regnum
1989 2596 2084 2652 Dei

493 2691 646 2760 (Act.
692 2691 840 2763 xiv).
879 2711 897 2744 ι
931 2690 1224 2744 Enimvero
1265 2705 1374 2744 non
1422 2687 1738 2744 incredibile
1767 2697 1848 2744 est
1885 2687 2010 2756 quia
2039 2685 2086 2740 si

492 2783 610 2838 haec
638 2784 749 2837 vita
774 2782 930 2837 vobis
956 2780 1198 2836 blandita
1230 2780 1576 2843 mitesceret,
1615 2795 1645 2834 a
1677 2779 1917 2835 cmlestis
1941 2778 2089 2834 desi-

472 2877 631 2934 .derii
656 2893 820 2932 cursu
849 2892 946 2932 vos
984 2876 1327 2947 aliquatenus
1368 2879 1704 2943 retardaret,
1741 2887 1796 2932 et
1823 2891 1974 2931 mens
1995 2890 2087 2931 ve-

493 2977 609 3022 stra
649 2976 877 3022 eotenus
921 2983 950 3022 a
980 2968 1090 3022 Deo
1122 2967 1472 3037 frigesceret,
1509 2983 1618 3038 quo
1648 2968 1701 3022 in
1741 2976 1872 3023 testu
1906 2982 2087 3022 rerum

495 3058 876 3128 temporalium
923 3059 1168 3129 requiem
1217 3059 1503 3114 inveniret.
1551 3060 1675 3116 Ideo
1711 3060 1876 3130 igitur
1907 3059 2085 3114 divina

497 3151 833 3221 dispensatio
863 3150 919 3205 in
959 3150 1120 3220 hujus
1152 3151 1274 3206 vitae
1315 3151 1430 3206 salo
1460 3153 1774 3221 procellosis
1803 3153 1930 3206 hinc
1963 3151 2087 3207 inde

2177 580 2243 635 ad
2285 579 2646 650 lacrymarum
2699 583 2945 650 protinus
2993 583 3335 654 refrigerium
3376 585 3658 655 festinate,
3706 600 3770 644 ut

2174 670 2299 725 dum
2331 685 2485 727 mens
2511 681 2689 727 vestra
2719 672 2850 729 foris
2877 689 2983 730 non
3016 674 3222 730 invenit
3246 676 3338 732 ubi
3365 677 3548 734 valeat
3569 695 3768 736 secura

2173 762 2487 832 quiescere,
2521 780 2578 820 se
2613 766 2754 820 intra
2787 781 2846 821 se
2891 766 3184 837 colligens,
3232 770 3302 826 ab
3346 772 3496 826 omni
3545 773 3768 828 studeat

2174 855 2434 910 mundani
2479 857 2736 928 strepitus
2777 859 3187 926 perturbatione
3220 861 3420 932 sopire.
3452 861 3646 934 Neque
3673 879 3773 920 vos

2176 947 2244 1003 ab
2275 949 2537 1006 orationis
2583 949 2762 1006 studio
2787 950 2944 1008 fletus
2972 954 3193 1010 ariditas
3236 955 3483 1028 frangat,
3519 957 3774 1014 videlicet

2175 1057 2299 1097 mox
2331 1052 2388 1096 ut
2424 1045 2715 1112 conamini,
2765 1045 3019 1118 lacrymae
3064 1064 3171 1104 non
3218 1060 3525 1122 erumpant.
3571 1051 3774 1124 Jejunii

2175 1149 2430 1205 namque,
2459 1136 2548 1190 cui
2575 1151 2672 1191 vos
2705 1137 3005 1194 districtius
3034 1140 3343 1207 inhaeretis,
3375 1143 3493 1200 hac
3521 1158 3647 1200 esse
3672 1159 3774 1199 na-

2180 1235 2302 1281 tura
2333 1227 2688 1298 dignoscitur,
2721 1238 2781 1284 ut
2807 1243 2930 1285 cum
2958 1231 3159 1288 multos
3179 1245 3533 1304 provectuum
3564 1235 3776 1292 fructus

2178 1315 2513 1382 accumulat,
2571 1317 2843 1373 interdum
2896 1327 3078 1376 tamen
3134 1330 3191 1378 et
3243 1323 3354 1380 iras
3401 1325 3670 1381 accendat
3722 1333 3777 1381 et

2179 1409 2450 1480 lacrymas
2479 1409 2708 1465 minuat.
2743 1411 2812 1465 Et
2835 1411 2901 1466 de
2939 1412 3019 1467 ira
3064 1415 3310 1483 quidem,
3341 1417 3473 1486 quia
3517 1431 3620 1486 per
3638 1416 3778 1485 jeju—

2179 1500 2328 1554 nium
2376 1508 2620 1569 crescat,
2667 1502 2956 1558 manifesta
2994 1513 3079 1558 est
3123 1506 3277 1562 Isaiae
3318 1508 3625 1574 sententia,
3671 1523 3779 1578 qua

2181 1590 2348 1646 dicit:
2393 1611 2410 1644 ‹
2441 1591 2605 1658 Ecce,
2632 1591 2841 1662 inquit,
2873 1593 2941 1648 ad
2982 1593 3106 1650 lites
3140 1603 3196 1649 et
3227 1597 3614 1653 contentiones
3634 1596 3777 1669 jeju-

2183 1682 2346 1747 natis,
2380 1690 2435 1737 et
2462 1682 2746 1752 percutitis
2770 1698 2950 1755 pugno
2988 1684 3151 1756 impie
3182 1685 3318 1759 (Isa.
3355 1688 3535 1760 LVIII).
3573 1708 3594 1742 ι
3624 1687 3780 1756 Quod

2185 1783 2366 1829 autem
2395 1774 2558 1845 longo
2577 1773 2784 1845 jejunio
2810 1774 3064 1848 lacryma:
3099 1776 3516 1846 subtrahantur,
3551 1787 3782 1834 testatur

2111 1859 2157 1919 Β
2183 1865 2450 1937 Josephus
2495 1867 2596 1940 (De
2625 1867 2758 1922 bello
2787 1866 2944 1938 Iud.)
2965 1909 2980 1935 ,
3032 1869 3123 1939 qui
3161 1885 3284 1926 cum
3313 1871 3618 1928 vindictam
3664 1885 3782 1942 qua

2185 1958 2548 2026 Hierusalem,
2588 1967 2644 2015 et
2670 1961 3114 2031 persecutoribus
3138 1960 3354 2017 Domini
3385 1978 3418 2017 a
3444 1960 3784 2034 Vespasiano

2185 2059 2242 2107 et
2269 2051 2392 2106 Tito
2435 2051 2773 2122 principibus
2795 2061 2878 2107 est
2905 2052 3167 2124 irrogata,
3209 2064 3482 2120 narraret,
3510 2055 3661 2110 inter
3682 2070 3784 2110 ca:-

2187 2151 2303 2198 tera
2333 2141 2606 2197 ultricium
2634 2156 2915 2214 pmnarum
2952 2159 3150 2214 genera
3172 2184 3187 2211 ,
3224 2144 3330 2200 hoc
3355 2145 3524 2201 etiam
3555 2145 3782 2211 addidit,

2189 2234 2374 2295 dicens
2400 2251 2412 2288 :
2448 2252 2466 2285 ι
2498 2231 2606 2289 Sed
2637 2248 2739 2290 nec
2766 2234 3034 2304 planctus,
3077 2235 3285 2304 inquit,
3313 2251 3382 2290 ex
3409 2251 3567 2290 more
3595 2234 3783 2291 defun-

2189 2327 2734 2394 ctis‘exhibebatur,
2767 2335 2860 2381 aut
2888 2327 3098 2395 luctus;
3137 2329 3264 2398 quia
3303 2328 3408 2384 hoc
3453 2329 3564 2384 sibi
3614 2337 3783 2384 totum

2189 2419 2560 2474 vindicaverat
2580 2416 2772 2482 fames,
2788 2419 2881 2474 sed
2900 2433 3002 2474 nec
3025 2419 3250 2474 ariditas
3278 2419 3474 2475 inediae
3495 2419 3783 2474 humorem

2190 2512 2442 2582 cuiquam
2470 2511 2765 2582 reliquerat
2789 2511 3174 2582 lacrymarum.
3205 2531 3224 2564 ι
3264 2510 3420 2567 Unde
3445 2527 3580 2575 cum
3604 2511 3788 2566 visibi-

2190 2604 2271 2660 les
2297 2603 2564 2672 lacrymas
2589 2618 2695 2659 non
2719 2603 2945 2673 potestis
2966 2619 3035 2660 ex
3056 2603 3229 2660 oculis
3248 2603 3431 2660 carnis
3450 2604 3781 2675 exprimere,

2190 2694 2422 2752 sulliciat
2453 2695 2605 2750 vobis
2631 2709 2888 2751 excessus
2911 2697 3160 2766 proprios
3185 2695 3329 2751 intra
3355 2681 3583 2751 contriti
3609 2692 3786 2749 cordis

2189 2804 2392 2845 arcana
2419 2786 2636 2843 deﬂere.
2663 2787 2739 2843 lbi
2769 2789 3022 2844 tenebras
3051 2788 3275 2844 admissi
3315 2795 3503 2843 reatus
3525 2786 3782 2857 aspicite;

2191 2893 2247 2937 et
2270 2882 2396 2951 quia
2427 2881 2647 2952 dignum
2675 2890 2759 2935 est
2783 2881 2926 2950 quod
2955 2880 3226 2951 patimini,
3261 2880 3391 2950 ipsa:
3414 2893 3637 2950 quoque
3661 2893 3786 2934 sen-

2194 2974 2362 3029 tentia
2397 2973 2528 3028 recti
2571 2973 2837 3028 examinis
2879 2972 3143 3042 judicate.
3190 2972 3310 3028 Lux
3356 2987 3598 3042 namque
3646 2973 3788 3026 inter

2193 3064 2446 3122 tenebras
2477 3062 2822 3128 convalescit,
2869 3071 2925 3118 et
2971 3061 3182 3127 lucifer,
3221 3063 3313 3132 qui
3359 3062 3414 3117 in
3463 3062 3552 3116 die
3601 3059 3786 3115 oculos

2193 3154 2365 3225 fugit,
2397 3156 2453 3212 in
2498 3163 2659 3210 nocte
2705 3154 2887 3210 radios
2913 3155 3118 3226 proprii
3151 3153 3458 3226 splendoris
3501 3151 3784 3224 expandit.

498 3242 836 3308 turbinibus,
885 3252 940 3298 et
984 3243 1384 3313 quodammodo
1407 3243 1659 3299 violentis
1687 3253 1972 3301 ventorum
2003 3244 2089 3299 fu—
2117 3223 2163 3287 (ἶ
2195 3247 2305 3303 Nos
2334 3248 2517 3317 itaque
2548 3248 2594 3302 si
2622 3263 2808 3302 veram
2840 3247 3015 3303 lucem
3043 3247 3097 3302 in
3129 3247 3384 3302 cordibus
3418 3223 3627 3300 nostris
3654 3243 3786 3300 oriri

498 3337 739 3393 rentium
781 3336 997 3393 flatibus
1039 3353 1134 3392 vos
1177 3336 1438 3394 fluctuare
1485 3338 1777 3408 permittit,
1831 3347 1891 3393 ut
1940 3354 2091 3394 mens

499 3439 684 3487 vestra
721 3431 932 3487 avidius
977 3431 1045 3487 ad
1089 3446 1319 3501 superna
1348 3432 1613 3489 desideria
1645 3439 1919 3498 transeat,
1963 3433 2088 3488 dum

420 3546 429 3564 ι
497 3527 642 3582 inter
669 3526 775 3581 ima
807 3539 916 3580 non
960 3525 1164 3580 invenit
1207 3525 1297 3580 ubi
1339 3525 1733 3582 delectabiliter
1761 3525 2087 3594 requiescat.

498 3616 646 3687 Agar
689 3629 924 3686 namque
965 3615 1240 3686 prosperis
1290 3615 1422 3670 fulta
1464 3625 1652 3671 contra
1686 3615 1958 3670 dominam
2011 3624 2092 3669 tu-

471 3711 679 3775 .muit;
717 3710 916 3765 alllicta
947 3709 1314 3780 postmodum,
1343 3719 1399 3766 et
1433 3711 1486 3764 in
1526 3709 1904 3766 solitudinibus
1937 3709 2091 3764 exsul

501 3801 791 3864 oberrans,
820 3800 1114 3870 alloquium
1145 3802 1322 3872 angeli
1347 3801 1466 3856 laeta
1490 3801 1857 3871 promittentis
1885 3799 2093 3870 accepit

501 3890 657 3964 (Gen.
687 3892 822 3966 xvi).
857 3891 1061 3948 Rachel
1088 3893 1258 3950 donec
1289 3893 1592 3949 sterilitatis
1621 3892 1914 3948 infortunio
1944 3891 2094 3947 labo-

504 3986 672 4058 ravit,
699 4000 829 4041 vero
867 3986 976 4041 Deo
1007 3987 1376 4041 reverentiam
1416 3986 1558 4056 digni
1606 3985 1784 4042 cultus
1812 3984 2089 4051 exhibuit;

499 4085 790 4146 postquam
831 4085 1034 4142 autem,
1066 4076 1212 4132 edito
1249 4077 1469 4148 loseph,
1513 4076 1859 4132 fecunditatis
1895 4077 2094 4131 meruit

505 4166 729 4232 donum,
761 4165 946 4221 Laban
974 4168 1146 4238 patris
1173 4167 1350 4223 furata
1377 4177 1459 4224 est
1503 4169 1704 4224 idolum
1735 4165 1884 4237 (Gen.
1918 4166 2092 4238 xxxr).

503 4251 616 4310 Vos
644 4255 810 4310 etiam
854 4255 899 4311 si
937 4257 1094 4327 juxta
1121 4267 1303 4313 votum
1332 4266 1513 4315 erecta
1555 4258 1610 4313 in
1647 4259 1920 4314 cumulum
1949 4259 2093 4313 unda

499 4347 882 4418 prosperitatis
911 4347 1203 4415 attolleret,
1237 4349 1321 4404 vel
1354 4349 1574 4404 admissi
1615 4349 1932 4419 cujusquam
1981 4350 2096 4418 pia-

502 4441 970 4512 culinaufragium
995 4441 1334 4508 absorberet,
1351 4449 1604 4496 autcerte
1632 4458 1662 4495 a
1689 4440 1872 4496 littore
1895 4441 2096 4523 quietis

501 4532 709 4588 intimae
732 4541 940 4589 mentes
962 4541 1171 4589 vestras
1193 4531 1334 4588 ﬂuxa
1361 4532 1545 4588 laetitia
1568 4532 1756 4602 procul
1781 4533 2090 4588 abduceret.

575 4626 731 4682 Unde
759 4641 855 4682 vos
884 4627 1070 4683 hortor
1104 4639 1160 4683 et
1196 4627 1425 4682 solerter
1465 4626 1750 4692 admoneo,
1786 4639 1855 4680 ne
1896 4624 2093 4681 divinis

499 4717 782 4774 beneﬁciis
819 4717 1192 4786 inveniamini,
1219 4719 1362 4789 quod
1394 4718 1553 4785 absit,
1588 4718 1845 4790 ingratae,
1873 4718 1969 4773 sed
1993 4733 2091 4788 gu-

467 4807 783 4892 ‘bernatori
824 4817 1004 4864 vestro
1049 4809 1161 4864 Deo
1195 4810 1386 4881 dignas
1431 4824 1646 4878 semper
1689 4809 1891 4880 gratias
1926 4808 2092 4880 agite,

467 4958 484 4969 ,
505 4900 597 4967 qui
640 4899 894 4955 nimirum
923 4901 1187 4971 peccandi
1221 4901 1375 4956 vobis
1414 4900 1702 4955 materiam
1731 4901 2091 4966 subtrahens,

462 5047 477 5057 ι
507 4994 766 5056 tanquam
804 5005 836 5043 a
874 4992 1050 5046 noxiis
1096 5007 1192 5047 vos
1243 4991 1493 5062 prohibet
1542 4989 1852 5057 alimentis,
1907 4999 1967 5045 ut
2025 4989 2093 5044 ad

467 5144 470 5147 _
508 5066 918 5134 roburteternze
955 5084 1219 5152 provehat
1267 5081 1673 5137 incolumitatis.
1715 5080 1967 5152 Flagellis
2002 5095 2098 5135 vos

515 5171 828 5226 durioribus
861 5172 1050 5243 cingit,
1088 5175 1406 5230 verberibus
1451 5174 1661 5238 erudit;
1697 5181 1754 5228 ut
1799 5173 2097 5245 margarita

488 5275 610 5342 sua
645 5274 791 5315 nunc
820 5259 970 5316 limet
994 5273 1048 5318 et
1072 5252 1262 5334 poliat,
1306 5281 1427 5334 quae
1462 5265 1805 5336 postmodum
1837 5264 1955 5318 sine
1994 5263 2098 5318 tin-

2175 3340 2464 3412 rvolutnus,
2495 3354 2601 3394 non
2633 3353 2733 3395 nos
2761 3339 2933 3395 lucem
2974 3353 3094 3393 esse
3137 3336 3405 3408 ﬁngamus
3425 3376 3440 3402 ,
3469 3335 3568 3392 sed
3605 3345 3787 3390 reatus

2195 3432 2370 3488 nostri
2404 3418 2660 3488 tenebras
2685 3431 2958 3487 veraciter
2995 3445 3392 3502 agnoscamus,
3423 3436 3476 3485 et
3507 3437 3642 3485 tunc
3673 3427 3788 3483 leve

2195 3524 2354 3580 nobis
2379 3524 2654 3580 videbitur
2685 3539 2847 3580 omne
2871 3524 3015 3594 quod
3042 3523 3300 3594 patimur,
3328 3521 3457 3592 quia
3483 3519 3647 3576 valde
3666 3535 3787 3592 gra-

2193 3617 2314 3670 vius
2356 3630 2477 3671 esse
2519 3614 2904 3686 perpendimus
2946 3613 3090 3683 quod
3135 3627 3427 3668 meremur.
3475 3609 3785 3666 Notandum

2197 3715 2378 3762 autem
2423 3707 2548 3776 quia
2593 3706 2733 3760 sicut
2781 3706 2872 3776 qui
2914 3721 3019 3761 non
3048 3704 3268 3771 vident,
3293 3703 3508 3760 acutius
3537 3703 3785 3768 audiunt,

2195 3809 2257 3854 ut
2291 3810 2545 3869 tanquam
2587 3799 2846 3854 vivacitas
2876 3814 3068 3854 sensus
3106 3814 3228 3869 quae
3255 3797 3347 3852 ttni
3375 3797 3628 3853 membro
3659 3795 3786 3852 sub-

2198 3891 2437 3946 trahitur
2464 3891 2532 3946 ad
2566 3890 2709 3945 aliud
2746 3889 3072 3946 cumulatius
3120 3889 3494 3955 transferatur,
3537 3889 3616 3944 ita
3657 3902 3788 3943 non-

2197 3981 2330 4036 nulli
2378 3980 2584 4036 calcata
2628 3980 2880 4046 luxuria,
2928 3981 2984 4035 in
3031 3981 3313 4036 avaritiam
3357 3979 3543 4035 acrius
3569 3977 3784 4034 inarde-

2170 4083 2384 4147 _scunt,
2434 4082 2490 4129 et
2536 4075 2772 4129 humana
2816 4074 3254 4145 concupiscentia
3300 4075 3426 4128 dum
3468 4087 3500 4125 a
3551 4069 3786 4127 libidinis

2197 4166 2477 4221 voluntate
2507 4165 2903 4236 compescitur,
2951 4165 3249 4236 majoribus
3279 4164 3489 4220 viribus
3516 4163 3574 4218 in
3600 4162 3786 4232 acqui-

2201 4260 2494 4316 rendarum
2521 4273 2683 4328 opum
2712 4274 2772 4314 se
2803 4257 3035 4328 porrigit
3074 4257 3392 4328 appetitum.
3420 4255 3479 4311 In
3502 4255 3663 4312 vobis
3698 4269 3786 4309 au-

2200 4359 2310 4406 tem
2340 4347 2501 4406 simul
2541 4348 2795 4419 frigescat
2828 4365 2982 4404 amor
3013 4349 3322 4405 divitiarum
3344 4363 3474 4403 cum
3505 4347 3626 4419 ipso
3653 4346 3786 4402 desi-

2201 4442 2353 4497 derio
2398 4442 2742 4511 nuptiarum,
2790 4450 2849 4496 ut
2890 4440 3188 4497 liberalitas
3227 4449 3403 4496 vestra
3449 4440 3541 4510 pie
3586 4439 3788 4494 ferveat

2202 4531 2522 4600 adjuvandis
2545 4532 2752 4603 egenis,
2783 4547 2890 4587 non
2931 4531 3446 4603 inexstinguibiliter
3480 4538 3679 4586 testuet
3716 4529 3789 4584 di-

2203 4623 2382 4679 tandis
2410 4622 2608 4678 avaris.
2638 4622 2796 4677 Absit
2821 4631 3002 4677 autem
3032 4631 3092 4676 ut
3119 4636 3371 4676 nummus
3399 4621 3517 4676 viro
3545 4621 3600 4675 in
3627 4618 3788 4677 vestri

2201 4718 2380 4774 cordis
2426 4731 2610 4772 amore
2637 4716 2923 4781 succedat,
2957 4715 3052 4770 sed
3099 4715 3279 4786 potius
3327 4729 3428 4785 pro
3482 4714 3789 4781 carnalibus

2201 4807 2413 4864 deliciis
2442 4807 2752 4878 spirituales
2791 4806 2961 4877 epulae
3003 4815 3215 4861 mentes
3247 4814 3461 4860 vestras
3502 4803 3789 4861 delectabi-

2204 4905 2330 4960 liter
2349 4911 2576 4974 pascant
2602 4920 2614 4955 :
2647 4902 2900 4958 videlicet
2923 4902 3228 4956 divinorum
3254 4901 3549 4956 verborum
3576 4898 3787 4955 assidua

2202 5002 2503 5068 meditatio,
2549 5000 2810 5072 psalmus,
2856 5001 2998 5056 bona
3038 4999 3320 5071 cogitatio,
3364 4998 3441 5068 pii
3471 4998 3659 5068 operis
3691 4995 3788 5072 fre-

2175 5094 2502 5164 quentatio,
2534 5093 2865 5163 exspectatio
2895 5093 3117 5159 mortis,
3157 5107 3278 5161 spes
3304 5089 3472 5146 futuri
3505 5090 3712 5155 saeculi,
3739 5095 3788 5142 et

2170 5248 2172 5250 τ
2203 5195 2400 5242 caetera
2428 5186 2510 5241 his
2539 5185 2765 5249 similia;
2799 5186 2994 5254 quibus
3034 5185 3287 5239 nimirum
3316 5199 3473 5240 mens
3504 5183 3788 5238 salubriter

2167 5327 2171 5329 .
2202 5279 2466 5344 pascitur,
2503 5285 2559 5334 et
2597 5287 2657 5332 ut
2687 5292 2874 5332 revera
2904 5277 3213 5333 coelestibus
3236 5275 3407 5344 epulis
3443 5277 3630 5331 anima
3662 5273 3789 5344 sagi-
