3950 5344
483 298 589 356 499

485 415 877 473 stitutionibus.
924 414 1359 475 Plaeuitidcirco
1387 418 1618 475 domnus
1660 418 1853 475 Petrus
1894 419 2074 483 divina
2103 422 2150 497 Α

486 509 661 582 gratia
713 516 915 565 sancta)
962 505 1275 563 Faventinus
1325 508 1579 571 Ecclesia:
1631 509 1938 583 episcopus,
1975 527 2074 583 per

484 616 812 660 consensum
859 608 915 659 et
962 597 1292 656 voluntatem
1341 601 1581 658 omnium
1628 602 2072 675 presbyterorum

486 693 727 765 eiusdem
775 691 1071 767 cpiscopii,
1104 692 1403 748 concedere
1453 702 1615 766 atque
1663 694 1845 767 largiri
1876 697 2073 752 domno

481 785 644 855 Petro
700 784 963 841 Damiano
1013 783 1279 841 Ostiensis
1323 785 1579 849 Ecclesia:
1633 786 1885 859 episcopo
1933 785 2075 857 ejus-

478 896 585 957 que
611 880 893 937 monachis
948 879 1297 948 eremitariis,
1339 880 1432 952 qui
1467 881 1521 936 in
1565 896 1752 937 eremo
1780 864 2067 948 Gvamonio,

487 989 609 1049 quae
639 980 724 1031 est
750 970 1072 1029 vocabulum
1103 972 1276 1028 sancti
1304 971 1564 1028 Barnabas
1594 972 1823 1044 apostoli
1856 973 1909 1031 in
1948 989 2073 1045 per-

478 1074 737 1141 petuum;
770 1065 823 1121 id
846 1074 949 1131 est,
984 1064 1327 1121 medietatem
1354 1066 1420 1122 de
1461 1066 1618 1139 plebe
1664 1068 1833 1123 sancti
1878 1067 2072 1123 Valen-

480 1158 583 1219 tini
605 1158 927 1214 nominatim
971 1172 1093 1213 cuiu
1138 1159 1430 1214 medietate
1475 1159 1540 1213 de
1569 1167 1711 1215 terra
1748 1166 1802 1214 et
1831 1159 2071 1217 decima-

482 1253 632 1321 tione
655 1267 776 1318 sua,
825 1258 878 1307 et
908 1260 1051 1306 terra
1086 1259 1142 1307 et
1170 1251 1428 1322 quidquid
1460 1252 1528 1308 ab
1567 1254 1756 1309 eodem
1799 1252 2073 1324 episcopio

477 1346 684 1409 habere
738 1345 955 1401 videtur
1014 1345 1067 1401 in
1136 1345 1359 1402 Riutilio
1407 1345 1545 1403 infra
1605 1348 1919 1405 comitatum
1971 1347 2074 1407 Fa-

475 1439 935 1508 Vcnlimmxcepta
954 1446 1147 1510 quarta
1176 1445 1332 1509 parte
1372 1438 1768 1506 declinationis,
1793 1449 1848 1497 et
1873 1441 2075 1497 medie-

474 1540 588 1595 tate
609 1530 676 1593 de
726 1540 908 1599 terra,
958 1545 1120 1603 quam
1166 1529 1370 1587 detinet
1419 1530 1863 1604 archipresbyter
1906 1532 2074 1604 ipsius

476 1620 761 1697 episcopii,
798 1628 854 1676 et
904 1629 1132 1693 excepto
1186 1619 1472 1687 Trcbana,
1518 1632 1572 1677 et
1627 1621 1979 1694 Madrignano
2019 1631 2074 1677 et

475 1713 795 1787 Vidiglano,
849 1713 1008 1770 sicuti
1050 1712 1283 1769 trahitur
1317 1728 1414 1783 per
1453 1721 1681 1769 stratam
1734 1730 1903 1785 usque
1931 1713 2075 1770 Cau-

1156 298 1212 353 S.
1241 298 1441 361 PETRI
1465 300 1748 365 DAMIANI
1771 301 1921 360 OPP.
1955 302 2136 371 PARS
2173 302 2305 371 SEU
2347 303 2582 369 Τολίυὸ
2621 304 2685 367 ll.
2710 336 2779 355 —-
2803 305 3098 367 PROLEG.

3665 303 3768 369 500

2937 426 3000 493 ll.
3056 476 3060 483 ,

2178 536 2469 596 Concordia
2498 547 2698 596 statuta
2727 557 2759 598 α
2788 541 2848 599 S.
2883 540 3044 599 Petro
3072 542 3338 600 Damiano
3365 542 3510 600 inter
3532 556 3766 602 Mm

2318 608 2602 683 Gamugni,
2626 622 2675 667 et
2704 614 2841 673 inter
2875 616 3255 673 monasterium
3281 615 3347 670 de
3372 615 3624 673 Δωτσιι.

2769 704 2944 778 (Anno
2985 706 3169 777 1060.)

2177 791 2280 867 [Ex
2321 792 2697 868 antiquissimo
2718 796 2980 869 exemplo
3015 796 3223 869 archivj
3270 795 3331 853 S.
3370 794 3661 865 Laurentii
3698 799 3766 867 de

2718 865 3013 934 Florentia,
3046 885 3102 925 ιι.
3132 865 3215 940 4.]

2245 977 2301 1035 lu
2328 978 2547 1039 nomine
2578 986 2780 1036 sancta:
2808 989 2865 1039 et
2898 980 3186 1037 individere
3214 980 3524 1041 Trinitatis.

2249 1068 2365 1133 Non
2407 1078 2491 1128 est
2525 1071 2745 1137 mirum,
2791 1070 2837 1128 si
2885 1070 3028 1126 inter
3071 1071 3321 1131 homines
3366 1072 3497 1131 licet
3525 1081 3764 1141 saneta,

2174 1159 2411 1217 humana
2455 1173 2632 1217 tamen
2658 1161 2951 1233 fragilitate
2996 1161 3378 1226 circumdatos,
3416 1162 3598 1229 locum
3634 1163 3768 1219 livor

2175 1253 2434 1320 inveniat,
2478 1268 2600 1309 cum
2643 1253 2786 1308 inter
2828 1253 2975 1329 ipsos
3014 1253 3177 1308 etiam
3218 1254 3460 1325 angelos,
3498 1265 3764 1325 quantum

2175 1348 2241 1402 ad
2275 1347 2514 1403 litteram
2554 1347 2802 1403 videatur
2841 1346 3150 1418 Obrepsisse
3183 1346 3485 1414 dissensio;
3516 1346 3663 1405 unde
3683 1357 3765 1404 est

2175 1438 2318 1509 quod
2359 1436 2427 1492 ad
2472 1437 2659 1493 Daniel
2704 1438 2974 1510 angelus:
3010 1458 3029 1491 ι
3064 1438 3344 1509 Princeps,
3376 1439 3574 1510 inquit,
3615 1441 3765 1513 regni

2174 1530 2463 1587 Persarum
2522 1529 2721 1585 restitit
2768 1529 2897 1585 mihi
2935 1529 3124 1603 viginti
3151 1538 3207 1585 et
3228 1544 3337 1586 uno
3381 1530 3612 1596 diebus;
3646 1549 3666 1584 ι
3714 1538 3767 1585 et

2175 1623 2334 1696 paulo
2376 1631 2538 1695 post:
2580 1642 2598 1679 ι
2635 1620 2887 1693 Nunquid
2924 1622 3033 1679 scis
3070 1636 3243 1694 quare
3283 1622 3530 1678 venerim
3578 1620 3650 1689 ad
3678 1623 3765 1678 te?

2176 1715 2243 1771 Et
2264 1730 2406 1771 nunc
2432 1722 2674 1770 revertar
2702 1722 2764 1769 ut
2789 1713 3003 1784 prtulier
3029 1715 3288 1772 adversus
3314 1714 3621 1787 principem
3640 1714 3767 1769 Per-

476 1805 629 1885 ιυιο;
677 1814 873 1865 caetera
898 1804 1354 1862 vero‘medietate
1405 1806 1471 1862 de
1524 1807 1672 1867 omni
1716 1807 2074 1867 decimation’e
2106 1828 2151 1889 Β
2177 1828 2383 1870 sarum.
2416 1832 2435 1867 ι
2474 1813 2858 1877 Verumtamen
2914 1810 3060 1866 nullo
3104 1809 3265 1869 modo
3303 1807 3639 1875 credendum
3687 1816 3766 1863 est

473 1908 529 1968 et
571 1906 737 1966 terra,
788 1897 949 1963 sicuti
997 1897 1066 1952 ad
1112 1898 1287 1969 ipsam
1335 1898 1680 1959 medietatem
1734 1899 1799 1954 de
1840 1897 1954 1968 jam
2002 1900 2076 1953 di-

473 2002 561 2059 cta
597 1991 754 2075 plebe
788 1992 1064 2065 pertinere
1116 1991 1347 2055 videtur.
1395 1992 1470 2047 Ea
1517 1992 1727 2050 scilicet
1765 1994 1993 2063 ratione,
2030 1995 2072 2049 si

428 2134 431 2139 .
475 2098 805 2157 quocunque
853 2093 1096 2155 tempore
1145 2086 1385 2153 peccatis
1435 2085 1844 2151 imminentibus
1898 2087 2075 2161 ipsum

469 2191 718 2248 arentum
765 2176 1101 2231 destructum
1150 2173 1343 2241 fuerit,
1412 2185 1539 2231 tunc
1583 2193 1742 2246 supra
1777 2178 1919 2233 dicta
1965 2194 2078 2235 tne-

430 2254 433 2259 λ
476 2269 652 2339 dictas
678 2268 746 2327 de
772 2267 885 2339 jam
913 2266 1059 2321 dicta
1093 2263 1247 2337 plebe
1286 2267 1458 2325 sancti
1492 2266 1762 2343 Valentini
1813 2284 1934 2327 cum
1964 2284 2077 2325 me-

474 2359 680 2429 dietate
713 2360 780 2416 de
828 2368 971 2421 terra
1005 2367 1061 2413 et
1083 2359 1383 2417 medietate
1413 2359 1775 2419 decimatione
1806 2378 1924 2428 sua,
1971 2363 2078 2419 sic-

473 2450 556 2519 uti
608 2448 677 2515 ad
732 2449 905 2523 ipsam
955 2450 1303 2511 medietatem
1363 2453 1636 2531 pertinere
1686 2454 1897 2509 videtur
1953 2470 2076 2510 cum

426 2604 433 2609 ,
479 2542 589 2619 hac
636 2542 908 2625 scriptura
964 2541 1017 2599 in
1064 2544 1454 2601 monasterium
1507 2548 1680 2603 sancti
1724 2545 1947 2602 Joannis
1993 2548 2079 2601 de-

472 2635 665 2715 veniat
687 2633 836 2711 juris
882 2636 1208 2693 auctoritate
1240 2637 1502 2707 episcopi,
1535 2638 1608 2694 ita
1642 2648 1698 2693 ut
1746 2654 1844 2694 suo
1875 2640 2073 2703 stmlio,

482 2741 694 2798 suoque
725 2725 913 2783 labore
966 2738 1268 2787 memorato
1315 2728 1477 2784 Petro
1517 2730 1781 2787 Damiano
1820 2732 2076 2803 episcopo

475 2820 698 2892 plebem
732 2821 906 2892 ipsam
942 2821 1293 2877 medietatem
1345 2824 1666 2879 nominatim
1714 2840 1835 2878 cum
1877 2826 2076 2880 medie-

479 2921 595 2969 tate
624 2912 692 2969 de
716 2923 859 2968 terra
895 2922 952 2967 et
980 2914 1273 2970 medietate
1304 2915 1663 2970 decimatione
1687 2932 1785 2971 sua
1820 2916 1870 2971 in
1896 2916 2076 2971 omni—

474 3004 582 3060 bus
606 3012 790 3061 tenere
812 3012 866 3059 et
893 3004 1173 3074 possidere
1214 3004 1451 3060 debeant
1474 3006 1588 3076 ipse
1623 3015 1678 3060 et
1714 3006 1795 3061 sui
1825 3006 2075 3062 monachi

476 3096 777 3150 eremitarii
820 3096 875 3149 in
915 3104 1255 3166 perpetuum.
1281 3095 1397 3164 Qua
1422 3113 1520 3167 pro
1541 3113 1820 3153 causa.....
1851 3099 2075 3155 missum

2183 1904 2326 1965 inter
2355 1904 2576 1977 angelos
2603 1918 2740 1975 quos
2776 1917 2988 1959 summa
3024 1901 3118 1958 Dei
3154 1915 3259 1973 pas
3298 1908 3471 1968 tenet,
3494 1899 3589 1971 qui
3630 1900 3769 1961 sciti-

2180 2004 2269 2053 cet
2319 2006 2613 2068 exsuperat
2659 2011 2874 2053 omnem
2931 2009 3184 2063 sensum,
3234 1994 3571 2055 intervenire
3616 2010 3767 2068 mea

2180 2081 2527 2153 discordiam.
2574 2087 2710 2155 Quia
2768 2103 2898 2147 vero
2950 2086 3162 2158 populi,
3209 2086 3409 2157 quibus
3459 2086 3540 2143 illi
3594 2086 3767 2158 angeli

2180 2188 2469 2250 prmerant,
2500 2178 2701 2237 diversi
2730 2194 2761 2232 a
2788 2194 2847 2234 se
2876 2178 3107 2234 invicem
3136 2176 3544 2244 discordabant,
3572 2176 3768 2240 idcirco

2180 2274 2406 2345 angelus
2445 2273 2643 2329 dicitur
2677 2272 2943 2333 adversus
2984 2270 3236 2340 angelum
3273 2270 3366 2340 qui
3405 2270 3513 2329 sibi
3555 2270 3768 2333 restite-

2180 2372 2266 2418 rat
2302 2362 2555 2434 prazliari.
2584 2362 2698 2421 lloc
2730 2362 2911 2432 itaque
2939 2362 3099 2419 modo
3138 2368 3195 2416 et
3228 2359 3397 2421 abbas
3430 2358 3767 2427 monasterii,

2181 2462 2234 2509 et
2272 2453 2422 2524 prior
2460 2453 2630 2515 eremi
2679 2452 2818 2511 inter
2856 2468 2916 2509 se
2962 2452 3194 2506 invicem
3239 2464 3382 2521 sepe
3419 2450 3769 2516 dissentiunt,

2180 2543 2437 2615 quoniam
2475 2552 2529 2597 et
2562 2559 2749 2605 eorum
2780 2542 3003 2611 subditi,
3032 2541 3263 2599 diversis
3301 2550 3521 2601 utentes
3556 2541 3768 2612 regulis,

2180 2648 2288 2691 non
2345 2634 2586 2704 ejusdem
2644 2633 3075 2689 conversationis
3127 2632 3374 2691 instituta
3436 2631 3766 2689 custodiunt.

2184 2722 2337 2783 Unde
2376 2740 2473 2781 nos
2509 2740 2695 2780 eorum
2736 2724 2879 2797 paci,
2917 2724 3060 2794 quod
3105 2722 3263 2777 nobis
3299 2722 3586 2781 connuissi
3627 2730 3766 2788 sunt,

2183 2830 2405 2873 necesse
2450 2826 2534 2871 est
2583 2817 2885 2887 providere,
2919 2826 2971 2869 et
3016 2813 3212 2869 futuris
3255 2813 3643 2869 scandalorum
3686 2827 3769 2869 ve.

2182 2909 2401 2979 pribns,
2452 2923 2519 2964 ne
2563 2922 2660 2979 per
2706 2908 3044 2962 incrementa
3091 2904 3366 2975 ipsorum,
3413 2903 3561 2973 quod
3612 2904 3764 2970 absit,

2181 3002 2499 3073 pestilenter
2544 3001 2884 3064 oboriantur,
2926 3013 3239 3055 occurrere.
3288 2997 3636 3067 Quapropter
3677 3007 3769 3064 ego

2184 3088 2376 3150 Petrus
2412 3103 2667 3163 peccator
2707 3093 3007 3146 monaclms
3049 3092 3100 3145 in
3141 3090 3361 3144 nomine
3398 3089 3496 3143 Dei
3527 3088 3770 3158 omnipo-

480 3196 567 3244 est
620 3187 751 3243 dare
800 3196 963 3257 atque
1014 3189 1219 3259 inferre
1267 3191 1497 3253 debeant
1549 3192 1857 3261 supradicto
1910 3192 2072 3248 Petro
2100 3208 2146 3272 α
2181 3186 2345 3242 tentis
2399 3184 2578 3243 Patris
2609 3192 2660 3243 et
2692 3183 2814 3245 Filii
2874 3193 2930 3249 et
2983 3182 3219 3255 Spiritus
3250 3180 3448 3246 sancti,
3481 3195 3552 3236 ex
3584 3189 3769 3236 aucto-

479 3279 743 3335 Damiano
769 3281 1024 3350 episcopo
1053 3280 1273 3350 suisque
1297 3283 1599 3349 monachis,
1628 3283 1953 3348 rationibus,
1989 3286 2072 3339 in-

476 3368 562 3425 fra
594 3370 800 3440 scripto
841 3370 1137 3424 venerabili
1196 3373 1449 3442 episcopo
1494 3374 1720 3443 singulis
1771 3375 2076 3445 quibusque

481 3463 643 3519 annis
700 3463 818 3517 sine
875 3462 1058 3532 aliqua
1126 3478 1277 3518 mora
1334 3465 1417 3519 vel
1477 3465 1739 3521 dilatione
1800 3467 2076 3537 pensionis

478 3554 701 3609 nomine
732 3554 787 3609 in
839 3553 1134 3609 festivitate
1182 3555 1354 3610 sancti
1396 3555 1538 3610 Petri
1580 3558 1925 3612 denariorum
1966 3556 2072 3613 Ve-

481 3646 787 3703 neticorum
835 3646 1038 3702 solidos
1085 3662 1314 3702 numero
1347 3656 1456 3701 tres
1510 3648 1863 3705 minutorum.
1915 3649 2072 3717 Quod

485 3740 531 3795 si
584 3740 869 3811 quisquam
896 3755 1086 3795 eorum
1132 3749 1322 3796 contra
1369 3743 1510 3797 hanc
1538 3741 1722 3812 placiti
1763 3745 2076 3799 conventio-

480 3818 675 3905 n'isqite
728 3820 987 3888 chartulae
1034 3834 1228 3889 seriem
1280 3835 1331 3888 in
1379 3844 1489 3890 tota
1539 3844 1696 3906 parte
1747 3836 1919 3907 plebis
1959 3837 2075 3907 ejus

478 3929 727 4019 quolibet
750 3929 911 3998 modo
938 3928 1126 3984 venire
1172 3930 1481 3996 tentaverit,
1512 3940 1641 3986 tunc
1677 3931 1922 3985 daturi...
1959 3933 2075 4002 ejus

479 4014 920 4105 promittunt...”
951 4020 1125 4103 partis
1169 4020 1310 4076 idem
1344 4037 1564 4078 servare
1605 4032 1732 4078 ante
1757 4038 1918 4078 omne
1964 4024 2075 4080 litis

480 4109 697 4166 initium
725 4125 898 4181 pinnae
936 4113 1157 4168 nomine
1189 4113 1305 4168 auri
1352 4114 1477 4169 boni
1508 4116 1674 4171 libras
1701 4131 1815 4180 sex,
1859 4125 1912 4172 et
1953 4125 2075 4188 post

485 4203 718 4261 solutam
746 4218 961 4273 poenam
996 4204 1138 4260 hanc
1183 4204 1477 4261 inﬁcteosis
1520 4207 1741 4262 eartnlre
1771 4208 1966 4263 seriem
2020 4210 2073 4264 in

489 4311 645 4353 suam
700 4304 917 4351 maneat
966 4295 1302 4352 ﬁrmitatem.
1360 4297 1469 4353 Has
1523 4307 1704 4355 autem
1763 4299 1898 4354 duas
1956 4301 2076 4355 uui-

484 4387 663 4447 forme
713 4403 822 4443 uno
877 4396 1068 4443 tenore
1126 4389 1464 4458 conscriptas
1510 4391 1732 4445 chartas
1774 4392 1908 4446 mihi
1955 4392 2075 4448 Ste-

486 4482 669 4553 phano
707 4479 960 4550 scriptori
997 4487 1199 4535 saneta:
1227 4478 1485 4537 Romanm
1516 4481 1775 4539 Ecclesia:
1830 4485 2076 4540 scriben-

2185 3280 2347 3334 ritate
2393 3295 2727 3335 summormu
2762 3276 3132 3347 apostolorum
3169 3274 3313 3329 Petri
3348 3283 3403 3329 et
3432 3273 3618 3341 Pauli,
3644 3287 3775 3343 quo-

2185 3389 2302 3428 rum
2338 3388 2438 3444 ego
2469 3373 2591 3428 licet
2629 3372 2906 3442 indignum
2936 3368 3194 3424 famulum
3224 3383 3313 3424 me
3339 3382 3461 3424 esse
3491 3367 3770 3439 proﬁteor,

2183 3468 2543 3539 praesentibus
2592 3477 2648 3521 et
2699 3464 3168 3521 consentientibus
3214 3471 3377 3532 atque
3426 3461 3772 3517 laudantibus

2182 3561 2429 3617 Guidone
2468 3558 2771 3613 clarissimo
2803 3556 3004 3611 comite
3042 3564 3096 3609 et
3130 3552 3423 3608 Ermellina
3465 3553 3587 3624 ejus
3629 3566 3774 3609 sere-

2182 3653 2407 3708 nissima
2451 3666 2642 3714 uxore,
2676 3642 2968 3711 constituo,
3002 3646 3195 3720 ordino
3231 3652 3398 3714 atque
3428 3643 3687 3707 decerno,
3718 3650 3774 3697 ut

2183 3744 2377 3797 amodo
2402 3752 2456 3796 et
2489 3742 2745 3808 deinceps
2777 3729 2835 3791 in
2860 3744 3176 3807 perpetuum
3204 3746 3420 3788 eremus
3445 3732 3773 3800 Gammugni

2181 3838 2412 3907 quodam
2461 3833 2802 3888 discretionis
2854 3822 3223 3885 moderamine
3268 3835 3324 3883 et
3364 3825 3536 3881 libera
3578 3827 3672 3891 sit,
3721 3834 3773 3881 et

2181 3926 2444 3997 subjecta.
2494 3926 2689 3979 Libera
2728 3921 2972 3995 quidem,
3001 3921 3045 3975 si
3088 3920 3139 3974 in
3188 3935 3287 3975 suo
3333 3927 3479 3973 statu
3522 3933 3774 4001 perman-

2181 4024 2334 4088 serit,
2365 4024 2466 4079 hoc
2497 4030 2582 4075 est
2621 4020 2665 4075 si
2699 4028 3024 4075 conventum
3065 4014 3458 4071 monachorum
3498 4010 3771 4075 habuerit,

2181 4114 2273 4184 qui
2316 4113 2482 4166 vitam
2525 4109 2873 4166 eremeticam
2915 4114 3135 4161 teneant
3168 4113 3223 4158 et
3254 4103 3352 4159 sub
3392 4102 3577 4173 priore
3622 4115 3773 4172 regu-

2178 4204 2367 4259 lariter
2408 4202 2618 4268 vivant;
2658 4199 2898 4269 subjecta
2936 4214 3066 4252 vero
3114 4197 3167 4251 in
3216 4196 3320 4251 hoc
3366 4194 3765 4259 tantummodo,

2180 4309 2242 4353 ut
2266 4313 2363 4368 per
2392 4308 2833 4365 unumquemque
2872 4306 3072 4346 annmn
3111 4287 3500 4344 monasterium
3530 4285 3772 4341 Acerete

2180 4391 2463 4447 duodecim
2510 4386 2771 4443 Denarios
2800 4384 3187 4440 Veneticorum
3225 4396 3325 4452 pro
3356 4380 3624 4451 pensione
3654 4392 3776 4448 per-

2179 4484 2373 4541 solvat.
2406 4483 2614 4538 Prazter
2649 4482 2766 4536 haec
2807 4478 3013 4534 nullmn
3054 4478 3143 4549 jus
3187 4475 3499 4545 nullamque
3537 4481 3775 4545 potesta-

483 4576 612 4641 dum
643 4573 848 4646 pariter
897 4571 1260 4640 dictaverunt,
1307 4587 1509 4653 easque
1547 4574 1781 4645 propriis
1822 4576 2074 4633 manibus
2099 4577 2153 4639 Ι)
2184 4587 2293 4632 tem
2332 4573 2417 4630 vel
2458 4573 2719 4629 ditionem
2765 4570 3018 4625 abbatem
3068 4569 3198 4623 dicti
3243 4565 3565 4621 monasterii
3613 4578 3773 4635 super

487 4654 810 4733 roborantes
853 4664 1185 4718 testium.....
1226 4663 1544 4720 obtulerunt
1595 4666 2069 4733 subscribendum,

480 4766 538 4831 et
566 4758 668 4814 sibi
706 4756 937 4823 invicem
961 4754 1299 4811 tradiderunt
1327 4757 1426 4819 sub
1456 4756 1805 4827 stipulatione
1830 4768 1885 4817 et
1910 4776 2074 4832 spon-

484 4851 640 4907 sione
689 4850 1005 4919 solemnitet'
1052 4850 1467 4933 interponenlis,
1512 4864 1642 4920 etc.,
1675 4853 1778 4913 sub
1803 4853 1892 4911 die
1932 4870 2074 4917 anno

483 4939 828 5012 pontiﬁcatus
856 4941 908 4995 in
941 4955 1126 5003 mense
1147 4948 1200 4995 et
1221 4939 1515 4997 indictione
1541 4944 1849 5012 supradicta
1873 4944 2071 5016 prima.

485 5029 601 5101 Ego
638 5029 831 5085 Petrus
866 5031 1177 5087 Faventiam
1220 5030 1474 5096 Ecclesia:
1530 5034 1816 5105 episeOpus
1867 5050 1968 5101 ss.,
2015 5043 2071 5090 et

484 5119 736 5177 Riculqu
765 5122 1176 5191 archiplebanus
1199 5122 1439 5181 interfuit
1464 5126 1615 5183 testis
1639 5140 1712 5180 ss.
1739 5125 1779 5197 ἰ-
1802 5125 1913 5198 Ego
1937 5126 2075 5183 Grc-

486 5209 675 5264 uorius
700 5210 980 5264 uresbvter
1008 5213 1271 5264 canonice
1312 5215 1485 5264 sancti
1513 5214 1726 5264 iri'ariini
1755 5215 2075 5264 Egtlltiensis

2181 4667 2354 4738 ipsum
2405 4678 2649 4720 eremum
2680 4662 2903 4733 ejusque
2931 4658 3288 4731 pertinentias
3316 4655 3403 4711 vel
3433 4655 3773 4711 habitatores

2179 4757 2300 4828 ejus
2340 4755 2542 4811 habere
2582 4753 2966 4816 concedimus;
3010 4750 3214 4807 nntium
3253 4749 3437 4817 itaque
3466 4746 3561 4819 jus
3594 4745 3769 4809 delui-

2178 4848 2312 4915 nici,
2342 4847 2562 4903 virtutis
2598 4862 2661 4901 ac
2689 4843 2973 4915 potestatis
2998 4843 3169 4898 abbas
3196 4838 3310 4908 jam
3340 4838 3469 4894 dicti
3498 4844 3771 4895 monaste-

2178 4942 2244 4997 rii
2272 4942 2387 4998 sive
2417 4956 2514 5012 per
2544 4955 2619 5004 se,
2653 4939 2767 4994 sive
2789 4951 2883 5009 per
2905 4952 3051 5000 suos,
3084 4935 3175 5005 qui
3208 4936 3375 4988 vitam
3417 4931 3768 4988 eremeticam

2179 5032 2429 5088 fortassis
2460 5031 2744 5102 elegerint,
2784 5030 2893 5086 illic
2933 5029 2999 5084 ad
3041 5025 3394 5084 habitandum
3435 5025 3765 5081 constituere

2177 5126 2359 5181 liceat.
2403 5124 2606 5180 Neuter
2637 5124 2818 5194 itaque
2855 5122 3005 5178 locus
3044 5122 3201 5176 alteri
3229 5120 3354 5185 nisi,
3384 5119 3531 5175 sicut
3565 5117 3764 5177 dictum

2178 5222 2291 5262 est-
2343 5214 2675 5260 dnminnndn
2727 5213 3041 5258 mur-sitiant-
3091 5212 3184 5256 and
3239 5210 3481 5254 fraterna
3533 5208 3767 5252 altaria:
