3950 5344
167 283 274 344 an
477 269 482 272 ’
513 255 526 294 ³
1342 275 1674 336 CAIETAM
1723 273 1944 336 EPIST.
1983 225 2294 368 NthCUP:

3357 282 3466 342 50%

169 417 348 464 tamen
385 407 580 458 monte
603 400 656 454 in
681 395 1028 470 possessione
1053 393 1370 452 monasterii
1398 401 1772 464 permanente.
1801 399 1852 460 Α
1881 391 2138 463 praedicta
2171 405 2388 448 eremus
2429 393 2498 450 ad
2535 391 2806 450 deiectum
2835 393 3100 462 evenerit,
3133 392 3206 450 ita
3239 401 3300 450 ut
3333 409 3464 454 con-

167 498 244 556 ΔΙ)
279 496 408 552 istis
447 495 638 564 itaque
663 491 804 548 locis
839 491 1026 548 omnia
1069 505 1191 561 qua!
1237 489 1306 544 ad
1345 495 1602 544 montana
1641 501 1774 542 con—

169 591 398 648 tendunt
447 601 670 642 eremus
717 592 918 650 teneat,
961 583 1012 638 id
1049 591 1134 638 est
1177 599 1206 638 a
1245 581 1506 654 praedicta
1551 577 1774 634 Iumen-

169 684 290 740 tella
321 689 382 738 et
406 679 676 754 praedicto
709 685 890 732 monte
931 675 1186 732 Rotuudo
1217 691 1313 746 per
1343 677 1516 744 ipsam
1543 685 1770 728 curren-

169 781 294 834 tiam
327 773 582 830 ﬂuminis
613 785 784 842 usque
811 771 878 824 ad
905 778 1144 826 montem
1173 768 1462 832 Ceresam;
1495 765 1616 822 alia:
1642 778 1772 820 vero

171 871 330 940 Alpes
371 866 664 937 aequaliter
697 865 840 918 inter
870 877 1116 918 eremum
1159 870 1216 916 et
1257 859 1648 916 monasterium
1691 857 1772 914 di-

169 963 444 1018 vidantur.
501 958 716 1014 Habeat
757 957 924 1012 etiam
978 971 1196 1012 eremus
1251 953 1538 1010 ecclesiam
1597 952 1770 1008 sancti

172 1056 358 1113 Donati
393 1055 448 1108 in
479 1053 770 1110 Mutiliano
797 1067 922 1108 eum
957 1049 1211 1106 omnibus
1251 1048 1366 1104 suis
1405 1047 1768 1118 pertinentiis,

171 1147 408 1216 exceptis
460 1145 678 1200 duobus
721 1141 1068 1204 molendinis,
1097 1155 1218 1210 quae
1265 1139 1442 1208 ipsum
1493 1147 1770 1194 monaste-

175 1243 302 1295 rium
347 1245 541 1302 tenet,
585 1245 640 1292 et
683 1236 916 1291 insulam
957 1233 1114 1303 juxta
1157 1231 1462 1288 molendiua
1514 1230 1766 1300 positam.

175 1333 354 1401 inqua
395 1328 496 1400 qui
539 1343 604 1384 ea
643 1327 976 1391 custodiunt,
1009 1325 1170 1380 modo
1205 1323 1455 1378 habitare
1495 1321 1766 1387 videntur,

141 1445 152 1454 -ν
175 1431 222 1476 et
255 1437 374 1490 quae
413 1434 519 1489 per
563 1417 872 1472 donationis
911 1417 1164 1487 paginam
1209 1429 1238 1468 a
1283 1412 1642 1470 donatoribus
1673 1411 1772 1468 ob-

175 1511 312 1566 venit
345 1508 586 1580 praefato
613 1523 798 1563 eremo
823 1507 876 1562 in
907 1507 1026 1562 loco
1063 1505 1336 1576 Fagnaula
1377 1513 1434 1560 et
1471 1503 1526 1558 in
1571 1501 1770 1558 Pozolo

179 1602 328 1658 simili
370 1600 540 1656 modo
573 1608 892 1670 permaneat
925 1599 1038 1670 jam
1077 1597 1226 1654 dicto
1257 1595 1607 1658 monasterio,
1641 1610 1766 1650 nam

184 1711 414 1766 campum
459 1695 716 1750 Livet-ani
767 1701 1084 1764 permaneat
1127 1706 1334 1748 eremo.
1385 1689 1592 1746 Cuncta
1638 1703 1768 1744 vero

1879 494 2100 540 ventum
2130 485 2520 540 monachorum
2549 502 2656 542 non
2699 485 2916 552 habeat,
2939 494 2994 541 et
3023 486 3216 544 saltem
3252 495 3363 544 tres
3387 488 3470 544 ibi-

1877 579 2078 636 t'ratres
2103 593 2208 634 non
2239 578 2348 634 sint
2373 579 2464 649 qui
2493 580 2789 636 secundum
2819 589 3135 636 consuetam
3163 580 3332 656 ipsius
3356 580 3465 646 loci

1875 670 2212 726 eremiticam
2263 671 2504 742 regulam
2551 673 2762 740 vivant,
2811 683 2940 730 tunc
2981 683 3040 732 et
3079 689 3144 732 eo
3177 690 3310 732 casu
3345 676 3464 748 ipsa

1877 777 2093 818 eremus
2123 777 2246 818 cum
2279 763 2392 818 suis
2431 765 2772 834 pertinenliis
2803 763 3134 840 juribus.....
3177 767 3464 838 ipsumque

1875 855 2170 912 locum.....
2205 855 2304 912 sub
2335 871 2552 912 sua.....
2585 857 2809 928 Insuper
2843 873 2942 914 nos
2971 859 3147 914 Guido
3175 868 3232 912 et
3267 859 3462 916 Erme-

1875 947 1986 1002 lina
2035 948 2314 1003 eomitissa
2365 963 2486 1004 mea
2539 966 2675 1005 uxor
2709 951 3058 1022 spondimus,
3099 953 3464 1024 promittimus

1875 1050 2040 1112 atque
2093 1040 2396 1112 obligamus
2452 1043 2741 1100 abbatibus
2797 1046 3042 1116 praedicti
3105 1047 3462 1116 monasterii,

1873 1137 2018 1206 quod
2059 1137 2102 1192 si
2141 1127 2384 1192 deﬁnitio
2431 1139 2688 1208 praedicta
2731 1155 2762 1194 a
2791 1141 2990 1196 domno
3029 1140 3194 1198 Petro
3233 1158 3463 1200 venerit-.-

1873 1232 1970 1286 bili
2013 1231 2258 1303 pontiﬁci
2302 1233 2460 1288 nobis
2505 1234 2994 1300 consentientibus,
3028 1243 3086 1290 ut
3115 1237 3320 1292 dictum
3359 1245 3464 1306 est,

1874 1326 2018 1382 inter
2049 1327 2440 1384 monasterium
2481 1337 2538 1382 et
2581 1343 2826 1384 cretnum
2857 1329 3002 1384 facta
3037 1331 3311 1386 custodire
3349 1347 3464 1390 mo-

1873 1419 2064 1489 disque
2091 1420 2344 1476 omnibus
2371 1421 2693 1488 observare;
2737 1429 2793 1474 et
2821 1421 2887 1486 si,
2921 1421 3062 1490 quod
3095 1421 3259 1488 absit,
3287 1420 3475 1492 aliqua

1872 1511 2162 1568 occasione
2203 1526 2446 1568 ercmum
2481 1511 2594 1582 jam
2637 1513 2841 1568 dicttun
2873 1514 2940 1568 ad
2973 1513 3198 1568 nihilum
3231 1514 3468 1572 devene-

1873 1605 1966 1670 rit,
2003 1621 2108 1660 non
2157 1605 2458 1662 habeamus
2505 1607 2782 1662 licentiam
2836 1623 2936 1662 nec
2981 1615 3304 1676 potestatem
3349 1607 3470 1662 aliae

1873 1695 2120 1752 ecclesia:
2159 1697 2306 1754 illam
2345 1698 2632 1754 ecclesiam
2665 1699 2750 1752 vel
2783 1715 3003 1769 quoquo
3047 1701 3206 1754 modo
3235 1715 3468 1754 consen—

181 1803 502 1861 quzecunque
533 1788 708 1842 nostri
732 1787 872 1858 juris
918 1794 1044 1840 sunt
1077 1785 1192 1840 Sive
1217 1785 1270 1838 in
1295 1783 1620 1847 TI‘eUdaCiO.
1653 1783 1770 1836 Sive
1799 1784 1844 1846 Β
1875 1789 1999 1856 tire,
2033 1789 2115 1844 vel
2165 1791 2212 1846 si
2255 1799 2444 1846 contra
2487 1792 2602 1846 haec
2639 1791 2965 1858 fecerimus,
3003 1806 3330 1862 componere
3369 1807 3470 1854 nos

184 1882 230 1936 in
261 1881 558 1949 Rivagutti,
595 1880 708 1934 sive
751 1880 804 1932 in
841 1878 1100 1942 ilosamo,
1129 1877 1246 1934 sive
1285 1876 1450 1932 etiam
1491 1875 1543 1930 in
1581 1875 1769 1930 Casta-

185 1973 376 2043 gnaria,
419 1973 542 2026 sive
583 1972 636 2026 in
669 1969 1018 2026 Corenla.....
1053 1969 1138 2026 vcl
1177 1970 1232 2024 in
1270 1968 1602 2039 quibuslibet
1631 1968 1766 2024 locis

189 2066 350 2121 omnia
376 2065 780 2120 monasterium
807 2065 924 2120 sine
947 2065 1054 2118 ulla
1079 2080 1306 2134 prorsus
1331 2065 1766 2120 contradictione

189 2155 442 2226 possideat
467 2172 600 2211 cum
635 2165 748 2211 toto
772 2155 894 2224 jure
923 2157 1068 2225 quod
1101 2156 1362 2211 habemus
1399 2156 1452 2210 in
1485 2165 1764 2210 monaste-

190 2251 258 2305 rio
295 2251 464 2306 sancti
499 2243 806 2305 Benedicti.
851 2248 962 2304 Hac
1001 2249 1164 2302 etiam
1195 2257 1382 2304 nostra
1407 2249 1769 2318 praeceptione

191 2341 508 2398 decernimus
549 2351 612 2396 ut
647 2340 1038 2396 monasterium
1073 2347 1128 2394 et
1162 2353 1380 2394 eremus
1411 2339 1513 2394 hoc
1539 2339 1684 2392 inter
1709 2353 1768 2394 se

191 2435 394 2490 invicem
425 2435 689 2498 debeant,
723 2442 988 2504 quatenus
1025 2447 1150 2488 cum
1190 2433 1560 2488 necessarium
1602 2431 1768 2486 fuerit

192 2539 242 2586 ut
276 2531 667 2584 monasterium
716 2527 966 2582 inﬁrmos
1007 2527 1204 2582 fratres
1242 2527 1412 2582 eremi
1449 2527 1514 2580 ad
1553 2526 1770 2580 refecit-

193 2621 382 2676 landum
429 2630 486 2676 et
537 2620 960 2676 sustentandum
998 2633 1172 2690 usque
1205 2621 1274 2672 ad
1317 2619 1606 2672 sanitatem
1645 2633 1768 2674 eum

195 2713 384 2768 licentia
427 2713 640 2785 prioris
687 2713 926 2768 fraterna
977 2710 1316 2781 benignitate
1367 2709 1660 2778 suscipiat,
1711 2715 1766 2762 ct

197 2805 410 2858 crcmitte
447 2803 658 2860 fratres
695 2803 996 2858 monachos
1025 2803 1092 2856 de
1125 2801 1452 2856 monasterio
1485 2801 1766 2856 venientes

194 2911 294 2952 cum
332 2897 556 2954 licentia
597 2897 812 2952 abbatis
859 2895 1093 2952 libenter
1140 2895 1448 2950 admittant.
1507 2894 1662 2961 Quod
1717 2894 1764 2948 si

1875 1895 1998 1936 cum
2031 1882 2236 1938 nostris
2277 1882 2401 1938 ﬁliis
2431 1893 2485 1936 et
2518 1883 2824 1938 han'edibus
2861 1884 3230 1953 promittimus
3258 1884 3471 1938 abbati-

1873 1975 2002 2038 bus,
2052 1975 2124 2028 ibi
2168 1989 2264 2044 per
2305 1985 2550 2045 tempora
2599 1974 3064 2040 deservientibus,
3111 1975 3230 2030 auri
3278 1975 3470 2046 optimi

1871 2065 2040 2122 libras
2085 2067 2294 2132 decem,
2323 2068 2394 2122 ita
2447 2075 2628 2124 tamen
2677 2076 2736 2122 ut
2781 2077 2904 2138 post
2945 2067 3180 2124 solutam
3225 2083 3464 2140 pinnam,

1875 2159 2122 2214 deﬁnitio
2147 2168 2202 2214 et
2228 2159 2487 2230 obligatio
2519 2161 2572 2215 in
2597 2175 2694 2216 sua
2721 2159 2979 2216 ﬁrmitate
3011 2161 3285 2230 perduret.

1945 2249 2058 2320 Ego
2084 2249 2458 2306 Cinnamellus
2489 2251 2738 2306 notarius
2765 2251 2832 2306 de
2861 2251 3138 2306 territorio
3167 2250 3471 2308 Faventino

1875 2349 2096 2409 rogatus
2137 2355 2166 2394 a
2213 2342 2473 2410 praedicto
2515 2340 2762 2397 Guidone
2813 2342 2998 2398 comiti
3041 2351 3096 2396 ct
3139 2357 3234 2396 sua
3279 2358 3468 2414 uxore,

1875 2447 1975 2486 nec
2025 2447 2130 2486 non
2179 2447 2206 2486 a
2255 2432 2454 2488 domno
2491 2434 2788 2488 venerabili
2825 2433 2989 2490 Petro
3019 2433 3294 2505 pontiﬁce,
3330 2435 3470 2506 hanc

1877 2526 2248 2582 deﬁnitionem
2281 2535 2338 2581 et
2367 2527 2752 2598 obligationem
2784 2529 2999 2598 scripsi.

1948 2617 2124 2674 Guido
2163 2634 2345 2674 comes
2385 2629 2439 2674 et
2479 2621 2751 2676 Ermelina
2795 2622 3072 2678 comitissa
3113 2621 3252 2678 hanc
3282 2620 3472 2676 deﬁni-

1880 2713 2078 2767 tionem
2113 2714 2256 2768 inter
2285 2715 2680 2772 monasterium
2711 2722 2766 2770 et
2795 2729 3062 2782 eremum,
3091 2723 3146 2770 et
3183 2713 3470 2784 obligatio-

1875 2820 1998 2860 nem
2031 2806 2271 2864 scribere
2301 2815 2646 2879 rogaverunt.

201 3054 3466 3094 Μ

513 3260 1304 3418 OPERUM
1399 3260 1560 3415 S.
1657 3261 2232 3412 PETRI
2317 3254 3132 3414 DAMIANI

1215 3615 1322 3692 IN
1394 3613 1895 3694 EDITIONE
1948 3613 2440 3694 CAJETANI

795 3875 1561 4029 TOMUS
1769 3775 2910 4015 SECUNDUS

1600 4201 2064 4254 COMPLECTENS

381 4417 1123 4536 SERMONES
1209 4419 1389 4532 ET
1483 4415 2358 4534 SANCTORUM
2445 4417 3256 4562 HISTORIAS.

1641 4669 2041 4686 #-

675 4843 1243 4938 CAJETANI
1325 4839 1908 4938 EPISTOLA
1984 4843 2055 4931 N
2081 4839 2966 4936 UNCUPATORIA.

1634 5067 2034 5088 ﬂ
