3950 5344
474 315 579 372 sos
1071 314 1129 371 s.
1171 296 1377 374 PETRI
1416 314 1702 373 nasum
1741 315 1892 375 ore.
1933 314 2112 368 PARS
2154 313 2281 368 sai
2326 311 2559 369 'SOMUS
2596 313 2661 371 ll.
2702 346 2771 356 -
2809 315 3198 374 SERMONES.
3659 318 3757 373 ait

468 446 579 503 que
605 429 942 500 conscriptas
966 442 1126 499 quam
1158 428 1476 499 eloquenter
1510 428 1755 483 laudatas
1784 436 1945 498 atque
1995 434 2305 484 exornatas.
2357 426 2684 486 Sanctorum
2717 444 2848 485 vero
2884 431 3151 500 przeconia
3192 447 3278 487 cu.
3315 433 3499 503 aptius
3532 442 3758 503 possunt

472 532 529 580 et
554 521 982 596 convenientius,
1012 536 1176 594 quam
1202 521 1296 601 tibi
1320 523 1627 579 sanctitatis
1655 522 1935 586 asserturi,
1988 526 2218 591 patrono
2264 531 2322 578 et
2360 522 2585 591 vindici,
2636 525 2991 580 consecrari?
3034 525 3092 581 Si
3141 527 3323 589 enim,
3376 536 3438 583 ut
3486 526 3758 597 Propheta

470 623 680 681 monet,
711 622 1024 670 sanctorum
1050 613 1234 670 laudes
1280 614 1335 669 in
1367 613 1532 668 Deum
1564 624 1690 669 sunt
1742 624 1997 683 tanquam
2040 611 2201 669 ﬁnem
2232 622 2288 669 et
2337 622 2537 669 metam
2588 613 2910 684 dirigendae,
2955 616 3080 687 jure
3105 617 3310 688 optimo
3359 618 3452 672 Dei
3505 616 3563 672 in
3600 618 3759 672 terris

468 708 646 765 vicem
676 707 884 778 gerenti
909 704 1091 762 offerri
1121 707 1340 785 debent,
1379 717 1434 761 ut
1469 707 1588 759 inde
1616 706 1679 759 ad
1715 705 1881 759 Deum
1914 705 2109 775 ipsum,
2159 706 2249 776 qui
2277 720 2487 772 earum,
2536 721 2673 777 quas
2705 706 2758 760 in
2790 707 2995 763 sanctis
3039 706 3345 773 laudamus,
3398 708 3683 767 actionum
3706 717 3756 764 et

470 795 732 853 virtutum
766 796 889 852 fons
912 806 995 853 est
1023 807 1077 853 et
1107 798 1281 869 origo,
1316 804 1677 852 revertantur.
1732 796 1926 852 Petrus
1953 798 2169 867 quidem
2201 798 2315 867 ipse
2354 798 2623 864 Damiani,
2668 799 2760 869 qui
2788 801 2916 854 dum
2968 800 3126 865 vixit,
3170 803 3336 858 totius
3379 802 3645 858 Ecclesia:
3672 817 3757 857 ca-

467 884 708 953 tholicae,
734 895 789 942 et
813 885 1116 958 praesertim
1140 896 1496 942 sacrosancte
1528 888 1674 942 sedis
1706 888 2019 959 apostolicae
2045 882 2451 962 propugnandm
2474 891 2708 947 mirifico
2747 901 2804 947 et
2826 892 3130 949 incredibili
3152 896 3331 951 studio
3358 911 3580 966 semper
3609 911 3758 952 exar-

468 979 546 1037 sit
568 980 735 1052 (quod
777 995 909 1038 sane
936 982 1196 1042 studium,
1224 981 1310 1036 vel
1347 990 1559 1037 tacente
1588 996 1696 1048 me,
1734 982 1857 1038 vitae
1883 981 2001 1052 ejus
2037 991 2093 1038 et
2120 983 2320 1055 ingenii
2347 983 2608 1052 praeclara
2637 986 2973 1042 monimenta
3023 988 3157 1043 satis
3179 988 3505 1059 abundeque
3545 998 3752 1043 testan-

474 1074 612 1147 tur),
634 1076 720 1132 cui
758 1077 941 1147 potius
969 1093 1096 1133 suas
1127 1076 1527 1132 lucubrationes
1556 1078 1764 1133 dicatas
1807 1078 1936 1133 velit
1979 1094 2143 1150 quam
2178 1094 2392 1135 summo
2441 1079 2701 1135 Romana:
2753 1078 2904 1135 urbis
2929 1080 3157 1135 antistiti
3191 1088 3245 1135 et
3296 1079 3629 1135 Christiana:
3658 1078 3757 1132 rci-

410 1198 425 1226 z:
466 1168 697 1241 publica:
723 1170 1092 1226 moderatori?
1117 1170 1224 1224 Par
1252 1179 1337 1225 est
1375 1171 1517 1225 enim
1546 1160 1723 1225 utsuh
1748 1170 1893 1226 illius
1921 1170 2181 1226 Ecclesia:
2230 1171 2536 1241 patrocinio
2576 1170 2864 1227 defunctus
2908 1172 3280 1242 conquiescat,
3335 1186 3436 1242 pro
3465 1186 3577 1240 qua
3610 1170 3760 1225 vivus

408 1314 420 1325 ,
468 1258 687 1315 labores
715 1275 1020 1330 capessere,
1050 1261 1348 1316 certamina
1375 1262 1669 1330 suscipere,
1699 1263 2041 1333 gravissimis
2068 1263 2434 1333 periculorum
2482 1262 2733 1320 ﬂuctibus
2776 1274 2939 1335 caput
2993 1266 3249 1336 objicere,
3289 1266 3519 1320 immota
3544 1276 3759 1332 semper

412 1344 433 1417 εξ
477 1352 785 1408 constantia
816 1361 870 1407 et
892 1350 1125 1408 infracto
1153 1368 1429 1423 generosa:
1457 1354 1651 1409 mentis
1681 1355 1877 1409 ardore
1900 1370 2007 1410 non
2046 1354 2338 1411 recusavit.
2374 1355 2480 1411 Seal
2510 1371 2767 1427 quorsum
2794 1358 2989 1413 attinet
3014 1366 3121 1412 tam
3150 1358 3317 1412 multa
3349 1358 3403 1412 in
3433 1372 3491 1411 re
3519 1356 3755 1411 maxime

474 1451 643 1507 certa,
679 1444 841 1499 verba
884 1443 1252 1513 profundere?
1292 1443 1429 1499 Num
1468 1444 1625 1499 alicui
1652 1445 1873 1500 dubiutn
1902 1453 2077 1516 potest
2106 1461 2227 1502 esse
2255 1447 2384 1516 quin
2413 1447 2654 1503 Ecclesia
2686 1447 2936 1505 Romana
2964 1449 3113 1506 Petri
3151 1450 3395 1504 Damiani
3421 1449 3566 1505 fetus
3587 1447 3759 1503 obviis

473 1536 618 1593 ulnis
641 1528 899 1608 excipiat,
923 1536 1101 1591 foveat
1124 1552 1188 1592 ac
1220 1545 1451 1599 tueatur,
1490 1554 1609 1608 quae
1636 1537 1856 1592 Petrum
1889 1538 2064 1609 ipsum
2096 1539 2367 1593 viventem
2410 1539 2686 1609 praecipua
2736 1538 2969 1610 quadam
2999 1539 3378 1595 benevolentia
3402 1547 3461 1594 et
3488 1538 3761 1593 cbaritate

477 1627 755 1698 complexa
784 1627 911 1682 est?
940 1626 995 1682 ln
1020 1642 1181 1698 quem
1212 1626 1353 1683 ultro
1383 1628 1447 1681 ad
1481 1628 1678 1684 Urbem
1706 1630 2055 1695 accersitum,
2098 1638 2153 1685 ct
2179 1629 2493 1701 reipublicze
2526 1631 2904 1701 gubernaculis
2928 1633 3362 1689 eminentissimo
3393 1638 3561 1703 atque
3586 1631 3757 1686 hono-

469 1719 873 1776 riﬁcentissime
909 1720 1028 1776 loco
1057 1721 1355 1786 admatum,
1414 1731 1491 1776 tot
1523 1723 1789 1778 bonorum
1826 1732 2051 1793 repente
2079 1721 2312 1794 fastigia,
2367 1731 2546 1778 tantas
2585 1733 2740 1779 extra
2785 1726 3037 1781 ordinem
3084 1728 3480 1798 prmi-ogativas
3527 1724 3763 1796 dignita-

472 1824 665 1884 tesque
693 1814 988 1884 congessit,
1017 1823 1250 1885 quantas
1276 1831 1342 1871 ne
1371 1816 1474 1870 civi
1505 1816 1722 1886 quidem
1750 1827 1805 1872 ct
1828 1817 2070 1886 alumno,
2120 1818 2321 1874 nedum
2348 1818 2572 1873 advenae
2608 1827 2665 1874 et
2686 1821 2994 1891 peregrino,
3049 1836 3274 1892 sperare
3305 1821 3573 1877 licuisset.
3631 1816 3762 1885 Quae

470 1910 639 1982 igitur
661 1908 879 1965 Patrem
905 1917 1187 1980 tantopere
1213 1909 1426 1975 dilexit,
1477 1911 1639 1965 etiam
1683 1911 1885 1967 liberos
1929 1910 2045 1979 ejus
2082 1927 2269 1967 amore
2306 1921 2671 1983 prosequatur
2712 1927 2938 1969 necesse
2980 1922 3085 1969 est.
3134 1912 3359 1970 Liberos
3387 1913 3590 1983 quippe
3618 1912 3752 1981 ejus,

472 2011 529 2059 et
556 2004 774 2075 quidem
802 2002 1013 2073 parenti
1041 2000 1365 2066 simillimos,
1394 2002 1723 2059 sanctissimi
1759 2000 1916 2071 hujus
1964 2003 2066 2058 viri
2098 2004 2268 2060 libros
2310 2002 2590 2073 appellare
2621 2019 2729 2058 non
2764 2018 2977 2070 vereor,
3025 2004 3117 2074 qui
3150 2014 3302 2060 tanto
3322 2004 3527 2077 justius
3562 2005 3764 2061 libero-

475 2110 600 2152 rum
643 2109 838 2150 nomen
870 2086 1169 2157 merentur,
1198 2102 1403 2163 quanto
1430 2096 1642 2149 animus
1673 2109 1902 2164 corpore
1931 2094 2278 2164 praestantior
2300 2105 2406 2160 est,
2432 2103 2746 2165 quantoque
2772 2095 2996 2151 caducis
3018 2105 3075 2153 et
3107 2097 3220 2153 cito
3248 2097 3534 2152 morituris
3562 2109 3766 2153 teterna

470 2195 639 2257 atque
668 2185 975 2242 immortale
1011 2184 1213 2255 ingenii
1246 2185 1578 2240 monimenta
1606 2181 1955 2241 antecellunt.
2009 2185 2155 2241 Nihil
2203 2197 2290 2242 est
2319 2201 2475 2258 ergo,
2507 2186 2821 2242 beatissime
2865 2185 3050 2253 Pater,
3079 2202 3178 2242 cur
3207 2187 3261 2241 in
3306 2186 3759 2242 commcndandis

473 2280 577 2336 tibi
607 2280 752 2335 Petri
782 2279 1029 2333 Damiani
1055 2269 1349 2348 Operibus,
1404 2278 1607 2333 diutius
1661 2280 1954 2334 immorer:
2002 2281 2182 2350 potius
2215 2280 2267 2335 in
2300 2293 2386 2335 me
2421 2282 2537 2351 ipso
2569 2290 2674 2336 tua:
2719 2279 2899 2335 tutela:
2945 2295 3009 2336 ac
3038 2278 3337 2334 defensioni
3369 2278 3764 2334 committendo

477 2373 820 2444 aliquantum
850 2370 1111 2443 temporis
1139 2370 1370 2426 fortasse
1404 2384 1803 2435 consumerem,
1861 2371 1962 2426 nisi
1996 2379 2083 2426 tua
2127 2372 2179 2427 in
2220 2388 2305 2426 me
2337 2372 2594 2436 maxima,
2635 2385 2807 2441 eaque
2844 2370 3085 2426 recentia
3133 2368 3396 2425 beneﬁcia
3445 2383 3668 2424 omnem
3690 2370 3757 2424 de

475 2481 540 2524 ea
571 2482 630 2523 re
660 2476 971 2537 susceptum
1013 2465 1253 2522 laborem
1278 2479 1741 2535 supervacaneum
1772 2473 1827 2520 et
1849 2465 2009 2536 plane
2046 2481 2150 2520 non
2183 2464 2554 2522 necessarium
2593 2480 2716 2521 esse
2753 2465 3213 2520 demonstrarent.
3271 2462 3409 2519 Cum
3436 2464 3587 2519 enim
3620 2473 3765 2519 tuam

484 2560 801 2618 facilitatem
826 2558 1263 2630 singularemque
1285 2557 1339 2613 in
1372 2572 1458 2614 me
1483 2559 1800 2613 exornando
1822 2557 1988 2613 animi
2012 2557 2428 2628 propensionem
2458 2557 2689 2621 intueor,
2724 2555 2856 2611 nihil
2900 2553 3117 2611 facilius
3143 2568 3266 2610 esse
3300 2569 3579 2626 cognosco
3602 2570 3767 2625 quam

480 2663 544 2711 ut
567 2669 671 2709 non
713 2637 873 2709 modo
899 2652 1015 2707 haec
1042 2666 1164 2722 qua:
1201 2651 1253 2705 in
1280 2641 1575 2721 praesentia
1607 2650 1864 2715 eduntur,
1910 2649 2005 2703 sed
2037 2650 2203 2703 etiam
2234 2646 2337 2702 alia
2365 2649 2581 2719 egregia
2612 2646 2814 2716 scripta
2870 2643 2937 2700 de
2968 2644 3130 2700 rebus
3177 2643 3368 2708 sacris,
3403 2642 3593 2699 multis
3637 2646 3769 2701 meis

483 2745 765 2800 laboribus
792 2742 1098 2816 vigiliisque
1118 2741 1343 2799 collecta
1374 2750 1430 2797 et
1453 2740 1753 2803 elaborata,
1809 2750 1915 2795 tuae
1944 2739 2295 2811 benignitatis
2322 2739 2600 2809 praesidio,
2660 2738 2715 2792 in
2766 2751 2962 2792 manus
3011 2735 3289 2792 hominum
3324 2736 3601 2803 emittam,
3653 2753 3772 2809 qua:

478 2851 589 2892 non
615 2838 733 2893 sine
760 2839 1066 2894 communis
1094 2837 1348 2893 utilitatis
1380 2835 1597 2903 jactura
1625 2835 1836 2906 publica
1866 2834 1985 2891 luce
2015 2835 2357 2890 fraudantur.
2415 2835 2702 2905 Equidem,
2732 2834 2879 2905 quod
2926 2848 3169 2889 mearum
3213 2832 3451 2902 partimu
3479 2840 3588 2895 est,
3621 2832 3764 2899 serie

475 2930 754 3000 proﬁteor,
784 2940 840 2987 et
872 2933 1052 3003 quoad
1073 2932 1252 2987 vivam
1283 2930 1529 3002 proﬁteri
1557 2944 1662 2985 non
1695 2929 1964 2994 desinam,
2000 2936 2319 2987 curaturum
2351 2943 2437 2984 me
2463 2937 2625 2999 atque
2652 2928 2813 2983 enixe
2835 2941 3057 2998 operam
3090 2925 3365 2989 daturum,
3395 2933 3667 2995 quantum
3698 2922 3754 2976 in

477 3036 567 3077 me
595 3023 720 3088 erit,
752 3031 812 3078 ut
835 3023 1019 3079 omnia
1051 3037 1168 3079 mea
1200 3022 1379 3079 studia
1424 3021 1492 3077 ad
1521 3020 1812 3078 utilitatem
1861 3020 2133 3093 publicam
2177 3032 2233 3077 et
2280 3020 2426 3076 sedis
2459 3018 2771 3090 apostolicae
2808 3019 2974 3075 decus
3015 3016 3591 3086 existimationemque
3634 3012 3772 3068 refe-

480 3124 693 3169 rantur.
724 3114 877 3171 Nunc
902 3115 1068 3171 Deum
1092 3124 1204 3188 opt.
1241 3129 1385 3170 max.
1414 3115 1770 3171 vehementer
1798 3130 1917 3180 oro,
1944 3125 2002 3170 ut
2029 3114 2289 3171 salutaria
2326 3121 2414 3168 tua
2446 3111 2675 3169 consilia
2706 3109 3279 3182 sapientissimamque
3312 3104 3766 3178 gubernationem

478 3207 660 3266 amatu
688 3228 786 3269 suo
818 3211 1037 3286 dirigat,
1068 3221 1406 3285 promoveat,
1433 3220 1488 3268 et
1515 3212 1583 3267 ad
1606 3220 1850 3283 optatum
1880 3218 2097 3283 portum
2124 3210 2438 3281 exitumque
2474 3209 2759 3283 perducat.
2793 3204 2949 3264 Vale.

477 3406 3764 3434 mm

1280 3592 1974 3711 CAJETANI
2061 3589 2865 3707 PR/EFATIO.

546 3968 628 4024 Ea
665 3974 752 4024 est
779 3965 1090 4023 mortalium
1124 3964 1368 4021 omnium
1397 3974 1609 4021 natura:
1635 3964 1721 4021 vis
1755 3972 1919 4035 atque
1946 3980 2077 4019 con-
2108 3954 2153 4012 Α
2184 3982 2246 4022 ac
2273 3966 2420 4021 nullo
2453 3966 2669 4039 negotio
2697 3973 3000 4037 superetur.
3050 3967 3140 4041 .An
3167 3980 3272 4020 non
3294 3981 3421 4036 jure
3460 3969 3673 4039 optimo
3699 3974 3779 4025 ut-

480 4062 636 4129 ditio,
666 4070 730 4116 ut
760 4062 815 4117 in
846 4060 1064 4116 virtutis
1097 4060 1445 4131 capessendae
1490 4058 1692 4126 studio,
1730 4069 1882 4115 recte
1914 4060 2075 4114 insti-
2183 4076 2409 4129 rumque
2425 4058 2769 4128 Gregorium,
2800 4057 3051 4128 Magnum
3079 4073 3296 4130 papam,
3323 4068 3378 4115 et
3402 4058 3775 4117 Turonensem

482 4154 698 4211 tuenda:
739 4153 863 4209 vitae
900 4161 1169 4223 przecepta
1201 4151 1412 4207 facilius
1437 4152 1700 4222 exemplis
1729 4152 2075 4215 conﬁrmata,
2179 4154 2671 4222 al't‘lttt‘pist‘npttttt,
2737 4136 3024 4217 Isidoru'm,
3081 4151 3410 4218 Leandrum,
3446 4152 3777 4224 Hildepbon-

478 4260 643 4317 quam
670 4245 935 4316 simplicia
967 4254 1024 4301 et
1050 4246 1193 4301 nuda
1223 4244 1544 4316 percipiant.
1595 4242 1730 4299 Nam
1758 4261 1880 4301 cum
1909 4245 2076 4301 veteri
2179 4259 2317 4307 sum,
2349 4241 2607 4296 Joannem
2639 4241 3055 4306 Damascenum,
3082 4241 3301 4309 Bedam,
3336 4241 3563 4297 Paulum
3591 4244 3776 4299 Diaco-

482 4336 718 4408 quodam
763 4344 819 4392 et
845 4336 972 4391 trito
998 4335 1144 4407 vulgi
1179 4350 1369 4391 errore
1400 4335 1564 4390 ducta
1611 4349 1742 4405 gens
1798 4337 2075 4391 hominum
2179 4354 2324 4397 Itlllll,
2360 4336 2667 4400 Alt-uinum,
2700 4333 3004 4399 ltabanum,
3032 4334 3391 4407 llaymonem,
3426 4336 3771 4401 Auselmnm,

485 4438 640 4501 putet
673 4445 701 4484 a
734 4427 1008 4485 communi
1057 4442 1351 4501 congressu
1383 4425 1645 4484 offensam
1698 4428 1957 4483 virtutem
1996 4428 2078 4483 fu-
2178 4427 2481 4480 Brttttonem
2524 4424 2835 4495 Signinum,
2901 4424 3264 4491 Bernardum,
3318 4425 3621 4496 Rupertum
3655 4425 3776 4481 Tui-

477 4524 629 4599 gisse
657 4522 710 4577 in
737 4521 1029 4577 altissimos
1060 4527 1292 4587 montes,
1347 4520 1530 4590 ibique
1562 4519 1802 4575 tenebris
1832 4521 2075 4576 occulta-
2182 4521 2404 4573 tiensezn
2471 4520 2646 4585 (taceo
2716 4517 3033 4573 innumeros
3083 4517 3409 4575 Christiana:
3467 4520 3775 4590 reipubliea:

480 4628 614 4683 tam,
649 4612 896 4671 laborum
927 4611 1181 4668 satellitio
1209 4612 1486 4681 stipatam,
1525 4612 1721 4685 degere
1754 4612 1807 4668 in
1835 4613 1919 4668 sui
1948 4631 2080 4670 conr-
2180 4614 2365 4668 Patres
2390 4630 2451 4664 ac
2486 4613 2734 4666 doctores
2755 4612 3172 4683 sanctissimos),
3198 4612 3487 4683 plerosque
3513 4612 3649 4667 alios
3680 4615 3776 4667 lie.

480 4708 831 4781 templatione
876 4705 1109 4770 felicem,
1159 4704 1307 4775 jacet
1338 4706 1427 4761 illa
1455 4706 1635 4778 potius
1659 4707 1860 4778 passim
1882 4700 2077 4778 'negle-
2175 4704 2392 4776 ligionis
2425 4704 2783 4759 Benedictinae
2816 4703 3017 4758 lumina
3068 4712 3122 4758 et
3150 4702 3515 4768 ﬁrmamenta,
3546 4714 3606 4757 ut
3632 4713 3772 4766 sunt,

481 4810 595 4868 cta,
625 4816 727 4857 nec
755 4817 821 4858 co
849 4800 1116 4857 extollere
1145 4811 1268 4855 sese
1296 4799 1478 4863 audet,
1508 4798 1593 4854 vel
1620 4799 1884 4855 scelerum
1923 4815 2078 4855 ener-
2122 4874 2129 4879 Α
2177 4798 2551 4872 appellamus?
2603 4796 2703 4864 Qui
2738 4812 2933 4867 nempe
2964 4797 3127 4853 urbes
3176 4811 3241 4852 ac
3268 4796 3582 4867 provincias
3604 4797 3771 4851 virtu-

482 4905 610 4951 vata
652 4896 902 4967 contagio
949 4910 1059 4951 non
1110 4900 1308 4965 potest,
1364 4893 1455 4949 ubi
1508 4908 1717 4949 summa
1771 4893 2077 4948 mortalium
2178 4903 2293 4948 tum
2325 4880 2665 4947 institutione
2713 4888 2962 4945 excultas
2992 4899 3140 4946 recte
3196 4888 3465 4943 factorum
3517 4888 3773 4960 dignitate

484 4986 761 5042 beatitudo
789 4987 1065 5042 consistat.
1100 4984 1238 5042 Hinc
1282 4985 1483 5042 factum
1514 4985 1753 5042 arbitror
1776 4994 1832 5038 ut
1862 4999 2074 5055 prmpo-
2179 4983 2586 5040 conﬁrmarunt.
2621 4978 2874 5035 Profecto
2905 4980 2971 5037 de
2997 4977 3195 5050 populo
3222 4976 3537 5033 Christiano
3574 4978 3772 5048 optime

484 5086 610 5122 lens
636 5093 814 5122 rerum
870 5078 1112 5122 nlnltittm
1171 5078 1497 5122 mmlm'alnr,
1556 5074 2073 5122 onittsm‘nvidnnlin
2179 5080 2301 5120 illnc
2340 5076 2536 5120 mnmri
2592 5075 2847 5118 arltilrnr,
2905 5074 2997 5118 nni
3055 5090 3161 5118 nnn
3196 5072 3556 5117 minnrinnra
3610 5083 3769 5116 nlmte
