3950 5344
216 202 324 259 505

1709 200 1943 257 SERMO
1985 200 2021 256 Ι.

3399 213 3505 270 506

217 318 366 383 simi,
408 332 712 384 sermones,
744 318 840 390 qui
867 325 1077 374 tantum
1112 318 1223 373 vim
1254 316 1455 372 habent
1482 315 1808 372 informandi
1837 324 1890 383 Α
1916 316 1987 372 tia
2014 316 2226 388 plenius
2262 332 2534 391 expacare
2580 320 2711 393 quid
2753 321 2984 378 sentiam
3013 364 3027 389 ,
3083 337 3206 380 eum
3260 322 3501 394 ejusdem

213 411 428 467 animos
456 412 523 468 ad
573 410 1125 479 omnem'virtutem,
1180 421 1440 482 quantam
1496 427 1564 466 ex
1598 426 1810 467 summa

210 508 527 577 eloquentia
556 524 680 564 cum
708 507 827 579 pari
851 507 1143 563 sanctitate
1167 505 1462 576 conjuncta
1488 505 1622 561 oriri
1651 519 1811 575 posse

211 600 550 656 censendum
578 610 681 656 est.
718 600 1118 655 Animadvertit
1145 596 1409 654 nimirum
1429 598 1581 669 gravi
1604 596 1810 667 judicio

210 691 300 746 vir
350 693 406 747 in
457 694 850 749 exercitatione
896 693 1158 747 virtutum
1205 691 1509 761 persimiles
1548 706 1650 746 nos
1689 704 1810 746 esse

210 782 540 849 artificibus,
603 786 699 856 qui
752 785 887 840 nihil
944 784 1063 840 sine
1092 785 1363 855 perceptis
1411 783 1811 855 exemplaribus

208 873 373 929 laude
401 875 626 945 dignum
673 874 952 943 efﬁciunt;
991 891 1163 947 quare
1190 885 1502 933 sanctorum
1547 877 1684 932 bene
1712 891 1809 946 ge-

206 954 294 1019 sta
318 965 501 1035 palam
533 969 836 1037 constituit,
896 978 957 1024 ut
984 982 1048 1024 ea
1099 969 1327 1025 studiosi
1348 969 1566 1025 virtutis
1595 962 1809 1025 assidue

204 1069 323 1125 pra:
346 1056 525 1112 oculis
560 1059 844 1127 haberent,
877 1070 932 1116 et
959 1061 1322 1116 imitarentur.
1347 1061 1479 1129 Qua:
1510 1071 1658 1118 tanto
1685 1070 1808 1118 sunt

204 1146 562 1217 perfectiora,
591 1165 797 1223 quanto
826 1168 938 1220 eos,
988 1170 1018 1209 a
1045 1156 1240 1223 quibus
1266 1156 1645 1221 desumuntur,
1674 1172 1809 1226 pra:—

204 1241 463 1298 eelluisse
521 1248 921 1317 cognoscimus.
972 1247 1107 1303 Sunt
1138 1249 1196 1314 ii,
1252 1248 1502 1305 Christus
1529 1251 1806 1318 Dominus,

205 1330 443 1402 Deiptra
464 1334 655 1407 Virgo,
683 1339 932 1408 apostoli,
966 1350 1254 1413 martyres,
1282 1343 1563 1413 sanctique
1592 1345 1809 1400 confes-

203 1438 379 1489 sores,
415 1443 482 1483 ac
511 1430 772 1502 virgines,
825 1448 1052 1503 quorum
1080 1435 1345 1505 prmclara
1394 1436 1633 1493 facinora
1659 1446 1807 1493 tanta

203 1517 523 1588 eloquentia
589 1523 829 1595 locuples
885 1536 1078 1583 auctor
1128 1529 1528 1598 complectitur,
1583 1538 1644 1584 ut
1684 1545 1805 1585 cum

202 1612 438 1666 Iummis
475 1613 583 1670 illis
604 1616 737 1671 viris
760 1619 1035 1674 doctorem
1062 1629 1307 1675 nostrum
1334 1636 1670 1691 comparare,
1697 1636 1803 1676 non

1917 411 2190 481 ingenium
2250 418 2416 482 atque
2469 413 2680 469 dicendi
2712 415 2868 486 capia
2917 413 3506 488 facilius'inspiciatur

1915 500 2147 558 lectione
2170 516 2332 573 quam
2375 504 2622 560 oratione
2650 505 3007 563 describatur.
3053 506 3237 562 Solum
3272 508 3507 566 dixerim

1914 597 2117 652 habere
2143 611 2334 654 omnes
2358 613 2427 654 ex
2456 599 2559 655 hoc
2584 601 2866 672 magistro,
2892 616 3012 672 quae
3045 610 3324 672 tantopere
3349 617 3504 660 com-

1898 689 2306 755 ‘mendavimus,
2368 692 2613 747 omnium
2642 692 2790 764 leges
2839 702 3026 765 atque‘
3053 694 3300 765 exempla
3331 696 3505 752 virtu-

1913 789 2049 847 tum,
2078 781 2382 851 praesertim
2406 798 2536 839 vero
2563 786 2737 841 sacris
2764 787 3259 853 concinnatoribus,
3308 788 3507 858 quibus

1912 875 2151 930 maxime
2185 875 2284 930 bos
2316 891 2467 931 meos
2504 877 2716 934 labores
2748 878 2958 937 dicatos
2980 881 3140 936 velim
3166 922 3182 948 ,
3228 882 3350 937 novi
3374 897 3505 953 ape-

1909 967 2127 1023 riuntur
2154 982 2242 1023 res
2269 982 2397 1023 suas
2430 969 2795 1040 ampliﬁcandi
2844 972 3184 1044 ornandique
3237 972 3502 1040 thesauri,

1911 1060 2220 1131 singulares
2246 1075 2527 1118 sacrarum
2555 1061 2858 1119 litterarum
2913 1066 3388 1135 interpretationes
3418 1073 3503 1120 at-

1910 1166 2016 1223 que
2044 1151 2282 1208 illustres
2319 1154 2620 1209 sententias
2655 1157 2997 1213 continentes
3025 1176 3039 1211 :
3092 1172 3194 1213 nec
3224 1174 3329 1214 non
3358 1173 3498 1230 prae-

1910 1244 2059 1300 clara
2087 1245 2407 1314 proponitur
2446 1245 2586 1300 ratio
2608 1287 2623 1310 ,
2672 1261 2792 1317 qua:
2821 1248 2891 1302 sit
2920 1249 2973 1302 in
3005 1244 3319 1303 sanctorum
3350 1262 3509 1303 exor-

1910 1336 2131 1392 natione
2164 1336 2494 1392 adltibenda.
2526 1336 2688 1391 Faxit
2717 1337 2860 1393 Deus
2890 1347 3002 1408 opt.
3037 1352 3185 1393 max.
3237 1345 3298 1392 ut
3324 1346 3509 1393 noster

1909 1429 1997 1485 hic
2027 1429 2179 1486 labor
2207 1430 2600 1501 qualiscunque
2636 1430 2690 1485 in
2740 1431 2975 1485 divinam
3008 1429 3237 1502 gloriam
3261 1442 3510 1483 commu-

1909 1522 2460 1592 nemque'utilitatem
2487 1522 2774 1577 redundet.
2805 1522 3012 1587 Valete,
3044 1522 3229 1577 ethoc
3254 1528 3506 1576 nostrum

1909 1613 1976 1669 de
2006 1629 2067 1668 re
2095 1613 2406 1669 Christiana
2457 1614 2596 1670 bene
2623 1614 2867 1670 merendi
2895 1613 3135 1670 studium
3164 1613 3303 1684 aequi
3348 1612 3504 1668 boni—

203 1705 626 1760 eontcmnendze
675 1707 935 1764 doctrinae
964 1710 1234 1778 homines,
1292 1726 1357 1767 ac
1413 1711 1803 1783 Hieronymum
1839 1706 1882 1766 Β
1911 1723 2016 1779 quc
2038 1708 2329 1765 consulite.

198 1790 475 1863 iuniorem
505 1798 778 1869 appellare
808 1815 915 1857 non
950 1802 1216 1859 dubitent.
1246 1802 1449 1861 Omitto
1480 1805 1535 1860 in
1559 1819 1795 1877 praesen-

204 1978 3496 2037 W3

933 2194 1106 2346 B.
1176 2196 1806 2369 PETRE

1917 2125 2734 2356 DAMIANI

271 2474 577 2536 SANCTAS
616 2478 933 2541 ROMAN/E
985 2484 1344 2545 ECCLESl/E
1385 2488 1817 2557 CARDINAIJS,
1852 2489 2160 2559 EPISCOPI
2195 2492 2577 2561 OSTlENSlS,
2618 2494 2894 2554 OliDlNlS
2926 2496 2982 2554 S.
3028 2496 3413 2564 BENEDICTI,

1103 2618 2568 2858 SEBMONES

684 3353 819 3425 1-2
861 3352 1321 3417 JANUARIUS.

200 3462 312 3524 νι.
357 3461 573 3523 Sermo
611 3459 682 3520 in
701 3457 1069 3537 Epiphania
1091 3456 1367 3518 Domini.

198 3562 378 3624 XIV.
424 3561 637 3623 Sermo
689 3559 763 3620 de
811 3557 1227 3620 translatione
1266 3559 1334 3620 S.
1372 3557 1623 3619 Hilarii
1666 3560 1805 3638 cpi-

278 3664 460 3743 scopi
487 3660 905 3723 Pictavienst's
941 3666 998 3720 et
1025 3658 1422 3739 confessoris.

198 3763 419 3826 XXII.
461 3763 675 3825 Sermo
740 3758 812 3821 de
880 3758 944 3821 S.
986 3759 1318 3821 Anastasio
1382 3758 1681 3821 monacho
1748 3766 1804 3821 et

283 3873 583 3947 martyre.

732 3964 964 4022 SERMO
1004 3964 1283 4022 PRIMUS.

543 4078 597 4120 tN
636 4076 921 4118 EPlPluiiu
960 4074 1148 4115 DOMINI
1189 4060 1264 4131 (vr
1302 4062 1463 4132 tam).

282 4176 300 4208 ι
334 4155 474 4212 Cum
526 4163 690 4210 natus
736 4161 883 4209 esset
908 4151 1064 4208 Jcsus
1115 4152 1167 4207 in
1198 4151 1514 4208 Bethlchem
1544 4150 1694 4208 Iuda:
1747 4152 1801 4208 in

200 4247 397 4302 diebus
422 4229 654 4300 lierodis
680 4244 841 4315 regis,
871 4259 998 4298 ecce
1022 4237 1162 4316 magi
1196 4242 1265 4297 ab
1289 4243 1502 4298 oriente
1536 4252 1806 4299 venerunt

202 4337 666 4409 Hierosolymam,
699 4336 943 4392 dicentes
969 4354 981 4391 :
1017 4336 1119 4393 Ubi
1150 4345 1253 4402 est,
1280 4336 1372 4408 qui
1404 4345 1564 4394 natus
1591 4348 1674 4395 est
1706 4354 1801 4394 rex

198 4534 251 4581 et
275 4525 529 4580 venimus
548 4514 668 4578 cum
692 4523 991 4578 muneribus
1018 4524 1246 4580 adorare
1274 4539 1396 4579 eum
1426 4523 1638 4596 (Manli.
1668 4524 1751 4595 ιι).
1776 4544 1795 4577 ι

185 4628 223 4668 ἰ
263 4617 508 4671 Laudato
552 4614 868 4678 Dominum,
904 4631 1095 4671 omnes
1142 4626 1359 4686 gentes,
1404 4625 1457 4671 et
1501 4615 1802 4672 collaudato

196 4723 319 4762 eum
347 4721 543 4761 omnes
586 4705 768 4775 populi
818 4705 991 4778 (Psal.
1031 4705 1197 4777 cxvr).
1232 4726 1250 4760 ι
1304 4707 1440 4761 Nam
1467 4722 1589 4761 cum
1625 4707 1799 4762 omni-
1834 4728 1882 4789 ι)

194 4808 390 4868 potens
431 4811 617 4852 sermo
654 4797 894 4853 nondum
930 4813 962 4851 a
996 4796 1267 4866 regalibus
1314 4797 1532 4853 sedibus
1576 4797 1802 4855 descen-

196 4891 365 4946 disset
419 4910 439 4941 ι
481 4898 536 4944 et
572 4904 677 4944 nox
725 4888 776 4942 in
825 4906 922 4946 suo
948 4870 1137 4943 "cursu
1184 4887 1573 4945 mediutn'itcr
1616 4901 1802 4960 ageret

197 4981 347 5054 (Snp.
376 4982 565 5052 xviii),
604 5001 622 5034 ι
651 4981 871 5050 populus
897 4979 1144 5053 gentium
1174 4981 1493 5039 ambulabat
1545 4981 1599 5036 in
1655 4992 1802 5041 tene-

194 5076 307 5131 bris
340 5073 504 5146 (1εηί.
566 5070 667 5143 ix),
717 5073 834 5141 quia
888 5092 908 5125 ι
944 5069 1278 5129 'dilexerunt
1325 5073 1499 5140 magis
1547 5076 1801 5132 tenebras

193 5182 353 5237 quam
389 5166 570 5218 lucem
603 5163 775 5235 (Jama.
806 5166 912 5235 ut),
959 5180 980 5213 ι
1032 5164 1321 5237 variosque
1353 5164 1527 5221 seculi
1560 5181 1800 5235 errores,

197 5231 223 5310 J
265 5260 320 5313 in
359 5231 618 5312 circuitu
645 5255 787 5325 impii
829 5231 1199 5313 ambulabant
1234 5231 1418 5331 (Psal.
1445 5254 1507 5325 1),
1541 5276 1561 5309 ι
1608 5231 1804 5319 euntes
1900 5231 2576 5344 "Oginquaﬁﬂmoml'
2606 5236 2833 5339 Tm)!“
2863 5234 3047 5344 ¹¹¹¹ηί²ξ¹
3081 5237 3291 5294 terms“
3321 5234 3375 5288 in

1177 2982 1482 3047 OIlDlNE
1519 2981 1881 3044 MENSIUM
1919 2983 2295 3045 SERVATO
2333 2983 2492 3068 (l09)

1746 3172 1987 3193 ψ

1909 3391 2032 3433 nem
2082 3392 2234 3434 suam
2268 3376 2486 3451 (Matth.
2514 3377 2687 3451 xxu);
2740 3388 2798 3437 et
2840 3380 3189 3438 obscuratum
3236 3391 3322 3441 est
3368 3385 3504 3443 insi-

1905 3471 2064 3541 piens
2117 3486 2213 3527 cor
2262 3486 2451 3527 eorum
2485 3470 2660 3543 (Rom.
2695 3472 2763 3546 ι),
2797 3493 2816 3527 ι
2873 3475 3001 3545 quia
3055 3476 3370 3533 incurvatus
3418 3487 3505 3536 est

1904 3562 2279 3634 unusquisque
2306 3563 2373 3617 ad
2399 3578 2534 3633 opus
2561 3556 2820 3620 manuum
2846 3580 3091 3621 suarum.
3121 3567 3311 3624 Patres
3336 3569 3503 3626 etiam

1902 3652 1979 3708 illi
2006 3653 2232 3724 {antiqui
2274 3668 2463 3708 omnes
2490 3655 2590 3709 sub
2620 3653 2763 3711 nube
2812 3654 3034 3712 fuerunt
3080 3655 3132 3729 (Ι
3160 3646 3285 3714 Cor.
3319 3658 3400 3731 κ),
3428 3674 3497 3716 eo

1906 3744 2049 3814 quod
2081 3744 2416 3814 aspiciebant
2446 3744 2498 3798 in
2529 3744 2647 3799 visu
2684 3744 2887 3811 noctis,
2920 3760 3025 3803 nec
3054 3745 3361 3802 claritatem
3387 3749 3506 3804 vul-

1905 3843 1992 3891 tus
2016 3834 2183 3906 Moysi
2212 3843 2462 3906 poterant
2489 3837 2683 3892 intueri
2711 3835 2909 3908 (Exod.
2933 3852 3131 3907 xxxiv;
3161 3838 3224 3893 II
3241 3836 3365 3897 Cor.
3392 3846 3501 3915 ιιι),

1905 3926 2034 3998 quia
2061 3926 2306 3982 velamen
2338 3936 2456 3982 erat
2480 3928 2717 3999 positum
2746 3943 2911 4000 super
2935 3944 3032 3985 cor
3058 3945 3272 3998 eorum,
3299 3940 3354 3988 et
3382 3942 3504 3990 erat

1902 4032 2046 4091 aqua
2090 4023 2377 4078 tenebrosa
2429 4022 2482 4076 in
2526 4023 2760 4078 nubibus
2806 4023 2949 4082 aeris
2982 4022 3157 4097 (Psal.
3188 4026 3345 4097 xm),
3377 4040 3502 4083 cum

1896 4109 2159 4172 videlicet
2187 4114 2282 4171 lilii
2314 4116 2445 4173 Sion
2487 4116 2675 4191 inclyti
2703 4118 2951 4175 conversi
2983 4128 3109 4175 sunt
3137 4119 3190 4175 in
3229 4134 3357 4176 vasa
3387 4129 3500 4177 tes-

1907 4220 2024 4277 tea,
2080 4226 2216 4282 opus
2280 4227 2537 4267 manuum
2572 4211 2772 4284 (figuli;
2826 4213 3059 4285 dispersi
3114 4224 3240 4270 sunt
3292 4214 3499 4285 lapides

1907 4303 2202 4359 sanctuarii
2244 4304 2296 4359 in
2328 4305 2505 4376 capite
2547 4305 2791 4360 omnium
2834 4305 3170 4375 platearum;
3218 4308 3503 4379 argentum

198 4418 557 4485 Judmorum?
593 4428 842 4484 Vidimus
877 4430 1022 4486 enim
1062 4429 1274 4484 stellam
1317 4428 1435 4499 ejus
1482 4431 1534 4485 in
1571 4430 1800 4498 oriente,

1907 4412 2093 4451 eorum
2141 4413 2361 4452 versum
2411 4406 2494 4453 est
2544 4399 2597 4451 in
2647 4399 2903 4462 scoriam,
2943 4413 3010 4453 eo
3036 4399 3180 4468 quod
3227 4415 3503 4470 caupones

1907 4501 2094 4541 eorum
2126 4487 2427 4541 miscebant
2470 4502 2663 4556 aquam
2712 4487 2868 4553 vino;
2905 4488 3121 4556 quando
3151 4489 3502 4545 obscuratum

1907 4587 1991 4634 est
2020 4592 2231 4640 aurum,
2267 4585 2506 4632 mutatus
2535 4587 2621 4633 est
2679 4578 2829 4633 color
2858 4577 3094 4647 optimus
3127 4577 3344 4650 (Thren.
3388 4581 3500 4651 tv);

1911 4685 2012 4724 nec
2042 4676 2161 4724 erat
2189 4668 2255 4724 de
2284 4667 2365 4725 eis
2414 4668 2503 4737 qui
2545 4668 2749 4725 faceret
2790 4670 3013 4733 bonum,
3067 4686 3172 4726 nec
3217 4671 3379 4726 etiam
3410 4687 3505 4728 us-

1910 4782 2014 4838 que
2052 4767 2118 4822 ad
2146 4783 2308 4822 unmn
2338 4764 2510 4839 (Psnl.
2540 4766 2682 4838 χιιι).
2714 4767 2865 4823 Tunc
2892 4783 3022 4838 ergo
3064 4770 3305 4825 tenebrae
3347 4769 3506 4828 facta:

1910 4869 2034 4916 sunt
2084 4874 2246 4930 super
2293 4861 2599 4916 universam
2652 4870 2851 4916 terram
2884 4860 3102 4933 (Matth.
3136 4864 3329 4936 xxvu),
3379 4864 3508 4936 quia

1908 4951 2123 5009 JU’J'JBUS
2168 4964 2220 5008 et
2272 4953 2488 5024 gentilis
2532 4950 2584 5005 iu
2641 4953 2882 5011 tenebris
2937 4964 3255 5014 straverunt
3307 4955 3510 5013 lectum

1904 5042 2063 5104 situm
2092 5089 2105 5111 ,
2153 5048 2462 5104 habitantes
2512 5046 2565 5099 in
2615 5051 2919 5106 tenebrosis
2974 5057 3031 5104 et
3077 5053 3270 5110 umbra
3315 5049 3511 5105 mortis

1912 5141 2063 5207 (Luc.
2092 5137 2152 5209 ι).
2184 5139 2320 5206 Quia
2362 5140 2530 5211 igitur
2576 5145 2711 5198 tunc
2744 5146 3357 5215 noxprmccssit,_ecce
3394 5142 3511 5197 dies

3406 5332 3424 5344 Δ
3456 5332 3509 5344 ἱ..
