3950 5344
483 183 593 246 10⁸1

1059 183 1118 240 S.
1156 181 1362 239 PETRI
1404 178 1687 239 DAMlANl
1727 177 1879 238 OPP.
1918 177 2056 236 PAR

2165 174 2267 235 seu
2304 173 2542 235 TOMUS
2575 174 2639 231 ιι.
2675 202 2749 219 ..-
2784 171 3186 266 διειιιιοιιεε.

3652 171 3766 245 ωε

483 302 726 362 tenebris
744 300 932 358 lumen
965 299 1133 357 rectis
1166 299 1331 356 corde
1359 297 1535 371 (Prol.
1564 296 1699 370 cu),
1724 312 1850 355 cum
1876 295 2063 357 visita-
2092 297 2145 359 Δ
2240 295 2296 351 In
2327 295 2501 361 stella,
2542 282 2772 362 fratres,
2812 304 3043 365 quatuor
3070 271 3440 368 prmcipaliter
3466 293 3765 363 attendunt.

482 400 565 457 vit
603 413 705 457 nos
739 398 924 454 oriens
969 410 1036 452 ex
1072 395 1183 451 alto
1210 394 1363 467 (Luc.
1396 392 1471 461 t);
1508 402 1565 450 et
1603 401 1754 450 ortus
1790 399 1876 450 est
1912 391 2069 449 nobis

482 488 677 546 lucifer
720 488 1038 555 matutinus,
1083 488 1178 559 qui
1226 501 1333 543 non
1365 486 1517 542 novit
1544 500 1822 551 occasum,
1851 482 2068 557 quando

482 578 577 637 lux
610 579 700 635 illa
728 592 877 645 vera,
904 593 1025 650 quae
1067 577 1336 635 illuminat
1380 591 1600 634 omnem
1650 576 1923 633 hominem
1970 588 2067 631 ve-

484 670 722 727 nientem
755 670 808 726 in
835 671 982 727 hune
1020 671 1302 738 mundum,
1344 670 1398 727 in
1432 668 1672 726 tenebris
1713 667 1869 735 luxit,
1899 676 1957 725 et
1984 674 2068 723 te-

480 763 662 818 nebrte
691 776 810 819 eam
843 777 951 818 non
979 761 1510 833 comprehenderunt
1536 760 1718 831 (Joan.
1743 759 1808 828 ι).

550 853 721 910 Judaei
757 854 941 925 itaque
970 864 1027 911 et
1051 853 1286 925 gentiles
1333 852 1657 910 intenebris
1698 860 1855 908 erant
1896 863 2069 919 usque

480 947 550 1003 ad
598 957 808 1018 tempus
852 947 1221 1019 plenitudinis.
1271 948 1344 1002 Δι
1391 947 1481 1003 ubi
1527 945 1677 1003 venit
1704 944 1756 1017 3
1793 943 2067 1015 plenitudo

466 1040 737 1107 temporis
762 1034 961 1106 (Galat.
994 1035 1091 1110 tv),
1140 1038 1322 1097 emisit
1348 1038 1559 1109 Agnum
1591 1037 1851 1093 Dominus
1899 1034 2068 1095 domi-

478 1140 725 1189 natorem
779 1140 938 1187 terrae
986 1131 1053 1187 de
1100 1141 1254 1201 petra
1300 1131 1500 1188 deserti
1548 1130 1617 1189 ad
1664 1138 1901 1188 montem
1944 1128 2068 1185 ﬁliae

479 1223 609 1280 Sion
655 1224 792 1297 (Isa.
839 1224 975 1295 xvi),
1025 1233 1080 1281 et
1133 1224 1390 1296 lapidein,
1426 1240 1588 1296 quem
1637 1225 2069 1295 reprohaverunt

476 1316 832 1384 aedificantes,
882 1319 971 1373 hic
1012 1317 1192 1374 factus
1233 1326 1318 1374 est
1360 1318 1413 1372 in
1460 1322 1622 1387 caput
1666 1314 1847 1386 anguli
1889 1311 2064 1386 (Prol.

476 1408 668 1480 cxvu).
724 1409 792 1465 Et
840 1410 966 1480 quia
1014 1409 1082 1465 ad
1127 1409 1230 1465 hoc
1273 1416 1518 1475 venerat,
1546 1415 1606 1463 ut
1633 1420 1764 1463 oves
1796 1405 2068 1476 dispersas

474 1511 833 1575 congregaret
860 1504 911 1558 in
942 1519 1127 1569 unum,
1156 1501 1283 1559 licet
1312 1518 1418 1558 non
1452 1499 1618 1558 fuerit
1643 1500 1819 1570 primo
1845 1499 2065 1567 missus,

474 1595 578 1650 nisi
603 1596 670 1652 ad
714 1612 866 1663 oves,
910 1613 1030 1668 qua:
1073 1596 1349 1666 perierant
1396 1596 1588 1652 domus
1633 1594 1799 1651 Israel
1846 1592 2063 1663 (Matth.

477 1688 600 1757 xv);
641 1689 766 1759 quia
796 1698 989 1767 tamen
1018 1688 1152 1743 alias
1178 1702 1308 1743 oves
1336 1687 1589 1751 habebat,
1621 1702 1742 1757 quae
1771 1701 1878 1743 non
1906 1693 2065 1743 erant
2093 1670 2140 1733 Β

472 1788 537 1827 ex
582 1774 684 1829 hoc
724 1775 873 1840 ovili,
918 1784 973 1830 et
1022 1775 1143 1830 illas
1188 1775 1474 1845 oportebat
1523 1790 1645 1829 eum
1687 1774 1978 1838 adducere,
2005 1778 2067 1826 ut

477 1864 631 1920 ﬁeret
678 1881 840 1919 unum
874 1865 1014 1921 ovile
1056 1874 1110 1921 et
1138 1880 1278 1919 unus
1308 1875 1497 1936 pastor
1545 1863 1726 1937 (Joau.
1750 1865 1829 1935 ι),
1864 1864 2065 1920 idcirco

470 1958 841 2015 habitantibus
888 1959 941 2013 in
994 1960 1213 2030 regione
1256 1960 1463 2015 umbras
1509 1959 1702 2014 mortis
1730 1966 1840 2014 tam
1865 1958 2065 2014 Judmis

470 2064 632 2121 quam
664 2052 915 2121 gentibus
957 2050 1048 2105 lux
1079 2060 1198 2105 orta
1241 2059 1327 2105 est
1366 2051 1445 2106 eis
1485 2051 1733 2122 utrisque
1777 2050 1912 2120 (Isa.
1958 2056 2059 2121 ιχ),

470 2150 695 2213 propter
745 2143 889 2213 quod
931 2152 986 2197 et
1028 2142 1082 2197 in
1118 2143 1401 2198 nativitate
1449 2142 1669 2199 claritas
1701 2142 1794 2198 Dei
1826 2142 2062 2199 circum-

473 2232 621 2287 fulsit
650 2242 931 2302 pastores,
972 2233 1097 2302 quia
1131 2231 1352 2303 angelus
1379 2232 1771 2304 evangelizavit
1817 2233 1898 2290 eis
1926 2249 2061 2306 gau-

475 2325 622 2380 dium
652 2341 904 2396 magnum
940 2324 1093 2396 (Luc.
1124 2325 1221 2395 ll);
1253 2336 1309 2380 et
1334 2325 1591 2381 hodierna
1624 2328 1709 2382 die
1736 2328 1905 2384 stella:
1947 2330 2062 2384 cla-

469 2416 605 2471 ritas
634 2424 816 2471 natum
844 2416 1129 2471 denuntiat
1157 2414 1492 2472 Salvatorem
1515 2416 1731 2488 (Matth.
1760 2420 1841 2489 ιι).
1861 2418 2063 2477 ludatis

469 2507 652 2576 itaque
691 2515 946 2577 tanquam
990 2508 1199 2562 ratione
1241 2508 1519 2562 utentibus
1560 2508 1800 2578 loquitur
1828 2524 1931 2565 vox
1960 2526 2060 2565 an-

470 2600 741 2671 gelorum,
769 2601 1019 2671 gentibus
1051 2617 1178 2656 vero
1209 2602 1362 2673 quasi
1412 2601 1587 2657 brutis
1634 2611 1688 2657 et
1711 2600 1973 2669 jumentis
2006 2603 2059 2659 in

473 2692 679 2763 campis
727 2693 875 2749 silva:
924 2693 1163 2765 loquitur
1198 2694 1401 2766 lingua,
1434 2696 1549 2752 sive
1592 2695 1744 2752 stella
1772 2695 2055 2755 caelorum.

469 2782 584 2838 Lux
610 2793 794 2838 nostra
821 2785 998 2855 itaque
1031 2785 1368 2840 demonstrat
1398 2784 1593 2850 lucem,
1624 2794 1872 2841 creatura
1902 2802 2059 2842 suum

472 2874 674 2929 indicat
702 2875 1035 2939 Creatorem,
1069 2891 1224 2931 suum
1266 2876 1504 2947 loquitur
1535 2876 1739 2934 factura
1774 2880 2055 2947 factorem,

468 2972 525 3018 et
565 2979 704 3018 nova
752 2965 904 3019 stella
957 2966 1241 3020 denuntiat
1287 2983 1472 3023 verum
1517 2968 1708 3024 solem.
1765 2988 1783 3022 ι
1814 2970 2058 3028 Laudato

470 3070 599 3126 ergo
624 3056 931 3122 Dominum,
951 3072 1139 3113 omnes
1161 3064 1443 3130 gentes,'et
1462 3059 1765 3117 collaudato
1785 3078 1931 3131 eum,
1946 3079 2058 3119 om-
2085 3036 2129 3099 ο

467 3163 565 3203 nes
584 3148 763 3219 pOpttli
790 3146 962 3220 (Ρεαι.
994 3148 1162 3221 cxvt).
1189 3150 1493 3217 Lmtamini,
1525 3161 1733 3223 gentes,
1759 3154 2055 3211 simulcnm

468 3240 625 3310 plebe
652 3238 770 3309 ejus
798 3239 969 3310 (Rom.
1001 3240 1115 3311 xv).
1148 3260 1165 3293 ι
1209 3241 1492 3298 Gaudeant
1515 3244 1761 3314 gentiles,
1787 3246 2059 3303 exsultent

463 3329 654 3401 Judaei,
685 3332 810 3403 quia
841 3347 966 3391 ecce
996 3333 1074 3389 sol
1102 3335 1167 3389 de
1197 3334 1353 3391 stella
1381 3336 1595 3398 enituit.
1628 3346 1683 3392 et
1706 3337 1902 3397 Factor
1933 3338 2058 3395 Vir-

466 3424 609 3496 ginis
635 3422 812 3480 factus
839 3433 923 3481 est
951 3425 1004 3483 in
1032 3424 1255 3498 Virgine
1282 3425 1493 3493 factura
1521 3443 1640 3485 sua.
1693 3428 1864 3485 Homo
1887 3432 2054 3501 enim,

462 3518 556 3589 qui
592 3516 767 3575 factus
806 3527 891 3574 est
934 3519 986 3574 in
1028 3534 1114 3586 ea,
1156 3520 1269 3593 ipse
1311 3519 1560 3579 fundavit
1598 3537 1719 3579 eam
1745 3523 2058 3593 Altissimus

464 3609 639 3683 (Paul.
663 3611 909 3685 uxxvx).
939 3611 1105 3671 Ortus
1133 3624 1217 3670 est
1240 3614 1422 3685 itaque
1449 3615 1528 3672 sol
1555 3616 1622 3672 de
1646 3616 1822 3687 stella,
1848 3620 2057 3693 sanitas

465 3719 534 3773 ex
563 3705 905 3776 aegritudine,
938 3722 1005 3763 ex
1042 3707 1353 3765 morticinio
1380 3708 1515 3776 vita,
1555 3709 1643 3765 lux
1675 3724 1741 3766 ex
1792 3713 2055 3781 tenebris,

461 3795 688 3851 dulcedo
729 3810 797 3857 ex
838 3797 1234 3864 amaritudine,
1284 3806 1338 3853 et
1386 3799 1541 3871 spina
1592 3816 1746 3869 rosa,
1787 3813 1941 3874 pater
1989 3818 2058 3873 ει

463 3889 596 3954 lilia,
622 3889 873 3948 dominus
902 3906 969 3947 ex
999 3891 1215 3959 ancilla,
1252 3908 1321 3947 ex
1348 3892 1414 3950 de
1448 3894 1643 3964 exiguo
1675 3895 1849 3953 rivulo
1885 3917 1905 3951 ι
1939 3897 2057 3967 fons

464 3996 619 4053 aqua:
642 3981 886 4041 salientis
920 3983 973 4041 in
1006 3984 1172 4041 vitam
1203 3992 1466 4041 aeternam
1499 3984 1686 4059 (Joan.
1718 3987 1813 4060 tv).
1850 4007 1869 4055 ι
1928 3988 2055 4049 Uri.

463 4080 553 4126 tur
599 4086 732 4145 ergo
784 4071 866 4127 sol
919 4071 986 4127 de
1033 4072 1212 4142 stella,
1268 4082 1324 4131 et
1374 4075 1782 4137 demonstratur
1828 4077 1912 4135 sol
1956 4093 2058 4150 per

463 4162 702 4219 stellam.

536 4253 677 4310 Erat'
712 4253 867 4311 stella
904 4254 957 4317 in
984 4270 1132 4323 aere,
1181 4257 1338 4316 stella
1369 4259 1423 4317 in
1454 4269 1620 4327 terra,
1648 4262 1729 4319 sol
1774 4264 1829 4320 in
1858 4279 2051 4337 praese-

461 4344 576 4435 pio.
608 4344 777 4403 Stella
812 4348 866 4405 in
894 4360 1041 4416 aere,
1071 4364 1269 4422 corpus
1306 4351 1435 4407 illud
1474 4353 1748 4423 lucidum;
1797 4355 1951 4412 stella
1998 4357 2051 4421 in

466 4448 608 4501 terra
640 4442 792 4516 virgo
816 4442 1024 4515 Maria;
1056 4443 1136 4499 sol
1166 4445 1220 4505 in
1249 4447 1533 4518 praesepio,
1565 4447 1819 4506 Christus
1847 4459 2052 4508 noster.

462 4533 630 4591 Stella
658 4535 715 4593 in
742 4551 891 4604 aere,
921 4536 988 4593 de
1013 4550 1120 4610 qua
1148 4537 1437 4597 habuimus
1465 4540 1521 4596 in
1545 4541 1837 4616 Evangelio
1863 4562 1875 4599 :
1905 4562 1925 4597 ι
1965 4545 2056 4601 Vi-

462 4629 640 4695 dimus
664 4630 809 4686 enim
840 4630 1054 4688 stellam
1083 4632 1200 4702 ejus
1227 4633 1282 4689 in
1310 4634 1543 4703 oriente,
1574 4645 1631 4693 et
1655 4639 1901 4695 venimus
1927 4640 2059 4698 ado-

461 4735 587 4793 rare
616 4736 741 4779 eum
763 4722 980 4791 (Matth.
1009 4723 1092 4795 ιι).
1115 4744 1134 4780 ι
1155 4724 1321 4781 Stella
1344 4726 1398 4782 in
1423 4735 1590 4796 terra,
1612 4728 1679 4784 de
1704 4745 1808 4800 qua
1834 4728 2056 4786 Balaam

460 4812 711 4891 praedixit
742 4815 793 4871 in
824 4816 1107 4885 prophetia
1132 4833 1229 4874 sua
1257 4836 1270 4872 :
1302 4836 1319 4870 ι
1350 4816 1568 4875 Orietur
1597 4820 1747 4877 stella
1777 4839 1844 4877 ex
1865 4821 2053 4889 Jacob,

459 4910 516 4957 et
545 4903 1052 4979 confringetomnes
1078 4908 1609 4982 alienigenas(Num.
1634 4914 1806 4985 utv).
1837 4934 1855 4966 ι
1874 4912 1964 4969 Sol
1993 4915 2045 4969 in

461 4996 725 5066 praesepio
762 4999 828 5052 de
855 5014 962 5068 quo
994 5003 1232 5070 reprobi,
1280 5003 1575 5059 secundum
1622 5006 1766 5074 quod
1819 5006 1872 5061 in
1910 5007 2051 5064 libro

464 5086 757 5161 Sapientia:
786 5088 998 5159 legitur,
1025 5092 1218 5147 dicturi
1248 5103 1373 5151 sunt
1400 5094 1452 5149 in
1483 5095 1695 5155 futuro:
1720 5116 1737 5149 ι
1767 5098 2054 5156 Eravimus

462 5198 496 5251 _a
525 5181 615 5236 via
641 5180 911 5263 veritatis,
938 5189 994 5235 et
1018 5182 1093 5239 sol
1123 5183 1348 5253 justitiae
1378 5203 1484 5243 non
1512 5187 1687 5244 illuxit
1716 5191 1869 5247 nobis
1899 5188 2052 5263 (Sap.

463 5274 542 5344 v).
576 5291 595 5328 ι
631 5274 708 5329 De
737 5261 845 5344 quo
872 5272 1158 5342 Apostolus
1183 5294 1195 5330 :
1226 5297 1244 5344 ς
1275 5277 1365 5333 Sol
1389 5294 1493 5336 non
1518 5282 1731 5338 occidat
1752 5261 1915 5344 super
1942 5261 2054 5339 ira-

2173 396 2279 442 tur.
2312 386 2479 449 Stella
2507 387 2652 449 enim
2692 386 2865 458 igneae
2899 395 3107 447 natum
3130 394 3248 454 est;
3302 386 3459 443 stella
3500 386 3559 447 in
3588 402 3651 445 se
3676 387 3763 442 Iuv

2167 480 2288 537 cida
2346 490 2431 539 est
2478 491 2534 538 ct
2581 482 2760 550 clara;
2820 481 2976 541 stella
3039 496 3106 539 ex
3159 497 3218 541 se
3271 482 3484 540 radium
3519 484 3759 554 emittit;

2169 575 2323 633 stella
2356 577 2410 632 in
2442 586 2602 637 nocte
2630 576 2793 633 lucet.
2831 574 2957 637 Haec
2981 575 3171 633 eadem
3199 576 3252 631 in
3281 575 3437 633 stella
3461 585 3678 643 nostra,
3706 576 3763 637 id

2168 677 2272 736 est,
2302 670 2354 725 in
2383 669 2593 741 virgine
2618 668 2811 735 Maria,
2837 683 3126 741 possumus
3153 669 3419 727 invenire.
3469 668 3668 736 Stella,
3703 677 3765 726 ut

2069 792 2075 799 ι
2168 761 2426 829 diximus,
2468 762 2637 832 igneae
2664 768 2876 817 natura
2913 769 2998 819 est
3028 759 3279 833 [apparet
3316 759 3532 833 ignea],
3559 769 3620 817 et
3647 761 3765 831 ipsa

2169 854 2321 925 virgo
2347 853 2517 909 Maria
2548 854 2723 924 igneae
2750 862 2960 911 naturas
2991 851 3113 921 fuit.
3149 853 3268 924 lpsa
3293 862 3379 911 est
3402 852 3550 910 enim
3596 854 3765 913 rebus

2170 950 2257 1006 ille
2314 950 2525 1021 igneus,
2580 950 2633 1004 in
2681 963 2790 1019 quo
2838 948 3087 1019 apparuit
3134 946 3396 1004 Dominus
3441 945 3640 1018 Moysi,
3670 945 3765 1017 qui

2169 1042 2453 1101 videbatur
2498 1042 2698 1115 quippe
2743 1040 2975 1108 ardere,
3025 1040 3120 1097 sed
3180 1055 3288 1096 non
3336 1039 3767 1103 committebatur

2170 1134 2501 1207 (E.rod.tu),
2550 1134 2676 1204 quia
2729 1133 2953 1205 gravida
3006 1132 3221 1205 quidem
3266 1131 3521 1204 apparuit
3570 1128 3764 1203 Virgo,

2169 1230 2262 1288 sed
2310 1231 2433 1300 igne
2484 1228 2723 1285 libidinis
2769 1242 2877 1284 non
2920 1235 3007 1283 est
3048 1234 3388 1296 consumpta.
3437 1224 3557 1294 Ipsa
3605 1223 3665 1278 in
3705 1234 3766 1289 se

2169 1321 2446 1392 splendida
2477 1328 2561 1377 est
2585 1328 2643 1379 et
2667 1318 2836 1385 clara,
2867 1319 3002 1379 adeo
3030 1328 3091 1373 ut
3114 1318 3182 1374 de
3206 1332 3270 1375 ea
3301 1315 3567 1386 scripturn
3598 1314 3677 1379 sit
3709 1313 3766 1379 ιι

2169 1416 2408 1473 Cantieis
2432 1415 2797 1475 canticorum:
2825 1432 2843 1467 ι
2860 1412 2992 1480 Qua:
3016 1412 3242 1478 estista,
3272 1425 3392 1483 quae
3416 1407 3766 1481 progrediar

2169 1508 2307 1566 sicut
2348 1524 2542 1565 aurora
2590 1521 2943 1577 consurgens,
2974 1505 3197 1578 pulchra
3229 1512 3288 1561 ut
3321 1504 3471 1568 luna.
3501 1501 3684 1561 electa
3709 1509 3768 1559 ut

2171 1597 2292 1655 sol?
2317 1596 2498 1671 (Cant.
2524 1602 2626 1667 vt.)
2650 1617 2667 1651 ι
2697 1596 2814 1668 Ipsa
2841 1611 2910 1652 ex
2939 1610 2998 1653 se
3025 1595 3235 1653 radium
3256 1594 3405 1651 illum
3434 1592 3643 1658 emisit,
3673 1589 3765 1662 qui

2169 1698 2418 1762 penetrat
2443 1688 2500 1762 ἀ,
2522 1686 2694 1760 usque
2729 1688 2796 1743 ad
2827 1686 3006 1747 cordis
3032 1696 3264 1743 secreta.
3302 1685 3595 1745 Scrutatur
3618 1681 3764 1748 cui;

2168 1782 2329 1838 corda
2376 1790 2433 1835 et
2468 1793 2626 1841 renes
2655 1779 2793 1849 (ler.
2822 1780 2973 1847 xm;
3010 1776 3162 1832 Rom.
3214 1791 3345 1841 vm;
3375 1775 3542 1845 Apoc.
3564 1771 3662 1842 tt);
3698 1784 3766 1829 eo

2167 1873 2308 1944 quod
2339 1873 2495 1927 vivus
2526 1880 2610 1926 cst
2632 1885 2809 1926 sermo
2837 1869 2954 1935 Dei,
2986 1878 3040 1923 et
3066 1866 3255 1922 ellicax
3283 1876 3338 1921 et
3363 1863 3766 1936 penetrabilior

2167 1966 2312 2021 omni
2340 1964 2518 2035 gladio
2540 1963 2784 2033 ancipiti,
2808 1962 3126 2034 pertingens
3146 1973 3320 2032 usque
3341 1956 3411 2019 ad
3430 1957 3761 2017 divisionem

2166 2058 2360 2112 animae
2398 2065 2453 2111 et
2478 2055 2700 2126 spiritus
2730 2053 2920 2126 (Hebr.
2953 2058 3061 2122 tv);
3112 2054 3256 2108 unde
3299 2060 3355 2107 et
3392 2051 3592 2106 merito
3629 2065 3763 2105 con-

2165 2151 2310 2223 gruit
2347 2150 2397 2205 ei
2427 2148 2660 2204 nontiuis
2700 2146 3099 2218 interpretatio.
3141 2143 3310 2199 Maria
3341 2158 3583 2213 namque
3611 2141 3764 2197 stella

2166 2246 2328 2300 maris
2378 2244 2787 2313 interpretatur,
2836 2239 2984 2296 Marc
3030 2239 3121 2294 hic
3170 2237 3404 2293 mundus
3450 2244 3574 2303 est,
3626 2235 3765 2291 sicut

2150 2322 2425 2409 scriptum
2475 2346 2556 2392 est
2584 2354 2597 2391 :
2628 2355 2645 2387 ι
2674 2335 2787 2390 Hoc
2833 2349 2985 2389 mare
3030 2347 3282 2404 magnum
3332 2340 3390 2387 et
3435 2330 3763 2400 spatiosum,

2166 2433 2273 2488 illic
2304 2430 2514 2502 reptilia
2542 2443 2772 2501 quorum
2818 2442 2925 2487 non
2952 2436 3039 2482 est
3065 2439 3324 2483 numerus
3351 2422 3527 2494 (Ptol.
3557 2422 3706 2497 cm).
3734 2440 3755 2474 ι

2165 2524 2357 2580 Merito
2391 2537 2519 2594 ergo
2550 2520 2705 2576 stella
2743 2520 2909 2575 maris
2944 2518 3163 2583 dicitur,
3191 2516 3317 2587 quia
3349 2515 3465 2585 ipsa
3499 2521 3760 2585 tanquam

2164 2616 2313 2671 sidus
2338 2615 2610 2685 singulare
2635 2610 2845 2667 refulsit
2881 2611 2935 2665 in
2974 2609 3194 2674 mundo,
3230 2616 3286 2663 et
3311 2607 3470 2678 cujus
3496 2604 3757 2676 splendor

2165 2706 2431 2762 illuminat
2474 2702 2753 2769 mundum,
2801 2708 2856 2756 et
2888 2715 2952 2755 ex
2999 2715 3058 2755 se
3101 2698 3311 2753 radium
3358 2696 3510 2751 illum
3558 2696 3761 2760 emisit,

2163 2798 2255 2869 qui
2283 2818 2302 2849 ι
2337 2796 2605 2852 illuminat
2638 2808 2855 2849 omnem
2884 2794 3158 2849 hominem
3187 2790 3497 2846 venientem
3529 2788 3586 2844 in
3621 2790 3761 2845 hunc

2163 2889 2420 2946 mundum
2477 2888 2661 2955 (Joan.
2692 2887 2753 2957 l).
2785 2905 2803 2937 ι
2861 2885 2928 2939 Ει
2977 2885 3116 2939 sicut
3163 2883 3350 2938 radius
3401 2884 3678 2952 processit
3730 2897 3761 2936 a

2164 2983 2341 3047 stella,
2385 2981 2539 3037 stella
2585 2981 2791 3052 integra
2842 2988 3224 3049 permanente;
3270 2978 3349 3032 sic
3373 2975 3517 3031 filius
3546 2992 3615 3031 ex
3643 2975 3763 3032 Vir-

2162 3077 2310 3149 gine,
2340 3074 2654 3147 virginitate
2705 3071 3004 3127 iuviolabili
3049 3071 3399 3141 perdurante,
3452 3069 3753 3124 secundum

2160 3171 2303 3243 quod
2348 3177 2403 3225 et
2448 3168 2710 3240 propheta
2764 3165 3015 3221 Ezechiel
3063 3164 3277 3235 inquit:
3311 3180 3330 3214 ι
3359 3161 3547 3228 Porta,
3596 3176 3757 3232 quam

2159 3263 2334 3328 vides,
2386 3270 2605 3329 semper
2638 3258 2750 3314 erit
2793 3256 2997 3321 clausa,
3033 3264 3089 3311 et
3134 3254 3315 3311 nullus
3363 3252 3622 3309 transibit
3666 3267 3762 3325 per

2160 3370 2303 3422 eam,
2350 3354 2445 3410 sed
2476 3353 2735 3409 Dominus
2780 3350 2928 3407 solus
2961 3349 3210 3415 introibit
3246 3363 3345 3421 per
3377 3363 3500 3403 eam
3538 3347 3757 3420 (Ezech.

2160 3450 2329 3520 χιιι).
2366 3468 2384 3501 ι
2422 3448 2588 3504 Stella
2619 3447 2762 3505 lucet
2792 3446 2849 3503 in
2875 3452 3059 3510 nocte,
3087 3452 3146 3501 et
3174 3443 3288 3514 ipsa
3323 3440 3491 3514 Virgo
3516 3440 3574 3501 in
3602 3449 3760 3509 nocte

2161 3542 2321 3614 hujus
2360 3538 2543 3601 seaculi
2572 3536 2921 3610 singulariter
2968 3534 3138 3603 fulsit,
3173 3532 3471 3589 secundum
3514 3530 3665 3602 quod
3696 3532 3759 3591 de

2160 3651 2222 3693 ea
2252 3634 2512 3705 scriptum
2544 3639 2627 3689 est
2652 3646 2665 3682 :
2696 3647 2717 3682 ι
2746 3627 2878 3699 Quae
2912 3633 3137 3689 cunctas
3181 3625 3419 3682 btereses
3438 3621 3554 3677 sola
3586 3621 3757 3676 inter-

2158 3725 2341 3783 emisti
2386 3723 2440 3780 in
2478 3721 2731 3787 universo
2761 3718 2979 3783 mundo.
3022 3736 3040 3770 ι
3071 3714 3219 3771 Talis
3248 3722 3333 3771 cst
3360 3711 3515 3768 stella
3546 3719 3755 3776 nostra,

2162 3818 2383 3881 fratres,
2430 3812 2553 3868 talis
2582 3818 2669 3866 est
2694 3809 2849 3879 virgo
2878 3806 3046 3863 Maria
3065 3847 3080 3872 ,
3112 3805 3231 3862 talis
3258 3810 3341 3861 est
3371 3802 3530 3858 stella
3566 3800 3755 3866 maris,

2159 3923 2216 3967 et
2237 3910 2360 3979 quia
2391 3905 2611 3976 reliquit
2639 3902 2796 3963 nobis
2821 3900 3155 3973 exemplum,
3184 3907 3244 3955 ut
3270 3912 3569 3970 sequamur
3596 3895 3760 3950 vesti-

2159 4004 2246 4077 gia
2275 4000 2392 4072 ejus
2420 3998 2474 4072 (I
2499 3996 2647 4053 Petr.
2677 3995 2762 4067 ιι),
2818 3994 2942 4050 talis
2986 3992 3149 4049 etiam
3189 3991 3351 4048 debet
3397 4004 3521 4047 esse
3575 3987 3755 4043 anima

2158 4102 2369 4152 nostra.

2230 4232 2415 4288 Simus
2442 4243 2589 4301 ergo.
2620 4225 2843 4293 fratres,
2876 4224 3047 4297 igneae
3076 4228 3305 4287 naturae,
3336 4226 3397 4274 ut
3418 4218 3491 4275 sit
3517 4217 3573 4274 in
3600 4216 3755 4273 nobis

2159 4328 2247 4385 ille
2290 4325 2464 4399 ignis,
2509 4338 2668 4395 quem
2714 4321 2866 4378 venit
2894 4318 3155 4376 Dominus
3199 4316 3418 4373 mittere
3465 4314 3521 4371 in
3555 4322 3754 4370 terram

2084 4408 2136 4470 D
2163 4418 2316 4492 (Luc.
2345 4417 2447 4490 xu)
2477 4434 2489 4470 :
2516 4424 2571 4472 et
2621 4414 2762 4487 ignis
2809 4412 2901 4470 ille
2948 4411 3040 4482 qui
3089 4418 3210 4466 erat
3253 4406 3667 4480 ﬂammigerans
3707 4406 3755 4469 in

2164 4514 2380 4572 ossibus
2413 4510 2686 4577 Ieremia,
2734 4506 3071 4566 accendatur
3117 4504 3172 4561 iu
3217 4501 3537 4559 conflatorio
3576 4500 3756 4569 cordis

2165 4609 2361 4674 nostri,
2386 4607 2539 4679 juxta
2570 4617 2730 4674 quem
2764 4600 2919 4659 sedet
2942 4597 3204 4655 Dominus
3230 4608 3470 4666 purgans
3509 4600 3567 4649 et
3604 4607 3757 4648 mun-

2166 4702 2302 4756 dans
2334 4697 2475 4753 filios
2495 4695 2626 4751 Levi
2668 4691 2825 4767 (Hal.
2850 4690 2959 4762 ιιι).
3000 4687 3185 4746 Simus
3212 4686 3377 4742 etiam
3414 4692 3472 4740 et
3499 4699 3600 4741 nos
3629 4684 3753 4740 clari

2165 4805 2220 4850 et
2248 4789 2459 4861 fulgidi,
2491 4796 2551 4843 ut
2585 4787 2792 4856 aspiret
2821 4781 2979 4840 nobis
3007 4780 3143 4846 dies,
3170 4785 3226 4835 et
3260 4775 3598 4833 inclinantur
3644 4790 3756 4829 um.

2153 4896 2268 4961 brge
2296 4883 2473 4956 (Cant.
2496 4897 2533 4938 ιι
2555 4922 2570 4949 ,
2594 4879 2671 4951 1v)
2694 4895 2707 4932 :
2734 4884 2790 4935 et
2818 4896 2838 4930 ι
2859 4876 3191 4947 deponentes
3218 4878 3463 4925 veterem
3485 4866 3753 4923 hominem

2157 4958 2282 5041 cum
2328 4976 2540 5033 actibus
2578 4970 2713 5037 suis,
2761 4968 3049 5024 induamur
3082 4977 3306 5026 novum,
3335 4960 3430 5031 qui
3461 4958 3752 5015 secundum

2158 5079 2331 5134 Deum
2360 5077 2578 5127 creatus
2601 5072 2684 5122 est
2708 5062 2850 5136 (Col.
2883 5061 3001 5132 ιιι);
3027 5078 3047 5113 ι
3074 5067 3135 5113 ιιι
3162 5057 3207 5112 si
3237 5054 3440 5111 fuimus
3468 5051 3754 5123 aliquando

2162 5166 2423 5232 tenebrat,
2463 5175 2607 5218 nunc
2650 5157 2822 5214 simus
2865 5154 2954 5209 lux
2988 5152 3040 5207 in
3069 5148 3302 5207 Domino
3335 5145 3556 5217 (Ephes.
3588 5144 3643 5214 v)
3667 5160 3681 5197 ;
3706 5149 3756 5197 et

2162 5259 2338 5317 induti
2376 5256 2543 5312 armis
2580 5253 2739 5317 lueis,
2773 5248 3113 5305 ambulemus
3143 5246 3392 5307 honeste,
3433 5240 3578 5296 sicut
3608 5239 3753 5294 decet
