3950 5344
253 271 359 348 s09
1029 312 1032 316 -
1161 301 1180 321 ί
1251 318 1253 320 -
1747 287 1807 344 sr

1916 285 2047 344 101.
3427 287 3534 356 510

253 406 518 464 ardentes
541 405 597 464 in
617 405 868 464 manibus
888 407 1390 480 vestris(Luc.xu).
1419 424 1439 462 ι
1467 404 1616 480 (liti)
1639 405 1842 463 Lucer-
1869 408 1919 470 Α
1947 401 2198 462 illustrati
2228 417 2326 475 per
2351 401 2586 473 stellam,
2615 414 2738 476 quis
2762 405 2943 464 lumen
2966 417 3124 462 suum
3151 404 3315 464 habet
3340 421 3370 464 a
3399 409 3530 477 sole,

251 514 354 555 nos
399 498 606 570 quippe
654 499 909 557 ardentes
955 501 1008 554 in
1061 498 1315 556 manibus
1357 509 1672 571 portamus,
1716 513 1840 556 cum
1944 503 2211 554 venerunt
2251 495 2318 554 ad
2355 495 2691 558 adorandum
2714 495 2931 564 Solem;
2965 511 3195 567 quorum
3222 508 3371 570 gesta
3413 500 3536 562 dili-

247 590 520 662 proximis
549 593 754 648 nostris
782 606 884 662 per
915 594 1165 665 exempla
1202 597 1355 649 boote
1381 593 1717 665 operationis
1759 592 1843 649 lu—
1943 596 2134 660 genter
2153 588 2368 659 singula
2393 588 2760 646 attendamus.
2786 589 3064 646 Venerunt
3084 606 3214 662 ergo
3237 593 3304 647 ab
3325 593 3534 652 oriente

248 697 464 747 ceruus,
494 690 554 737 ut
581 683 794 742 cortina
831 686 1100 742 cortinam
1133 687 1347 752 trahat;
1404 705 1424 738 ι
1457 694 1514 741 et
1537 686 1628 756 qui
1671 684 1839 750 audit,
1943 678 2371 752 Hierosolymam
2398 722 2414 748 ,
2463 690 2520 742 ct
2569 697 2693 740 cum
2743 680 3041 746 venissent,
3091 681 3528 752 inquisiverunt:

245 773 396 828 dicat
419 790 434 826 ε
459 773 600 829 Veni
627 774 813 845 (Αροσ.
843 777 1015 848 xm);
1047 795 1065 829 ι
1095 786 1148 834 οι
1167 796 1186 830 ι
1223 778 1302 834 sic
1327 777 1507 834 luceat
1537 777 1628 833 tu;
1657 784 1839 834 vestra
1946 791 1966 824 ι
2005 772 2104 828 Ubi
2129 780 2212 827 est
2237 773 2328 842 qui
2357 781 2516 830 natus
2563 782 2646 828 est
2672 788 2766 836 rex
2790 772 3098 830 Iudaeorum
3127 772 3342 845 (Matth.
3371 773 3476 846 tt)?
3506 794 3526 829 ι

245 877 435 918 coram
486 863 821 930 hominibus,
870 874 930 922 ut
976 867 1221 924 videntes
1263 884 1427 939 opera
1469 877 1652 925 vestra
1695 869 1802 926 bon

1939 860 2077 922 Cum
2108 864 2484 934 pervenissent
2511 865 2577 930 ad
2609 865 2806 931 locum,
2837 865 3220 936 prociderunt;
3254 881 3377 924 cum
3408 880 3533 936 pro-
3573 877 3580 894 ί

241 953 559 1025 gloriﬁcent
587 955 831 1023 Patrem,
857 958 950 1027 qui
987 958 1040 1013 in
1065 959 1218 1016 caelis
1244 968 1329 1016 est
1357 959 1573 1032 (Matth.
1605 959 1680 1030 ν),
1719 979 1737 1014 ι
1784 967 1841 1016 et
1939 957 2200 1016 cidissent
2222 997 2238 1024 ,
2270 957 2664 1025 adoraverunt;
2720 974 2844 1014 cum
2901 959 3224 1022 adorasssnt
3250 999 3264 1025 ,
3305 975 3530 1018 munera

239 1055 476 1112 "aut
523 1047 680 1104 multi
729 1049 781 1105 in
814 1050 1042 1109 odorem
1076 1058 1475 1123 unguentorum
1523 1060 1836 1114 nostrorum

241 1137 425 1210 (Cant.
456 1139 519 1210 ι).

313 1228 482 1286 Stella
510 1230 660 1291 lucet
683 1231 848 1290 etiam
877 1233 933 1290 in
957 1242 1138 1300 nocte,
1172 1243 1226 1292 et
1251 1250 1373 1300 nos,
1404 1235 1623 1301 fratres,
1654 1236 1706 1292 in
1735 1251 1837 1292 no.

236 1327 328 1388 etc
357 1321 529 1390 huius
573 1323 757 1382 saculi
808 1323 1107 1390 luceamus,
1158 1328 1455 1384 secundum
1504 1327 1648 1397 quod
1696 1328 1836 1382 scri-

233 1421 389 1484 ptum
416 1423 536 1472 est:
574 1434 592 1468 ι
623 1415 769 1474 inter
797 1431 934 1486 otios
961 1418 1178 1485 lucetis,
1209 1420 1366 1488 quasi
1403 1418 1693 1476 luminaria
1725 1419 1834 1480 lixa

229 1502 295 1562 in
329 1502 680 1566 ﬁrmamento
721 1507 891 1576 (Phil.
921 1508 1005 1579 tt).
1048 1529 1067 1562 ι
1102 1508 1308 1566 Contra
1338 1511 1718 1566 haereticorum
1750 1518 1834 1568 te-

237 1596 439 1655 nebras
487 1598 774 1667 sapientia;
825 1599 1029 1662 lumine
1072 1602 1476 1672 splendeamus,
1525 1603 1651 1672 quia
1695 1603 1833 1660 scri-

228 1693 382 1755 ptura
409 1696 532 1744 est:
562 1707 580 1739 ι
607 1688 800 1760 Capite
831 1692 988 1748 nobis
1017 1693 1346 1762 vulpeculas,
1374 1710 1496 1764 qua:
1524 1694 1829 1752 demolion--

1935 1049 2266 1114 obtulerunt,
2298 1049 2580 1112 Venerunt
2607 1066 2736 1122 ergo
2766 1050 3088 1121 infatigabili
3119 1051 3324 1117 labore,
3353 1053 3533 1123 inqui-

1937 1142 2182 1202 sivcrunt
2203 1143 2426 1212 provida
2453 1142 2832 1208 sollicitudine,
2860 1143 3207 1212 prociderunt
3227 1142 3406 1206 debita
3433 1145 3535 1208 hu-

1937 1231 2258 1298 miliatione,
2306 1233 2674 1298 adoraverunt
2713 1233 2912 1298 montis
2941 1233 3260 1300 devotione,
3305 1250 3530 1300 munera

1937 1324 2253 1392 obtulerunt
2277 1326 2489 1398 integra
2514 1327 2637 1388 ﬁdei
2667 1326 2953 1397 religione;
2999 1345 3017 1379 ι
3054 1334 3112 1382 et
3137 1325 3450 1383 obtulerunt
3477 1328 3530 1384 ei

1937 1436 2149 1488 aurum,
2199 1423 2326 1484 thus
2373 1433 2427 1480 et
2470 1423 2748 1494 myrrham
2779 1421 2994 1493 (Ibid,).
3031 1439 3051 1482 ι
3088 1421 3229 1480 Ecce
3278 1422 3533 1492 primitiae

1933 1515 2175 1585 gentium
2221 1515 2399 1586 primo
2439 1529 2632 1585 puram
2683 1523 2737 1572 et
2789 1514 3052 1585 integram
3087 1514 3247 1580 tidem
3275 1511 3529 1578 olferunt.

1931 1602 2257 1662 Obtulerunt
2284 1605 2430 1662 enim
2459 1605 2583 1668 thus
2605 1603 2738 1670 Deo,
2766 1605 3044 1675 myrrham
3076 1604 3312 1670 mortali,
3337 1620 3530 1664 aurum

1930 1697 2068 1768 regi.
2102 1696 2250 1758 Thus
2275 1711 2372 1766 per
2412 1696 2572 1754 ﬁdem
2618 1696 2918 1758 divinitatis
2940 1736 2956 1764 ,
3005 1697 3287 1768 myrrham
3333 1711 3430 1767 per
3463 1695 3527 1750 li-

231 1791 320 1838 tor
344 1783 558 1840 vineam
592 1786 805 1842 Domini
829 1785 1008 1857 (Cant.
1043 1790 1126 1858 ιι).
1164 1809 1182 1841 ι
1215 1790 1446 1860 Propter
1473 1793 1616 1860 quod
1647 1790 1828 1850 Domi-
1856 1776 1903 1840 Β
1931 1790 2052 1848 dem
2102 1789 2460 1850 humanitatis
2483 1829 2498 1855 ,
2555 1789 2674 1850 sive
2726 1787 3079 1848 mortalitatis
3103 1828 3119 1853 ς
3181 1803 3374 1844 aurum
3433 1803 3529 1857 De?

229 1888 333 1933 nus
374 1873 594 1942 inquit:
627 1895 645 1928 ι
680 1875 869 1934 Estote
915 1879 1208 1948 prudentes
1254 1881 1395 1937 sicut
1438 1892 1740 1952 serpentes,
1769 1889 1826 1938 et

226 1962 507 2032 simplices
531 1965 676 2026 sicut
704 1965 969 2028 columba:
998 1969 1213 2038 (Matth.
1241 1971 1318 2041 x).
1355 1991 1374 2024 ι
1417 1973 1508 2028 Sic
1530 1988 1680 2043 ergo,
1709 1972 1822 2028 l‘ra-

224 2060 355 2119 tres.
387 2056 457 2120 ad
485 2071 676 2118 verum
709 2058 876 2116 solem
903 2059 1204 2129 poterimus
1228 2066 1531 2134 pervenire,
1567 2067 1611 2120 si
1641 2065 1820 2134 Virgi-

225 2143 310 2209 tlls
344 2155 401 2206 et
430 2147 602 2212 stella:
635 2159 835 2214 nostra:
861 2152 1089 2223 vestigia
1120 2153 1380 2211 fuerimus
1406 2152 1620 2214 imitati.

293 2235 354 2296 In
380 2238 499 2298 sole
529 2249 712 2304 autem
744 2243 984 2314 quinque
1021 2245 1394 2316 principaliter
1440 2250 1814 2312 attenduntur.

223 2327 314 2394 Sol
364 2328 826 2396 incommutabilis
869 2344 954 2392 est
1002 2337 1056 2392 in
1102 2353 1198 2401 se,
1247 2355 1370 2397 cum
1422 2339 1546 2402 luna
1592 2342 1819 2414 singulis

221 2419 500 2480 mensibus
526 2432 906 2484 commutatur.
935 2425 994 2482 ln
1021 2427 1134 2486 sole
1156 2438 1241 2486 est
1261 2430 1404 2486 nulla
1433 2432 1664 2499 macula,
1693 2419 1816 2494 cum

217 2523 435 2578 setttper
465 2513 675 2572 tutacula
705 2515 777 2570 sit
812 2517 864 2574 in
906 2516 1056 2584 lupa.
1092 2518 1184 2576 Sol
1216 2521 1378 2586 habet
1423 2524 1814 2594 plenitudinem

216 2605 461 2675 luminis,
497 2624 526 2662 a
559 2625 668 2678 quo
703 2620 761 2666 et
799 2612 906 2672 alia
955 2614 1238 2676 luminaria
1291 2618 1470 2678 lumen
1520 2623 1812 2693 accipiunt.

216 2696 306 2754 Sol
353 2700 484 2755 licet
526 2701 598 2756 sit
636 2703 1018 2771 immutabilis,
1061 2709 1331 2765 interdum
1381 2721 1562 2774 tamen
1610 2715 1816 2784 patitur

214 2791 500 2862 eclypsim.
552 2793 642 2848 Sol
673 2811 886 2867 semper
915 2799 965 2870 5
993 2799 1134 2856 lucet
1164 2802 1218 2856 in
1245 2803 1350 2860 die.
1401 2803 1507 2862 Sed
1536 2805 1726 2862 eadem
1759 2809 1810 2863 in

211 2901 342 2950 vero
373 2887 492 2945 sole
522 2895 711 2952 nostro
740 2890 970 2946 sollicite
1001 2893 1407 2965 investigemus.
1441 2896 1532 2954 Sol
1556 2899 1610 2956 in
1643 2915 1701 2954 se
1731 2901 1813 2956 in-

207 2979 612 3038 commutabilis
625 2989 712 3036 est
735 2991 789 3036 et
807 2983 918 3052 ipse
933 2982 1182 3042 Christus
1197 2989 1491 3046 secundum
1508 2991 1809 3057 divinitatis

202 3071 507 3138 potentiam
530 3087 746 3143 semper
778 3076 1237 3140 incommutabilis
1279 3092 1612 3148 perseverat.
1655 3082 1806 3148 Unde

1929 1883 2090 1942 ﬁdem
2122 1882 2282 1953 regite
2327 1882 2627 1952 dignitatis.
2677 1880 2802 1945 Fuit
2853 1880 2998 1944 enim
3033 1879 3175 1940 Deus
3225 1890 3280 1935 et
3331 1881 3525 1948 homo,

1927 1974 2269 2041 Emmanuel,
2302 1975 2570 2038 nobiscum
2601 1973 2775 2042 Datis,
2809 1988 2932 2036 cum
2961 1971 3138 2034 factus
3164 1980 3246 2026 est
3276 1970 3442 2026 simul
3472 1971 3524 2025 in

1925 2081 2092 2128 unum
2121 2066 2270 2122 dives
2295 2073 2350 2120 et
2375 2078 2596 2134 pauper,
2630 2064 2842 2134 fuitque
2871 2079 2939 2122 ex
2968 2063 3114 2132 regia
3141 2061 3305 2128 tribu,
3338 2077 3527 2122 secun-

1924 2159 2051 2216 dum
2086 2159 2228 2228 quod
2261 2159 2314 2214 in
2352 2157 2469 2225 ejus
2521 2156 2835 2228 genealogia
2888 2155 3214 2212 describitur
3251 2172 3263 2208 :
3311 2173 3327 2205 ι
3365 2152 3527 2218 Liber

1924 2251 2290 2321 generationis
2325 2248 2452 2316 Iesu
2477 2248 2680 2316 Christi
2729 2247 2824 2314 lilii
2868 2246 3074 2319 David,
3124 2244 3219 2300 lilii
3247 2244 3524 2311 Abraham

1921 2341 2143 2415 (Matth.
2171 2344 2236 2408 ι),
2277 2360 2295 2393 ι
2328 2349 2435 2406 etc,

1997 2431 2089 2496 Vel
2116 2431 2427 2497 obtulerunt
2453 2431 2571 2494 htec
2594 2429 2698 2498 tria
2724 2427 3051 2498 humanitati
3076 2427 3302 2494 Christi,
3327 2439 3520 2490 aurum

1920 2527 2052 2596 regi,
2088 2525 2356 2588 sacerdoti
2391 2525 2534 2590 thus,
2561 2523 2838 2594 myrrham
2871 2520 3105 2584 mortali.
3131 2519 3256 2586 Fuit
3285 2519 3430 2580 enim
3453 2533 3522 2571 ex

1919 2619 2066 2690 regia
2109 2629 2165 2674 et
2209 2616 2532 2678 sacerdotali
2567 2615 2732 2672 tribu.
2778 2613 2901 2678 Fuit
2934 2629 3050 2674 rex,
3085 2613 3212 2683 quia
3246 2609 3436 2677 habuit
3466 2609 3520 2663 in

1918 2711 2275 2774 vestimento,
2322 2719 2378 2764 et
2423 2709 2476 2764 in
2524 2707 2729 2770 femore
2757 2721 2856 2764 suo
2887 2705 3150 2776 scriptum
3186 2722 3198 2758 :
3238 2722 3255 2754 ι
3291 2703 3402 2768 iter
3436 2716 3520 2758 re-

1915 2818 2066 2873 gum,
2113 2809 2170 2864 et
2216 2801 2476 2869 Dominus
2523 2798 2916 2858 dominantium
2945 2796 3132 2866 (Apoc.
3167 2795 3303 2866 xix).
3343 2814 3360 2856 ρ
3394 2793 3518 2852 Fuit

1915 2903 1970 2956 et
1997 2895 2254 2960 sacerdos
2291 2891 2590 2958 secundum
2619 2890 2865 2958 ordinem
2909 2889 3299 2954 Melchisedech
3333 2885 3512 2959 (Psnl.

1915 2987 2025 3057 clx)
2082 2985 2222 3057 regis
2275 2983 2494 3052 Solem,
2551 2982 2642 3053 qui
2691 2981 2946 3044 sacerdos
3003 2981 3105 3048 fuit
3162 2981 3254 3040 Dei
3310 2981 3508 3048 suimni

1913 3074 2124 3147 (Gener.
2153 3091 2279 3146 xiv;
2309 3074 2471 3136 Hebr.
2501 3075 2620 3146 vn),
2651 3073 2776 3145 quia
2807 3089 2910 3138 non
2937 3088 3033 3144 per
3061 3072 3378 3143 sanguinem
3405 3071 3517 3142 Itir-

202 3161 318 3230 ipse
363 3163 441 3222 ait
476 3181 488 3217 :
526 3181 545 3214 ι
581 3164 693 3235 Ego
725 3181 843 3220 sum
879 3166 1042 3232 Deus,
1070 3177 1125 3222 ct
1154 3184 1261 3224 non
1289 3179 1468 3226 mutor
1498 3171 1654 3242 (Mal.
1683 3174 1800 3243 ut);
1835 3150 1879 3213 (ἶ
1913 3185 2120 3232 eorum,
2157 3176 2251 3234 aut
2282 3168 2596 3235 vitulorum,
2629 3168 2723 3226 sed
2752 3181 2849 3239 per
2877 3167 3157 3239 proprium
3189 3167 3513 3240 sanguinem

199 3255 342 3323 apud
373 3270 541 3323 quem
575 3273 680 3314 non
710 3267 793 3312 est
822 3261 1242 3324 transmutatio,
1276 3277 1378 3318 nec
1416 3263 1806 3327 vicissitudinis

197 3346 551 3414 obumbratio
577 3348 719 3419 (Jac.
758 3349 820 3421 ι).
863 3370 882 3406 ι
935 3351 992 3406 ln
1029 3351 1142 3407 sole
1171 3353 1315 3408 nulla
1343 3364 1423 3410 est
1472 3357 1718 3423 macula;
1752 3365 1806 3414 et

198 3438 316 3508 ipse
335 3448 445 3506 est,
474 3440 566 3509 qui
599 3439 950 3510 singulariter
977 3443 1256 3514 ingressus
1285 3454 1368 3502 est
1401 3449 1658 3510 mundum
1689 3449 1805 3514 sine

198 3530 413 3584 macula
447 3550 464 3582 ι
505 3531 596 3600 qui
627 3541 911 3602 peccatum
944 3549 1050 3588 non
1083 3534 1234 3602 fecit,
1286 3552 1386 3592 nec
1431 3538 1682 3596 inventus
1721 3549 1804 3606 est

199 3619 356 3678 dolus
385 3621 438 3676 in
465 3635 560 3676 ore
593 3623 710 3692 ejus
743 3622 903 3694 (Isai.
939 3624 1078 3696 Litt).
1121 3645 1138 3678 ι
1177 3626 1268 3681 Sol
1311 3627 1478 3690 habet
1508 3629 1800 3696 plenitudi-

195 3726 322 3768 nem
355 3711 612 3780 luminis;
646 3723 700 3769 et
724 3715 777 3769 in
803 3730 869 3770 eo
894 3716 1162 3773 habitavit
1192 3719 1470 3794 plenitudo
1499 3721 1801 3792 divinitatis

195 3803 561 3872 corporaliter
591 3803 728 3877 (Col.
755 3812 838 3875 ιι),
870 3808 959 3862 cui
1005 3824 1112 3864 non
1142 3819 1227 3872 est
1272 3811 1432 3874 datus
1468 3811 1702 3885 Spiritus
1731 3814 1801 3878 ad

193 3909 511 3962 mensuram
545 3898 873 3971 (luam-tu),
906 3902 1013 3967 imo
1037 3903 1103 3958 de
1131 3904 1468 3974 plenitudine
1495 3907 1614 3978 ejus
1640 3923 1797 3977 accc-

195 3989 378 4058 pimus
394 4005 584 4050 omnes
599 3992 830 4062 gratiam
855 4009 954 4066 pro
975 3996 1348 4068 gratia'(Joon.
1377 3998 1439 4070 ι),
1463 4000 1679 4070 quando
1701 4017 1802 4069 un-

191 4090 453 4151 guentum
484 4099 514 4137 a
540 4085 716 4154 capite
744 4085 1025 4142 descendit
1067 4104 1237 4158 usque
1266 4091 1331 4150 ad
1373 4090 1598 4162 barbati:
1623 4133 1638 4158 ,
1679 4101 1738 4158 et
1767 4109 1796 4148 a

187 4174 358 4236 barba
393 4176 624 4234 stillavit
649 4178 702 4244 in
727 4193 880 4236 oram
906 4181 1214 4248 vestimenti
1245 4180 1417 4256 (Prol,
1442 4184 1676 4260 exuit),
1704 4184 1798 4257 Sol

188 4267 466 4328 interdum
488 4271 694 4341 patitur
716 4272 975 4344 eelypsim
1000 4291 1014 4340 ;
1043 4285 1099 4329 et
1127 4275 1241 4345 ipse
1265 4274 1514 4349 Christus
1531 4277 1794 4352 eclypsim

186 4364 379 4420 mortis
410 4380 604 4434 passus
627 4366 786 4422 estin
811 4367 1082 4436 passione,
1105 4370 1322 4438 quando
1347 4373 1572 4440 recessit
1601 4373 1795 4444 Pastor

185 4456 408 4521 ovium,
454 4472 664 4526 ponens
711 4459 949 4522 animam
979 4476 1077 4530 pro
1103 4463 1297 4532 ovibus
1339 4465 1451 4536 suis
1491 4465 1681 4539 (John.
1709 4467 1788 4542 κ),

189 4563 209 4608 t
240 4556 299 4602 et
337 4548 602 4604 inclinato
652 4551 832 4620 capite
859 4553 1043 4608 emisit
1073 4554 1324 4623 spiritum
1370 4555 1552 4626 (Joau.
1584 4561 1716 4630 xix),
1765 4579 1782 4611 ›

182 4636 272 4698 Sol
308 4656 527 4710 semper
561 4643 706 4698 lucet
734 4644 785 4702 in
815 4645 931 4712 die;
963 4656 1018 4702 et
1048 4647 1162 4716 ipse
1193 4647 1474 4718 Dominus,
1501 4661 1785 4722 postquam

185 4735 518 4802 resurgendo
550 4737 890 4807 consumpsit
921 4738 1172 4804 tenebras
1195 4749 1395 4808 nostra:
1417 4743 1785 4810 mortalitatis,

186 4844 203 4878 t
244 4841 534 4896 resurgens
569 4844 640 4886 ex
671 4831 900 4890 mortuis
923 4828 1036 4897 iam
1078 4846 1183 4894 non
1230 4835 1479 4901 moritur,
1527 4851 1674 4902 mors
1709 4836 1782 4892 illi

181 4917 315 4974 ultra
347 4935 452 4974 non
485 4920 854 4982 dominabitur
879 4921 1056 4992 (Rom.
1085 4928 1184 4994 vi).
1220 4944 1239 4977 ι
1279 4927 1381 4982 Sed
1409 4932 1584 4982 lucem
1620 4929 1777 4984 habi—

184 5017 258 5063 tat
285 5010 722 5068 inaccessibilem
755 5012 804 5080 (I
838 5013 976 5068 Tim.
1006 5013 1102 5083 vr),
1139 5025 1192 5070 et
1221 5018 1270 5082 iu
1303 5033 1366 5074 eo
1399 5017 1637 5082 tenebrae
1668 5037 1772 5080 nou

183 5112 302 5164 sunt
329 5104 446 5158 ulla:
479 5104 538 5174 (1
559 5104 722 5159 Joan.
751 5109 809 5173 ι)-
849 5107 1014 5162 illunc
1039 5108 1186 5173 solus
1215 5112 1392 5174 aquila
1433 5109 1673 5173 Joannes
1704 5116 1776 5172 ir-

1909 3261 2156 3327 introivit
2201 3260 2370 3326 semel
2415 3261 2468 3317 in
2521 3268 2707 3316 sancta
2733 3300 2749 3326 ,
2786 3268 2986 3318 aeterna
3021 3259 3392 3332 redemptione
3425 3260 3512 3326 in-

1908 3362 2070 3414 venta
2107 3351 2294 3424 (Hebr.
2326 3353 2426 3423 ix),
2464 3374 2481 3404 ι
2515 3352 2775 3412 Conversi
2811 3352 2957 3406 enim
2989 3366 3178 3408 sumus
3219 3351 3286 3414 ad
3332 3357 3514 3420 pasto-

1908 3461 2022 3506 rem
2045 3455 2098 3501 ct
2118 3445 2432 3515 episCOpum
2457 3443 2762 3506 animarum
2785 3450 3096 3506 nostrarum
3123 3439 3175 3514 (Ι
3199 3439 3342 3510 Pctr.
3367 3441 3453 3511 lt).
3483 3458 3503 3494 ι

1907 3535 2033 3602 Fuit
2058 3536 2221 3594 etiam
2247 3535 2304 3606 6
2325 3532 2592 3602 mortalis,
2618 3533 2745 3602 quia
2773 3550 2791 3584 t
2821 3546 2950 3586 vere
2976 3530 3263 3606 languorcs
3291 3538 3507 3588 nostros

1907 3625 2022 3694 ipse
2051 3625 2190 3693 tulit,
2214 3634 2269 3679 et
2295 3625 2508 3682 dolores
2535 3631 2748 3678 nostros
2779 3621 2892 3690 ipse
2911 3620 3144 3702 portavit
3168 3618 3302 3689 (lsa.
3326 3619 3446 3692 Ltil)
3481 3638 3501 3671 ι

1904 3717 1958 3778 in
1987 3730 2213 3786 corpore
2240 3730 2339 3772 suo
2368 3728 2533 3796 super
2561 3713 2789 3784 lignum.

1975 3795 2100 3878 lituo
2123 3807 2316 3877 eadem
2344 3795 2459 3877 ipsa
2488 3803 2653 3878 Virgo
2677 3845 2692 3876 ,
2738 3801 2895 3866 stella
2932 3801 3119 3868 muris,
3153 3800 3346 3856 obtulit
3391 3800 3505 3862 Soli

1902 3909 2030 3972 pato
2070 3913 2168 3968 suo
2197 3898 2252 3968 in
2279 3911 2515 3972 persona
2542 3911 2658 3966 sua.
2698 3894 2906 3952 Obtulit
2933 3893 3079 3950 enim
3115 3908 3305 3947 aurum
3340 3893 3503 3966 regia:

1899 3990 2198 4062 dignitatis,
2233 3989 2357 4059 quia
2387 3987 2488 4058 fuit
2535 3988 2649 4060 ipsa
2697 3986 2763 4056 de
2804 3985 2949 4056 regia
2996 3984 3172 4052 tribu,
3207 3987 3502 4048 secundum

1897 4083 2044 4156 quod
2098 4083 2151 4140 in
2202 4082 2346 4152 dictu
2378 4079 2691 4161 genealogia
2742 4078 2940 4150 legitur
2978 4096 2990 4132 :
3035 4096 3053 4131 ‹
3092 4075 3261 4143 Jacob
3317 4078 3504 4149 genuit

1897 4173 2096 4250 Ioseph
2127 4175 2304 4244 virum
2330 4157 2534 4242 alariae,
2565 4157 2630 4228 de
2657 4188 2763 4255 qua
2788 4179 2946 4228 natus
2975 4179 3058 4227 est
3078 4169 3258 4238 Jesus,
3291 4171 3384 4240 qui
3414 4187 3502 4226 vo-

1897 4276 2049 4336 catur
2101 4266 2353 4338 Christus
2401 4265 2621 4340 (Matth.
2651 4265 2713 4338 ι).
2756 4284 2774 4328 ρ
2817 4264 3025 4320 Obtulit
3070 4264 3232 4318 etiam
3284 4264 3410 4318 thus
3445 4272 3502 4319 et
3569 4326 3571 4328 η

1897 4360 2206 4432 myrrham;
2235 4359 2376 4424 unde
2405 4359 2457 4414 in
2488 4357 2714 4420 Cantico
2757 4357 2960 4424 amoris
3002 4357 3118 4414 haec
3159 4357 3264 4410 duo
3295 4357 3346 4408 in
3377 4355 3494 4424 ipsa

1889 4454 2211 4528 junguntur,
2244 4453 2334 4510 ubi
2364 4454 2562 4508 dicitur
2590 4471 2603 4506 :
2640 4470 2658 4503 ‹
2691 4451 2822 4520 Qure
2846 4460 2929 4506 est
2953 4451 3074 4514 ista,
3106 4465 3225 4519 qute
3253 4448 3498 4503 ascendit

1895 4561 1991 4619 per
2019 4546 2291 4614 desertum
2321 4544 2464 4600 sicut
2494 4543 2700 4614 virgula
2735 4542 2867 4598 [iuni
2892 4557 2956 4602 ex
2981 4540 3315 4596 aromatibus
3343 4555 3495 4610 myr-

1894 4636 2023 4703 rllm,
2088 4647 2142 4702 et
2207 4637 2398 4700 thuris,
2469 4635 2708 4690 universi
2769 4633 3004 4704 pulveris
3040 4630 3427 4704 pigmentarii?
3468 4650 3487 4684 ι

1893 4726 2073 4800 (Cant.
2096 4727 2203 4797 ut.)
2223 4728 2438 4798 Myrrha
2463 4735 2609 4782 arcet
2633 4740 2847 4782 vermes
2865 4738 2893 4778 a
2909 4725 3227 4793 corporibus
3255 4729 3497 4788 mortuo-

1893 4835 2012 4885 rum
2036 4859 2049 4884 ι
2076 4828 2132 4882 et
2155 4819 2265 4890 ipsa
2291 4833 2516 4890 corpora
2546 4824 2836 4875 conservat
2871 4830 2900 4869 a
2929 4816 3281 4890 corruptione
3307 4856 3322 4884 ,
3363 4830 3493 4886 pro-

1891 4918 2012 4981 pter
2052 4911 2195 4978 quod
2242 4910 2567 4974 Nicodamus
2599 4911 2784 4965 attulit
2823 4906 3110 4962 misturam
3163 4906 3397 4976 myrrha:
3444 4915 3499 4963 et

1883 5002 2032 5059 aloes
2069 5001 2248 5071 (Joau,
2279 5002 2416 5072 xxx),
2448 5009 2506 5054 ut
2527 5003 2780 5059 condiret
2803 5010 3003 5066 corpus
3033 4999 3182 5056 Jesu.
3217 4999 3320 5053 Per
3347 5014 3500 5070 myr-

1885 5093 2036 5152 rham
2069 5108 2198 5168 ergo
2230 5093 2412 5150 carnis
2461 5093 2752 5164 integritas
2802 5088 3122 5160 designatur
3145 5135 3160 5160 ,
3215 5089 3339 5145 thus
3368 5105 3502 5144 vero
