3950 5344
491 95 592 155 ιιι
688 66 690 68 ’
1053 94 1108 149 s.
1147 92 1349 148 manu
1389 92 1672 152 DAMIANI
1709 93 1860 152 om).
1903 88 2080 147 rans

2182 88 2248 146 ευ
2294 39 2528 151 ΤὸΜΙΙΒ
2568 93 2629 150 ll.
2663 123 2730 138 ——
2771 91 3159 152 SERMONES.
3659 86 3762 146 512

478 205 516 269 ἰ
544 215 677 278 Ave,
711 214 883 283 gratia
916 209 1105 281 plena,
1153 207 1410 265 Dominus
1449 218 1659 277 tecum,
1705 207 1986 266 benedicta
2018 214 2074 260 tu
2103 206 2153 268 Α
2182 216 2398 264 luerunt
2447 209 2632 283 (Prov.
2691 211 2863 281 xxiv).
2931 231 2951 263 ι
3010 210 3213 266 Statuit
3257 217 3495 280 namque
3549 205 3765 281 Moyses

490 305 543 360 in
600 302 948 367 mulieribus,
1001 309 1056 356 et
1105 301 1421 358 benedictus
1473 301 1684 360 fructus
1734 300 1938 356 ventris
1993 299 2073 355 tui
2180 303 2438 360 terminos
2474 314 2666 360 contra
2694 313 2932 360 montem
2966 301 3140 370 Sinai,
3171 316 3281 374 quo
3309 299 3627 370 transgredi
3655 314 3767 356 non

491 397 645 468 (Luc.
675 395 737 467 ι).
781 414 799 446 ι
829 393 922 449 Sic
941 408 1088 464 ergo,
1114 392 1328 458 fratres,
1351 393 1662 450 obtulerunt
1686 393 1850 466 magi,
1878 392 2075 449 obtulit
2112 425 2118 430 η
2178 395 2376 454 licebat
2406 396 2603 468 (Exod.
2633 396 2772 468 xix).
2819 396 2887 452 Et
2915 398 3122 452 utinam
3165 395 3301 452 istos
3341 393 3611 451 terminos
3632 389 3767 447 1111Πί

485 497 541 543 et
571 488 720 558 virgo
748 485 916 542 Mar-ia
953 486 1106 543 stella
1138 496 1344 543 nostra.
1375 486 1446 542 Et
1472 488 1599 558 quia
1626 486 1874 558 exempla
1913 486 2076 542 dede-
2116 532 2118 536 .
2178 489 2666 560 transgrediantur,
2717 488 2958 560 alioquin
2992 487 3264 560 lapidibus
3291 494 3457 543 erunt
3481 485 3659 558 digni.
3687 483 3763 540 Ex

485 588 613 635 runt
642 571 817 645 nobis,
847 596 976 652 ergo
1002 588 1056 636 et
1086 594 1185 635 nos
1214 580 1289 636 ita
1319 579 1601 637 faciamus.

560 671 841 728 Venerunt
869 671 1032 741 magi,
1068 670 1348 727 veniamus
1391 678 1445 726 et
1487 686 1605 735 nos,
1653 669 1778 740 quia
1813 670 2076 741 scriptum
2118 713 2122 717 .

486 773 571 821 est
601 783 613 818 :
650 783 668 817 ι
708 763 900 820 Venite
930 765 998 820 ad
1025 779 1134 829 me.
1161 778 1348 819 omnes
1383 765 1474 834 qui
1505 763 1765 820 laboratis
1789 772 1845 819 et
1867 762 2079 818 onerati

488 859 622 914 estis
647 898 663 925 ,
709 866 764 913 et
805 872 907 928 ego
959 857 1197 914 reficiam
1227 872 1324 914 vos
1353 855 1568 928 (Matth.
1595 857 1698 927 ιι).
1746 876 1765 909 ι
1799 857 1868 912 Ει
1910 857 2075 914 alibi:

495 969 516 1003 ‹
551 949 743 1006 Venite
770 951 838 1006 ad
865 967 970 1016 me,
1000 951 1092 1021 qui
1119 950 1500 1021 concupiscitis
1526 966 1614 1006 me
1639 949 1831 1021 (Ecclt'.
1855 950 2026 1023 xxxv).
2054 970 2073 1004 ι

490 1042 860 1116 lnquisierunt
881 1046 1047 1118 magi,
1076 1046 1412 1116 inquiramus
1435 1054 1491 1102 et
1515 1061 1636 1111 nos,
1665 1046 1791 1117 quia
1819 1047 2079 1117 scriptum

445 1134 454 1148 '
491 1146 613 1220 est:
647 1157 666 1189 ι
707 1136 944 1204 Quaerite
995 1138 1315 1205 Dominum,
1369 1140 1495 1195 dum
1544 1128 1773 1196 inveniri
1824 1149 2020 1212 potest.
2055 1161 2075 1196 ι

491 1221 850 1286 Prociderunt
876 1232 1045 1301 magi,
1073 1231 1421 1302 procidamus
1444 1240 1498 1287 et
1521 1246 1641 1298 nos,
1669 1233 1795 1304 quia
1819 1235 2082 1304 scriptum

493 1333 613 1379 est:
645 1343 664 1377 ι
699 1324 916 1390 Venite,
946 1324 1235 1380 adoremus
1258 1366 1272 1389 ,
1307 1333 1361 1380 et
1385 1325 1730 1395 procidamus
1757 1333 1882 1380 ante
1908 1324 2080 1380 Deum

489 1414 663 1485 (Psal.
697 1415 865 1488 xcrv).
908 1433 927 1467 ι
965 1415 1346 1471 Adoraverunt
1372 1415 1536 1487 magi,
1566 1415 1852 1471 adoremus
1877 1422 1932 1470 et
1957 1429 2078 1480 nos,

487 1510 613 1579 quia
644 1509 904 1580 scriptum
946 1517 1030 1564 est
1077 1527 1089 1563 :
1142 1527 1163 1560 ι
1215 1509 1452 1564 Adorate
1509 1507 1796 1563 Dominum
1857 1508 1911 1563 in
1957 1507 2079 1562 aula

2178 584 2281 638 hac
2323 583 2558 653 pendent
2598 582 2773 655 clypei
2801 581 2970 650 mille,
3000 581 3268 652 perfectio
3297 578 3559 636 videlicet
3581 585 3764 635 aucto-

2177 676 2422 740 ritatum,
2453 691 2574 746 qum
2603 683 2688 731 est
2711 675 2777 730 ad
2807 675 3201 731 munimentum
3228 672 3419 744 ipsius.
3447 670 3578 729 Hac
3602 669 3766 726 turris

2178 769 2398 841 ponitur
2443 777 2632 824 contra
2686 769 3048 833 Damascum,
3103 765 3314 822 scilicet
3361 773 3552 821 contra
3603 762 3768 818 robur

2178 863 2582 919 baarelicorum.
2605 861 2762 917 Aliud
2802 861 3214 916 fundamentum
3241 858 3380 914 alius
3400 871 3568 913 nemo
3589 861 3768 925 potest

2177 968 2402 1024 ponere,
2425 963 2622 1024 prmter
2651 953 2706 1008 id
2735 954 2876 1022 quod
2905 951 3143 1022 positum
3166 959 3271 1016 est,
3301 949 3448 1020 quod
3471 957 3560 1006 est
3579 946 3765 1004 Chris-

2182 1055 2268 1103 tus
2293 1045 2452 1102 Jesus
2479 1047 2532 1117 (1
2557 1047 2678 1102 Cor.
2708 1046 2814 1118 ιιι),
2840 1045 2890 1100 id
2913 1054 2999 1101 est
3025 1045 3348 1117 mysterium
3379 1042 3606 1099 Christi.

2251 1138 2528 1194 lmmobile
2550 1137 2799 1209 profecto
2824 1145 2880 1192 et
2909 1135 3247 1191 immutabile
3277 1143 3362 1191 est
3391 1133 3599 1191 Christi
3623 1147 3770 1206 mys-

2183 1230 2402 1297 terium,
2445 1230 2573 1300 quia
2606 1229 2888 1300 multiplex
2931 1229 3122 1285 habuit
3149 1228 3546 1284 testimonium.
3576 1225 3769 1282 Habuit

2181 1325 2326 1381 enim
2351 1324 2718 1381 testimonium
2741 1323 3044 1389 hominum,
3063 1321 3436 1379 testimonium
3456 1319 3765 1386 mulierum,

2186 1417 2550 1474 testimonium
2571 1417 2812 1473 virorum
2830 1457 2844 1482 ,
2877 1415 3248 1472 testimonium
3271 1428 3489 1480 senum,
3521 1412 3769 1468 testimo-

2133 1529 2137 1532 ·
2185 1512 2334 1566 nium
2383 1518 2752 1574 terrenarum,
2805 1508 3174 1564 testimonium
3205 1506 3497 1570 caelorum,
3533 1505 3768 1559 testimo-

487 1601 671 1656 san‘cta
708 1579 824 1670 ejus
859 1600 1033 1673 (Psal.
1067 1599 1286 1670 xxvm).
1325 1620 1344 1654 ι
1381 1599 1706 1657 Obtulerunt
1735 1599 1912 1672 magi,
1943 1599 2077 1656 oﬂ'e-
2108 1579 2157 1640 Β
2184 1604 2331 1659 nium
2346 1595 3766 1673 gentilium,testimoniumludteorum,testimonium

485 1707 672 1749 ramus
715 1701 771 1750 et
816 1708 934 1758 nos,
964 1693 1094 1762 quia
1141 1693 1406 1763 scriptum
1452 1701 1538 1748 est
1570 1712 1582 1747 :
1621 1712 1639 1745 ι
1672 1691 1914 1750 Obsecro
1953 1708 2074 1760 vos,
2130 1699 2134 1704 '

483 1785 704 1852 fratres,
740 1797 799 1842 ut
826 1787 1131 1858 cxhibeatis
1160 1801 1392 1857 corpora
1425 1794 1606 1842 vestra
1630 1788 1863 1842 hostiam
1887 1786 2076 1842 viven-

487 1886 616 1944 tem,
643 1886 908 1944 sanctam,
933 1878 1045 1933 Deo
1059 1877 1391 1947 placentem,
1411 1877 1737 1933 rationabile
1758 1877 2076 1948 obsequium

484 1979 729 2026 vestrum
772 1970 952 2040 (Rom.
996 1972 1119 2039 xu).
1169 1990 1188 2024 ι
1230 1969 1533 2028 Oileramus
1578 1979 1635 2025 et
1672 1985 1773 2025 nos
1808 1969 1899 2025 illa
1941 1971 2078 2038 tria,

488 2078 609 2134 quae
649 2063 958 2119 obtulerunt
994 2063 1156 2134 magi,
1190 2063 1350 2119 aliter
1395 2071 1576 2118 tamen
1618 2076 1781 2133 quam
1813 2061 1910 2118 illi.
1935 2060 2078 2118 Olfe-

490 2170 677 2210 ramus
729 2155 1007 2227 myrrham
1055 2154 1529 2221 mortiﬁcationis,
1586 2163 1648 2208 ut
1683 2155 2080 2210 mortiticantes

489 2259 720 2316 corpora
749 2252 955 2311 nostra,
1001 2259 1122 2315 quae
1161 2252 1291 2300 sunt
1335 2259 1498 2316 super
1549 2253 1751 2300 terram
1795 2244 1935 2317 (Col.
1969 2244 2076 2315 ιιι),

489 2337 671 2392 carnis
717 2347 901 2392 curam
931 2351 1041 2392 non
1085 2335 1356 2392 faciamus
1402 2335 1457 2392 in
1503 2335 1807 2402 desideriis,
1859 2336 2080 2392 cruciﬁ-

492 2616 698 2672 dictum
729 2625 834 2684 est,
865 2616 1187 2686 obsequium
1227 2623 1472 2672 nostrum
1503 2614 1684 2687 (Rom.
1720 2615 1839 2687 ιιι).
1864 2615 2077 2674 Oﬂ‘era-

493 2723 617 2764 mus
662 2709 786 2764 thus
815 2709 1024 2766 devotae
1059 2708 1350 2774 orationis,
1394 2709 1691 2764 secundum
1730 2709 1875 2779 quod
1928 2709 2076 2780 Apo-

477 2822 479 2824 ·
504 2801 679 2857 stolas
700 2801 778 2856 ait
807 2821 820 2856 :
851 2818 869 2852 ι
898 2799 1079 2858 Orabo
1095 2799 1495 2872 spiritu,orabo
1523 2807 1579 2855 et
1607 2807 1826 2867 mente;
1853 2799 2080 2872 psallam

431 2899 434 2902 '
493 2892 705 2964 spiritu,
741 2892 969 2964 psallam
1009 2892 1076 2965 et]
1103 2900 1286 2948 mente
1313 2892 1377 2966 (1
1407 2891 1532 2947 Cor.
1564 2892 1711 2963 xrv),
1760 2911 1779 2946 ι
1814 2902 1894 2960 ιιι,
1932 2894 2071 2964 «fdi-

497 2983 706 3056 rigatur
728 2984 904 3041 oratio
942 2998 1062 3040 mea
1088 2985 1230 3040 sicut
1268 2985 1547 3041 incensum
1583 2984 1636 3039 in
1663 2993 1955 3056 conspectu
1977 2986 2085 3043 Do-

497 3075 630 3130 mini
651 3074 822 3146 (Psal.
851 3075 998 3146 οη).
1039 3095 1058 3129 ι
1092 3073 1394 3134 Olleramus
1421 3084 1478 3132 et
1500 3091 1714 3141 aurum,
1744 3076 2085 3148 splendorem

499 3169 810 3241 sapientiae;
874 3184 1066 3224 aurum
1127 3184 1364 3241 namque
1431 3169 1753 3241 sapientiam
1805 3169 2087 3242 designat,

501 3259 655 3331 iuxta
685 3260 813 3316 illud
849 3280 862 3316 :
901 3281 920 3313 ι
958 3261 1270 3317 'l‘hesaurus
1292 3261 1671 3319 desiderabilis
1709 3262 2005 3332 requiescit
2033 3263 2088 3318 in

500 3367 597 3409 ore
640 3352 901 3423 sapientis
951 3351 1133 3423 (Prov.
1168 3352 1318 3420 xxi),
1350 3371 1368 3404 ι
1404 3361 1466 3408 ιιι
1508 3352 1679 3408 simus
1720 3353 1897 3422 parati
1941 3353 2088 3410 omni

499 3446 742 3516 poscenti
771 3445 839 3501 de
873 3459 960 3511 ea,
993 3461 1113 3516 quae
1148 3445 1200 3499 in
1249 3443 1407 3500 nobis
1435 3453 1537 3509 est,
1589 3444 1714 3509 ﬁde,
1740 3453 1796 3499 et
1825 3459 1923 3516 spe
1968 3445 2090 3501 red-
2142 3465 2145 3468 ·

500 3539 630 3596 dere
663 3539 950 3603 rationem,
984 3545 1040 3592 et
1087 3535 1375 3607 splendore
1423 3535 1705 3607 sapientiae
1756 3535 2086 3608 fulgeamus,

501 3641 556 3688 et
582 3641 767 3688 contra
790 3631 1169 3690 haereticorum
1193 3630 1448 3687 tenebras
1471 3628 1722 3699 intrepidi
1745 3627 2086 3696 dimicemus,

503 3735 666 3796 atque
696 3726 876 3782 dicere
903 3725 1172 3796 possimus
1208 3741 1222 3777 :
1261 3740 1282 3774 ι
1328 3722 1534 3778 Bonum
1566 3719 1696 3776 mihi
1739 3719 1828 3776 lex
1856 3720 1968 3776 oris
2011 3719 2092 3776 tui

507 3834 671 3886 super
699 3819 867 3875 millia
890 3819 1006 3873 auri
1035 3827 1090 3873 et
1128 3815 1336 3888 argenti
1373 3812 1550 3888 (Paul.
1579 3814 1792 3884 cxvm).
1831 3833 1850 3868 ι
1877 3813 1946 3869 Ει
1977 3813 2091 3869 uti-
2138 3834 2142 3837 ·

506 3928 632 3967 nam
670 3927 777 3967 non
822 3912 1055 3982 possetis
1104 3911 1286 3966 dicere
1315 3909 1496 3980 potius
1529 3923 1544 3964 :
1585 3907 1792 3965 Bonum
1823 3907 1956 3963 mihi
2002 3907 2091 3964 lex

514 4005 626 4061 oris
646 4003 934 4060 Iustiniani
952 4001 1118 4073 super
1134 4003 1297 4058 millia
1316 4001 1495 4072 auri7
1522 4001 1821 4072 ctargenti,
1841 4021 1860 4054 ι
1887 4000 2091 4057 Narra-

505 4108 701 4158 verunt
720 4099 848 4154 mihi
873 4097 1039 4167 iniqui
1062 4095 1437 4158 tabulationes,
1453 4093 1548 4149 sed
1568 4108 1677 4149 non
1692 4093 1767 4148 ita
1779 4101 1841 4149 ut
1859 4092 1946 4149 lex
1971 4101 2084 4161 tua,

503 4193 732 4249 Domine
762 4190 991 4265 (Ibid.);
1025 4209 1043 4242 ι
1091 4208 1109 4241 ι
1144 4185 1551 4256 (lereliquerunt
1582 4199 1778 4240 venam
1816 4199 2082 4254 aquarum
2143 4199 2145 4203 ·

2181 1697 2555 1766 antiquorum,
2613 1694 2984 1751 testimonium
3047 1692 3467 1755 modernorum,
3516 1689 3759 1745 testimo-

2129 1807 2134 1810 ·
2181 1789 2330 1846 nium
2363 1788 2527 1853 lucis,
2561 1785 2929 1843 testimonium
2968 1784 3350 1848 tenebrarum,
3383 1779 3756 1836 testimonium

2128 1900 2132 1902 ·
2181 1882 2346 1955 legis,
2380 1879 2754 1936 testimonium
2794 1879 3218 1950 prophetarum,
3259 1874 3645 1932 testimonium
3688 1885 3766 1927 re-

2182 1989 2332 2046 gum,
2363 1972 2735 2028 testimonium
2765 1971 3069 2038 turbarum,
3103 1967 3478 2025 testimonium
3503 1966 3762 2030 vivorum,

2185 2067 2557 2128 testimonium
2606 2073 2978 2131 mortuorum,
3026 2060 3398 2118 testimonium
3450 2059 3763 2120 brutorum,

2131 2217 2142 2232 ,
2184 2157 2560 2214 testimonium
2592 2156 2747 2220 solis,
2800 2153 3174 2210 testimonium
3208 2153 3637 2208 elementorum.
3669 2147 3766 2202 Hac

2182 2250 2300 2306 buit
2327 2247 2691 2305 testimonium
2725 2247 3039 2313 hominum,
3074 2245 3200 2316 quia
3240 2251 3492 2315 pastores
3529 2240 3763 2298 erantin

2135 2369 2137 2374 ι
2185 2342 2408 2413 regione
2452 2339 2573 2407 illa,
2615 2339 2707 2410 qui
2755 2339 3036 2394 venientes
3089 2337 3414 2393 invenerunt
3461 2333 3532 2390 de
3568 2332 3763 2395 verbo.

490 2437 680 2500 gentes
705 2445 933 2500 corpora
959 2436 1147 2486 nostra
1171 2445 1294 2485 cum
1327 2429 1509 2496 vitiis,
1542 2437 1599 2485 et
1622 2429 2082 2500 concupiscentiis
2131 2468 2136 2473 -

459 2521 465 2527 ”
490 2520 637 2593 (Gal.
665 2520 751 2594 v);'
775 2531 829 2579 et
862 2523 917 2578 in
949 2523 1034 2579 his
1058 2531 1239 2579 tamen
1265 2521 1520 2578 omnibus
1549 2522 1874 2580 rationabile
1899 2523 1994 2590 sit,
2023 2531 2084 2579 ut
2128 2538 2132 2542 ‘

2185 2435 2325 2491 sicut
2349 2433 2551 2488 dictum
2573 2439 2692 2486 erat
2707 2430 2774 2486 ad
2796 2445 2890 2487 eos
2917 2430 2985 2486 de
3006 2445 3173 2501 puero
3197 2427 3350 2500 (Luc.
3375 2425 3464 2499 ιι).
3498 2423 3765 2480 Testimo-

2185 2528 2336 2585 nium
2371 2526 2718 2596 angelorum,
2762 2525 2854 2596 qui
2892 2523 3115 2596 angelus
3167 2521 3381 2577 Domini
3434 2519 3588 2576 stetit
3621 2517 3767 2587 juxta

2187 2620 2327 2687 illos,
2361 2629 2417 2677 et
2443 2620 2583 2676 dixit
2613 2621 2692 2675 eis
2717 2635 2731 2673 :
2765 2637 2784 2671 ι
2813 2617 2956 2674 Ecce
2987 2614 3300 2685 evangelize
3329 2613 3487 2668 vobis
3517 2610 3771 2684 gaudium

2187 2727 2466 2785 magnum,
2496 2711 2623 2782 quia
2650 2718 2809 2766 natus
2835 2716 2920 2765 est
2959 2707 3119 2764 hodie
3150 2705 3403 2762 Salvator
3432 2703 3650 2768 mundi,
3684 2701 3771 2772 qui

2187 2815 2272 2863 est
2305 2805 2559 2862 Christus
2609 2803 2871 2860 Dominus
2908 2802 2960 2857 in
3011 2800 3232 2857 civitate
3280 2797 3448 2854 David
3490 2795 3708 2869 (lbid.).
3749 2814 3768 2848 ι

2137 2911 2155 2965 '.
2189 2898 2256 2954 Et
2301 2897 2445 2955 facta
2475 2904 2560 2955 est
2607 2911 2729 2952 cum
2783 2894 2975 2965 angelo
3013 2893 3300 2949 multitudo
3334 2890 3580 2948 cmlestis
3621 2904 3776 2945 exer-

2110 2946 2158 3032 C‘

2190 2991 2355 3058 citus,
2388 2990 2724 3056 laudantium
2747 2988 2948 3055 Deum,
2979 2995 3034 3044 et
3060 2985 3355 3043 dicentium
3387 3004 3400 3040 :
3437 3004 3457 3038 ι
3502 2982 3695 3040 Gloria
3724 2981 3777 3036 in

2191 3087 2420 3147 excelsis
2457 3087 2599 3154 Deo,
2632 3094 2687 3142 et
2719 3087 2773 3141 in
2816 3095 2960 3141 terra
3000 3099 3105 3156 pax
3145 3081 3461 3139 hominibus
3495 3078 3664 3134 bona;
3688 3091 3779 3133 vo-

2191 3181 2414 3237 luntatis
2459 3178 2672 3253 (Ibid.).
2726 3197 2744 3231 )
2784 3177 2986 3233 Habuit
3036 3175 3404 3233 testimonium
3451 3171 3778 3237 mulierum,

2191 3274 2316 3344 quia
2361 3272 2514 3327 Anna
2561 3269 2903 3340 prophetissa
2958 3267 3065 3322 illia
3115 3265 3358 3322 Phanuel
3407 3263 3774 3320 conﬁtebatur

2189 3364 2440 3428 Domino,
2466 3370 2520 3419 et
2552 3361 2875 3432 loquebatur
2911 3360 2976 3416 de
3020 3357 3112 3414 illo
3145 3355 3398 3412 omnibus
3430 3355 3523 3427 qui
3556 3367 3781 3424 exspec-

2193 3457 2379 3512 tabant
2425 3455 2856 3526 redemptionem
2904 3451 3067 3508 Israel
3109 3449 3320 3523 (Ibid)
3375 3446 3581 3504 Habuit
3629 3445 3783 3502 testi—

2192 3548 2434 3602 monium
2480 3546 2746 3612 virorum,
2786 3545 2914 3615 quia
2945 3559 3054 3598 uno
3091 3542 3178 3597 die
3220 3534 3473 3597 conversi
3522 3545 3654 3594 sunt
3684 3535 3784 3591 tria

2190 3635 2381 3701 millia,
2407 3643 2463 3692 et
2487 3633 2593 3689 alio
2619 3635 2857 3704 quinque
2893 3633 3062 3688 millia
3093 3631 3232 3704 (Act.
3263 3645 3331 3696 ιι;
3363 3627 3462 3699 1v),
3487 3627 3583 3697 qui
3637 3625 3786 3681 testi-

2189 3727 2434 3784 monium
2477 3725 2838 3796 perhibebant
2863 3726 2929 3780 de
2967 3724 3118 3780 Jesu.
3166 3722 3365 3778 llabuit
3412 3719 3784 3776 testimonium

2189 3836 2402 3888 senum,
2430 3821 2554 3892 quia
2595 3820 2850 3890 antiquus
2889 3818 2977 3874 ille
2999 3818 3209 3874 dierum
3245 3815 3487 3878 Simeon,
3513 3812 3672 3881 cujus
3702 3825 3786 3866 ea.

2191 3914 2300 3988 pilli
2329 3924 2489 3971 erant
2517 3913 2794 3970 sicutlana
2821 3912 3068 3982 alba,qui
3095 3918 3379 3982 acceperat
3404 3920 3733 3977 responsum
3755 3921 3784 3958 a

2193 4007 2401 4080 Spiritu
2440 4015 2632 4065 sancto
2655 4021 2765 4063 non
2789 4004 3033 4060 visurum
3067 4017 3124 4059 se
3156 4010 3384 4058 mortem
3439 3998 3549 4053 nisi
3580 3997 3788 4052 videret

2190 4101 2466 4160 Christum
2491 4098 2729 4164 Domini,
2752 4095 3027 4168 accipiens
3046 4109 3170 4150 eum
3194 4093 3248 4147 in
3271 4091 3600 4152 ulnas'suas,
3618 4086 3784 4146 dixit;

2196 4215 2215 4248 ι
2247 4194 2404 4250 Nunc
2434 4191 2664 4248 dimittis
2705 4192 2922 4247 servum
2955 4196 3143 4254 tuum,
3179 4185 3435 4249 Domine,
3486 4180 3788 4238 secundum

501 4285 799 4342 viventium
835 4282 1120 4338 Dominum
1149 4279 1283 4353 (Jer.
1317 4277 1505 4349 xvn),r
1541 4285 1601 4332 ut
1627 4277 1823 4331 merito
1854 4275 1972 4347 ipsa
2002 4289 2092 4329 sa-
2114 4311 2168 4373 Β
2192 4287 2608 4351 γετδιιηιιυυηι,
2630 4284 2684 4340 in
2707 4281 2996 4355 pace,qnia
3020 4281 3271 4336 viderunt
3291 4278 3349 4350 8
3367 4275 3633 4332 oculimei
3656 4271 3789 4329 salu-

506 4377 712 4449 pientia
757 4383 1125 4447 conqueratur
1154 4414 1168 4437 ,
1207 4373 1434 4426 dicens:
1475 4388 1493 4421 ι
1537 4368 1955 4439 Dereliquerunt
2001 4383 2091 4425 me

504 4468 707 4525 fontem
750 4481 903 4536 aqum
952 4465 1085 4520 viva:
1113 4464 1247 4535 (Jer.
1277 4463 1358 4534 ιι).
1396 4483 1413 4516 ι
1447 4461 1581 4516 Nam
1620 4462 1673 4516 hi
1705 4461 1796 4532 qui
1833 4461 1887 4516 in
1918 4459 2091 4532 legem

505 4558 716 4616 Domini
758 4557 953 4614 debent
987 4554 1236 4610 meditari
1264 4553 1351 4608 die
1391 4569 1456 4608 ac
1499 4560 1656 4608 nocte
1683 4567 1713 4607 a
1750 4551 1980 4608 veritate
2023 4551 2095 4608 ad

504 4651 715 4708 fabulas
763 4657 1084 4706 convertunt
1136 4646 1400 4701 auditum.
1442 4644 1708 4700 Custodes
1744 4659 1874 4717 ergo
1927 4659 2095 4714 super

507 4761 692 4801 muros
732 4743 974 4799 ecclesia:
1009 4739 1287 4796 constituti
1333 4737 1620 4808 vigilantes
1648 4737 1778 4802 sint,
1807 4753 1876 4792 ne
1899 4737 2090 4807 vulpes

507 4834 788 4890 Samsonis
817 4833 1108 4888 incendant
1137 4839 1348 4901 segetes
1392 4839 1608 4886 nostras
1649 4829 1853 4901 (ludio.
1884 4832 2010 4900 xv);
2037 4839 2093 4886 et

509 4935 744 4997 ponatur
779 4924 945 4978 turris
975 4922 1138 4977 David
1171 4937 1292 4977 cum
1324 4920 1740 4993 propugnaculis
1769 4930 1963 4977 contra
1988 4921 2093 4976 Da-

508 5031 775 5080 mascum,
802 5029 863 5069 ex
889 5029 992 5083 qua
1016 5013 1545 5083 dependeantclypei
1562 5013 1711 5067 mille
1728 5011 1960 5083 (Cantia.
1989 5013 2089 5084 tv);

509 5109 677 5166 turris
720 5119 954 5173 namque
999 5102 1297 5158 fortissima
1344 5118 1539 5158 nomen
1572 5103 1828 5169 Domini;
1857 5104 1924 5156 ad
1969 5117 2093 5158 eam

511 5201 783 5272 confugiet
811 5198 988 5268 justus
1008 5204 1062 5250 et
1085 5195 1413 5250 exaltabitur
1436 5193 1622 5266 (Prov.
1648 5195 1830 5266 xvm).
1861 5195 1987 5250 Haec
2013 5202 2098 5248 est

513 5298 810 5344 κοινῐηιιιιιτι.
839 5289 928 5344 ubi
951 5303 1148 5342 nomen
1177 5287 1391 5344 Domini
1426 5288 1733 5344 invocatur.
1761 5288 1816 5342 in
1841 5301 1947 5344 uua
1972 5299 2100 5344 Dro-

2154 4367 2158 4402 ἓ
2197 4387 2317 4435 tare
2332 4386 2483 4433 tuum
2501 4375 2654 4448 (Luc.
2670 4374 2755 4441 ιι).
2770 4394 2788 4428 ι
2807 4372 3009 4428 Habuit
3023 4369 3392 4427 testimonium
3410 4367 3786 4438 parvulorum,

2197 4469 2323 4540 quia
2348 4467 2673 4524 lnnocentes
2701 4464 2796 4530 illi,
2821 4479 2945 4521 eum
2973 4461 3220 4533 quamvis
3243 4474 3350 4514 non
3363 4457 3660 4529 loquendo,
3680 4471 3791 4510 mo-

2198 4559 2389 4617 riendo
2410 4569 2591 4615 tamen
2633 4556 2868 4613 confessi
2900 4563 3023 4611 sunt
3065 4554 3282 4626 (Matth.
3325 4553 3410 4622 ιι).
3453 4550 3657 4605 Habuit
3687 4559 3788 4604 tes-

2201 4654 2487 4709 timonium
2532 4658 2906 4712 terrenarum,
2937 4647 3065 4717 quia
3108 4661 3210 4716 pax
3241 4643 3386 4699 facta
3415 4653 3506 4697 est
3557 4641 3611 4696 in
3647 4648 3785 4693 terra

2198 4746 2510 4804 hominibus
2555 4744 2714 4798 bonae
2760 4738 3081 4806 voluntatis;
3124 4747 3298 4802 tanta,
3341 4745 3402 4792 ut
3447 4735 3517 4789 ab
3556 4749 3667 4790 uno
3697 4735 3787 4788 hoc

2199 4837 2347 4892 mine
2400 4834 2616 4890 Ctesare
2669 4833 2915 4904 Angusto
2972 4837 3120 4885 totus
3179 4828 3329 4883 orbis
3386 4826 3788 4881 describeretur

2203 4928 2362 5001 (Luc.
2414 4926 2527 4998 ιι);
2577 4925 2645 4981 de
2675 4923 2830 4993 cujus
2880 4921 3276 4992 tranquillitate
3334 4918 3506 4974 Isaias
3575 4916 3784 4986 inquit:

2163 5048 2168 5053 -
2207 5037 2226 5070 ι
2263 5015 2583 5072 Conliabunt
2630 5013 2839 5085 gladios
2883 5027 3012 5067 suos
3053 5013 3104 5066 in
3144 5024 3425 5072 vomeres,
3464 5018 3523 5063 et
3572 5006 3788 5061 lanceas

2202 5122 2331 5162 suas
2359 5107 2411 5161 in
2441 5105 2604 5160 falces
2634 5103 2770 5176 (Isa.
2800 5102 2884 5172 ιι).
2925 5122 2943 5154 ι
2981 5101 3179 5156 Habuit
3219 5100 3597 5154 testimonium
3629 5095 3789 5152 ctelo-

2200 5215 2345 5263 rum,
2381 5198 2506 5267 quia
2533 5195 2654 5251 coeli
2692 5195 2955 5250 miserunt
2993 5206 3187 5248 novam
3224 5190 3466 5255 stellam,
3491 5188 3786 5244 secundum

2197 5289 2342 5344 quod
2400 5286 2687 5342 habuimus
2736 5286 2790 5340 in
2844 5283 3180 5344 Evangelia:
3232 5299 3251 5332 ι
3310 5281 3378 5335 Ει
3423 5295 3558 5335 ecce
3605 5277 3786 5339 stella,
