3950 5344
175 345 284 401 515

1673 329 1906 389 8ΕῆΜο
1941 331 2002 388 ll.

3350 333 3454 391 5M

178 457 325 531 magi
358 455 639 512 venientes
666 447 1432 524 Hierosolymam'dixerunt:
1472 467 1490 500 ‹
1527 446 1628 503 Ubi
1661 455 1765 511 est,
1798 452 1846 512 Α
1875 445 2155 500 timonium
2203 444 2473 516 perhibuit
2519 459 2657 518 aqua
2687 487 2701 514 ,
2749 453 2966 518 quando
3019 448 3181 505 siccis
3227 451 3456 519 pedibus

187 553 283 624 qui
312 559 475 606 natus
503 559 587 604 est
611 543 1268 615 rexJudmorum(Matth.
1293 544 1377 616 ιι).
1416 561 1436 596 ι
1468 542 1666 597 Habuit
1696 552 1776 596 te-

179 644 500 701 stimonium
525 641 854 706 Iudaeorum,
880 638 1007 709 quia
1033 636 1274 692 llerodes
1297 635 1569 706 principes
1590 648 1775 688 sacer-

179 733 370 787 dotum
417 739 473 785 et
517 729 727 784 scribas
771 726 953 797 populi
987 725 1339 789 conveniens,
1394 721 1778 777 sciscitabatur

182 823 254 878 ab
288 823 371 878 eis
420 822 513 876 ubi
561 821 812 876 Christus
856 827 1205 883 nasceretur;
1272 826 1327 872 et
1374 816 1448 870 illi
1480 816 1772 871 dixerunt:

190 933 206 966 ι
243 913 654 970 ln'Bethlehem
683 911 834 968 Judaa
863 911 1070 983 (Ibid)
1124 929 1141 961 ι
1181 909 1379 964 llabnit
1407 907 1776 963 testimonium
1805 919 1808 922 ‘

184 1007 562 1076 antiquorum,
601 1005 726 1075 quia
758 1006 812 1059 in
838 1003 1088 1057 manibus
1131 1001 1520 1072 prophetarum
1567 997 1780 1053 assimi-

182 1098 328 1154 latus
357 1107 442 1154 est
469 1097 616 1170 (Ou.
645 1097 746 1168 xu)
776 1113 790 1162 ;
823 1097 941 1166 ipse
967 1096 1111 1150 enim
1133 1104 1218 1149 est
1246 1094 1434 1162 Agnus
1469 1091 1685 1148 occisus
1709 1091 1778 1146 ab

181 1189 394 1260 origine
442 1189 630 1243 mundi
695 1186 878 1259 (Apoc.
932 1187 1078 1255 xm).
1143 1183 1343 1239 llabuit
1406 1183 1777 1238 testimonium

176 1281 593 1358 modernorum,
624 1279 767 1333 unde
783 1286 839 1333 et
865 1277 980 1347 ipse
1008 1274 1287 1345 discipulis
1316 1273 1491 1344 inquit
1521 1290 1534 1326 :
1567 1289 1584 1322 ι
1614 1272 1781 1327 Erilis

183 1373 315 1428 mihi
344 1381 528 1428 testes-
550 1370 988 1435 in'llierusalem,
1020 1379 1077 1424 et
1105 1369 1159 1423 in
1195 1367 1343 1424 omni
1366 1366 1575 1431 Judma,
1601 1375 1655 1420 et
1677 1366 1778 1420 Sa-

184 1464 356 1518 maria
382 1472 437 1519 et
467 1478 641 1534 usque
667 1461 736 1517 ad
761 1461 1010 1516 ultimum
1039 1470 1200 1515 terra:
1241 1460 1380 1529 (Act.
1411 1458 1474 1526 ι).
1517 1477 1534 1508 ι
1581 1456 1782 1511 llabuit

185 1553 553 1609 teStimonium
597 1552 773 1618 lucis,
828 1553 956 1622 quia
1010 1550 1235 1606 claritas
1285 1549 1378 1603 Dei
1419 1546 1782 1602 circumfulsit

182 1653 434 1713 pastores
476 1641 634 1715 (Luc.
669 1643 755 1714 ιι),
793 1651 849 1696 et
879 1641 1099 1697 claritas
1131 1639 1299 1695 stella:
1351 1637 1640 1693 illustravit
1667 1652 1782 1691 ma--

183 1751 278 1807 gos
328 1737 551 1806 (Matth.
601 1741 661 1805 ιι)
725 1735 1118 1790 Testimonium
1171 1732 1519 1787 tenebrarum
1565 1731 1690 1800 quia
1723 1731 1778 1784 in

1881 537 2176 594 ambulavit
2233 553 2395 608 super
2447 555 2616 609 aquas
2669 539 2860 611 (Joan.
2909 541 3014 611 vi).
3066 540 3458 598 Testimonium

1881 629 2154 701 perhibuit
2182 645 2297 695 aer,
2327 631 2544 700 quando
2573 631 2742 686 nubes
2773 632 3011 701 suscepit
3041 647 3163 686 eum
3191 633 3261 688 ab
3287 632 3462 690 oculis

1879 736 2100 789 eorum,
2129 723 2339 778 scilicet
2369 723 2757 794 discipulorum
2798 724 2934 794 (Act.
2963 725 3022 793 l).
3068 724 3462 781 Testimonium

1880 814 2150 884 perhibuit
2187 815 2348 886 ignis,
2388 811 2606 885 quando
2649 816 2875 883 angelus
2927 815 3140 872 Domini
3187 817 3468 872 descendit

1880 905 1946 960 de
2001 905 2140 962 coelo
2167 947 2180 970 ,
2241 916 2296 962 et
2337 909 2670 979 resplenduit
2714 908 2881 965 facies
2921 909 3036 980 ejus
3088 910 3230 966 sicut
3278 909 3462 982 fulgur

1879 998 2096 1069 (Matth.
2122 1000 2351 1072 xxvtu);
2386 1000 2566 1072 fulgur
2609 1002 2752 1056 enim
2784 1001 2953 1073 ignea:
2984 1011 3195 1056 natura:
3222 1011 3327 1057 est.

1952 1087 2089 1156 Quia
2118 1104 2269 1160 ergo,
2299 1089 2512 1156 fratres,
2541 1091 2862 1162 mysterium
2883 1092 3059 1147 crucis
3088 1092 3278 1148 habuit
3302 1092 3457 1148 testi-

1882 1182 2120 1236 monium
2168 1183 2412 1237 onmium
2463 1183 2870 1253 praedictorum,
2918 1185 3202 1241 erubescat
3249 1185 3467 1242 Judaaus

1880 1271 2086 1337 infelix,
2119 1272 2213 1342 qui
2242 1282 2403 1343 negat
2431 1274 2706 1330 Christum
2729 1274 2796 1331 de
2833 1276 3050 1347 Virgine
3081 1285 3306 1344 natum;
3337 1279 3467 1349 quia

1880 1376 2126 1438 pastores
2166 1366 2339 1424 Judaei
2389 1369 2713 1425 invenerunt
2766 1369 2908 1426 sicut
2953 1371 3157 1427 dictum
3193 1380 3313 1427 erat
3360 1371 3470 1426 illis

1884 1459 2056 1531 (Luc.
2111 1462 2194 1534 ι).
2247 1462 2622 1518 Confundatur
2666 1464 2907 1534 gentilis,
2958 1465 3052 1535 qui
3093 1465 3227 1522 dicit
3269 1465 3417 1539 ligno
3455 1483 3469 1519 :

1889 1570 1906 1602 ι
1962 1554 2104 1607 Deus
2144 1568 2297 1609 meus
2324 1569 2422 1618 es;
2469 1563 2524 1609 et
2553 1553 2716 1625 lapidi
2763 1572 2776 1608 :
2828 1555 2908 1610 Tu
2955 1571 3043 1611 me
3069 1557 3304 1627 genuisti
3333 1556 3470 1628 (Jer.

1883 1645 1976 1714 u);
2018 1665 2036 1697 ι
2072 1645 2197 1715 quia
2221 1647 2362 1715 magi
2388 1646 2616 1717 gentiles
2645 1647 2821 1716 ipsum
2848 1648 3230 1704 adoraverunt.
3262 1648 3465 1704 Obmu-

1884 1745 2055 1792 tescat
2077 1737 2383 1802 haereticus,
2414 1738 2505 1806 qui
2533 1739 2795 1808 mysterio
2822 1740 3169 1795 contradicit.
3200 1740 3468 1797 Etomnis

193 1838 371 1884 morte
399 1831 517 1900 ejus
578 1827 816 1884 tenebrae
872 1827 1030 1882 factae
1081 1834 1209 1880 sunt
1257 1840 1420 1894 super
1468 1824 1777 1878 universam
1809 1841 1855 1900 Β
1884 1829 2065 1901 lingua
2093 1829 2418 1885 confiteatur
2440 1830 2568 1900 quia
2600 1829 2863 1886 Dominus
2904 1839 3095 1887 noster
3121 1830 3282 1886 Jesus
3312 1831 3474 1888 Chri-

193 1935 397 1980 terram
425 1923 645 1994 (Matth.
673 1938 850 1989 xxvu;
885 1922 1171 1987 Maraxv;
1205 1919 1334 1974 Luc.
1368 1918 1548 1988 xxm).
1582 1916 1782 1972 Habuit

186 2015 559 2070 testimonium
586 2013 742 2084 legis,
763 2014 888 2082 quia
916 2011 1127 2081 Moyses
1154 2010 1374 2082 dixitiin
1403 2010 1520 2079 lege
1546 2027 1558 2063 :
1591 2027 1609 2061 ι
1647 2009 1780 2064 Pro-

182 2107 402 2177 pbetam
436 2105 725 2161 suscitabit
769 2105 922 2160 vobis
967 2104 1110 2159 Deus
1146 2103 1213 2157 de
1254 2101 1512 2156 fratribus
1550 2093 1777 2166 vestris;

184 2197 357 2268 ipsum
384 2207 647 2267 tanquam
671 2211 760 2251 me
785 2195 1016 2250 audietis
1045 2194 1226 2265 (Deut.
1259 2192 1436 2264 xvtu).
1477 2212 1494 2244 ι
1523 2192 1589 2246 Ει
1618 2191 1775 2247 alibi:

191 2304 211 2340 ι
247 2288 317 2342 Et
343 2288 452 2342 erit
477 2289 588 2343 vita
623 2289 710 2342 tua
752 2288 992 2358 pendens
1019 2287 1072 2341 in
1097 2286 1280 2356 ligno;
1312 2286 1553 2350 videbis,
1588 2295 1780 2342 etsnon

189 2393 489 2448 cognosces
529 2378 713 2450 (Deut.
751 2381 966 2448 xxvut).
1001 2396 1018 2429 ι
1063 2377 1459 2433 Testimonium
1489 2378 1800 2461 prophetas

192 2484 335 2534 rum,
379 2471 512 2541 quia
550 2471 719 2525 Isaias
743 2472 860 2525 ait:
900 2488 920 2521 ι
961 2469 1284 2541 Egredietur
1311 2471 1463 2542 virga
1500 2471 1566 2525 de
1598 2470 1781 2526 radice

185 2561 360 2628 Iesse,
392 2573 449 2618 et
490 2562 588 2619 llos
615 2564 682 2620 de
713 2565 892 2618 radice
921 2563 1039 2633 ejus
1077 2564 1362 2629 ascendet,
1391 2573 1447 2618 ct
1474 2564 1783 2634 requiescet

186 2670 350 2726 super
377 2670 506 2711 eum
527 2657 754 2725 spiritus
779 2656 989 2710 Domini
1012 2655 1146 2728 (lsa.
1175 2655 1237 2728 ι).
1270 2674 1288 2707 ι
1316 2656 1383 2710 Et
1406 2656 1534 2711 alibi
1561 2671 1614 2709 τι
1640 2657 1780 2713 Ecce

185 2748 336 2819 virgo
366 2747 661 2817 concipiet,
689 2755 746 2802 et
769 2747 945 2818 pariet
971 2744 1163 2810 lilium,
1193 2755 1248 2801 et
1274 2746 1558 2802 vocabitur
1581 2762 1780 2802 nomen

186 2838 301 2908 ejus
329 2837 653 2894 Emmanuel
671 2837 806 2909 (Isa.
831 2836 984 2906 vu).i
1005 2836 1217 2892 Baruch
1246 2846 1428 2892 autem
1457 2855 1469 2891 :
1493 2837 1620 2893 Post
1641 2840 1779 2906 haec,

187 2931 385 3001 inquit,
421 2930 476 2985 in
504 2931 666 2986 terris
693 2931 846 2986 visus
868 2938 953 2985 est
982 2938 1038 2984 et
1065 2945 1188 2984 cum
1206 2929 1517 2986 hominibus
1547 2946 1779 2988 conver-

187 3033 335 3080 satus
373 3034 460 3079 est
491 3022 748 3094 (Barach.
789 3022 894 3093 ιιι).
939 3021 1192 3077 Ezechiel
1226 3024 1279 3076 in
1316 3021 1432 3090 ejus
1462 3023 1780 3080 testimonio

186 3120 327 3175 filius
374 3117 678 3192 appellatus
724 3115 1048 3188 est(Ezech.
1073 3115 1158 3186 ιι).
1190 3116 1377 3172 Daniel
1419 3118 1495 3171 ait
1532 3135 1544 3171 :
1584 3136 1602 3168 ι
1642 3117 1777 3173 Cum

1841 1957 1844 1959 λ
1885 1931 2002 1978 stus
2045 1923 2097 1976 in
2133 1922 2304 1994 gloria
2335 1931 2417 1978 est
2448 1922 2541 1977 Dei
2588 1921 2767 1980 Patris
2800 1921 3020 1995 (Philip.
3065 1924 3148 1995 ιι).
3193 1925 3276 1980 Ad
3305 1941 3471 1996 quam

1883 2015 2109 2086 gloriam
2162 2031 2260 2070 nos
2298 2017 2559 2086 perducat
2602 2016 2717 2088 ipse
2760 2016 3022 2072 Dominus
3067 2027 3250 2074 noster
3289 2018 3467 2088 Jesus,

1883 2105 1976 2176 qui
2025 2098 2146 2160 cum
2186 2105 2258 2160 sit
2304 2106 2563 2177 splendor
2607 2105 2896 2174 luminum,
2946 2107 3045 2164 flos
3086 2108 3304 2177 florum,
3353 2111 3468 2166 vita

1884 2214 2118 2264 morum,
2136 2199 2317 2255 schola
2339 2199 2626 2265 virtutum,
2641 2208 2696 2256 et
2716 2214 2917 2255 corona
2945 2211 3282 2268 sanctorum,
3305 2217 3469 2274 super

1886 2291 2086 2347 choros
2139 2290 2457 2362 angelorum
2515 2302 2711 2362 regnat
2760 2292 2816 2347 in
2868 2293 3066 2349 saecula
3123 2293 3469 2350 saeculorum.

1883 2382 2074 2439 Amen.

2513 2494 2747 2553 SERMO
2777 2497 2842 2553 ll.

1887 2602 1950 2640 DE
1983 2602 2382 2643 TRANSLATIONE
2409 2603 2455 2643 S.
2489 2604 2694 2642 BILABII
2734 2603 2974 2644 EPISCOPI
3005 2603 3374 2648 PICTAVIBNSIS
3399 2606 3473 2649 ET

2338 2674 2685 2715 consassoms
2709 2660 2823 2731 (xw
2852 2660 3012 2731 tam).

1907 2794 1910 2797 .
1955 2750 2320 2815 Gaudeamus,
2349 2761 2404 2806 et
2443 2751 2794 2817 exsultemus,
2829 2751 3190 2820 dilectissimi,
3230 2755 3359 2812 dum
3402 2756 3471 2812 ad

1885 2842 2172 2897 recoleuda
2220 2843 2362 2896 beati
2409 2843 2599 2897 llilarii
2631 2843 2882 2899 sublimia
2930 2846 3126 2900 merita
3157 2846 3474 2904 solemniter

1885 2933 2260 2988 convenimus.
2301 2933 2418 3002 Ipsa
2448 2935 2646 3004 quippe
2693 2951 2792 2990 nos
2839 2936 3068 3006 insignis
3097 2920 3347 2994 vocabuli
3395 2940 3474 2994 di-

1883 3026 2065 3096 gnitas
2097 3035 2375 3095 provocat,
2427 3032 2486 3080 ut
2532 3042 2688 3083 mens
2735 3039 2922 3084 nostra
2971 3031 3242 3099 spirituali
3282 3031 3472 3087 laetitia

1885 3116 2077 3173 affecta
2121 3117 2478 3187 plausibiliter
2521 3118 2831 3175 bilarescat.
2878 3119 3240 3177 Nihilominus
3273 3131 3329 3177 et
3369 3123 3475 3178 hoc

183 3213 402 3268 venerit
449 3211 685 3267 Sanctus
739 3218 1075 3276 sanctorum,
1107 3211 1342 3265 cessabit
1372 3211 1555 3265 unctio
1597 3220 1780 3266 vestra
1810 3207 1854 3269 C
1886 3206 2107 3277 dignum
2147 3220 2235 3262 es:
2271 3219 2352 3274 ut,
2393 3208 2518 3265 dum
2567 3209 2712 3264 beati
2742 3210 2843 3265 viri
2887 3211 3301 3268 translationem
3343 3214 3477 3269 coli-

183 3302 348 3375 (Dan.
386 3303 492 3366 rx).
527 3323 546 3356 ι
574 3303 746 3360 Oseas
773 3303 826 3357 in
851 3299 967 3369 ejus
987 3297 1297 3356 tesriinonio
1317 3302 1528 3370 accepit
1554 3317 1780 3357 uxorem

183 3397 541 3454 fornicariam
571 3395 722 3468 (Ose.
757 3399 819 3467 l).
850 3395 1106 3450 Habacuc
1135 3396 1264 3450 dicit
1296 3413 1308 3448 :
1353 3414 1371 3446 ‹
1408 3395 1625 3450 Cornua
1656 3403 1783 3450 sunt

185 3491 239 3546 in
267 3490 528 3545 manibus
559 3488 676 3557 ejus
706 3486 936 3557 (Habac.
971 3486 1077 3556 ιιι).
1121 3507 1138 3539 ι
1168 3486 1332 3542 Jonas
1369 3487 1422 3540 in
1459 3496 1646 3542 ventre
1674 3487 1780 3542 ceti

183 3582 298 3654 ejus
334 3582 710 3637 testimonium
747 3589 978 3635 testatus
1007 3589 1086 3634 est
1121 3580 1266 3649 (Jon.
1293 3580 1375 3650 ιι).
1415 3581 1479 3634 Et
1508 3581 1637 3649 quid
1667 3580 1779 3634 dis-
1814 3637 1818 3642 ,

182 3692 403 3733 curram
436 3692 535 3748 per
591 3675 851 3745 singula?
888 3671 1076 3728 Nullus
1105 3674 1490 3745 prophetarum
1531 3675 1778 3740 exstitit,

182 3771 271 3840 qui
313 3769 364 3825 ei
421 3769 793 3824 testimonium
847 3767 1328 3837 non-perhiberet.
1381 3765 1778 3821 Testimonium

183 3875 410 3934 regum;
441 3863 584 3916 unde
617 3858 781 3914 David
810 3874 905 3914 rex
934 3876 947 3912 :
985 3876 1003 3910 ‹
1043 3857 1212 3913 Terra
1244 3867 1428 3912 nostra
1487 3859 1635 3914 dabit
1664 3857 1778 3911 frus

182 3963 330 4009 ctum
375 3968 537 4008 suum
565 3950 738 4020 (Paul.
771 3953 1012 4023 cxxxtv).
1064 3970 1083 4004 ι
1122 3952 1187 4006 Ει
1223 3951 1348 4007 alibi
1385 3970 1398 4006 :
1430 3970 1448 4003 ‹
1491 3950 1782 4022 Aperiatur

185 4052 354 4110 terra,
388 4054 443 4100 et
471 4043 742 4112 germinet
775 4041 1117 4097 Salvatorem
1147 4040 1322 4111 (Paul.
1353 4043 1500 4112 xcv).
1535 4061 1554 4094 ι
1590 4043 1654 4096 Et
1683 4041 1782 4096 Sa-

182 4135 364 4192 lomon
399 4153 412 4188 :
449 4154 468 4187 ι
524 4133 814 4190 Osculetur
851 4149 939 4189 me
969 4133 1158 4188 osculo
1197 4133 1311 4188 oris
1350 4133 1457 4198 sui,
1508 4133 1645 4203 quia’
1664 4149 1778 4186 mc-

182 4227 315 4283 liora
369 4236 497 4282 sunt
550 4227 717 4282 ubera
766 4235 858 4281 tua
915 4225 1082 4294 vino,
1129 4225 1425 4296 fragrantia
1489 4227 1781 4296 unguentis

182 4320 426 4390 optimis,
453 4339 472 4372 ι
502 4329 558 4375 et
589 4338 602 4373 :
639 4339 656 4371 ‹
692 4319 828 4374 Dum
859 4313 1004 4374 esset
1029 4333 1121 4373 rex
1151 4320 1202 4372 in
1226 4318 1476 4374 accubitu
1511 4334 1628 4385 suo,
1655 4335 1780 4375 nar-

182 4411 282 4466 dus
309 4427 430 4466 mea
479 4411 629 4468 dedit
655 4411 878 4467 odorem
925 4426 1081 4465 suum
1128 4409 1305 4481 (Cant.
1349 4409 1410 4480 ι).
1452 4429 1470 4462 ι
1508 4411 1782 4470 Testimo-

183 4502 334 4556 nium
365 4495 674 4567 turbarum,
703 4501 847 4556 unde
881 4501 1135 4556 dixerunt
1165 4500 1219 4556 in
1257 4501 1550 4572 Evangelio
1585 4521 1597 4557 :
1634 4521 1652 4554 ι
1685 4502 1780 4558 Vi-

1887 3318 2031 3368 mus,
2073 3303 2172 3373 ipsi
2201 3318 2416 3374 quoque
2444 3313 2655 3360 mentes
2681 3313 2898 3362 nostras
2929 3321 2961 3360 a
2995 3308 3228 3362 terrenis
3258 3307 3472 3364 deside-

1885 3394 1983 3449 riis
2014 3395 2079 3449 ad
2110 3395 2350 3450 coelestia
2379 3395 2796 3462 transferamus,
2829 3405 2907 3463 ut,
2945 3400 3071 3452 dum
3107 3398 3319 3468 glebam
3351 3415 3475 3454 cor-

1885 3487 2034 3557 poris
2082 3483 2200 3555 ejus
2249 3497 2574 3556 tenuemque
2627 3489 2991 3557 pulvisculum
3037 3498 3188 3544 tanto
3227 3490 3472 3561 praeferri

1885 3581 2024 3650 apud
2063 3581 2308 3637 homines
2332 3581 2540 3636 honore
2568 3583 2951 3651 conspicimus,
2985 3592 3248 3652 quantum
3279 3583 3468 3653 gloria:

1883 3670 2095 3739 pondus
2124 3671 2176 3728 in
2206 3669 2517 3731 cwlcsttbus
2540 3673 2831 3739 possideat,
2863 3674 2952 3728 ubi
2976 3687 3157 3739 verus,
3189 3683 3244 3730 et
3265 3675 3468 3731 incom-

1883 3757 2142 3830 parabiiis
2181 3760 2354 3815 honor
2401 3771 2511 3823 est.
2562 3779 2714 3819 mens
2764 3773 2946 3819 nostra
2988 3766 3310 3835 perpendat.
3362 3765 3472 3825 Sed

1883 3850 2016 3906 libet
2056 3853 2169 3921 jam
2217 3853 2591 3907 translationis
2647 3853 2806 3922 hujus
2855 3856 3141 3912 historiam
3195 3857 3476 3915 succincte

1886 3953 2278 4008 transcurrere,
2340 3953 2398 3997 ut
2449 3945 2579 3999 nulli
2632 3945 2888 4014 deinceps
2937 3947 3002 4001 de
3051 3947 3325 4017 prazclarae
3383 3964 3472 4005 so-

1884 4036 2180 4091 lelnnilalis
2222 4037 2382 4106 hujus
2413 4038 2620 4108 Origine
2650 4054 2876 4108 prorsus
2907 4039 3159 4108 expediat
3190 4041 3465 4098 dubitare.

1956 4128 2126 4183 Porro
2166 4138 2344 4182 autem
2392 4114 2852 4186 dum-confessor
2904 4129 3105 4186 Christi
3149 4131 3472 4189 Fredelinus

1883 4220 2027 4274 beati
2055 4219 2244 4273 llilarii
2271 4221 2686 4286 monasterium,
2721 4221 2864 4292 quod
2897 4222 2949 4276 in
2980 4221 3314 4280 Pictavicnsi
3343 4225 3468 4280 sub-

1885 4313 2044 4368 urbio
2073 4313 2236 4368 situm
2279 4323 2386 4378 est,
2436 4313 2783 4370 laudabiliter
2816 4323 3031 4384 regeret
3058 4316 3240 4386 ibique
3271 4323 3474 4371 sancta

1885 4404 2320 4458 conversationis
2383 4404 2687 4474 insignibus
2730 4405 3057 4473 .disciplinis
3105 4414 3158 4458 et
3207 4403 3471 4474 praeclara

1885 4511 2095 4550 morum
2147 4495 2428 4551 honestate
2461 4496 2708 4564 polleret,
2756 4495 2948 4549 beatus
2995 4493 3233 4549 Hilarius
3263 4494 3337 4548 illi
3369 4509 3468 4564 per

181 4593 364 4649 dimus
393 4593 668 4649 mirabilia
718 4592 877 4648 hodie
919 4591 1071 4663 (Luc.
1098 4591 1174 4662 ν).
1217 4611 1236 4643 ι
1278 4591 1378 4646 Et;
1418 4611 1436 4643 ι
1477 4593 1588 4648 Nisi
1633 4603 1778 4649 esse;
1805 4577 1856 4636 D
1885 4588 2144 4642 visionem
2174 4589 2495 4641 manifestus
2511 4587 2779 4656 apparuit.
2810 4595 2866 4640 et
2898 4587 3042 4640 inter
3069 4585 3175 4640 alia
3210 4585 3470 4640 nonnulla

183 4686 272 4742 nic
296 4703 325 4740 a
352 4687 489 4752 Deo,
523 4701 630 4740 non
645 4693 827 4755 posset
851 4683 1028 4740 facere
1053 4682 1194 4753 quod
1212 4681 1342 4738 facit
1385 4682 1570 4754 (Joan.
1601 4687 1708 4754 1x):
1751 4705 1769 4737 ι

179 4786 405 4850 propter
441 4779 587 4848 quod
619 4777 908 4832 voluerunt
939 4777 1101 4830 etiam
1121 4792 1244 4832 eum
1275 4792 1488 4848 rapere,
1512 4786 1566 4832 et
1593 4792 1775 4847 regem

182 4869 362 4926 facere
409 4869 597 4941 (Joan.
647 4868 748 4938 vt).
791 4867 1184 4923 Testimonium
1233 4869 1502 4933 vivorum,
1540 4868 1666 4938 quia
1702 4868 1775 4921 illi

183 4965 307 5031 duo,
331 4965 426 5036 qui
457 4965 614 5019 ibant
654 4963 707 5016 iu
739 4961 1014 5026 Emmaus,
1045 4971 1313 5017 venerunt
1337 4971 1391 5018 et
1417 4971 1777 5018 narraverunt

180 5061 358 5114 omnia
388 5074 513 5130 qua:
536 5057 616 5113 eis
645 5057 955 5111 acciderant
987 5053 1140 5124 (Luc.
1173 5056 1348 5126 xxxv).
1382 5055 1774 5111 Testimonium

186 5165 521 5180 ,για-...Α-.-..υι
603 5154 725 5180 ηι-ἶη
765 5173 780 5182 ο
814 5154 981 5182 ιιι.ι-ΙΙΛ
1017 5165 1243 5182 ηΛνηιΛι-ια
1288 5162 1598 5182 ΑΛηΛΙΛυιιιιιι
1687 5156 1777 5182 nn:

1886 4681 1989 4734 hoc
2025 4679 2098 4733 illi
2125 4681 2360 4748 quadam
2402 4679 2606 4731 vivacis
2640 4677 2854 4746 imperii
2887 4678 3218 4732 auctoritate
3246 4677 3470 4731 manda-

1883 4773 1984 4838 vit,
2011 4781 2071 4826 nt
2096 4773 2347 4827 videlicet
2391 4772 2504 4840 ipse
2531 4770 2689 4824 simul
2720 4779 2774 4826 et
2802 4769 3163 4826 Pictaviensis
3186 4769 3473 4839 episwpus

1885 4865 1950 4920 ad
1990 4879 2170 4935 regem
2197 4863 2554 4926 Francorum,
2587 4862 2678 4931 qui
2713 4872 2838 4916 tunc
2869 4875 3051 4916 rerum
3082 4861 3471 4919 moderabatur

1885 4959 2148 5023 habenas,
2183 4958 2564 5013 incunctanter
2591 4955 2936 5020 accederent,
2981 4964 3037 5010 et
3076 4964 3328 5027 sumptus
3376 4953 3478 5008 im-

1884 5048 2062 5118 pendi,
2094 5049 2292 5116 quibus
2320 5045 2567 5115 ampliari
2614 5053 2670 5099 et
2712 5045 2996 5114 augustius
3036 5045 3158 5105 fieri
3202 5053 3479 5102 monaste-

1885 5138 2023 5184 rium
2063 5148 2264 5184 nnseal-
2315 5135 2642 5184 fitlneialiler
2669 5136 3028 5184 nnslularent-
3061 5141 3276 5184 nnilms
3301 5136 3486 5184 verbis
