3950 5344
453 401 560 460 515

1027 402 1086 460 S.
1123 401 1327 461 PETRI
1362 402 1651 462 DAMIANI
1685 405 1838 463 OPP.
1881 404 2062 462 PARS
2102 401 2231 462 SEU
2276 397 2513 464 TOMUS
2548 401 2615 461 ll.
2639 434 2707 445 —
2746 401 3137 464 SEHMONES.

3636 404 3740 464 516

453 520 838 577 caementarios
864 518 1040 576 denuo
1061 529 1460 586 construentes,
1491 531 1546 576 et
1577 521 2040 594 iinpollucibiliter
2069 521 2118 580 A
2146 520 2288 589 quod
2317 519 2460 575 idem
2495 519 2744 592 egregius
2771 519 3013 590 pontifex
3041 535 3267 592 puerum
3295 521 3416 578 sine
3447 519 3630 594 gratia
3662 536 3746 577 re-

455 611 826 668 instaurantes
849 613 1085 669 ministri
1108 613 1323 669 Domini
1349 613 1534 668 tandiu
1563 616 1759 686 coeptis
1783 614 2039 670 indefessi

453 702 733 760 laboribus
782 705 1122 774 institerunt,
1176 705 1351 762 donec
1395 723 1504 763 non
1557 709 1716 764 modo
1768 709 2041 780 surgentis

453 804 742 853 structurae
798 798 1107 854 machinam
1159 800 1227 854 ad
1280 793 1809 858 corisummatiouem
1866 816 2039 872 usque

451 891 836 962 perducerent,
871 891 964 948 sed
992 893 1157 948 etiam
1201 894 1460 964 utrinque
1498 895 1757 964 parietes,
1799 895 1901 950 hoc
1932 905 2039 962 est,

452 979 599 1036 intus
633 991 689 1036 et
725 983 1086 1050 extrinsecus,
1127 983 1392 1040 radiantis
1424 985 1616 1041 musivi
1648 987 1845 1042 decore
1875 986 2039 1042 vesti-

452 1079 595 1127 rent.
644 1073 702 1128 ln
753 1089 862 1144 quo
908 1075 1162 1132 videlicet
1212 1091 1417 1147 opere,
1467 1077 1558 1134 ubi
1611 1080 1746 1151 regii
1799 1079 2040 1135 muneris

450 1175 659 1222 summa
694 1167 912 1235 defecit,
945 1170 1232 1241 episcopus
1266 1186 1335 1228 ex
1373 1173 1766 1231 ecclesiasticis
1805 1175 2041 1231 faculta-

450 1261 598 1318 tibus
638 1261 888 1334 supplere
932 1263 1075 1335 quod
1121 1265 1310 1321 deerat
1350 1281 1456 1322 non
1499 1269 1752 1324 cessavit.
1797 1268 2038 1324 Tandem

450 1353 634 1424 itaque
674 1354 1007 1411 monasterio
1039 1371 1145 1412 non
1190 1359 1352 1415 modo
1389 1371 1783 1416 consummatae
1821 1361 2040 1418 fabricae

451 1453 732 1504 structura
764 1449 1030 1519 perfecto,
1058 1465 1250 1507 verum
1289 1453 1452 1508 etiam
1496 1454 1852 1511 sacerdotalis
1878 1455 2039 1511 oﬁicii

447 1537 923 1596 benedictionibus
963 1539 1234 1610 dedicato,
1265 1557 1389 1598 mox
1418 1543 1662 1600 demoliti
1691 1554 1819 1601 sunt
1863 1555 2042 1602 tumu-

448 1633 558 1687 lum
591 1632 644 1686 in
672 1647 780 1703 quo
819 1641 1069 1689 sanctum
1105 1633 1283 1692 fuerat
1317 1651 1516 1707 corpus
1546 1640 1850 1694 humatum.
1897 1638 2043 1695 Con-

449 1723 640 1780 stltuto
665 1724 830 1796 igitur
870 1725 978 1792 die,
1014 1727 1068 1782 in
1111 1743 1220 1799 quo
1258 1737 1446 1785 sancta
1492 1729 1735 1786 membra
1774 1729 2039 1786 transfer-

449 1825 591 1883 rent,
641 1818 983 1888 praecedente
1025 1829 1210 1887 nocte,
1263 1821 1389 1876 dum
1443 1823 1732 1893 episcopus
1777 1823 1939 1878 simul
1985 1829 2040 1878 et

2146 618 2514 687 generationis
2542 618 2894 682 exstinctum,
2927 633 3035 672 non
3058 619 3218 674 modo
3244 618 3405 673 matri
3441 617 3742 672 resuscita-

2146 716 2262 762 tum
2307 719 2360 764 et
2393 709 2720 766 incolumem
2750 709 3008 773 reddidit.
3043 710 3136 766 sed
3185 718 3242 764 et
3273 725 3418 765 vera:
3469 709 3598 764 ﬁdei
3651 724 3741 763 ru-

2144 797 2400 855 dimentis
2428 799 2757 856 instructum
2784 808 2988 858 sach
3011 799 3272 856 Ecclesiae
3300 799 3429 855 ﬁliis
3474 813 3740 872 aggrega-

2143 889 2246 945 vit.
3623 942 3648 962 _

2218 982 2343 1039 Haec
2385 983 2570 1055 igitur,
2615 995 2670 1042 et
2698 986 2803 1043 alia
2844 985 3012 1041 multa
3043 985 3310 1041 virtutum
3343 983 3462 1056 ejus
3498 983 3739 1055 insignia

2147 1077 2306 1136 nobis
2335 1095 2402 1136 ex
2442 1081 2730 1138 occasione
2767 1081 3094 1138 venerandae.
3145 1079 3307 1150 hujus
3358 1077 3740 1134 translationis

2142 1181 2452 1240 occurrunt,
2485 1190 2605 1244 qua:
2645 1191 2743 1230 nos
2771 1175 2839 1230 ad
2871 1189 3112 1230 sinerem
3151 1174 3246 1229 Dei
3284 1182 3340 1228 et
3374 1173 3728 1228 devotionem

2141 1263 2390 1334 praeclari
2443 1264 2604 1333 hujus
2653 1265 2950 1322 sacerdotis
3003 1264 3330 1321 accendunt.
3387 1263 3560 1318 Plane
3617 1277 3740 1317 cum

2142 1353 2439 1410 multorum
2486 1355 2874 1412 translationes
2909 1353 3184 1424 iustorum
3217 1364 3402 1411 sancta
3429 1362 3742 1424 .veneretur

2143 1443 2412 1510 Ecclesia,
2455 1461 2576 1517 qua:
2621 1446 2896 1518 diligentia
2927 1455 3236 1517 procurata:
3263 1455 3390 1501 sunt
3431 1446 3735 1510 hominum,

2141 1544 2344 1607 quanto
2374 1538 2679 1594 devotionis
2709 1540 2889 1596 studio
2920 1538 3038 1594 haec
3081 1548 3169 1594 est
3209 1539 3532 1610 wlemniter
3579 1554 3739 1594 reco-

2142 1627 2323 1695 lenda,
2352 1646 2470 1700 quae
2500 1629 2640 1686 facta
2681 1642 2764 1688 est
2791 1630 3044 1688 manibus
3086 1632 3442 1704 angelorum?
3469 1631 3582 1688 Sed
3610 1631 3740 1702 quid

2142 1729 2228 1779 est
2265 1724 2411 1794 quod
2439 1723 2612 1796 Moysi
2643 1741 2843 1797 corpus
2887 1726 3002 1796 ipse
3032 1741 3129 1796 per
3159 1741 3219 1782 se
3251 1724 3515 1780 Dominus
3544 1724 3741 1794 sepeli-

2142 1815 2222 1869 vit
2251 1815 2431 1888 (Deut.
2473 1819 2684 1888 xxxrv),
2729 1828 2781 1874 et
2815 1827 2996 1873 tamen
3025 1819 3332 1889 sepulcrum
3357 1818 3478 1889 ejus
3510 1817 3741 1872 homini-

449 1905 617 1963 abbas
647 1907 698 1961 in
728 1908 928 1984 vigiliis
948 1917 1004 1964 et
1029 1911 1368 1967 orationibus
1394 1910 1598 1985 iugiter
1627 1922 2032 1984 pernoctarent,
2066 1901 2116 1961 Β
2141 1909 2244 1966 bus
2270 1910 2612 1968 innotescere
2637 1911 2828 1967 uoluit.
2851 1912 3001 1968 Beati
3029 1929 3159 1969 vero
3185 1912 3376 1968 Hilarii
3403 1927 3610 1982 corpus
3635 1925 3742 1965 non

447 2008 671 2069 repente
717 2001 1084 2071 conspiciunt,
1115 2003 1259 2073 quod
1301 2005 1445 2060 beati
1491 2005 1666 2076 angeli
1708 2007 1775 2062 de
1807 2007 2036 2074 tumulo,

446 2091 539 2163 qui
559 2091 673 2162 jam
703 2093 1012 2150 terebratus
1039 2095 1236 2164 fuerat,
1269 2107 1519 2153 sanctam
1551 2115 1750 2171 corpus
1777 2101 2037 2168 educunt,

446 2192 503 2239 et
527 2185 582 2240 in
611 2184 811 2251 locum,
843 2187 936 2256 qui
983 2188 1088 2243 sibi
1115 2198 1451 2259 praeparatus
1479 2200 1619 2257 erat,
1649 2193 1887 2262 propriis
1923 2209 2042 2248 ma-

447 2275 608 2331 nibus
652 2277 912 2332 inferunt.
941 2277 1037 2333 His
1068 2279 1251 2350 itaque
1278 2282 1536 2351 peractis,
1577 2282 1768 2337 beatus
1801 2283 2039 2340 Hilarius

446 2377 697 2422 sanctum
752 2367 1097 2424 Fredelinum
1154 2386 1252 2440 per
1289 2372 1558 2427 visionem
1613 2375 1920 2441 admonuit,
1980 2381 2041 2430 ut

447 2461 792 2534 Scotigenam
823 2464 1112 2536 quemdam
1152 2466 1256 2523 sibi
1297 2470 1622 2540 cognatione
1669 2471 2036 2541 prepinquum

448 2555 503 2611 in
527 2556 762 2613 emnobii
801 2558 1065 2630 regimine
1091 2560 1482 2628 substitueret;
1513 2562 1629 2631 ipse
1658 2577 1787 2616 vero
1811 2563 1880 2617 ad
1909 2560 2037 2617 Gal-

444 2645 697 2703 linariam
727 2649 961 2705 insulam
995 2651 1050 2708 in
1087 2651 1351 2708 honorem
1379 2653 1624 2722 ejusdem
1653 2655 1799 2711 beati
1843 2653 2038 2710 Hilarii

444 2741 810 2799 mdiﬁcaturus
837 2744 1124 2800 ecclesiam
1156 2756 1497 2818 properaret.
1533 2749 1637 2818 Qui
1675 2749 1822 2805 beati
1848 2765 2036 2806 sacer-

444 2831 586 2887 dotis
615 2833 843 2903 imperio
887 2851 1014 2890 mox
1059 2837 1342 2894 humiliter
1371 2839 1573 2909 paruit,
1618 2849 1674 2896 et
1715 2857 1822 2900 non
1862 2842 2036 2897 solum

446 2924 576 2980 illud
615 2928 759 2996 quod
789 2928 1003 2998 jussum
1048 2929 1247 2998 fuerat,
1296 2935 1476 2988 sedet
1517 2935 1622 2989 alia
1652 2945 1889 3006 quatuor
1917 2952 2038 2992 mo-

447 3017 688 3072 nasteria
748 3019 802 3073 in
854 3020 970 3091 ejus
1019 3021 1280 3078 honorem
1335 3028 1662 3082 construxit.
1715 3027 2036 3098 Quanquam

445 3107 593 3162 beati
629 3107 901 3165 Fredelini
943 3111 1074 3178 vita,
1107 3112 1162 3167 in
1204 3127 1312 3184 qua
1343 3115 1460 3170 haec
1490 3115 1683 3171 referri
1714 3119 2036 3188 perhibetur

445 3191 699 3268 historia,
745 3202 799 3257 in
843 3217 1039 3260 manus
1085 3215 1299 3263 nostras
1335 3223 1678 3280 nequaquam
1727 3211 2031 3281 devenerit,

447 3289 542 3348 sed
567 3293 714 3362 quod
753 3293 843 3348 hic
882 3295 1146 3367 scriptum
1191 3307 1295 3365 est,
1341 3272 1548 3356 indicio
1591 3301 1750 3358 nobis
1782 3272 2038 3360 fraternae
2065 3272 2110 3336 Ο

445 3383 728 3440 relationis
756 3384 1014 3442 innotuit.

518 3473 645 3530 Haec
679 3475 842 3548 igitur
884 3476 1044 3547 hujus
1095 3495 1266 3536 sacrae
1311 3481 1674 3540 solemnitatis
1719 3494 1804 3541 est
1847 3501 2038 3553 causa,

444 3567 565 3624 haec
595 3569 901 3624 veneranda
930 3570 1264 3630 celebritatis
1295 3574 1574 3630 hodiernae
1605 3579 1853 3643 materia,
1898 3587 1958 3633 ut
1985 3580 2039 3634 in

449 3660 810 3718 translatione
872 3664 1012 3720 sacri
1061 3667 1309 3736 corporis
1361 3669 1558 3725 merito
1607 3670 1841 3740 gaudeat
1886 3671 2042 3742 plebs

445 3757 640 3814 deVota
693 3758 954 3826 ﬁdelium,
1008 3762 1093 3816 cui
1139 3762 1395 3833 dependit
1435 3764 1726 3833 exsequias
1767 3765 2042 3822 exercitus

447 3852 785 3923 angelorum.
819 3853 992 3911 Porro
1037 3863 1218 3912 autem
1267 3871 1335 3912 ex
1385 3858 1672 3914 occasione
1713 3860 2041 3915 venerandae

448 3944 829 4003 translationis
857 3947 1041 4018 hujus,
1071 3957 1126 4003 et
1149 3959 1344 4004 Caetera
1385 3951 1529 4006 beati
1557 3951 1657 4006 viri
1691 3960 1845 4023 gesta
1878 3952 2038 4009 nobis

447 4037 502 4092 in
533 4039 853 4094 memoriam
880 4040 1130 4108 redeunt,
1161 4049 1221 4097 ut
1260 4058 1381 4112 qua:
1415 4043 1590 4116 longis
1617 4053 1746 4101 ante
1777 4046 2044 4116 tempori-

447 4127 550 4186 hus
571 4137 697 4186 sunt
726 4142 968 4202 peracta,
1002 4135 1205 4191 nostris
1230 4151 1376 4192 nunc
1407 4137 1630 4193 reducta
1655 4137 2043 4208 conspectibus

448 4221 849 4292 quodammodo
875 4225 1113 4280 recentia
1147 4226 1438 4283 videantur
1469 4240 1524 4284 et
1551 4245 1709 4285 nova.
1746 4227 1867 4285 Mox
1893 4230 2040 4285 enim

447 4323 508 4393 ut
556 4309 839 4386 disputare
875 4315 943 4372 de
987 4318 1318 4375 venerabilis
1362 4319 1464 4375 viri
1510 4321 1678 4392 gestis
1727 4321 2038 4392 incipimus,

445 4407 698 4479 protinus
727 4409 968 4465 occurrit
989 4411 1266 4468 memoriae
1291 4427 1454 4483 quam
1485 4412 1912 4484 impenetrabilis
1938 4413 2041 4470 Ec-

448 4489 627 4557 Clesiae
674 4517 862 4558 murus
906 4503 1292 4560 haereticorum
1353 4503 1477 4560 telis
1525 4503 1823 4572 obstiterit,
1876 4521 2039 4577 quam

448 4582 830 4663 insuperabilis
856 4593 1129 4665 praeliator
1151 4609 1468 4666 perversum
1489 4595 1818 4651 Arianorum
1844 4596 2038 4665 dogma

449 4687 623 4756 gratia
648 4685 932 4741 catholicae
955 4686 1200 4742 veritatis
1226 4687 1534 4743 obtriverit.
1559 4686 1672 4744 Nec
1698 4687 1827 4742 illud
1856 4694 2037 4752 vacat,

449 4779 592 4850 quod
619 4794 741 4835 cum
769 4781 1027 4838 adversus
1052 4779 1435 4836 haereticorum
1462 4778 1742 4850 perfidiam
1770 4786 2042 4850 pugnatu-

450 4878 566 4938 rus,
615 4871 920 4929 Seleuciam
962 4873 1184 4930 Isauriae
1230 4873 1488 4945 oppidum
1540 4873 1807 4935 tenderet,
1861 4872 2040 4942 puella

452 4963 670 5035 gentilis
697 4967 958 5022 divinitus
977 4967 1193 5033 edocta,
1224 4966 1356 5022 tanti
1379 4965 1678 5021 sacerdotis
1699 4964 2041 5020 denuntiavit

452 5054 767 5121 adventum,
797 5066 958 5127 atque
989 5057 1109 5114 ideo
1137 5073 1259 5114 cum
1293 5067 1450 5130 patre
1477 5057 1778 5124 Florentio,
1813 5066 2040 5126 totaque

452 5144 656 5200 familia
699 5145 865 5202 divini
908 5149 1250 5219 baptismatis
1293 5151 1492 5206 meruit
1535 5149 1814 5221 suscipere
1857 5163 2040 5206 sacra-

452 5241 723 5290 mentum.

2144 2003 2304 2058 modo
2348 2018 2530 2058 coram
2576 2003 2888 2060 hominibus
2918 2018 3016 2076 per
3047 2004 3268 2080 angelos
3305 2002 3608 2069 transtulit,
3650 2000 3742 2055 sed

2144 2101 2200 2149 et
2221 2092 2276 2148 in
2305 2095 2442 2147 tanti
2474 2093 2700 2150 honoris
2729 2093 2963 2165 gloriam
2997 2103 3054 2148 et
3086 2094 3249 2149 totius
3273 2091 3538 2148 Ecclesia:
3578 2106 3739 2145 reve-

2144 2185 2376 2238 rentiam
2406 2184 2742 2241 sublimavit.
2774 2185 2852 2240 De
2878 2184 3064 2256 Moyse
3088 2185 3288 2256 quippe
3313 2184 3583 2254 scriptum
3615 2191 3734 2238 est:

2150 2295 2167 2329 ι
2211 2276 2456 2337 Mortuus
2484 2287 2570 2336 est
2600 2279 2676 2334 ibi
2722 2277 2936 2350 Moyses
2975 2278 3432 2336 servusDomini
3481 2278 3539 2332 in
3594 2286 3738 2331 terra

2145 2367 2322 2434 Moab,
2351 2368 2578 2439 jubeute
2620 2371 2880 2438 Domino;
2914 2375 2988 2430 “et
3031 2371 3281 2444 sepelivit
3329 2387 3456 2427 eum
3501 2371 3556 2426 in
3606 2368 3742 2424 valle

2143 2471 2306 2518 terra:
2348 2462 2503 2520 Moab
2541 2474 2736 2520 contra
2773 2463 3028 2539 Phogor;
3056 2475 3112 2521 et
3151 2480 3258 2520 non
3291 2464 3551 2536 cognovit
3581 2450 3752 2518 homo‘

2143 2555 2452 2627 sepulcrum
2483 2556 2604 2626 ejus
2634 2573 2807 2627 usque
2836 2557 2890 2611 in
2936 2567 3262 2627 praesentem
3294 2557 3440 2612 diem
3475 2555 3683 2627 (ibid.).
3719 2573 3738 2609 ι

2144 2648 2288 2715 Quid
2313 2657 2397 2703 est
2423 2663 2579 2719 ergo,
2605 2651 2748 2718 quod
2780 2648 2870 2704 ille
2899 2649 3160 2712 nescitur,
3198 2649 3300 2704 iste
3327 2663 3464 2704 vero
3493 2645 3741 2717 quotidie

2144 2755 2270 2796 eum
2318 2750 2469 2796 tanta
2512 2741 2687 2812 gloria
2728 2739 3053 2797 Christianae
3099 2739 3406 2796 devotionis
3451 2735 3743 2793 invisituri

2141 2831 2284 2900 Quid
2307 2841 2410 2898 est,
2447 2833 2690 2902 inquam,
2722 2832 2866 2902 Quod
2893 2831 3105 2904 Moyses
3140 2832 3209 2888 ab
3234 2831 3520 2888 hominum
3553 2829 3744 2886 notitia

2144 2933 2480 2990 removetur,
2509 2925 2615 2980 nisi
2645 2934 2704 2978 ut
2734 2923 2958 2980 tollatur
2992 2923 3228 2988 occasio,
3261 2939 3332 2977 ue
3361 2921 3454 2992 qui
3487 2929 3603 2975 tam
3637 2920 3744 2975 Deo

2115 3007 2342 3071 'charus
2375 3024 2432 3071 et
2472 3014 2761 3072 familiaris
2805 3016 3083 3072 exstitisse
3111 3015 3484 3087 cognoscitur,
3533 3014 3746 3070 divinus

2140 3113 2316 3169 honor
2356 3112 2432 3167 illi
2463 3112 2531 3167 ab
2556 3111 2871 3168 Israeliticae
2911 3111 3086 3182 plebis
3121 3109 3349 3180 perﬁdia
3390 3108 3745 3180 praebeatur!

2141 3203 2495 3273 Reliquorum
2525 3218 2656 3260 vero
2699 3212 3016 3259 sanctorum
3050 3218 3284 3274 corpora
3314 3217 3424 3259 non
3465 3201 3745 3266 celantur,

2145 3306 2206 3354 ut
2224 3295 2351 3354 dum
2376 3295 2703 3352 Christianae
2723 3296 3029 3352 devotionis
3048 3294 3470 3366 frequentantur
3492 3309 3745 3360 accessu,

2145 3394 2202 3442 et
2236 3401 2334 3456 per
2374 3387 2493 3442 illos
2537 3387 2675 3443 ﬁaut
2703 3386 2986 3442 rutilantia
3019 3387 3175 3458 signa
3205 3386 3496 3452 virtutum,
3544 3394 3604 3441 et
3635 3385 3748 3441 istis

2145 3486 2424 3534 accrescat
2448 3477 2688 3534 felicium
2717 3477 2966 3534 cumulus
2994 3478 3338 3534 meritorum.

2214 3567 2486 3625 Praeterea
2511 3568 2754 3625 nonnulli
2786 3568 2971 3625 ﬁdeles
3002 3568 3207 3625 idcirco
3237 3576 3359 3639 post
3393 3577 3634 3625 mortem
3662 3579 3739 3624 tu-

2145 3665 2308 3720 mulis
2332 3666 2656 3723 editioribus
2687 3667 3059 3733 includuntur,
3089 3675 3149 3723 ut
3178 3667 3261 3722 sui
3294 3668 3631 3724 memoriam
3659 3669 3738 3724 vi-

2145 3757 2395 3813 ventibus
2426 3758 2675 3830 ingerant
2714 3769 2988 3829 quatenus
3031 3759 3111 3814 eis
3164 3759 3482 3829 impendere
3527 3761 3749 3831 pietatis

2145 3865 2312 3921 opera
2333 3867 2438 3906 non
2460 3851 2736 3907 omittant.
2767 3852 2908 3908 Hinc
2927 3861 3015 3908 est
3037 3853 3184 3922 quod
3209 3852 3494 3925 sepultura
3523 3864 3749 3910 vocatur

2145 3957 2215 3998 ex
2251 3958 2402 3999 more
2429 3943 2716 4010 memoria,
2751 3943 2964 3999 scilicet
2987 3953 3048 3999 ut
3075 3958 3175 4013 per
3207 3958 3328 4000 eam
3360 3955 3742 4002 memorentur

2145 4034 2253 4090 vivi
2280 4041 2335 4089 et
2358 4035 2663 4105 percipiant
2687 4033 3030 4106 refrigerium
3065 4035 3288 4092 mortui.

2218 4124 2329 4182 Sed
2355 4126 2485 4196 quid
2513 4135 2620 4192 est,
2653 4127 2799 4198 quod
2829 4125 3073 4183 nonnulli
3105 4137 3425 4185 sanctorum
3457 4138 3738 4200 tantopere

2145 4216 2468 4272 studuerunt
2530 4217 2644 4273 suis
2705 4216 2998 4287 providere
3059 4218 3310 4289 sepulcra
3373 4217 3746 4291 corporibus!

2143 4309 2421 4366 Abraham
2447 4325 2642 4382 nempe
2663 4310 3074 4384 quadringentis
3100 4314 3313 4384 argenti
3349 4313 3502 4371 siclis
3533 4329 3566 4368 a
3622 4313 3746 4367 ﬁliis

2145 4399 2286 4457 lleth
2335 4401 2649 4474 speluncam
2698 4403 2968 4473 duplicem
3018 4415 3301 4476 comparat
3347 4405 3506 4476 (Gen.
3560 4408 3743 4474 XXIII),

2144 4491 2316 4549 Jacob
2344 4503 2399 4550 et
2442 4494 2642 4566 Joseph
2687 4495 2754 4552 ad
2799 4497 3049 4553 eamdem
3080 4497 3399 4567 speluncam
3433 4504 3611 4553 totum
3635 4496 3745 4566 jam

2148 4588 2315 4642 animi
2344 4589 2674 4645 desiderium
2728 4590 2978 4656 tendunt,
3007 4599 3065 4646 et
3099 4605 3331 4660 corpora
3361 4603 3460 4645 sua
3493 4600 3622 4661 post
3647 4591 3746 4645 ob-

2149 4678 2283 4733 itum
2321 4678 2413 4733 illo
2465 4679 2785 4750 perferenda
2815 4680 3120 4752 deposcunt
3161 4678 3324 4751 (Gen.
3372 4697 3506 4737 xux
3557 4690 3615 4737 et
3659 4681 3741 4752 ι).

2153 4771 2294 4840 Quid
2321 4787 2452 4842 ergo
2473 4781 2556 4827 est
2583 4774 2726 4842 quod
2753 4774 2926 4828 sancti
2959 4773 3310 4843 patriarchae,
3344 4775 3438 4846 qui
3469 4791 3531 4832 se
3561 4775 3746 4846 pulve-

2148 4880 2263 4920 rem
2290 4874 2344 4921 et
2375 4865 2611 4921 cinerem
2638 4881 2761 4922 esse
2788 4866 3075 4939 perspicue
3112 4867 3422 4937 perhibent,
3457 4869 3555 4940 qui
3600 4878 3742 4925 certe

2147 4973 2375 5028 corpora
2401 4969 2456 5013 et
2478 4958 2776 5027 corporalia
2807 4973 3035 5031 quaeque
3057 4959 3366 5014 caelestium
3403 4962 3740 5031 contempla-

2150 5050 2297 5105 tione
2326 5049 2650 5119 despiciunt,
2679 5051 2733 5105 in
2756 5049 3188 5108 Chananzeorum
3217 5060 3365 5106 terra
3388 5067 3624 5127 corpora
3649 5068 3739 5108 sua

2148 5142 2434 5212 quiescere
2480 5151 2631 5199 tanto
2661 5145 2932 5200 desiderio
2971 5146 3404 5216 concupiscunt?
3445 5146 3559 5204 Cur
3595 5147 3736 5202 illum

2145 5250 2259 5306 prae
2301 5235 2516 5292 czeteris
2567 5239 2756 5293 mundi
2792 5237 3038 5308 partibus
3075 5238 3240 5310 quieti
3283 5253 3398 5293 sum
3443 5240 3738 5309 praevidcnt
