3950 5344
220 394 325 453 517

1723 403 1955 467 SERMO
1990 409 2074 467 Ill.

3393 423 3498 482 518

221 516 343 580 hac,
367 517 685 588 condasque
711 520 763 574 in
792 521 1043 592 sepulcro
1074 523 1342 594 majorum
1370 541 1614 582 meorum
1647 525 1802 600 (Gen.
1838 532 1889 592 Α
1917 529 2077 586 tionis
2100 529 2276 586 erexit
2299 530 2514 601 (Matth.
2545 532 2620 604 κ),
2649 543 2708 589 ut
2732 533 2960 606 idipsnm
2993 539 3338 608 postmodum
3363 557 3492 596 con-

218 610 412 680 XLVII).
456 630 475 664 ι
517 611 630 668 Cur
659 623 838 669 autem
882 616 949 671 ad
975 618 1359 675 conﬁrmanda:
1386 623 1694 691 sponsionis
1723 625 1811 678 in-

217 701 446 767 dicium,
480 702 650 760 Jacob
689 721 910 762 manum
957 708 1049 764 filii
1093 713 1316 781 supponi
1357 713 1470 768 suis
1517 714 1812 770 femoribus

215 795 389 864 petiit,
420 797 530 852 nisi
562 799 688 868 quia
723 799 894 867 illum,
936 803 1028 871 qui
1072 819 1283 859 summa
1320 804 1420 875 12
1470 807 1671 861 veritas
1706 817 1806 871 est,

214 885 280 939 de
302 888 533 957 proprio
555 891 762 946 semine
790 895 1197 964 propagandum
1229 911 1349 950 esse
1380 898 1668 968 cognovit?
1700 897 1809 954 Illis

213 976 386 1048 igitur
418 988 584 1036 terrae
622 982 818 1039 ﬁnibus
846 985 988 1040 beati
1017 987 1115 1041 viri
1140 987 1253 1058 jam
1298 990 1608 1046 medullitus
1644 992 1809 1063 aggli-

210 1071 465 1135 scebant,
496 1088 661 1142 quam
693 1090 789 1144 per
815 1077 1065 1146 spiritum
1103 1075 1216 1146 jam
1240 1081 1540 1135 cernebant
1563 1082 1800 1138 Salvato-

208 1160 282 1214 ris
311 1163 564 1234 vestigiis
587 1167 768 1231 atteri,
802 1181 965 1238 quam
1007 1170 1058 1223 in
1096 1171 1452 1228 interioribus
1489 1175 1660 1231 oculis
1688 1177 1804 1247 jam

208 1257 476 1314 videbant
513 1262 754 1332 pretioso
788 1261 1054 1320 Dominici
1103 1269 1344 1338 corporis
1377 1271 1639 1339 sanguine
1673 1285 1802 1342 pur-

207 1351 420 1418 purari,
466 1360 528 1406 ut
573 1353 682 1408 illic
723 1365 912 1419 eorum
948 1371 1176 1427 corpora
1223 1373 1375 1414 suam
1425 1372 1804 1431 exspectarent

206 1448 701 1514 resurrectionem,
747 1449 834 1505 ubi
882 1464 1317 1509 resurrecturum
1350 1471 1470 1512 esse
1516 1473 1804 1529 cognosce.

206 1532 337 1590 bant
363 1537 548 1606 ipsum
577 1540 751 1598 beate
775 1545 1192 1602 resurrectionis
1215 1557 1512 1604 auctorem.

277 1627 361 1682 Ad
407 1630 558 1686 hunc
591 1643 645 1688 et
681 1649 806 1699 nos,
839 1634 1196 1704 dilectissimi,
1233 1640 1570 1710 perspicuam
1602 1653 1801 1700 nostrae

205 1717 411 1775 mentis
441 1724 619 1780 aciem
647 1727 968 1798 dirigamus.
997 1732 1077 1786 Ad
1101 1733 1265 1796 hunc,
1290 1734 1414 1789 dum
1445 1739 1640 1806 pedum
1675 1753 1797 1808 pro-

203 1813 488 1880 gressione
531 1831 638 1870 non
691 1831 997 1888 possumus,
1048 1825 1331 1879 aestuantis
1363 1825 1616 1883 desiderii
1645 1829 1794 1884 festi-

1913 631 2122 679 stanter
2155 633 2462 680 astruerent
2493 627 2634 696 quod
2660 628 3022 684 anxiabantur
3063 642 3218 688 antea
3250 633 3486 688 crudeli-

1914 717 1996 769 ter
2021 713 2358 787 impugnare.
2393 716 2545 784 Quod
2575 717 2783 790 Moyses
2811 728 2936 775 tunc
2965 723 3190 792 mystice
3216 723 3485 795 ﬁguravit,

1912 819 2032 860 cum
2063 807 2325 877 arripiens
2353 809 2579 863 vitulum
2609 825 2855 877 aureum,
2890 812 3010 883 igne
3051 814 3375 880 combussit,
3420 817 3488 870 ad

1909 896 2184 967 pulverem
2224 913 2393 968 usque
2421 900 2677 954 contrivit
2703 899 3063 972 ﬂuctibusque
3092 919 3484 974 conspergcus,

1907 988 2260 1046 lsraeliticum
2286 1007 2352 1046 ex
2378 1009 2441 1048 eo
2463 993 2714 1064 populum
2737 996 3040 1065 propinavit
3062 997 3259 1068 (Exod.
3289 998 3482 1067 xxx").

1913 1081 2014 1153 13
2045 1082 2182 1150 Quid
2224 1095 2306 1138 est
2342 1086 2484 1138 enim
2529 1100 2623 1154 per
2661 1086 2888 1156 ﬁguram
2919 1086 3119 1141 vitulus
3154 1087 3243 1140 ille
3285 1085 3485 1142 conﬁa-

1909 1177 2036 1242 tilis,
2071 1176 2176 1230 nisi
2205 1192 2400 1246 corpus
2435 1176 2655 1241 diaboli,
2698 1177 2945 1233 homines
2989 1178 3194 1233 scilicet
3227 1180 3278 1233 in
3313 1180 3487 1235 enmi-

1905 1265 2009 1322 bus
2040 1269 2288 1339 gentibus
2337 1268 2600 1338 pcrﬁdim,
2637 1268 2798 1323 simul
2846 1279 2900 1324 et
2943 1269 3257 1326 idololatriae
3301 1286 3488 1326 errore

1906 1361 2114 1429 decepti
2167 1375 2229 1415 ac
2279 1361 2378 1416 sub
2418 1362 2534 1431 ipso
2581 1375 2677 1415 suo
2706 1360 2966 1431 pestifero
3012 1365 3190 1431 capite
3232 1373 3489 1432 tanquam

1905 1452 2118 1506 diversa
2164 1453 2407 1506 membra
2436 1452 2701 1521 sacrilega
2737 1454 3140 1523 conspiratione
3178 1451 3490 1522 conjuncti?

1905 1541 2079 1612 Super
2126 1559 2263 1613 quos
2312 1543 2567 1598 nimirum
2617 1543 2706 1598 ille
2754 1545 3009 1612 nequitiae
3049 1544 3290 1614 spiritus,
3341 1545 3487 1600 velut

1903 1641 2092 1687 auctor
2127 1633 2442 1702 praesidens,
2493 1633 2789 1688 insolenter
2829 1634 3080 1703 erigitur,
3128 1643 3180 1688 et
3233 1643 3486 1705 tanquam

1903 1735 2063 1792 caput
2089 1739 2188 1793 per
2238 1724 2580 1794 tyrannidem
2615 1739 2711 1778 suo
2741 1727 2952 1795 corpori
3001 1726 3330 1780 dominatur.
3372 1728 3483 1780 Au-

1901 1829 2025 1869 reus
2051 1825 2230 1870 autem
2271 1816 2475 1872 vitulus
2519 1816 2683 1871 fuisse
2721 1817 3064 1880 describitur,
3115 1820 3239 1888 quia
3275 1819 3487 1874 videtur

203 1904 429 1960 natione
457 1909 766 1975 tendamus,
801 1919 857 1966 et
899 1912 1024 1967 dum
1073 1924 1384 1970 sanctorum
1434 1919 1799 1986 quorumlibet
1827 1899 1875 1960 B
1903 1908 2220 1964 idololatriae
2248 1910 2384 1964 ritus
2411 1909 2554 1964 velut
2585 1925 2614 1962 a
2639 1910 2977 1979 sapientibus
3008 1911 3311 1967 institutus.
3337 1912 3486 1968 Auro

202 1995 454 2066 reliquiis
499 1999 675 2069 digna:
712 2003 1015 2060 devotionis
1055 2009 1414 2062 reverentiam
1455 2011 1794 2078 exhibemus,

198 2085 266 2139 ad
311 2087 468 2143 illum
516 2101 688 2145 unum
729 2099 783 2146 et
827 2095 1103 2165 singulare
1130 2111 1326 2168 corpus
1367 2108 1566 2155 nostra:
1597 2104 1798 2158 mentis

199 2176 506 2249 dirigamus
557 2183 830 2251 obtutum,
883 2187 1025 2256 quod
1092 2189 1146 2243 in
1197 2199 1438 2260 paternm
1494 2193 1796 2264 majestatis

197 2267 368 2338 gloria
395 2272 673 2329 credimus
701 2275 1048 2334 ineﬂabiliter
1072 2280 1445 2337 sublimatum.

266 2361 361 2414 llla
410 2364 670 2420 nimirum
713 2376 796 2422 est
828 2375 971 2424 terra
1001 2373 1089 2426 cui
1137 2381 1249 2426 tum
1279 2374 1426 2428 beati
1466 2375 1795 2444 patriarchae

195 2459 359 2520 atque
405 2457 686 2525 propheta:
725 2461 1092 2529 suspirabant,
1140 2462 1281 2520 lacte
1313 2465 1528 2520 scilicet
1555 2475 1610 2522 et
1639 2467 1793 2524 melle

195 2545 466 2601 mananti.
499 2547 614 2603 Lac
639 2550 906 2621 siquidem
935 2555 1000 2608 de
1039 2556 1222 2611 carnis
1266 2557 1524 2613 uberibus
1554 2557 1789 2629 proﬂuit,

195 2639 300 2691 mel
340 2655 477 2694 vero
517 2642 584 2697 de
627 2645 1001 2714 superioribus
1031 2648 1199 2703 venit.
1234 2649 1297 2702 Et
1323 2650 1451 2720 quia
1487 2651 1790 2706 substantia

194 2731 467 2788 Dominici
522 2737 770 2806 corporis
816 2751 883 2792 ex
930 2737 1168 2811 Virginis
1216 2741 1520 2797 visceribus
1565 2743 1788 2812 prodiit,

194 2824 458 2881 divinitas
519 2837 700 2884 autem
751 2846 816 2886 ea
868 2840 1094 2901 paterna
1151 2834 1434 2904 majestate
1488 2838 1788 2904 descendit,

194 2929 343 2973 recte
384 2935 587 2992 corpus
635 2923 934 2980 Salvatoris
984 2935 1128 2981 terra
1175 2928 1376 2984 dicitur
1407 2929 1786 3001 repromissio-

193 3009 298 3064 nis.
328 3011 466 3079 Quae
491 3015 748 3070 nimirum
772 3024 918 3072 terra
944 3018 1102 3086 lacte,
1151 3021 1314 3076 simul
1340 3037 1403 3078 ac
1433 3023 1588 3079 melle
1621 3023 1787 3079 ﬂuere

193 3106 413 3173 dicitur,
445 3110 572 3179 quia
603 3111 655 3164 in
679 3111 1056 3184 Redemptoris
1087 3117 1257 3171 nostri
1291 3133 1539 3188 corpore,
1571 3127 1627 3174 et
1657 3119 1788 3174 sub-

194 3199 396 3252 stantia
429 3215 556 3255 vere
600 3210 658 3255 et
687 3203 916 3259 dulcedo
947 3213 1032 3261 est
1078 3207 1367 3264 ineﬂ‘abilis
1397 3209 1630 3264 dcitatis.
1671 3227 1688 3260 ε
1727 3208 1782 3262 ln

1901 2001 2098 2072 quippe
2139 2001 2405 2071 sapientia
2453 2001 2789 2072 designatur,
2820 2003 2961 2057 sicut
2992 2018 3088 2072 per
3133 2002 3482 2059 Salomonem

1904 2095 2106 2149 dicitur
2136 2114 2149 2150 ε
2183 2115 2200 2147 ι
2232 2095 2544 2150 Thesaurus
2590 2096 2964 2152 desiderabilis
3012 2098 3065 2152 in
3101 2114 3197 2153 ore
3225 2099 3485 2169 sapientis

1899 2185 2083 2258 (Prov.
2118 2188 2253 2258 xxi).
2279 2206 2297 2238 ι
2325 2187 2538 2243 Aureus
2564 2188 2745 2259 itaque
2773 2190 2873 2244 fuit
2895 2189 3114 2257 vitulus,
3146 2192 3269 2262 quia
3295 2193 3483 2248 mundi

1897 2280 2170 2347 sapientes
2217 2287 2342 2333 ante
2372 2295 2524 2334 nova:
2553 2282 2782 2350 gratiam
2826 2281 2948 2337 ﬁdei
2993 2284 3336 2340 dxemoniaca:
3373 2285 3484 2340 cul-

1897 2376 2032 2424 tura:
2068 2369 2237 2424 fuisse
2263 2369 2560 2440 probantur
2589 2380 2860 2439 auctores,
2889 2373 2956 2428 de
2999 2374 3193 2443 quibus
3225 2375 3479 2431 nimirum

1896 2447 2025 2522 dicit
2069 2467 2360 2537 Apostolus
2403 2485 2416 2521 :
2451 2484 2470 2518 ι
2505 2468 2640 2534 Quia
2692 2483 2812 2522 cum
2861 2467 3244 2540 cognovissent
3288 2467 3479 2536 Deum,

1894 2575 2002 2614 non
2053 2560 2194 2615 sicut
2247 2561 2414 2614 Deum
2467 2559 2926 2632 gloriﬁcaverunt,
2979 2567 3071 2615 aut
3109 2560 3312 2628 gratias
3363 2573 3484 2630 ege-

1894 2663 2050 2719 runt;
2103 2654 2196 2708 sed
2243 2662 2579 2709 evanuerunt
2629 2654 2682 2708 in
2737 2653 3156 2724 cogitationibus
3221 2653 3367 2717 suis,
3423 2661 3478 2707 et

1891 2746 2239 2800 obscuratum
2271 2753 2354 2800 est
2392 2745 2651 2816 insipiens
2683 2761 2778 2801 cor
2819 2761 3032 2810 eorum,
3062 2745 3306 2799 dicentes
3333 2745 3480 2800 enim

1893 2851 1952 2890 se
1977 2850 2096 2890 esse
2127 2835 2415 2906 sapientes,
2466 2835 2616 2891 stulti
2664 2835 2789 2891 facti
2835 2843 2992 2900 sunt;
3035 2842 3090 2889 et
3129 2842 3483 2889 mutaverunt

1891 2926 2117 2999 gloriam
2145 2927 2570 2996 incorruptibilis
2597 2926 2690 2981 Dei
2722 2927 2775 2982 in
2822 2925 3230 2984 similitudinem
3277 2925 3474 2995 imagi-

1892 3023 1976 3077 nis
2018 3021 2386 3094 corruptibilis
2433 3021 2690 3085 hominis,
2715 3029 2771 3076 ct
2821 3020 3122 3085 volucrum,
3155 3027 3209 3074 et
3235 3018 3475 3090 quadru-

1888 3113 2084 3184 pedum
2117 3123 2174 3168 et
2221 3113 2552 3184 serpentium
2603 3111 2782 3184 (Rom.
2814 3115 2875 3182 ι).
2908 3132 2926 3163 ι
2959 3111 3064 3166 Per
3112 3111 3251 3166 hanc
3288 3110 3470 3180 itaque

1889 3219 2105 3259 vesana:
2128 3205 2407 3274 sapientia:
2430 3204 2724 3258 vanitatem
2755 3214 2926 3274 poetae
2951 3203 3273 3274 philosophi,
3305 3202 3468 3273 magi,

193 3293 309 3363 ipso
332 3295 504 3361 enim,
537 3297 678 3351 sicut
702 3298 996 3368 Apostolus
1017 3301 1114 3368 ait,
1151 3303 1364 3357 habitat
1393 3303 1569 3358 omnis
1610 3302 1781 3373 plenl-
1811 3288 1856 3352 C
1887 3297 2126 3353 siderum
2152 3297 2442 3353 rimatorcs
2463 3297 2814 3376 omniumque
2845 3296 3248 3366 disciplinarum
3279 3295 3472 3350 libera-

193 3386 322 3440 tudo
376 3385 686 3443 divinitatis
733 3389 1090 3459 corporaliter
1141 3391 1418 3465 ((101.11):
1471 3412 1489 3445 ι
1530 3403 1586 3448 et
1635 3393 1780 3458 alibi,

197 3497 217 3532 ο
273 3483 422 3538 Deus
470 3491 590 3538 erat
635 3484 689 3538 in
733 3486 952 3542 Christo
981 3487 1238 3543 mundum
1275 3489 1634 3544 reconcilians
1679 3489 1780 3544 sibi

192 3575 275 3647 (ΙΙ
310 3577 437 3631 Cor.
465 3578 543 3645 v).
579 3595 598 3629 ι
633 3577 715 3632 Ad
745 3579 885 3635 hanc
913 3580 1206 3635 viventium
1235 3589 1434 3637 terram
1462 3583 1550 3637 ille
1576 3599 1674 3639 nos
1705 3583 1785 3638 di-

192 3678 388 3734 gnetur
417 3667 701 3733 inducere,
729 3670 820 3738 qui
850 3681 1006 3724 terra:
1037 3679 1238 3726 nostra!
1271 3672 1520 3727 mortalia
1556 3689 1661 3728 non
1693 3673 1786 3728 de-

189 3757 446 3830 dignatus
469 3767 551 3816 est
575 3759 830 3827 tolerare,
851 3771 1117 3832 quatenus
1146 3763 1224 3818 sic
1249 3763 1320 3818 ibi
1351 3763 1487 3820 lacte
1530 3774 1582 3820 et
1625 3765 1784 3820 melle

186 3865 480 3907 vescamur
531 3863 590 3907 ut
627 3852 924 3909 Salvatoris
962 3847 1154 3911 nostri}
1185 3858 1470 3927 praesentia
1520 3867 1572 3913 et
1609 3858 1782 3914 melli-

186 3941 290 3998 ﬁua
346 3943 652 4001 divinitatis
689 3945 804 4016 ejus
860 3946 1141 4004 dulcedine
1189 3949 1468 4003 satiemur.
1514 3950 1614 4017 Qui
1660 3965 1782 4005 cum

187 4038 296 4093 Deo
325 4038 511 4105 Patre,
557 4046 616 4094 et
658 4036 865 4109 Spiritu
910 4048 1100 4095 Sancto
1144 4039 1296 4107 vivit,
1347 4049 1400 4096 et
1449 4049 1638 4112 regnat
1683 4055 1782 4112 per

183 4132 366 4188 omnia
401 4129 601 4189 saecula
630 4129 972 4188 surculorum.
1003 4130 1198 4188 Amen.

815 4241 1047 4301 SERMO
1072 4237 1160 4299 Ill.

321 4351 388 4392 DE
425 4352 634 4393 διαδοτο
667 4351 958 4478 ANAS(TASIO
999 4353 1245 4478 uoxrscuo
1285 4353 1352 4392 ET
1394 4345 1646 4394 murra:

819 4423 909 4462 ut
950 4423 1116 4462 nam.
1152 4448 1164 4462 .

819 4423 909 4462 XXI
950 4423 1164 4462 IIABTJ.

253 4503 333 4556 Ad
366 4501 684 4573 pulchrum,
719 4499 918 4556 fratres
947 4501 1274 4567 charissimi,
1302 4501 1650 4557 convenimus
1680 4501 1780 4558 bo-

186 4594 372 4649 dierna
395 4593 696 4648 festivitate
715 4591 1102 4662 spectaculum,
1128 4607 1248 4647 cum
1268 4592 1560 4648 viderimus
1587 4609 1772 4648 verum

183 4688 347 4743 David
398 4695 650 4742 nostrum
697 4687 936 4756 praedam
969 4686 1033 4743 de
1069 4687 1276 4743 cruenti
1325 4685 1496 4744 leonis
1533 4688 1775 4744 faucibus

183 4785 479 4853 rapientem
527 4779 584 4852 (Ι
629 4779 760 4851 Reg.
807 4781 965 4853 xvn),
1007 4779 1113 4837 imo
1161 4796 1284 4836 cum
1315 4780 1456 4837 lasso
1495 4795 1663 4852 puero
1707 4783 1774 4838 de

184 4875 607 4930 Amalecitarum
668 4873 858 4928 cuneis
931 4871 1285 4928 invictissime
1341 4873 1769 4942 triumphantem

187 4965 232 5037 (Ι
259 4966 380 5042 Reg.
413 4967 531 5029 xv).
566 4965 770 5021 Beatus
809 4966 952 5020 enim
997 4966 1340 5033 Anastasius,
1371 4975 1431 5021 ut
1459 4965 1576 5036 ejus
1602 4977 1772 5023 testa-

182 5069 258 5116 tur
281 5060 538 5123 historia,
588 5058 734 5128 magi
765 5057 974 5114 exstitit
1002 5057 1163 5122 ﬁlius,
1199 5068 1253 5115 et
1275 5061 1518 5130 paternis
1548 5058 1772 5133 insuper

173 5153 340 5210 fuerat
373 5149 698 5222 sacrilegiis
739 5150 1038 5205 institutus.
1069 5147 1269 5207 Leonis
1315 5150 1478 5222 igitur
1521 5149 1771 5212 faucibus

167 5249 451 5270 ι-..ΑΙ..-Δ--..
512 5257 640 5270 Anum
677 5241 944 5270 ann-“Iun...
989 5239 1120 5270 nul:0
1154 5241 1441 5270 ﬁnmn.:n::a
1484 5250 1763 5270 ...Α-ΑΙ.---

1890 3403 2008 3444 rum
2051 3389 2302 3444 instructi
2339 3389 2554 3459 peritia,
2602 3388 2909 3458 prodigiosa
2958 3387 3201 3442 solebant
3241 3387 3470 3440 adorare

1886 3479 2139 3552 ﬁgmenta
2171 3480 2580 3536 daemoniorum.
2628 3479 2684 3533 ln
2716 3479 2885 3534 vitulo
2915 3479 3077 3550 igitur
3105 3477 3467 3549 signiﬁcatum

1886 3579 1970 3626 est
2002 3580 2170 3626 totum
2210 3587 2426 3641 corpus,
2478 3571 2530 3625 id
2571 3579 2654 3626 est
2694 3571 2871 3624 omnis
2903 3570 3136 3624 societas
3183 3568 3468 3639 gentilium

1886 3663 2204 3717 idololatria:
2250 3664 2574 3719 deditorum.
2623 3663 2833 3734 Moyses
2876 3662 3060 3731 itaque
3086 3661 3310 3714 vitulum
3344 3661 3466 3731 igne

1885 3757 2219 3811 combussit:
2252 3757 2376 3826 quia
2429 3754 2756 3826 Redemptor
2799 3763 3014 3818 noster,
3067 3770 3225 3824 quem
3270 3755 3357 3810 ille
3395 3756 3471 3810 si-

1885 3854 2166 3916 gnaverat,
2215 3847 2354 3902 male
2384 3847 2694 3916 conspirata
2720 3848 2885 3902 corda
2922 3846 3204 3917 gentilium
3246 3844 3463 3902 ﬂamma

1883 3952 1995 3993 sua:
2027 3938 2310 3993 charitatis
2358 3939 2624 3994 accendit.
2665 3937 2818 3993 Unde
2845 3950 2899 3993 et
2929 3939 3043 4008 ipse
3073 3938 3151 3992 ait
3181 3953 3193 3990 :
3232 3957 3250 3989 ι
3281 3937 3464 4009 Ignem

1881 4033 2006 4087 veni
2042 4032 2258 4088 mittere
2285 4033 2337 4086 in
2368 4043 2588 4100 terram,
2628 4043 2683 4089 et
2711 4033 2838 4103 quid
2865 4033 3006 4099 volo,
3043 4034 3148 4088 nisi
3176 4043 3234 4090 ut
3262 4049 3461 4090 accen-

1882 4125 2077 4179 datur?
2106 4123 2258 4196 (Luc.
2284 4125 2407 4197 sn.)
2447 4143 2464 4177 ι
2501 4126 2564 4180 Et
2587 4125 2855 4197 Propheta
2885 4144 2897 4180 :
2933 4145 2952 4178 ‹
2986 4126 3101 4182 Νοιι
3129 4137 3231 4194 est,
3266 4128 3460 4198 inquit,

1881 4217 1973 4288 qui
2023 4233 2082 4273 se
2136 4219 2430 4274 abscondat
2479 4235 2506 4272 a
2548 4219 2724 4275 calore
2773 4218 3090 4291 ejus(Psal.
3143 4221 3322 4292 xvrn).
3356 4240 3374 4272 ι
3406 4221 3465 4277 ln

1879 4317 2062 4363 mente
2109 4324 2238 4378 ergo
2265 4309 2542 4381 gentilium
2580 4318 2806 4381 repente
2846 4310 3064 4367 divinus
3091 4312 3229 4384 ignis
3272 4328 3468 4368 accen-

1882 4402 2048 4468 ditur,
2087 4413 2147 4458 ut
2195 4404 2248 4457 in
2292 4404 2374 4458 eis
2432 4404 2822 4460 irrationabilis
2866 4405 3184 4461 idololatriae
3219 4405 3462 4461 bestialis

1878 4494 2052 4550 forma
2080 4495 2342 4551 solvatur.
2373 4494 2567 4550 Totum
2599 4496 2790 4552 deinde
2813 4511 3013 4565 corpus
3041 4495 3192 4550 vituli
3223 4495 3380 4564 hujus
3409 4496 3461 4550 in

1881 4589 2159 4660 pulverem
2209 4589 2619 4654 comminuitur,
2651 4590 2776 4658 quia
2825 4589 3042 4660 gentilis
3094 4588 3181 4643 illa
3233 4590 3467 4644 societas

1801 4653 1855 4717 Ῐ)
1883 4653 2165 4736 diabolicae
2197 4653 2614 4748 conspirationis
2645 4653 2698 4732 in
2741 4653 2908 4733 unum
2948 4688 3066 4733 arte
3104 4678 3356 4744 conﬂata,
3395 4678 3464 4733 ad

1882 4772 2168 4826 adventum
2219 4769 2421 4824 Christi
2469 4770 2700 4839 quodam
2751 4769 2899 4824 velut
2939 4769 3132 4824 malleo
3169 4769 3465 4826 salutiferas

1881 4863 2243 4935 correptionis
2271 4871 2463 4917 extusa
2514 4868 2675 4929 atque
2718 4876 2750 4915 a
2799 4861 2998 4935 rigoris
3040 4861 3123 4916 sui
3155 4861 3352 4917 duritia
3383 4861 3468 4916 di-

1879 4957 1989 5013 vini
2017 4956 2166 5012 verbi
2203 4969 2289 5012 est
2313 4957 2511 5011 virtute
2547 4954 2803 5011 contrita.
2839 4954 2920 5010 Ad
2947 4954 3173 5010 verbum
3201 4955 3470 5026 siquidem

1880 5047 2123 5104 veritatis
2151 5047 2444 5103 salubriter
2484 5043 2904 5114 comminuitur,
2936 5059 3059 5114 qua:
3094 5047 3235 5103 male
3263 5047 3474 5118 integra

1880 5144 1934 5199 in
1977 5140 2245 5210 superbia:
2291 5141 2466 5197 forma
2515 5138 2920 5198 insensibiliter
2963 5147 3113 5196 stare
3169 5139 3471 5197 videbatur.

1879 5232 2082 5270 “aindas
2118 5231 2172 5268 in
2213 5247 2408 5268 annnam
2443 5228 2730 5268 cnnrﬂilnr
2808 5245 2864 5268 ιιο
2914 5232 3244 5268 Ῑενοιοιῖοἶηιιο
3295 5247 3358 5266 ον
3408 5243 3474 5266 ΔΛ
