3950 5344
498 394 603 455 519

1064 389 1124 447 S.
1163 387 1367 448 PETRI
1404 387 1689 445 DAMIANI
1718 386 2093 453 0PP._PAllS
2132 384 2263 443 SEU
2294 383 2531 444 TOMUS
2573 384 2634 440 ll.
2669 415 2738 426 --
2770 380 3165 442 SERMONES.

3678 380 3778 436 520

505 501 761 560 videlicet
785 498 1158 558 lsraelitarum
1186 477 1365 571 primo
1394 499 1597 556 dictum
1630 508 1753 557 est:
1789 518 1808 552 ι
1835 498 2010 555 Macta
2030 508 2087 556 et
2116 506 2159 563 Λ
2192 499 2433 554 surrexit
2455 513 2597 555 verae
2629 498 2750 554 ﬁdei
2773 498 3141 563 Christianus,
3175 503 3437 567 tantoque
3458 492 3638 551 sancti
3662 492 3780 564 Spi-

476 594 765 663 _manduca
797 591 936 664 (Act.
970 591 1047 663 x).
1080 612 1099 646 ι
1129 591 1284 661 Quod
1324 592 1658 647 tantumdem
1688 598 1773 647 est
1804 605 1869 647 ac
1915 591 1961 646 si
2003 590 2085 645 di-

500 696 755 743 ceretur:
786 683 926 741 Tere
952 693 1008 741 et
1033 684 1176 741 bibe.
1208 683 1322 750 Sic,
1346 684 1425 740 sic
1455 683 1543 740 ille
1570 683 1769 739 vitulus
1788 698 1885 755 per
1907 683 2085 754 ignem

500 777 625 844 zeli,
671 785 728 833 et
770 776 945 833 aciem
976 776 1128 833 verbi
1174 792 1482 851 aquamque
1520 776 1862 847 baptismatis
1911 775 1977 830 ab
2004 775 2085 831 eis

495 868 682 941 potius
728 868 1017 939 absorptus
1058 876 1143 925 est
1182 884 1316 940 quos
1360 877 1589 924 conatus
1622 876 1709 924 est
1753 867 2083 933 absorbere;

501 961 561 1018 in
596 976 693 1018 eos
719 961 833 1033 ipse
869 960 1172 1018 transfusus
1202 972 1287 1018 est
1332 977 1471 1033 quos
1499 961 1552 1016 iu
1579 977 1698 1027 sua,
1729 960 1833 1015 hoc
1856 969 1943 1016 est
1970 958 2087 1014 dia-

497 1054 697 1121 bolica,
726 1062 1030 1129 tentaverat
1049 1049 1293 1112 membra
1323 1054 1644 1113 transferre.
1677 1055 2085 1119 Verumtamen,

473 1143 627 1214 ,quia
664 1142 889 1226 .Moyses
939 1159 1047 1200 non
1095 1144 1149 1199 in
1174 1146 1277 1201 hoc
1324 1157 1525 1202 metam
1588 1144 1808 1200 ultionis
1852 1142 1991 1210 ﬁxit,
2031 1151 2091 1199 ut

497 1233 705 1293 idolum
736 1236 1000 1292 duntaxat
1029 1234 1370 1308 infringeret,
1411 1238 1505 1293 sed
1543 1237 1762 1309 insuper
1799 1236 2004 1295 addidit
2030 1245 2092 1311 ut

406 1388 427 1403 ο
497 1336 555 1385 et
593 1328 786 1401 viginti
847 1329 951 1385 tria
993 1329 1160 1385 millia
1211 1331 1490 1387 hominum
1551 1330 1849 1386 trucidaret
1884 1329 2087 1402 (Exod.

499 1420 701 1493 χχιιι),
722 1421 950 1493 mystice
972 1420 1156 1477 docuit
1179 1436 1520 1493 nequaquam
1542 1420 1647 1495 14
1660 1420 1927 1490 sullicere,
1957 1423 2004 1477 si
2022 1420 2092 1478 ab

499 1512 820 1569 idololatriae.
858 1512 1038 1580 cultu,
1074 1512 1159 1570 vel
1203 1514 1472 1584 pravitate
1522 1515 1648 1569 vitae
1674 1514 1909 1585 quisque
1956 1529 2089 1570 con-

478 1604 752 1677 vertitur,
785 1605 889 1662 nisi
917 1615 973 1661 et
1012 1605 1230 1677 propria
1260 1606 1388 1660 vitia
1425 1606 1606 1678 gladio
1655 1607 1880 1677 spiritus
1905 1605 2091 1661 morti-

500 1697 667 1754 ﬁcarc
692 1705 936 1753 conetur.
970 1697 1122 1753 Unde
1148 1705 1204 1753 et
1229 1698 1556 1768 prmdicator
1585 1698 1836 1770 egregius
1864 1715 1878 1752 :
1909 1714 1929 1749 ι
1953 1696 2092 1753 Mor-

502 1789 725 1856 tificate,
758 1790 955 1862 inquit,
987 1792 1229 1847 membra
1252 1800 1456 1858 vestra,
1494 1807 1615 1862 qua:
1643 1799 1771 1847 sunt
1796 1806 1959 1863 super
1982 1800 2095 1847 ter-

2189 591 2327 647 ritus
2357 591 2481 662 igne
2504 606 2796 648 succensus
2825 600 2929 656 est,
2956 604 3016 645 ut
3040 591 3092 645 in
3124 590 3241 660 ipso
3265 604 3390 643 mox
3418 601 3783 646 suamenverb

2189 683 2362 740 sionis
2398 684 2625 740 exordio
2669 685 2918 754 protinus
2954 683 3276 754 martyrium
3326 680 3531 738 anxius
3578 692 3783 749 quare-

2190 784 2296 840 ret,
2330 774 2397 830 ad
2426 775 2678 846 martyrii
2705 786 2979 830 certamen
3013 775 3141 830 totis
3169 774 3475 830 visceribus
3504 779 3779 827 aestuaret.

2189 866 2328 936 Quid
2350 867 2543 938 plura?
2570 867 2813 924 Tandem
2838 868 2906 924 ad
2924 867 3165 938 iudicem
3190 876 3424 933 tractus,
3450 863 3785 927 monblan-

2189 956 2338 1011 ditiis
2373 966 2698 1024 attentatur,
2748 960 2911 1015 modo
2936 960 3210 1015 minarum
3260 957 3666 1030 asperitatibus
3692 956 3782 1012 de-

2192 1058 2468 1116 terretur;
2501 1050 2596 1106 sed
2647 1050 2803 1107 miles
2831 1051 3057 1119 Christi,
3103 1052 3196 1123 qui
3224 1067 3388 1121 supra
3430 1050 3655 1107 ﬁrmam
3691 1065 3780 1122 pe-

2194 1150 2333 1196 tram
2366 1141 2490 1197 ﬁdei
2518 1156 2631 1197 sua:
2657 1141 3009 1199 fundamenta
3049 1151 3327 1214 posuerat.
3358 1141 3507 1199 inter
3547 1141 3784 1198 mittaees

2189 1230 2385 1289 ﬂuctus
2429 1242 2485 1289 et
2528 1233 2895 1304 procellarum
2939 1234 3506 1292 circumfrementium
3546 1235 3782 1292 turbines

2190 1327 2485 1385 immobilis
2507 1329 2857 1400 persistebat,
2897 1329 3200 1401 eodemque
3229 1330 3415 1386 animo
3439 1338 3497 1386 et
3519 1329 3781 1399 despicie-

2190 1419 2285 1476 bat
2311 1434 2571 1492 prospera
2596 1430 2652 1477 et
2678 1421 2927 1478 calcabat
2952 1421 3182 1479 adversa
3202 1438 3220 1489 ;
3244 1436 3419 1493 eoque
3439 1422 3611 1478 modo
3627 1419 3784 1477 bella-

2193 1522 2280 1571 tor
2307 1524 2563 1571 strenuus
2607 1514 2842 1587 pellebat
2884 1531 2915 1570 a
2959 1515 3283 1587 pavidorum
3313 1523 3502 1572 mente
3545 1514 3782 1571 formidi-

2162 1620 2341 1671 nem,
2389 1614 2445 1661 et
2474 1605 2639 1662 rudes
2683 1614 2935 1678 tyronum
2981 1606 3194 1662 animos
3223 1606 3293 1663 ad
3338 1620 3576 1678 agonem
3625 1605 3783 1662 divini

2194 1695 2514 1751 certaminis
2538 1697 2895 1753 accendebat.
2920 1694 3076 1764 Quod
3103 1696 3271 1753 etiam
3296 1711 3395 1768 per
3440 1695 3548 1769 ιε
3569 1695 3784 1768 Moysen

2195 1788 2251 1844 in
2297 1787 2415 1860 lege
2463 1798 2795 1859 praeceptum
2832 1797 2918 1844 est
2949 1806 2963 1844 :
3000 1807 3020 1841 ι
3045 1787 3556 1860 Appropinquante,
3592 1786 3783 1858 inquit,

480 1903 642 1954 ram,
686 1887 1127 1954 fornicationem,
1169 1888 1592 1955 immunditiam,
1626 1887 1939 1961 luxuriam,
1964 1900 2094 1942 con-
2120 1888 2171 1965 Β
2189 1877 2304 1950 jam
2332 1880 2521 1952 praelio
2543 1881 2714 1937 stabit
2740 1881 3001 1939 sacerdos
3027 1892 3154 1938 ante
3182 1883 3381 1951 aciem,
3409 1895 3472 1941 et
3496 1884 3583 1941 sic
3608 1884 3785 1955 loque-

501 1980 889 2053 cupiscentiam
917 1980 1118 2036 malam
1145 1989 1195 2036 et
1226 1980 1539 2047 avaritiam,
1569 1994 1690 2052 quae
1717 1990 1800 2036 est
1828 1978 2095 2036 idolorum

501 2071 736 2128 servitus
756 2069 894 2142 (Col.
925 2058 1030 2142 tu).
1065 2090 1085 2124 ι

572 2161 641 2216 Ει
666 2161 960 2216 notandum
994 2161 1122 2232 quia
1162 2161 1303 2217 sicut
1348 2160 1438 2216 hic
1463 2160 1593 2216 vitia
1637 2162 1879 2217 membra
1912 2169 2096 2217 nostra

480 2269 629 2317 esse
656 2254 933 2317 dicuntur,
963 2255 1037 2308 ita
1066 2262 1121 2309 et
1160 2254 1292 2318 illic,
1317 2256 1581 2325 perempti
1610 2263 1757 2320 sunt,
1782 2271 1906 2311 cum
1930 2255 2099 2310 inter

504 2345 800 2401 rectoribus
844 2346 959 2401 suis
1003 2345 1424 2417 propinquitatis
1470 2346 2096 2417 necessitudinejunge-

486 2439 730 2515 _hautur._
758 2436 909 2493 Sicut
943 2454 1041 2510 per
1085 2438 1304 2510 Moysen
1353 2439 1555 2511 dictum
1582 2449 1706 2495 est:
1749 2458 1768 2492 ‹
1800 2439 1926 2496 llzec
1952 2438 2099 2497 'dicit

504 2531 767 2587 Dominus
815 2531 955 2587 Deus
1006 2530 1171 2587 Israel
1220 2550 1233 2585 :
1282 2532 1452 2587 Ponat
1501 2532 1584 2586 vir
1638 2531 1877 2604 gladium
1937 2546 2098 2604 super

505 2626 686 2682 femur
707 2642 862 2682 suum
887 2643 901 2693 ;
940 2626 1033 2692 ite,
1065 2634 1116 2681 et
1144 2626 1315 2683 redite
1339 2627 1405 2682 de
1432 2637 1583 2697 porta
1609 2643 1778 2697 usque
1804 2626 1855 2681 iu
1882 2637 2097 2698 portam

504 2733 604 2789 per
628 2718 865 2775 medium
897 2726 1223 2785 castrorum,
1255 2726 1310 2774 et
1334 2719 1559 2789 occidat
1587 2720 1959 2790 unusquisque
1984 2720 2099 2777 fra-

506 2819 665 2876 trem,
693 2817 747 2866 et
770 2810 1002 2865 amicum
1025 2820 1080 2865 et
1100 2811 1405 2881 proximum
1429 2827 1588 2867 suum
1611 2811 1814 2882 (Exod.
1841 2816 2038 2885 xxxtt).
2069 2831 2089 2866 ι

505 2902 565 2959 Si
608 2916 767 2974 quem
804 2918 936 2974 ergo
973 2902 1207 2958 delectat
1239 2902 1292 2956 in
1346 2918 1499 2958 arma
1545 2919 1894 2975 consurgere,
1942 2904 2097 2976 quis-

504 2994 629 3065 quis
676 2994 894 3050 auhelat
948 2995 1210 3054 adversus
1257 2996 1494 3051 hostium
1536 3009 1737 3051 cuneos
1793 2996 2096 3064 dimicare,

505 3093 684 3140 vertat
711 3100 903 3140 manus
935 3084 988 3139 in
1017 3100 1097 3150 se,
1128 3094 1183 3139 et
1219 3084 1329 3140 illic
1358 3086 1542 3156 plures
1563 3085 1803 3142 inveniet
1832 3087 2098 3143 adversa-

2204 1983 2291 2030 tur
2319 1973 2387 2030 ad
2408 1974 2666 2046 populum
2695 1992 2709 2030 :
2732 1974 2896 2042 Audi,
2925 1974 3113 2031 Israel.
3144 1973 3254 2032 Vos
3281 1975 3447 2033 hodie
3467 1984 3668 2033 contra
3696 1977 3786 2031 ini-

2166 2056 2171 2141 ς
2197 2065 2371 2122 micos
2394 2075 2607 2123 vestros
2650 2081 2885 2138 pugnam
2907 2066 3272 2135 committitis,
3299 2082 3410 2124 non
3441 2068 3787 2139 pertimescat

2169 2173 2300 2227 .cor
2345 2167 2612 2226 vestrum,
2663 2159 2831 2216 nolite
2882 2168 3150 2229 metuere,
3199 2159 3373 2218 nolite
3422 2161 3652 2229 cedere,
3698 2177 3788 2218 nec

2199 2250 2505 2310 formidetis
2545 2267 2661 2321 eos,
2692 2254 2818 2325 quia
2849 2253 3113 2311 Dominus
3144 2254 3287 2310 Deus
3314 2263 3501 2312 vester
3532 2256 3593 2311 in
3621 2255 3789 2311 medio

2198 2346 2366 2403 vestri
2396 2355 2481 2403 est
2505 2354 2562 2402 et
2585 2362 2686 2418 pro
2712 2347 2868 2403 vobis
2891 2356 3082 2403 contra
3106 2347 3457 2405 adversarios
3486 2348 3785 2415 dimicabit,

2200 2448 2259 2496 ut
2287 2450 2450 2497 eruat
2483 2456 2581 2497 vos
2606 2440 2673 2497 de
2702 2438 2945 2512 periculo
2971 2438 3153 2512 (Deut.
3179 2440 3295 2512 xx).
3334 2459 3356 2493 ι

2269 2534 2340 2590 Et
2384 2535 2681 2592 notandum
2707 2534 2851 2605 quod
2899 2534 3176 2600 sacerdos,
3208 2533 3302 2604 qui
3335 2532 3666 2590 imminente
3686 2535 3788 2606 jam

2176 2625 2341 2693 bello
2379 2627 2757 2694 coneionatur,
2798 2641 2907 2682 non
2938 2625 3087 2692 alibi,
3122 2624 3218 2682 sed
3252 2634 3389 2701 ante
3440 2626 3623 2683 aciem
3656 2633 3790 2681 stare

2198 2722 2529 2793 praecipitur,
2555 2731 2615 2776 ut
2641 2720 2896 2778 videlicet
2927 2735 3025 2777 eos
3052 2719 3120 2776 ad
3147 2735 3406 2792 pugnam,
3430 2734 3578 2793 quos
3603 2719 3790 2776 adhor-

2201 2813 2495 2869 tationibus
2520 2823 2802 2884 provocat,
2833 2812 2951 2884 ipse
2970 2826 3188 2884 quoque
3214 2812 3453 2883 praevius
3483 2812 3787 2877 antecedat,

2201 2918 2271 2960 ne
2298 2904 2427 2960 dum
2472 2903 2609 2961 alios
2643 2905 2713 2962 ad
2741 2904 2943 2961 bellum
2983 2904 3265 2975 impellere
3311 2905 3529 2971 nititur,
3562 2905 3682 2975 ipse
3706 2905 3790 2960 de-

2200 2996 2389 3069 generi
2439 2997 2673 3068 torporis
2727 2997 2843 3054 otio
2902 3013 3000 3068 per
3043 2997 3427 3069 negligentiam
3469 2995 3788 3054 resolvatur.

2203 3089 2358 3148 Sicut
2386 3090 2453 3146 de
2488 3089 2813 3161 quibusdam
2854 3104 3049 3161 magna
3080 3089 3299 3161 quidem
3345 3088 3788 3159 praedicantibus,

508 3177 620 3233 rios
659 3178 1100 3243 obtruueaudos,
1156 3176 1297 3232 unde
1342 3176 1595 3233 videlicet
1643 3187 1766 3249 post
1813 3179 2097 3234 victoriam
2203 3183 2297 3239 sed
2341 3183 2612 3240 desidiose
2648 3183 2978 3250 viventibus,
3029 3198 3127 3252 per
3167 3182 3501 3253 Prophetam
3546 3181 3791 3238 dicitur:

507 3285 615 3326 non
647 3268 934 3326 homicida:
962 3269 1162 3325 foedum
1191 3284 1385 3325 nomen
1414 3269 1675 3335 incurrat,
1708 3270 1803 3326 sed
1830 3269 2096 3341 gloriosus
2124 3256 2170 3321 C
2207 3293 2225 3326 ι
2256 3273 2376 3329 Filii
2411 3274 2646 3344 Ephrem
2694 3274 3037 3331 intendentes
3078 3288 3266 3331 arcum
3293 3281 3352 3331 et
3381 3273 3667 3330 mittentes
3713 3286 3797 3326 sa-

507 3363 685 3436 polius
716 3362 1076 3433 triumphator
1119 3372 1397 3433 appareat,
1448 3361 1590 3417 unde
1631 3371 1779 3419 certe
1827 3378 1933 3417 non
1972 3378 2098 3419 san-

507 3454 704 3510 ctuarii
732 3462 1005 3509 mercatur
1046 3453 1257 3509 excludi
1290 3453 1589 3520 liminibus,
1628 3454 1724 3511 sed
1767 3469 2113 3529 consecrans.

510 3548 859 3617 semetipsum
892 3545 1143 3612 Domino,
1171 3546 1368 3601 divina:
1398 3545 1590 3617 gratiae
1629 3545 2099 3602 benedictionibus

509 3649 807 3713 augeatur;
837 3641 979 3696 sicut
1008 3648 1063 3695 et
1109 3639 1213 3695 illis
1241 3639 1448 3695 dictum
1496 3648 1580 3696 est
1606 3658 1618 3695 :
1649 3659 1667 3693 ‹
1698 3639 2097 3709 Consecrastis,

509 3733 707 3804 inquit,
742 3748 937 3788 manus
966 3740 1178 3789 vestras
1214 3733 1375 3790 hodie
1417 3733 1670 3800 Domino,
1727 3738 2101 3806 unusquisque

511 3825 566 3880 in
627 3825 739 3880 ﬁlio
793 3834 848 3881 et
900 3822 1069 3880 fratre
1120 3841 1239 3893 suo;
1282 3834 1341 3881 ut
1390 3825 1550 3882 detur
1586 3826 1742 3882 vobis
1796 3828 2101 3885 benedictio

512 3917 727 3989 (Ibid).
757 3937 777 3971 ι
814 3917 968 3985 Quod
1010 3928 1191 3974 autem
1221 3918 1256 3973 ii
1284 3918 1375 3989 qui
1426 3919 1551 3975 exesi
1601 3928 1730 3975 sunt
1775 3920 1965 3991 viginti
1997 3921 2101 3977 tria

517 4009 688 4065 millia
746 4008 915 4065 fuisse
957 4009 1331 4079 perhibentur,
1386 4024 1645 4066 numerus
1678 4011 1841 4066 trium
1874 4011 2101 4067 millium

513 4109 919 4170 peremptorum
950 4100 1215 4171 triplicem
1241 4100 1471 4157 formam
1498 4102 1701 4158 indicat
1728 4112 2099 4173 peccatorum.

516 4190 696 4245 Omne
724 4190 921 4261 quippe
966 4199 1246 4260 peccatum
1301 4201 1395 4247 aut
1440 4191 1612 4260 facto,
1650 4203 1744 4249 aut
1794 4195 1977 4261 verbo,
2009 4204 2105 4252 aut

517 4280 847 4352 cogitatione
883 4282 1295 4338 committimus.
1351 4281 1460 4338 Sed
1490 4285 1748 4354 quoniam
1779 4284 1888 4340 illic
1916 4294 1973 4340 et
2008 4287 2103 4341 de-

517 4374 704 4430 narius
726 4390 985 4431 numerus
1009 4374 1337 4447 geminatur,
1366 4374 1526 4445 datur
1551 4376 1939 4448 intelligiquia,
1962 4378 2106 4434 sicut

516 4465 842 4538 Decalogum
869 4473 1265 4536 przeceptorum
1309 4463 1465 4537 culpa
1493 4467 1674 4523 carnis
1698 4462 1859 4523 simul
1901 4476 1954 4525 et
1983 4468 2104 4524 ani-

515 4577 620 4618 mae
649 4575 869 4617 servare
889 4548 1335 4629 contempsimus,
1362 4560 1442 4615 sic
1470 4560 1636 4615 etiam
1662 4560 1946 4632 utriusque
1975 4562 2102 4616 vitia

515 4656 778 4712 virtutum
813 4654 979 4710 armis
1009 4661 1246 4709 atterere
1271 4661 1327 4709 et
1356 4655 1689 4712 mortiﬁcare
1715 4654 1996 4713 debemus.

586 4748 785 4804 Beatus
831 4745 995 4817 igitur
1038 4746 1362 4804 Anastasius
1400 4756 1530 4803 tunc
1569 4764 1792 4820 magus,
1845 4758 2103 4822 tanquam

517 4856 716 4897 aureus
747 4839 949 4897 vitulus
972 4841 1241 4897 contritus
1268 4849 1354 4897 est
1387 4842 1582 4899 malleo
1605 4843 2009 4914 praedicationis
2051 4852 2109 4899 et

520 4932 826 4988 transfusus
854 4940 940 4989 est
963 4932 1017 4987 in
1054 4933 1301 4989 membra
1320 4934 1566 5004 corporis
1594 4934 1818 5002 Christi,
1855 4952 1982 4992 mox
2010 4952 2109 4992 au-

522 5031 629 5076 tem
659 5030 717 5076 ut
742 5022 909 5078 divini
934 5022 1279 5095 baptismatis
1305 5023 1534 5095 adeptus
1572 5034 1655 5081 est
1680 5035 2103 5094 sacramentum,

518 5114 796 5175 continuo,
843 5115 995 5176 juxta
1041 5114 1383 5176 Apostolum.
1414 5132 1520 5174 nea
1554 5120 1825 5176 acaaievit
1859 5121 2013 5176 carni
2049 5130 2103 5174 et

2200 3364 2364 3435 gittas
2385 3379 2512 3420 suas
2527 3364 2775 3420 conversi
2797 3374 2924 3421 sunt
2944 3365 3000 3420 in
3015 3365 3103 3422 die
3113 3364 3239 3421 belli
3260 3362 3492 3437 (Psalm.
3510 3362 3743 3434 Lxxvn).
3769 3381 3788 3416 ι

2183 3455 2304 3531 ,Ωιιί
2334 3456 2479 3511 enim
2520 3457 2781 3512 adversus
2828 3456 3089 3512 vitiorum
3141 3456 3470 3512 tentationes
3503 3455 3575 3511 ad
3607 3452 3796 3511 confli~

2202 3554 2351 3601 ctum
2382 3546 2518 3603 alios
2538 3554 2857 3617 provocant,
2881 3548 2976 3604 sed
3003 3545 3296 3619 confligere
3315 3547 3418 3617 ipsi
3442 3546 3546 3603 sub
3576 3544 3793 3618 ignobili

2202 3637 2423 3693 desidia:
2468 3638 2728 3710 languore
2774 3639 3104 3706 detrectant,
3156 3639 3195 3695 ii
3254 3639 3516 3695 nimirum
3567 3638 3797 3709 sagittas

2202 3729 2420 3799 quidem
2446 3729 2707 3802 dirigunt,
2734 3731 2831 3787 sed
2872 3741 2997 3801 post
3041 3740 3192 3804 terga
3236 3732 3508 3798 conversi,
3542 3745 3799 3789 consum-

2202 3831 2363 3879 matae
2389 3824 2630 3880 victoriae
2661 3824 2846 3883 titulos
2865 3840 2974 3883 non
3000 3833 3314 3892 merentur;
3344 3840 3446 3881 nec
3469 3825 3554 3881 eis
3571 3824 3800 3897 prodest

2203 3915 2348 3986 quod
2375 3915 2516 3973 bene
2550 3926 2853 3989 coeperant,
2881 3919 3009 3990 quia
3048 3933 3156 3975 non
3185 3933 3359 3989 usque
3385 3918 3456 3975 ad
3484 3917 3655 3975 ﬁnem
3686 3935 3802 3975 ma-

2203 4006 2533 4077 gnanimiter
2572 4020 2950 4077 perseverant.
2986 4007 3139 4066 Unde
3177 4016 3234 4065 et
3279 4008 3348 4064 de
3387 4007 3494 4063 illis
3548 4008 3801 4079 protinus

2204 4098 2487 4167 sequitur:
2524 4115 2544 4149 ι
2578 4097 2696 4155 Νοη
2739 4099 3115 4156 custodierunt
3167 4106 3556 4155 testamentum
3605 4098 3703 4155 Dei
3746 4107 3802 4154 et

2205 4188 2260 4243 in
2291 4188 2410 4259 lege
2433 4187 2553 4259 ejus
2592 4190 2886 4246 noluerunt
2925 4190 3205 4246 ambulare
3236 4189 3450 4262 (υἱώ).
3484 4209 3504 4243 ι
3538 4190 3623 4247 Ac
3651 4190 3698 4245 si
3721 4189 3803 4245 di-

2206 4289 2373 4348 ceret,
2415 4291 2772 4351 susceperunt
2815 4282 3038 4353 quidem
3086 4290 3500 4347 testamentum,
3550 4282 3648 4338 sed
3693 4296 3797 4336 non

2206 4373 2613 4441 custodierunt;
2646 4382 2942 4444 posuerunt
2968 4375 3021 4429 in
3052 4372 3170 4446 lege
3203 4374 3396 4445 pedem
3430 4387 3532 4443 per
3561 4370 3801 4439 initium,

2184 4466 2304 4532 .sed
2338 4482 2447 4522 non
2478 4476 2766 4523 tenuerunt
2793 4467 3217 4538 perseverantia:
3236 4482 3507 4539 gressum.

2280 4558 2535 4631 Quisquis
2556 4576 2686 4633 ergo
2714 4560 2782 4615 ad
2809 4560 3091 4632 spirituale
3127 4569 3407 4618 certamen
3437 4561 3580 4617 alios
3603 4576 3800 4632 provo-

2129 4625 2184 4686 D
2209 4625 2320 4717 cat,
2349 4625 2594 4721 quisquis
2621 4625 2693 4706 ad
2720 4625 2935 4706 fortiter
2963 4650 3226 4723 agendum
3252 4625 3634 4722 proximorum
3660 4668 3803 4708 men-

2212 4754 2293 4800 tes
2320 4744 2563 4815 instigat,
2587 4744 2746 4801 debet
2771 4746 2958 4816 utique
2985 4745 3150 4800 vitam
3172 4746 3509 4802 concordare
3537 4761 3667 4802 cum
3701 4746 3804 4801 lin-

2210 4854 2336 4909 gua,
2375 4852 2464 4906 ne,
2497 4839 2623 4893 dum
2651 4836 2772 4892 aliis
2802 4836 3057 4909 proponit
3090 4836 3326 4904 excelsa,
3368 4838 3486 4908 ipse
3513 4845 3802 4893 contentus

2212 4930 2335 4986 imis
2369 4940 2647 5000 prematur
2683 4930 2898 4985 inertia.
2933 4928 3071 4986 Hinc
3113 4937 3200 4985 est
3236 4916 3381 5001 quad
3411 4930 3468 4988 in
3509 4930 3631 5002 lege
3668 4945 3804 5000 pra:-

2212 5022 2498 5093 cipiturzr
2527 5021 2643 5077 Non
2689 5021 2921 5087 habetis,
2973 5020 3169 5092 inquit,
3218 5021 3272 5075 in
3316 5019 3537 5075 sacculo
3589 5020 3800 5075 diversa

2210 5115 2471 5174 pondera.
2511 5114 2706 5172 maius.
2737 5122 2795 5169 et
2843 5114 3053 5170 minus:
3099 5128 3202 5169 nec
3248 5112 3357 5168 erit
3404 5113 3458 5167 in
3507 5113 3674 5168 domo
3711 5122 3801 5166 tua
