  <div class='ocr_page' id='page_1' title='image "/cluster/home/n/w/nwhite01/storage/ocr_20150623/144/hvd.32044010574010/266.png"; bbox 0 0 3950 5344; ppageno 0'>
   <div class='ocr_carea' id='block_1_1' title="bbox 197 315 288 371">
    <p class='ocr_par' dir='ltr' id='par_1_1' title="bbox 197 315 288 371">
     <span class='ocr_line' id='line_1_1' title="bbox 197 315 288 371; baseline 0.011 -1"><span class='ocrx_word' id='word_1_1' title='bbox 197 315 288 371; x_wconf 70' lang='lat'><strong>52!</strong></span> 
     </span>
    </p>
   </div>
   <div class='ocr_carea' id='block_1_2' title="bbox 1575 315 1926 374">
    <p class='ocr_par' dir='ltr' id='par_1_2' title="bbox 1575 315 1926 374">
     <span class='ocr_line' id='line_1_2' title="bbox 1575 315 1926 374; baseline -0.009 0"><span class='ocrx_word' id='word_1_2' title='bbox 1575 315 1804 374; x_wconf 70' lang='lat' dir='ltr'>SERMO</span> <span class='ocrx_word' id='word_1_3' title='bbox 1841 318 1926 374; x_wconf 80' lang='grc' dir='ltr'><strong>ιγ.</strong></span> 
     </span>
    </p>
   </div>
   <div class='ocr_carea' id='block_1_3' title="bbox 3331 332 3439 386">
    <p class='ocr_par' dir='ltr' id='par_1_3' title="bbox 3331 332 3439 386">
     <span class='ocr_line' id='line_1_3' title="bbox 3331 332 3439 386; baseline -0.009 0"><span class='ocrx_word' id='word_1_4' title='bbox 3331 332 3439 386; x_wconf 64' lang='lat'><strong>523</strong></span> 
     </span>
    </p>
   </div>
   <div class='ocr_carea' id='block_1_4' title="bbox 191 428 3433 518">
    <p class='ocr_par' dir='ltr' id='par_1_4' title="bbox 191 428 3433 518">
     <span class='ocr_line' id='line_1_4' title="bbox 191 428 3433 518; baseline 0.007 -33"><span class='ocrx_word' id='word_1_5' title='bbox 191 428 340 485; x_wconf 88' lang='lat' dir='ltr'><strong>sioris</strong></span> <span class='ocrx_word' id='word_1_6' title='bbox 384 428 727 500; x_wconf 71' lang='lat' dir='ltr'><strong>indulgentiae</strong></span> <span class='ocrx_word' id='word_1_7' title='bbox 763 429 880 504; x_wconf 84' lang='lat' dir='ltr'><strong>lege</strong></span> <span class='ocrx_word' id='word_1_8' title='bbox 926 440 1181 489; x_wconf 74' lang='lat' dir='ltr'><strong>tractare.</strong></span> <span class='ocrx_word' id='word_1_9' title='bbox 1235 433 1310 490; x_wconf 91' lang='lat' dir='ltr'><strong>De</strong></span> <span class='ocrx_word' id='word_1_10' title='bbox 1353 449 1458 505; x_wconf 84' lang='lat' dir='ltr'><strong>qua</strong></span> <span class='ocrx_word' id='word_1_11' title='bbox 1505 436 1758 493; x_wconf 89' lang='lat' dir='ltr'><strong>videlicet</strong></span> <span class='ocrx_word' id='word_1_12' title='bbox 1783 447 1830 503; x_wconf 71' lang='grc' dir='ltr'><strong>Α</strong></span> <span class='ocrx_word' id='word_1_13' title='bbox 1860 442 1946 490; x_wconf 86' lang='lat' dir='ltr'><strong>clo</strong></span> <span class='ocrx_word' id='word_1_14' title='bbox 1975 443 2226 504; x_wconf 81' lang='lat' dir='ltr'><strong>peccator</strong></span> <span class='ocrx_word' id='word_1_15' title='bbox 2263 438 2422 495; x_wconf 86' lang='lat' dir='ltr'><strong>homo</strong></span> <span class='ocrx_word' id='word_1_16' title='bbox 2453 440 2756 514; x_wconf 80' lang='lat' dir='ltr'><strong>pertingere</strong></span> <span class='ocrx_word' id='word_1_17' title='bbox 2785 457 2844 499; x_wconf 91' lang='lat' dir='ltr'><strong>se</strong></span> <span class='ocrx_word' id='word_1_18' title='bbox 2871 460 3030 517; x_wconf 82' lang='lat' dir='ltr'><strong>posse</strong></span> <span class='ocrx_word' id='word_1_19' title='bbox 3060 449 3126 502; x_wconf 91' lang='lat' dir='ltr'><strong>ad</strong></span> <span class='ocrx_word' id='word_1_20' title='bbox 3156 452 3433 518; x_wconf 71' lang='lat' dir='ltr'><strong>praemium</strong></span> 
     </span>
    </p>
   </div>
   <div class='ocr_carea' id='block_1_5' title="bbox 190 519 1750 584">
    <p class='ocr_par' dir='ltr' id='par_1_5' title="bbox 190 519 1750 584">
     <span class='ocr_line' id='line_1_5' title="bbox 190 519 1750 584; baseline 0.006 -10"><span class='ocrx_word' id='word_1_21' title='bbox 190 519 362 574; x_wconf 88' lang='lat' dir='ltr'><strong>fraude</strong></span> <span class='ocrx_word' id='word_1_22' title='bbox 393 529 447 575; x_wconf 90' lang='lat' dir='ltr'><strong>et</strong></span> <span class='ocrx_word' id='word_1_23' title='bbox 479 519 730 576; x_wconf 90' lang='lat' dir='ltr'><strong>Salomon</strong></span> <span class='ocrx_word' id='word_1_24' title='bbox 763 523 894 578; x_wconf 87' lang='lat' dir='ltr'><strong>dicit</strong></span> <span class='ocrx_word' id='word_1_25' title='bbox 926 541 938 576; x_wconf 92' lang='lat'><strong>:</strong></span> <span class='ocrx_word' id='word_1_26' title='bbox 973 542 993 574; x_wconf 72' lang='grc' dir='ltr'><strong>ι</strong></span> <span class='ocrx_word' id='word_1_27' title='bbox 1025 525 1368 582; x_wconf 83' lang='lat' dir='ltr'><strong>Abominatio</strong></span> <span class='ocrx_word' id='word_1_28' title='bbox 1407 536 1490 582; x_wconf 87' lang='lat' dir='ltr'><strong>est</strong></span> <span class='ocrx_word' id='word_1_29' title='bbox 1521 528 1750 584; x_wconf 88' lang='lat' dir='ltr'><strong>Domino</strong></span> 
     </span>
    </p>
   </div>
   <div class='ocr_carea' id='block_1_6' title="bbox 186 611 1747 690">
    <p class='ocr_par' dir='ltr' id='par_1_6' title="bbox 186 611 1747 690">
     <span class='ocr_line' id='line_1_6' title="bbox 186 611 1747 690; baseline 0.01 -28"><span class='ocrx_word' id='word_1_30' title='bbox 186 611 380 681; x_wconf 85' lang='lat' dir='ltr'><strong>pondus</strong></span> <span class='ocrx_word' id='word_1_31' title='bbox 421 611 612 682; x_wconf 77' lang='lat' dir='ltr'><strong>duplex</strong></span> <span class='ocrx_word' id='word_1_32' title='bbox 646 623 701 668; x_wconf 86' lang='lat' dir='ltr'><strong>et</strong></span> <span class='ocrx_word' id='word_1_33' title='bbox 741 623 941 669; x_wconf 79' lang='lat' dir='ltr'><strong>statera</strong></span> <span class='ocrx_word' id='word_1_34' title='bbox 988 616 1171 672; x_wconf 88' lang='lat' dir='ltr'><strong>dolosa</strong></span> <span class='ocrx_word' id='word_1_35' title='bbox 1220 616 1401 688; x_wconf 73' lang='lat' dir='ltr'><strong>(Prov.</strong></span> <span class='ocrx_word' id='word_1_36' title='bbox 1446 621 1559 690; x_wconf 76' lang='lat' dir='ltr'><strong>xx).</strong></span> <span class='ocrx_word' id='word_1_37' title='bbox 1589 639 1608 673; x_wconf 73' lang='grc' dir='ltr'><strong>ι</strong></span> <span class='ocrx_word' id='word_1_38' title='bbox 1644 621 1747 677; x_wconf 88' lang='lat' dir='ltr'><strong>Ne-</strong></span> 
     </span>
    </p>
   </div>
   <div class='ocr_carea' id='block_1_7' title="bbox 190 702 1742 778">
    <p class='ocr_par' dir='ltr' id='par_1_7' title="bbox 190 702 1742 778">
     <span class='ocr_line' id='line_1_7' title="bbox 190 702 1742 778; baseline 0.01 -26"><span class='ocrx_word' id='word_1_39' title='bbox 190 713 325 753; x_wconf 86' lang='lat' dir='ltr'><strong>cesse</strong></span> <span class='ocrx_word' id='word_1_40' title='bbox 369 710 452 754; x_wconf 91' lang='lat' dir='ltr'><strong>est</strong></span> <span class='ocrx_word' id='word_1_41' title='bbox 492 716 628 771; x_wconf 82' lang='lat' dir='ltr'><strong>ergo</strong></span> <span class='ocrx_word' id='word_1_42' title='bbox 669 702 852 775; x_wconf 81' lang='lat' dir='ltr'><strong>fruges</strong></span> <span class='ocrx_word' id='word_1_43' title='bbox 901 706 1072 772; x_wconf 81' lang='lat' dir='ltr'><strong>verbi,</strong></span> <span class='ocrx_word' id='word_1_44' title='bbox 1114 724 1449 778; x_wconf 79' lang='lat' dir='ltr'><strong>nequaquam</strong></span> <span class='ocrx_word' id='word_1_45' title='bbox 1491 711 1742 777; x_wconf 76' lang='lat' dir='ltr'><strong>diversis,</strong></span> 
     </span>
    </p>
   </div>
   <div class='ocr_carea' id='block_1_8' title="bbox 187 791 1742 870">
    <p class='ocr_par' dir='ltr' id='par_1_8' title="bbox 187 791 1742 870">
     <span class='ocr_line' id='line_1_8' title="bbox 187 791 1742 870; baseline 0.008 -27"><span class='ocrx_word' id='word_1_46' title='bbox 187 791 270 844; x_wconf 89' lang='lat' dir='ltr'><strong>sed</strong></span> <span class='ocrx_word' id='word_1_47' title='bbox 299 791 498 846; x_wconf 82' lang='lat' dir='ltr'><strong>eisdem</strong></span> <span class='ocrx_word' id='word_1_48' title='bbox 534 795 710 848; x_wconf 83' lang='lat' dir='ltr'><strong>metiri</strong></span> <span class='ocrx_word' id='word_1_49' title='bbox 739 795 1094 864; x_wconf 89' lang='lat' dir='ltr'><strong>ponderibus.</strong></span> <span class='ocrx_word' id='word_1_50' title='bbox 1139 807 1197 852; x_wconf 90' lang='lat' dir='ltr'><strong>ut</strong></span> <span class='ocrx_word' id='word_1_51' title='bbox 1233 814 1352 868; x_wconf 70' lang='lat' dir='ltr'><strong>quae</strong></span> <span class='ocrx_word' id='word_1_52' title='bbox 1390 800 1511 855; x_wconf 85' lang='lat' dir='ltr'><strong>aliis</strong></span> <span class='ocrx_word' id='word_1_53' title='bbox 1539 803 1742 870; x_wconf 85' lang='lat' dir='ltr'><strong>agenda</strong></span> 
     </span>
    </p>
   </div>
   <div class='ocr_carea' id='block_1_9' title="bbox 185 879 1742 960">
    <p class='ocr_par' dir='ltr' id='par_1_9' title="bbox 185 879 1742 960">
     <span class='ocr_line' id='line_1_9' title="bbox 185 879 1742 960; baseline 0.01 -30"><span class='ocrx_word' id='word_1_54' title='bbox 185 879 547 949; x_wconf 70' lang='lat' dir='ltr'><strong>pra-cipimus,</strong></span> <span class='ocrx_word' id='word_1_55' title='bbox 607 883 704 952; x_wconf 87' lang='lat' dir='ltr'><strong>ipsi</strong></span> <span class='ocrx_word' id='word_1_56' title='bbox 751 886 916 941; x_wconf 88' lang='lat' dir='ltr'><strong>etiam</strong></span> <span class='ocrx_word' id='word_1_57' title='bbox 957 889 1098 943; x_wconf 86' lang='lat' dir='ltr'><strong>vivis</strong></span> <span class='ocrx_word' id='word_1_58' title='bbox 1144 891 1401 960; x_wconf 85' lang='lat' dir='ltr'><strong>operibus</strong></span> <span class='ocrx_word' id='word_1_59' title='bbox 1451 891 1742 947; x_wconf 70' lang='lat' dir='ltr'><strong>emeaciter</strong></span> 
     </span>
    </p>
   </div>
   <div class='ocr_carea' id='block_1_10' title="bbox 186 973 1742 1055">
    <p class='ocr_par' dir='ltr' id='par_1_10' title="bbox 186 973 1742 1055">
     <span class='ocr_line' id='line_1_10' title="bbox 186 973 1742 1055; baseline 0.011 -30"><span class='ocrx_word' id='word_1_60' title='bbox 186 973 508 1042; x_wconf 83' lang='lat' dir='ltr'><strong>impleamus.</strong></span> <span class='ocrx_word' id='word_1_61' title='bbox 531 976 686 1044; x_wconf 84' lang='lat' dir='ltr'><strong>Quod</strong></span> <span class='ocrx_word' id='word_1_62' title='bbox 709 978 954 1048; x_wconf 88' lang='lat' dir='ltr'><strong>profecto</strong></span> <span class='ocrx_word' id='word_1_63' title='bbox 984 982 1173 1038; x_wconf 81' lang='lat' dir='ltr'><strong>beatus</strong></span> <span class='ocrx_word' id='word_1_64' title='bbox 1198 994 1401 1055; x_wconf 81' lang='lat' dir='ltr'><strong>martyr</strong></span> <span class='ocrx_word' id='word_1_65' title='bbox 1425 987 1742 1042; x_wconf 76' lang='lat' dir='ltr'><strong>Anastasius</strong></span> 
     </span>
    </p>
   </div>
   <div class='ocr_carea' id='block_1_11' title="bbox 185 1062 1744 1142">
    <p class='ocr_par' dir='ltr' id='par_1_11' title="bbox 185 1062 1744 1142">
     <span class='ocr_line' id='line_1_11' title="bbox 185 1062 1744 1142; baseline 0.013 -26"><span class='ocrx_word' id='word_1_66' title='bbox 185 1062 506 1121; x_wconf 79' lang='lat' dir='ltr'><strong>laudabiliter</strong></span> <span class='ocrx_word' id='word_1_67' title='bbox 561 1068 707 1136; x_wconf 90' lang='lat' dir='ltr'><strong>fecit,</strong></span> <span class='ocrx_word' id='word_1_68' title='bbox 767 1073 890 1142; x_wconf 83' lang='lat' dir='ltr'><strong>quia</strong></span> <span class='ocrx_word' id='word_1_69' title='bbox 947 1075 1073 1128; x_wconf 88' lang='lat' dir='ltr'><strong>dum</strong></span> <span class='ocrx_word' id='word_1_70' title='bbox 1119 1075 1254 1132; x_wconf 83' lang='lat' dir='ltr'><strong>alios</strong></span> <span class='ocrx_word' id='word_1_71' title='bbox 1297 1080 1615 1134; x_wconf 78' lang='lat' dir='ltr'><strong>adhortatur</strong></span> <span class='ocrx_word' id='word_1_72' title='bbox 1672 1082 1744 1137; x_wconf 87' lang='lat' dir='ltr'><strong>ad</strong></span> 
     </span>
    </p>
   </div>
   <div class='ocr_carea' id='block_1_12' title="bbox 180 1157 1740 1240">
    <p class='ocr_par' dir='ltr' id='par_1_12' title="bbox 180 1157 1740 1240">
     <span class='ocr_line' id='line_1_12' title="bbox 180 1157 1740 1240; baseline 0.014 -35"><span class='ocrx_word' id='word_1_73' title='bbox 180 1167 417 1224; x_wconf 82' lang='lat' dir='ltr'><strong>pugnata,</strong></span> <span class='ocrx_word' id='word_1_74' title='bbox 447 1157 566 1227; x_wconf 85' lang='lat' dir='ltr'><strong>ipse</strong></span> <span class='ocrx_word' id='word_1_75' title='bbox 595 1162 744 1229; x_wconf 90' lang='lat' dir='ltr'><strong>prior</strong></span> <span class='ocrx_word' id='word_1_76' title='bbox 786 1178 937 1217; x_wconf 89' lang='lat' dir='ltr'><strong>arma</strong></span> <span class='ocrx_word' id='word_1_77' title='bbox 980 1165 1261 1234; x_wconf 84' lang='lat' dir='ltr'><strong>corripuit,</strong></span> <span class='ocrx_word' id='word_1_78' title='bbox 1292 1177 1349 1222; x_wconf 93' lang='lat' dir='ltr'><strong>et</strong></span> <span class='ocrx_word' id='word_1_79' title='bbox 1387 1169 1438 1223; x_wconf 91' lang='lat' dir='ltr'><strong>in</strong></span> <span class='ocrx_word' id='word_1_80' title='bbox 1479 1170 1650 1240; x_wconf 86' lang='lat' dir='ltr'><strong>ipsam</strong></span> <span class='ocrx_word' id='word_1_81' title='bbox 1681 1187 1740 1228; x_wconf 89' lang='lat' dir='ltr'><strong>se</strong></span> 
     </span>
    </p>
   </div>
   <div class='ocr_carea' id='block_1_13' title="bbox 185 1249 1738 1323">
    <p class='ocr_par' dir='ltr' id='par_1_13' title="bbox 185 1249 1738 1323">
     <span class='ocr_line' id='line_1_13' title="bbox 185 1249 1738 1323; baseline 0.013 -23"><span class='ocrx_word' id='word_1_82' title='bbox 185 1249 469 1320; x_wconf 80' lang='lat' dir='ltr'><strong>constipata:</strong></span> <span class='ocrx_word' id='word_1_83' title='bbox 490 1251 717 1323; x_wconf 80' lang='lat' dir='ltr'><strong>legionis</strong></span> <span class='ocrx_word' id='word_1_84' title='bbox 736 1256 906 1311; x_wconf 91' lang='lat' dir='ltr'><strong>aciem</strong></span> <span class='ocrx_word' id='word_1_85' title='bbox 929 1257 1093 1314; x_wconf 86' lang='lat' dir='ltr'><strong>lorica</strong></span> <span class='ocrx_word' id='word_1_86' title='bbox 1113 1259 1232 1314; x_wconf 79' lang='lat' dir='ltr'><strong>fidei</strong></span> <span class='ocrx_word' id='word_1_87' title='bbox 1257 1264 1493 1318; x_wconf 88' lang='lat' dir='ltr'><strong>munitus</strong></span> <span class='ocrx_word' id='word_1_88' title='bbox 1513 1263 1738 1320; x_wconf 90' lang='lat' dir='ltr'><strong>immer-</strong></span> 
     </span>
    </p>
   </div>
   <div class='ocr_carea' id='block_1_14' title="bbox 184 1338 1738 1424">
    <p class='ocr_par' dir='ltr' id='par_1_14' title="bbox 184 1338 1738 1424">
     <span class='ocr_line' id='line_1_14' title="bbox 184 1338 1738 1424; baseline 0.012 -33"><span class='ocrx_word' id='word_1_89' title='bbox 184 1338 268 1404; x_wconf 80' lang='lat' dir='ltr'><strong>sit;</strong></span> <span class='ocrx_word' id='word_1_90' title='bbox 290 1339 519 1410; x_wconf 89' lang='lat' dir='ltr'><strong>dumque</strong></span> <span class='ocrx_word' id='word_1_91' title='bbox 542 1343 661 1398; x_wconf 89' lang='lat' dir='ltr'><strong>aliis</strong></span> <span class='ocrx_word' id='word_1_92' title='bbox 679 1348 1061 1415; x_wconf 86' lang='lat' dir='ltr'><strong>congrediendi</strong></span> <span class='ocrx_word' id='word_1_93' title='bbox 1085 1352 1293 1420; x_wconf 56' lang='lat' dir='ltr'><strong>praebet</strong></span> <span class='ocrx_word' id='word_1_94' title='bbox 1310 1354 1632 1424; x_wconf 83' lang='lat' dir='ltr'><strong>exemplum,</strong></span> <span class='ocrx_word' id='word_1_95' title='bbox 1650 1355 1738 1411; x_wconf 90' lang='lat' dir='ltr'><strong>ille</strong></span> 
     </span>
    </p>
   </div>
   <div class='ocr_carea' id='block_1_15' title="bbox 183 1431 1738 1517">
    <p class='ocr_par' dir='ltr' id='par_1_15' title="bbox 183 1431 1738 1517">
     <span class='ocr_line' id='line_1_15' title="bbox 183 1431 1738 1517; baseline 0.012 -33"><span class='ocrx_word' id='word_1_96' title='bbox 183 1431 379 1485; x_wconf 81' lang='lat' dir='ltr'><strong>sortitur</strong></span> <span class='ocrx_word' id='word_1_97' title='bbox 421 1447 485 1487; x_wconf 80' lang='lat' dir='ltr'><strong>ex</strong></span> <span class='ocrx_word' id='word_1_98' title='bbox 542 1434 756 1492; x_wconf 90' lang='lat' dir='ltr'><strong>devicto</strong></span> <span class='ocrx_word' id='word_1_99' title='bbox 800 1439 953 1494; x_wconf 86' lang='lat' dir='ltr'><strong>hoste</strong></span> <span class='ocrx_word' id='word_1_100' title='bbox 1007 1441 1367 1513; x_wconf 86' lang='lat' dir='ltr'><strong>triumphum;</strong></span> <span class='ocrx_word' id='word_1_101' title='bbox 1421 1456 1622 1517; x_wconf 90' lang='lat' dir='ltr'><strong>atque,</strong></span> <span class='ocrx_word' id='word_1_102' title='bbox 1677 1455 1738 1502; x_wconf 93' lang='lat' dir='ltr'><strong>ut</strong></span> 
     </span>
    </p>
   </div>
   <div class='ocr_carea' id='block_1_16' title="bbox 183 1520 1733 1607">
    <p class='ocr_par' dir='ltr' id='par_1_16' title="bbox 183 1520 1733 1607">
     <span class='ocr_line' id='line_1_16' title="bbox 183 1520 1733 1607; baseline 0.01 -33"><span class='ocrx_word' id='word_1_103' title='bbox 183 1520 244 1574; x_wconf 87' lang='lat' dir='ltr'><strong>ita</strong></span> <span class='ocrx_word' id='word_1_104' title='bbox 269 1520 467 1592; x_wconf 90' lang='lat' dir='ltr'><strong>loquar,</strong></span> <span class='ocrx_word' id='word_1_105' title='bbox 489 1524 620 1579; x_wconf 91' lang='lat' dir='ltr'><strong>dum</strong></span> <span class='ocrx_word' id='word_1_106' title='bbox 650 1530 1000 1598; x_wconf 76' lang='lat' dir='ltr'><strong>sequentibus</strong></span> <span class='ocrx_word' id='word_1_107' title='bbox 1025 1533 1217 1589; x_wconf 88' lang='lat' dir='ltr'><strong>sternit</strong></span> <span class='ocrx_word' id='word_1_108' title='bbox 1247 1534 1350 1588; x_wconf 90' lang='lat' dir='ltr'><strong>iter</strong></span> <span class='ocrx_word' id='word_1_109' title='bbox 1375 1535 1441 1589; x_wconf 86' lang='lat' dir='ltr'><strong>ad</strong></span> <span class='ocrx_word' id='word_1_110' title='bbox 1475 1551 1733 1607; x_wconf 82' lang='lat' dir='ltr'><strong>pugnam,</strong></span> 
     </span>
    </p>
   </div>
   <div class='ocr_carea' id='block_1_17' title="bbox 182 1611 1728 1694">
    <p class='ocr_par' dir='ltr' id='par_1_17' title="bbox 182 1611 1728 1694">
     <span class='ocr_line' id='line_1_17' title="bbox 182 1611 1728 1694; baseline 0.014 -31"><span class='ocrx_word' id='word_1_111' title='bbox 182 1611 276 1679; x_wconf 84' lang='lat' dir='ltr'><strong>ipse</strong></span> <span class='ocrx_word' id='word_1_112' title='bbox 319 1629 436 1667; x_wconf 72' lang='lat' dir='ltr'><strong>mox</strong></span> <span class='ocrx_word' id='word_1_113' title='bbox 481 1626 706 1684; x_wconf 87' lang='lat' dir='ltr'><strong>peracta</strong></span> <span class='ocrx_word' id='word_1_114' title='bbox 739 1619 962 1676; x_wconf 80' lang='lat' dir='ltr'><strong>victoria</strong></span> <span class='ocrx_word' id='word_1_115' title='bbox 996 1624 1309 1694; x_wconf 87' lang='lat' dir='ltr'><strong>perducitur</strong></span> <span class='ocrx_word' id='word_1_116' title='bbox 1343 1627 1413 1681; x_wconf 87' lang='lat' dir='ltr'><strong>ad</strong></span> <span class='ocrx_word' id='word_1_117' title='bbox 1445 1643 1728 1684; x_wconf 81' lang='lat' dir='ltr'><strong>coronam.</strong></span> 
     </span>
    </p>
   </div>
   <div class='ocr_carea' id='block_1_18' title="bbox 239 1702 1730 1786">
    <p class='ocr_par' dir='ltr' id='par_1_18' title="bbox 239 1702 1730 1786">
     <span class='ocr_line' id='line_1_18' title="bbox 239 1702 1730 1786; baseline 0.012 -29"><span class='ocrx_word' id='word_1_118' title='bbox 239 1702 370 1758; x_wconf 78' lang='lat' dir='ltr'><strong>Hunc</strong></span> <span class='ocrx_word' id='word_1_119' title='bbox 403 1706 609 1776; x_wconf 86' lang='lat' dir='ltr'><strong>itaque,</strong></span> <span class='ocrx_word' id='word_1_120' title='bbox 642 1709 994 1777; x_wconf 89' lang='lat' dir='ltr'><strong>dilectissimi,</strong></span> <span class='ocrx_word' id='word_1_121' title='bbox 1041 1729 1332 1786; x_wconf 75' lang='lat' dir='ltr'><strong>sequamur</strong></span> <span class='ocrx_word' id='word_1_122' title='bbox 1371 1716 1730 1775; x_wconf 90' lang='lat' dir='ltr'><strong>fortissimum</strong></span> 
     </span>
    </p>
   </div>
   <div class='ocr_carea' id='block_1_19' title="bbox 1855 527 3437 600">
    <p class='ocr_par' dir='ltr' id='par_1_19' title="bbox 1855 527 3437 600">
     <span class='ocr_line' id='line_1_19' title="bbox 1855 527 3437 600; baseline 0.012 -21"><span class='ocrx_word' id='word_1_123' title='bbox 1855 536 2067 594; x_wconf 79' lang='lat' dir='ltr'><strong>sperat,</strong></span> <span class='ocrx_word' id='word_1_124' title='bbox 2117 527 2216 581; x_wconf 91' lang='lat' dir='ltr'><strong>nisi</strong></span> <span class='ocrx_word' id='word_1_125' title='bbox 2259 529 2410 598; x_wconf 89' lang='lat' dir='ltr'><strong>pritts</strong></span> <span class='ocrx_word' id='word_1_126' title='bbox 2442 531 2584 585; x_wconf 88' lang='lat' dir='ltr'><strong>hunc</strong></span> <span class='ocrx_word' id='word_1_127' title='bbox 2635 533 2910 600; x_wconf 76' lang='lat' dir='ltr'><strong>patientia:</strong></span> <span class='ocrx_word' id='word_1_128' title='bbox 2957 535 3108 592; x_wconf 85' lang='lat' dir='ltr'><strong>labor</strong></span> <span class='ocrx_word' id='word_1_129' title='bbox 3150 547 3437 598; x_wconf 77' lang='lat' dir='ltr'><strong>exerceat?</strong></span> 
     </span>
    </p>
   </div>
   <div class='ocr_carea' id='block_1_20' title="bbox 1846 613 3436 691">
    <p class='ocr_par' dir='ltr' id='par_1_20' title="bbox 1846 613 3436 691">
     <span class='ocr_line' id='line_1_20' title="bbox 1846 613 3436 691; baseline 0.012 -23"><span class='ocrx_word' id='word_1_130' title='bbox 1846 613 2038 670; x_wconf 88' lang='lat' dir='ltr'><strong>Omnis</strong></span> <span class='ocrx_word' id='word_1_131' title='bbox 2071 616 2235 685; x_wconf 78' lang='lat' dir='ltr'><strong>igitur</strong></span> <span class='ocrx_word' id='word_1_132' title='bbox 2256 619 2458 682; x_wconf 87' lang='lat' dir='ltr'><strong>anima,</strong></span> <span class='ocrx_word' id='word_1_133' title='bbox 2491 636 2608 690; x_wconf 72' lang='lat' dir='ltr'><strong>quae</strong></span> <span class='ocrx_word' id='word_1_134' title='bbox 2635 622 2716 676; x_wconf 88' lang='lat' dir='ltr'><strong>his</strong></span> <span class='ocrx_word' id='word_1_135' title='bbox 2742 624 2971 691; x_wconf 86' lang='lat' dir='ltr'><strong>duabus,</strong></span> <span class='ocrx_word' id='word_1_136' title='bbox 3000 629 3264 684; x_wconf 74' lang='lat' dir='ltr'><strong>cltaritate</strong></span> <span class='ocrx_word' id='word_1_137' title='bbox 3285 631 3436 687; x_wconf 87' lang='lat' dir='ltr'><strong>scili-</strong></span> 
     </span>
    </p>
   </div>
   <div class='ocr_carea' id='block_1_21' title="bbox 1847 709 3428 781">
    <p class='ocr_par' dir='ltr' id='par_1_21' title="bbox 1847 709 3428 781">
     <span class='ocr_line' id='line_1_21' title="bbox 1847 709 3428 781; baseline 0.012 -23"><span class='ocrx_word' id='word_1_138' title='bbox 1847 714 1935 759; x_wconf 90' lang='lat' dir='ltr'><strong>cet</strong></span> <span class='ocrx_word' id='word_1_139' title='bbox 1964 715 2017 760; x_wconf 91' lang='lat' dir='ltr'><strong>et</strong></span> <span class='ocrx_word' id='word_1_140' title='bbox 2061 709 2348 776; x_wconf 89' lang='lat' dir='ltr'><strong>patientia,</strong></span> <span class='ocrx_word' id='word_1_141' title='bbox 2382 711 2527 764; x_wconf 91' lang='lat' dir='ltr'><strong>velut</strong></span> <span class='ocrx_word' id='word_1_142' title='bbox 2561 714 2880 781; x_wconf 80' lang='lat' dir='ltr'><strong>quibusdam</strong></span> <span class='ocrx_word' id='word_1_143' title='bbox 2910 721 3290 775; x_wconf 86' lang='lat' dir='ltr'><strong>sustentaculis</strong></span> <span class='ocrx_word' id='word_1_144' title='bbox 3321 738 3428 778; x_wconf 81' lang='lat' dir='ltr'><strong>non</strong></span> 
     </span>
    </p>
   </div>
   <div class='ocr_carea' id='block_1_22' title="bbox 1849 793 3430 868">
    <p class='ocr_par' dir='ltr' id='par_1_22' title="bbox 1849 793 3430 868">
     <span class='ocr_line' id='line_1_22' title="bbox 1849 793 3430 868; baseline 0.014 -22"><span class='ocrx_word' id='word_1_145' title='bbox 1849 793 2115 860; x_wconf 81' lang='lat' dir='ltr'><strong>innititur,</strong></span> <span class='ocrx_word' id='word_1_146' title='bbox 2153 798 2390 854; x_wconf 81' lang='lat' dir='ltr'><strong>funditus</strong></span> <span class='ocrx_word' id='word_1_147' title='bbox 2431 800 2658 868; x_wconf 87' lang='lat' dir='ltr'><strong>labitur&#39;,</strong></span> <span class='ocrx_word' id='word_1_148' title='bbox 2700 806 2908 860; x_wconf 89' lang='lat' dir='ltr'><strong>etiamsi</strong></span> <span class='ocrx_word' id='word_1_149' title='bbox 2955 811 3166 864; x_wconf 69' lang='lat' dir='ltr'><strong>caeteris</strong></span> <span class='ocrx_word' id='word_1_150' title='bbox 3219 814 3430 868; x_wconf 85' lang='lat' dir='ltr'><strong>virtuti-</strong></span> 
     </span>
    </p>
   </div>
   <div class='ocr_carea' id='block_1_23' title="bbox 1844 885 3430 973">
    <p class='ocr_par' dir='ltr' id='par_1_23' title="bbox 1844 885 3430 973">
     <span class='ocr_line' id='line_1_23' title="bbox 1844 885 3430 973; baseline 0.014 -35"><span class='ocrx_word' id='word_1_151' title='bbox 1844 885 1946 942; x_wconf 83' lang='lat' dir='ltr'><strong>bus</strong></span> <span class='ocrx_word' id='word_1_152' title='bbox 1968 886 2144 944; x_wconf 79' lang='lat' dir='ltr'><strong>fulciri</strong></span> <span class='ocrx_word' id='word_1_153' title='bbox 2199 891 2464 946; x_wconf 86' lang='lat' dir='ltr'><strong>videatur.</strong></span> <span class='ocrx_word' id='word_1_154' title='bbox 2515 893 2718 960; x_wconf 83' lang='lat' dir='ltr'><strong>Quibus</strong></span> <span class='ocrx_word' id='word_1_155' title='bbox 2779 898 3032 954; x_wconf 88' lang='lat' dir='ltr'><strong>nimirum</strong></span> <span class='ocrx_word' id='word_1_156' title='bbox 3091 903 3430 973; x_wconf 81' lang='lat' dir='ltr'><strong>virtutibus,</strong></span> 
     </span>
    </p>
   </div>
   <div class='ocr_carea' id='block_1_24' title="bbox 1843 979 3429 1066">
    <p class='ocr_par' dir='ltr' id='par_1_24' title="bbox 1843 979 3429 1066">
     <span class='ocr_line' id='line_1_24' title="bbox 1843 979 3429 1066; baseline 0.013 -34"><span class='ocrx_word' id='word_1_157' title='bbox 1843 979 1918 1033; x_wconf 88' lang='lat' dir='ltr'><strong>ita</strong></span> <span class='ocrx_word' id='word_1_158' title='bbox 1966 980 2053 1036; x_wconf 92' lang='lat' dir='ltr'><strong>hic</strong></span> <span class='ocrx_word' id='word_1_159' title='bbox 2099 983 2486 1041; x_wconf 82' lang='lat' dir='ltr'><strong>iuvictissimus</strong></span> <span class='ocrx_word' id='word_1_160' title='bbox 2541 998 2748 1060; x_wconf 84' lang='lat' dir='ltr'><strong>martyr</strong></span> <span class='ocrx_word' id='word_1_161' title='bbox 2797 993 3016 1059; x_wconf 74' lang='lat' dir='ltr'><strong>enituit,</strong></span> <span class='ocrx_word' id='word_1_162' title='bbox 3062 1004 3116 1048; x_wconf 93' lang='lat' dir='ltr'><strong>et</strong></span> <span class='ocrx_word' id='word_1_163' title='bbox 3173 1005 3429 1066; x_wconf 87' lang='lat' dir='ltr'><strong>tauquam</strong></span> 
     </span>
    </p>
   </div>
   <div class='ocr_carea' id='block_1_25' title="bbox 1841 1071 3426 1156">
    <p class='ocr_par' dir='ltr' id='par_1_25' title="bbox 1841 1071 3426 1156">
     <span class='ocr_line' id='line_1_25' title="bbox 1841 1071 3426 1156; baseline 0.012 -33"><span class='ocrx_word' id='word_1_164' title='bbox 1841 1071 2072 1140; x_wconf 89' lang='lat' dir='ltr'><strong>geminis</strong></span> <span class='ocrx_word' id='word_1_165' title='bbox 2115 1073 2347 1131; x_wconf 84' lang='lat' dir='ltr'><strong>libratus</strong></span> <span class='ocrx_word' id='word_1_166' title='bbox 2395 1077 2520 1143; x_wconf 89' lang='lat' dir='ltr'><strong>alis,</strong></span> <span class='ocrx_word' id='word_1_167' title='bbox 2565 1094 2685 1134; x_wconf 90' lang='lat' dir='ltr'><strong>sese</strong></span> <span class='ocrx_word' id='word_1_168' title='bbox 2731 1082 2798 1134; x_wconf 90' lang='lat' dir='ltr'><strong>ad</strong></span> <span class='ocrx_word' id='word_1_169' title='bbox 2838 1082 3078 1147; x_wconf 63' lang='lat' dir='ltr'><strong>emlestia</strong></span> <span class='ocrx_word' id='word_1_170' title='bbox 3127 1089 3426 1156; x_wconf 86' lang='lat' dir='ltr'><strong>appetenda</strong></span> 
     </span>
    </p>
   </div>
   <div class='ocr_carea' id='block_1_26' title="bbox 1840 1163 3424 1237">
    <p class='ocr_par' dir='ltr' id='par_1_26' title="bbox 1840 1163 3424 1237">
     <span class='ocr_line' id='line_1_26' title="bbox 1840 1163 3424 1237; baseline 0.012 -22"><span class='ocrx_word' id='word_1_171' title='bbox 1840 1163 2142 1232; x_wconf 83' lang='lat' dir='ltr'><strong>suspendit,</strong></span> <span class='ocrx_word' id='word_1_172' title='bbox 2198 1176 2252 1222; x_wconf 92' lang='lat' dir='ltr'><strong>ut</strong></span> <span class='ocrx_word' id='word_1_173' title='bbox 2305 1183 2402 1237; x_wconf 91' lang='lat' dir='ltr'><strong>per</strong></span> <span class='ocrx_word' id='word_1_174' title='bbox 2449 1171 2767 1225; x_wconf 87' lang='lat' dir='ltr'><strong>charitatem</strong></span> <span class='ocrx_word' id='word_1_175' title='bbox 2815 1173 2905 1227; x_wconf 85' lang='lat' dir='ltr'><strong>Dei</strong></span> <span class='ocrx_word' id='word_1_176' title='bbox 2948 1176 3176 1231; x_wconf 83' lang='lat' dir='ltr'><strong>visibilia</strong></span> <span class='ocrx_word' id='word_1_177' title='bbox 3229 1189 3424 1235; x_wconf 85' lang='lat' dir='ltr'><strong>cuncta</strong></span> 
     </span>
    </p>
   </div>
   <div class='ocr_carea' id='block_1_27' title="bbox 1839 1250 3424 1337">
    <p class='ocr_par' dir='ltr' id='par_1_27' title="bbox 1839 1250 3424 1337">
     <span class='ocr_line' id='line_1_27' title="bbox 1839 1250 3424 1337; baseline 0.011 -32"><span class='ocrx_word' id='word_1_178' title='bbox 1839 1250 2162 1321; x_wconf 77' lang='lat' dir='ltr'><strong>despiceret,</strong></span> <span class='ocrx_word' id='word_1_179' title='bbox 2208 1271 2306 1326; x_wconf 89' lang='lat' dir='ltr'><strong>per</strong></span> <span class='ocrx_word' id='word_1_180' title='bbox 2348 1259 2664 1327; x_wconf 87' lang='lat' dir='ltr'><strong>patientiam</strong></span> <span class='ocrx_word' id='word_1_181' title='bbox 2705 1277 2832 1316; x_wconf 88' lang='lat' dir='ltr'><strong>vero</strong></span> <span class='ocrx_word' id='word_1_182' title='bbox 2879 1279 3012 1317; x_wconf 82' lang='lat' dir='ltr'><strong>nova</strong></span> <span class='ocrx_word' id='word_1_183' title='bbox 3056 1274 3110 1319; x_wconf 92' lang='lat' dir='ltr'><strong>et</strong></span> <span class='ocrx_word' id='word_1_184' title='bbox 3155 1269 3424 1337; x_wconf 83' lang='lat' dir='ltr'><strong>exquisita</strong></span> 
     </span>
    </p>
   </div>
   <div class='ocr_carea' id='block_1_28' title="bbox 1843 1349 3422 1419">
    <p class='ocr_par' dir='ltr' id='par_1_28' title="bbox 1843 1349 3422 1419">
     <span class='ocr_line' id='line_1_28' title="bbox 1843 1349 3422 1419; baseline 0.013 -23"><span class='ocrx_word' id='word_1_185' title='bbox 1843 1349 2237 1402; x_wconf 88' lang='lat' dir='ltr'><strong>tormentorum</strong></span> <span class='ocrx_word' id='word_1_186' title='bbox 2283 1365 2480 1419; x_wconf 87' lang='lat' dir='ltr'><strong>genera</strong></span> <span class='ocrx_word' id='word_1_187' title='bbox 2529 1368 2634 1407; x_wconf 90' lang='lat' dir='ltr'><strong>non</strong></span> <span class='ocrx_word' id='word_1_188' title='bbox 2682 1354 2912 1410; x_wconf 85' lang='lat' dir='ltr'><strong>timeret.</strong></span> <span class='ocrx_word' id='word_1_189' title='bbox 2945 1356 3050 1413; x_wconf 90' lang='lat' dir='ltr'><strong>Per</strong></span> <span class='ocrx_word' id='word_1_190' title='bbox 3096 1359 3422 1417; x_wconf 87' lang='lat' dir='ltr'><strong>charitatcm</strong></span> 
     </span>
    </p>
   </div>
   <div class='ocr_carea' id='block_1_29' title="bbox 1837 1432 3420 1517">
    <p class='ocr_par' dir='ltr' id='par_1_29' title="bbox 1837 1432 3420 1517">
     <span class='ocr_line' id='line_1_29' title="bbox 1837 1432 3420 1517; baseline 0.013 -31"><span class='ocrx_word' id='word_1_191' title='bbox 1837 1432 1996 1503; x_wconf 88' lang='lat' dir='ltr'><strong>plane</strong></span> <span class='ocrx_word' id='word_1_192' title='bbox 2040 1440 2392 1511; x_wconf 85' lang='lat' dir='ltr'><strong>semetipsum</strong></span> <span class='ocrx_word' id='word_1_193' title='bbox 2442 1443 2552 1498; x_wconf 87' lang='lat' dir='ltr'><strong>Deo</strong></span> <span class='ocrx_word' id='word_1_194' title='bbox 2600 1445 2883 1501; x_wconf 85' lang='lat' dir='ltr'><strong>suavitatis</strong></span> <span class='ocrx_word' id='word_1_195' title='bbox 2927 1448 3158 1503; x_wconf 82' lang='lat' dir='ltr'><strong>hostiam</strong></span> <span class='ocrx_word' id='word_1_196' title='bbox 3195 1451 3420 1517; x_wconf 87' lang='lat' dir='ltr'><strong>obtulit;</strong></span> 
     </span>
    </p>
   </div>
   <div class='ocr_carea' id='block_1_30' title="bbox 1837 1529 3423 1614">
    <p class='ocr_par' dir='ltr' id='par_1_30' title="bbox 1837 1529 3423 1614">
     <span class='ocr_line' id='line_1_30' title="bbox 1837 1529 3423 1614; baseline 0.011 -35"><span class='ocrx_word' id='word_1_197' title='bbox 1837 1540 1933 1594; x_wconf 88' lang='lat' dir='ltr'><strong>per</strong></span> <span class='ocrx_word' id='word_1_198' title='bbox 1962 1529 2285 1596; x_wconf 80' lang='lat' dir='ltr'><strong>patientiam</strong></span> <span class='ocrx_word' id='word_1_199' title='bbox 2314 1543 2496 1588; x_wconf 89' lang='lat' dir='ltr'><strong>autem</strong></span> <span class='ocrx_word' id='word_1_200' title='bbox 2537 1537 2797 1607; x_wconf 84' lang='lat' dir='ltr'><strong>quidquid</strong></span> <span class='ocrx_word' id='word_1_201' title='bbox 2845 1539 3134 1607; x_wconf 88' lang='lat' dir='ltr'><strong>minarum,</strong></span> <span class='ocrx_word' id='word_1_202' title='bbox 3163 1544 3423 1614; x_wconf 87' lang='lat' dir='ltr'><strong>quidquid</strong></span> 
     </span>
    </p>
   </div>
   <div class='ocr_carea' id='block_1_31' title="bbox 1835 1625 3421 1705">
    <p class='ocr_par' dir='ltr' id='par_1_31' title="bbox 1835 1625 3421 1705">
     <span class='ocr_line' id='line_1_31' title="bbox 1835 1625 3421 1705; baseline 0.012 -35"><span class='ocrx_word' id='word_1_203' title='bbox 1835 1630 2138 1686; x_wconf 68' lang='lat' dir='ltr'><strong>pinnarum,</strong></span> <span class='ocrx_word' id='word_1_204' title='bbox 2183 1625 2444 1695; x_wconf 87' lang='lat' dir='ltr'><strong>quidquid</strong></span> <span class='ocrx_word' id='word_1_205' title='bbox 2505 1628 2827 1694; x_wconf 82' lang='lat' dir='ltr'><strong>exitiorum,</strong></span> <span class='ocrx_word' id='word_1_206' title='bbox 2877 1631 3134 1702; x_wconf 89' lang='lat' dir='ltr'><strong>quidquid</strong></span> <span class='ocrx_word' id='word_1_207' title='bbox 3188 1635 3421 1705; x_wconf 82' lang='lat' dir='ltr'><strong>denique</strong></span> 
     </span>
    </p>
   </div>
   <div class='ocr_carea' id='block_1_32' title="bbox 1836 1709 3414 1793">
    <p class='ocr_par' dir='ltr' id='par_1_32' title="bbox 1836 1709 3414 1793">
     <span class='ocr_line' id='line_1_32' title="bbox 1836 1709 3414 1793; baseline 0.013 -33"><span class='ocrx_word' id='word_1_208' title='bbox 1836 1709 2091 1764; x_wconf 70' lang='lat' dir='ltr'><strong>mortium</strong></span> <span class='ocrx_word' id='word_1_209' title='bbox 2120 1712 2222 1766; x_wconf 84' lang='lat' dir='ltr'><strong>sibi</strong></span> <span class='ocrx_word' id='word_1_210' title='bbox 2257 1726 2480 1769; x_wconf 88' lang='lat' dir='ltr'><strong>cruenta</strong></span> <span class='ocrx_word' id='word_1_211' title='bbox 2507 1722 2945 1788; x_wconf 76' lang='lat' dir='ltr'><strong>persequentium</strong></span> <span class='ocrx_word' id='word_1_212' title='bbox 2975 1723 3154 1779; x_wconf 83' lang='lat' dir='ltr'><strong>rabies</strong></span> <span class='ocrx_word' id='word_1_213' title='bbox 3187 1725 3368 1779; x_wconf 90' lang='lat' dir='ltr'><strong>intulit</strong></span> <span class='ocrx_word' id='word_1_214' title='bbox 3398 1767 3414 1793; x_wconf 91' lang='lat'><strong>,</strong></span> 
     </span>
    </p>
   </div>
   <div class='ocr_carea' id='block_1_33' title="bbox 179 1793 3411 1885">
    <p class='ocr_par' dir='ltr' id='par_1_33' title="bbox 179 1793 3411 1885">
     <span class='ocr_line' id='line_1_33' title="bbox 179 1793 3411 1885; baseline 0.014 -60"><span class='ocrx_word' id='word_1_215' title='bbox 179 1793 650 1854; x_wconf 56' lang='lat' dir='ltr'><strong>,Melicacmlesus</strong></span> <span class='ocrx_word' id='word_1_216' title='bbox 673 1801 877 1858; x_wconf 59' lang='lat' dir='ltr'><strong>munia,</strong></span> <span class='ocrx_word' id='word_1_217' title='bbox 896 1804 1235 1872; x_wconf 51' lang='lat' dir='ltr'><strong>bellatorem,</strong></span> <span class='ocrx_word' id='word_1_218' title='bbox 1261 1817 1320 1863; x_wconf 78' lang='grc' dir='ltr'>υι</span> <span class='ocrx_word' id='word_1_219' title='bbox 1339 1809 1591 1864; x_wconf 51' lang='lat' dir='ltr'><strong>vitiorum</strong></span> <span class='ocrx_word' id='word_1_220' title='bbox 1614 1827 1731 1866; x_wconf 63' lang='lat' dir='ltr'><strong>cer-</strong></span> <span class='ocrx_word' id='word_1_221' title='bbox 1764 1812 1804 1872; x_wconf 75' lang='grc' dir='ltr'>Β</span> <span class='ocrx_word' id='word_1_222' title='bbox 1838 1797 1926 1853; x_wconf 90' lang='lat' dir='ltr'><strong>hic</strong></span> <span class='ocrx_word' id='word_1_223' title='bbox 1963 1800 2228 1858; x_wconf 86' lang='lat' dir='ltr'><strong>indefessa</strong></span> <span class='ocrx_word' id='word_1_224' title='bbox 2269 1807 2588 1861; x_wconf 73' lang='lat' dir='ltr'><strong>constantia:</strong></span> <span class='ocrx_word' id='word_1_225' title='bbox 2633 1812 3078 1880; x_wconf 81' lang='lat' dir='ltr'><strong>magnanimitate</strong></span> <span class='ocrx_word' id='word_1_226' title='bbox 3114 1816 3411 1885; x_wconf 87' lang='lat' dir='ltr'><strong>percurrit.</strong></span> 
     </span>
    </p>
   </div>
   <div class='ocr_carea' id='block_1_34' title="bbox 174 1891 1727 1972">
    <p class='ocr_par' dir='ltr' id='par_1_34' title="bbox 174 1891 1727 1972">
     <span class='ocr_line' id='line_1_34' title="bbox 174 1891 1727 1972; baseline 0.015 -35"><span class='ocrx_word' id='word_1_227' title='bbox 174 1892 325 1940; x_wconf 81' lang='lat' dir='ltr'><strong>tentus</strong></span> <span class='ocrx_word' id='word_1_228' title='bbox 360 1902 575 1959; x_wconf 86' lang='lat' dir='ltr'><strong>semper</strong></span> <span class='ocrx_word' id='word_1_229' title='bbox 611 1891 868 1949; x_wconf 86' lang='lat' dir='ltr'><strong>edomare</strong></span> <span class='ocrx_word' id='word_1_230' title='bbox 909 1897 1246 1966; x_wconf 69' lang='lat' dir='ltr'><strong>tyrannides,</strong></span> <span class='ocrx_word' id='word_1_231' title='bbox 1280 1900 1386 1972; x_wconf 77' lang='lat'><strong>16</strong></span> <span class='ocrx_word' id='word_1_232' title='bbox 1416 1910 1471 1956; x_wconf 90' lang='lat' dir='ltr'><strong>ut</strong></span> <span class='ocrx_word' id='word_1_233' title='bbox 1496 1903 1727 1961; x_wconf 75' lang='lat' dir='ltr'><strong>rebelles</strong></span> 
     </span>
    </p>
   </div>
   <div class='ocr_carea' id='block_1_35' title="bbox 179 1974 1727 2062">
    <p class='ocr_par' dir='ltr' id='par_1_35' title="bbox 179 1974 1727 2062">
     <span class='ocr_line' id='line_1_35' title="bbox 179 1974 1727 2062; baseline 0.016 -35"><span class='ocrx_word' id='word_1_234' title='bbox 179 1974 516 2034; x_wconf 84' lang='lat' dir='ltr'><strong>illecebrarum</strong></span> <span class='ocrx_word' id='word_1_235' title='bbox 553 1984 854 2040; x_wconf 86' lang='lat' dir='ltr'><strong>carnalium</strong></span> <span class='ocrx_word' id='word_1_236' title='bbox 896 1988 1170 2044; x_wconf 87' lang='lat' dir='ltr'><strong>enitamur</strong></span> <span class='ocrx_word' id='word_1_237' title='bbox 1197 2005 1547 2062; x_wconf 90' lang='lat' dir='ltr'><strong>compescere</strong></span> <span class='ocrx_word' id='word_1_238' title='bbox 1573 1997 1727 2052; x_wconf 86' lang='lat' dir='ltr'><strong>volu-</strong></span> 
     </span>
    </p>
   </div>
   <div class='ocr_carea' id='block_1_36' title="bbox 175 2071 1719 2154">
    <p class='ocr_par' dir='ltr' id='par_1_36' title="bbox 175 2071 1719 2154">
     <span class='ocr_line' id='line_1_36' title="bbox 175 2071 1719 2154; baseline 0.015 -35"><span class='ocrx_word' id='word_1_239' title='bbox 175 2075 344 2134; x_wconf 75' lang='lat' dir='ltr'><strong>ptates,</strong></span> <span class='ocrx_word' id='word_1_240' title='bbox 374 2079 429 2123; x_wconf 92' lang='lat' dir='ltr'><strong>ut</strong></span> <span class='ocrx_word' id='word_1_241' title='bbox 463 2071 666 2129; x_wconf 83' lang='lat' dir='ltr'><strong>nobilis</strong></span> <span class='ocrx_word' id='word_1_242' title='bbox 697 2076 911 2130; x_wconf 85' lang='lat' dir='ltr'><strong>animus</strong></span> <span class='ocrx_word' id='word_1_243' title='bbox 955 2080 1185 2135; x_wconf 89' lang='lat' dir='ltr'><strong>summis</strong></span> <span class='ocrx_word' id='word_1_244' title='bbox 1215 2096 1431 2153; x_wconf 87' lang='lat' dir='ltr'><strong>semper</strong></span> <span class='ocrx_word' id='word_1_245' title='bbox 1457 2084 1719 2154; x_wconf 84' lang='lat' dir='ltr'><strong>intentus,</strong></span> 
     </span>
    </p>
   </div>
   <div class='ocr_carea' id='block_1_37' title="bbox 180 2158 1725 2246">
    <p class='ocr_par' dir='ltr' id='par_1_37' title="bbox 180 2158 1725 2246">
     <span class='ocr_line' id='line_1_37' title="bbox 180 2158 1725 2246; baseline 0.017 -35"><span class='ocrx_word' id='word_1_246' title='bbox 180 2158 380 2215; x_wconf 61' lang='lat' dir='ltr'><strong>coelestia</strong></span> <span class='ocrx_word' id='word_1_247' title='bbox 424 2161 669 2220; x_wconf 83' lang='lat' dir='ltr'><strong>fervidus</strong></span> <span class='ocrx_word' id='word_1_248' title='bbox 706 2177 957 2238; x_wconf 81' lang='lat' dir='ltr'><strong>appetat,</strong></span> <span class='ocrx_word' id='word_1_249' title='bbox 1008 2179 1221 2229; x_wconf 88' lang='lat' dir='ltr'><strong>terrena</strong></span> <span class='ocrx_word' id='word_1_250' title='bbox 1269 2187 1610 2246; x_wconf 90' lang='lat' dir='ltr'><strong>contemnat,</strong></span> <span class='ocrx_word' id='word_1_251' title='bbox 1665 2193 1725 2238; x_wconf 84' lang='lat' dir='ltr'><strong>tit</strong></span> 
     </span>
    </p>
   </div>
   <div class='ocr_carea' id='block_1_38' title="bbox 175 2249 1721 2335">
    <p class='ocr_par' dir='ltr' id='par_1_38' title="bbox 175 2249 1721 2335">
     <span class='ocr_line' id='line_1_38' title="bbox 175 2249 1721 2335; baseline 0.019 -34"><span class='ocrx_word' id='word_1_252' title='bbox 175 2249 364 2335; x_wconf 75' lang='lat' dir='ltr'><strong>adversa</strong></span> <span class='ocrx_word' id='word_1_253' title='bbox 401 2256 610 2323; x_wconf 89' lang='lat' dir='ltr'><strong>perpeti</strong></span> <span class='ocrx_word' id='word_1_254' title='bbox 650 2273 750 2328; x_wconf 88' lang='lat' dir='ltr'><strong>pro</strong></span> <span class='ocrx_word' id='word_1_255' title='bbox 776 2261 1008 2318; x_wconf 85' lang='lat' dir='ltr'><strong>veritate</strong></span> <span class='ocrx_word' id='word_1_256' title='bbox 1057 2280 1164 2320; x_wconf 92' lang='lat' dir='ltr'><strong>non</strong></span> <span class='ocrx_word' id='word_1_257' title='bbox 1209 2269 1414 2335; x_wconf 83' lang='lat' dir='ltr'><strong>timeat,</strong></span> <span class='ocrx_word' id='word_1_258' title='bbox 1449 2280 1508 2326; x_wconf 92' lang='lat' dir='ltr'><strong>ut</strong></span> <span class='ocrx_word' id='word_1_259' title='bbox 1550 2274 1721 2330; x_wconf 80' lang='lat' dir='ltr'><strong>solam</strong></span> 
     </span>
    </p>
   </div>
   <div class='ocr_carea' id='block_1_39' title="bbox 170 2334 1720 2422">
    <p class='ocr_par' dir='ltr' id='par_1_39' title="bbox 170 2334 1720 2422">
     <span class='ocr_line' id='line_1_39' title="bbox 170 2334 1720 2422; baseline 0.02 -31"><span class='ocrx_word' id='word_1_260' title='bbox 170 2334 412 2397; x_wconf 64' lang='lat' dir='ltr'><strong>Creatoris</strong></span> <span class='ocrx_word' id='word_1_261' title='bbox 441 2345 523 2398; x_wconf 92' lang='lat' dir='ltr'><strong>sui</strong></span> <span class='ocrx_word' id='word_1_262' title='bbox 560 2348 794 2416; x_wconf 78' lang='lat' dir='ltr'><strong>gratiam</strong></span> <span class='ocrx_word' id='word_1_263' title='bbox 832 2356 1131 2422; x_wconf 85' lang='lat' dir='ltr'><strong>promereri</strong></span> <span class='ocrx_word' id='word_1_264' title='bbox 1171 2361 1476 2418; x_wconf 85' lang='lat' dir='ltr'><strong>medullitus</strong></span> <span class='ocrx_word' id='word_1_265' title='bbox 1515 2379 1720 2421; x_wconf 86' lang='lat' dir='ltr'><strong>concu-</strong></span> 
     </span>
    </p>
   </div>
   <div class='ocr_carea' id='block_1_40' title="bbox 177 2431 1720 2524">
    <p class='ocr_par' dir='ltr' id='par_1_40' title="bbox 177 2431 1720 2524">
     <span class='ocr_line' id='line_1_40' title="bbox 177 2431 1720 2524; baseline 0.021 -42"><span class='ocrx_word' id='word_1_266' title='bbox 177 2431 333 2500; x_wconf 85' lang='lat' dir='ltr'><strong>piscat.</strong></span> <span class='ocrx_word' id='word_1_267' title='bbox 361 2435 490 2493; x_wconf 85' lang='lat' dir='ltr'><strong>Hine</strong></span> <span class='ocrx_word' id='word_1_268' title='bbox 525 2440 674 2494; x_wconf 88' lang='lat' dir='ltr'><strong>enim</strong></span> <span class='ocrx_word' id='word_1_269' title='bbox 706 2443 788 2497; x_wconf 90' lang='lat' dir='ltr'><strong>vir</strong></span> <span class='ocrx_word' id='word_1_270' title='bbox 815 2445 1028 2502; x_wconf 90' lang='lat' dir='ltr'><strong>Domini</strong></span> <span class='ocrx_word' id='word_1_271' title='bbox 1059 2449 1250 2506; x_wconf 89' lang='lat' dir='ltr'><strong>beatus</strong></span> <span class='ocrx_word' id='word_1_272' title='bbox 1278 2451 1620 2524; x_wconf 68' lang='lat' dir='ltr'><strong>AnaStasius,</strong></span> <span class='ocrx_word' id='word_1_273' title='bbox 1661 2473 1720 2516; x_wconf 91' lang='lat' dir='ltr'><strong>ut</strong></span> 
     </span>
    </p>
   </div>
   <div class='ocr_carea' id='block_1_41' title="bbox 179 2520 1716 2605">
    <p class='ocr_par' dir='ltr' id='par_1_41' title="bbox 179 2520 1716 2605">
     <span class='ocr_line' id='line_1_41' title="bbox 179 2520 1716 2605; baseline 0.02 -31"><span class='ocrx_word' id='word_1_274' title='bbox 179 2520 230 2575; x_wconf 86' lang='lat' dir='ltr'><strong>de</strong></span> <span class='ocrx_word' id='word_1_275' title='bbox 250 2523 468 2591; x_wconf 82' lang='lat' dir='ltr'><strong>pluribus</strong></span> <span class='ocrx_word' id='word_1_276' title='bbox 507 2543 684 2598; x_wconf 89' lang='lat' dir='ltr'><strong>pauca</strong></span> <span class='ocrx_word' id='word_1_277' title='bbox 720 2537 1105 2605; x_wconf 76' lang='lat' dir='ltr'><strong>perstringam,</strong></span> <span class='ocrx_word' id='word_1_278' title='bbox 1149 2555 1397 2600; x_wconf 88' lang='lat' dir='ltr'><strong>carceres</strong></span> <span class='ocrx_word' id='word_1_279' title='bbox 1430 2547 1716 2605; x_wconf 88' lang='lat' dir='ltr'><strong>horrilicos</strong></span> 
     </span>
    </p>
   </div>
   <div class='ocr_carea' id='block_1_42' title="bbox 169 2613 1716 2706">
    <p class='ocr_par' dir='ltr' id='par_1_42' title="bbox 169 2613 1716 2706">
     <span class='ocr_line' id='line_1_42' title="bbox 169 2613 1716 2706; baseline 0.023 -43"><span class='ocrx_word' id='word_1_280' title='bbox 169 2613 376 2680; x_wconf 77' lang='lat' dir='ltr'><strong>pertulit,</strong></span> <span class='ocrx_word' id='word_1_281' title='bbox 421 2617 605 2686; x_wconf 83' lang='lat' dir='ltr'><strong>famis,</strong></span> <span class='ocrx_word' id='word_1_282' title='bbox 639 2623 776 2689; x_wconf 90' lang='lat' dir='ltr'><strong>sitis,</strong></span> <span class='ocrx_word' id='word_1_283' title='bbox 815 2625 1034 2698; x_wconf 76' lang='lat' dir='ltr'><strong>frigoris</strong></span> <span class='ocrx_word' id='word_1_284' title='bbox 1081 2635 1434 2706; x_wconf 90' lang='lat' dir='ltr'><strong>omniumque</strong></span> <span class='ocrx_word' id='word_1_285' title='bbox 1478 2644 1716 2697; x_wconf 79' lang='lat' dir='ltr'><strong>necessi-</strong></span> 
     </span>
    </p>
   </div>
   <div class='ocr_carea' id='block_1_43' title="bbox 177 2709 1716 2802">
    <p class='ocr_par' dir='ltr' id='par_1_43' title="bbox 177 2709 1716 2802">
     <span class='ocr_line' id='line_1_43' title="bbox 177 2709 1716 2802; baseline 0.023 -47"><span class='ocrx_word' id='word_1_286' title='bbox 177 2711 312 2760; x_wconf 85' lang='lat' dir='ltr'><strong>tatum</strong></span> <span class='ocrx_word' id='word_1_287' title='bbox 354 2709 586 2782; x_wconf 89' lang='lat' dir='ltr'><strong>inopiam</strong></span> <span class='ocrx_word' id='word_1_288' title='bbox 638 2717 910 2785; x_wconf 83' lang='lat' dir='ltr'><strong>toleravit,</strong></span> <span class='ocrx_word' id='word_1_289' title='bbox 958 2724 1183 2780; x_wconf 89' lang='lat' dir='ltr'><strong>verbera</strong></span> <span class='ocrx_word' id='word_1_290' title='bbox 1214 2735 1561 2802; x_wconf 90' lang='lat' dir='ltr'><strong>contempsit,</strong></span> <span class='ocrx_word' id='word_1_291' title='bbox 1595 2745 1716 2792; x_wconf 90' lang='lat' dir='ltr'><strong>tan-</strong></span> 
     </span>
    </p>
   </div>
   <div class='ocr_carea' id='block_1_44' title="bbox 1899 1891 3408 1966">
    <p class='ocr_par' dir='ltr' id='par_1_44' title="bbox 1899 1891 3408 1966">
     <span class='ocr_line' id='line_1_44' title="bbox 1899 1891 3408 1966; baseline 0.011 -22"><span class='ocrx_word' id='word_1_292' title='bbox 1899 1891 2202 1962; x_wconf 90' lang='lat' dir='ltr'><strong>Sequamur</strong></span> <span class='ocrx_word' id='word_1_293' title='bbox 2227 1896 2426 1966; x_wconf 83' lang='lat' dir='ltr'><strong>itaque,</strong></span> <span class='ocrx_word' id='word_1_294' title='bbox 2457 1898 2825 1965; x_wconf 90' lang='lat' dir='ltr'><strong>dilectissimi,</strong></span> <span class='ocrx_word' id='word_1_295' title='bbox 2869 1901 3011 1956; x_wconf 83' lang='lat' dir='ltr'><strong>hunc</strong></span> <span class='ocrx_word' id='word_1_296' title='bbox 3036 1904 3408 1962; x_wconf 81' lang='lat' dir='ltr'><strong>admirabilem</strong></span> 
     </span>
    </p>
   </div>
   <div class='ocr_carea' id='block_1_45' title="bbox 1825 1981 3406 2067">
    <p class='ocr_par' dir='ltr' id='par_1_45' title="bbox 1825 1981 3406 2067">
     <span class='ocr_line' id='line_1_45' title="bbox 1825 1981 3406 2067; baseline 0.012 -31"><span class='ocrx_word' id='word_1_297' title='bbox 1825 1981 2001 2039; x_wconf 81' lang='lat' dir='ltr'><strong>virum</strong></span> <span class='ocrx_word' id='word_1_298' title='bbox 2037 2025 2052 2052; x_wconf 92' lang='lat'><strong>,</strong></span> <span class='ocrx_word' id='word_1_299' title='bbox 2099 1987 2324 2059; x_wconf 81' lang='lat' dir='ltr'><strong>ejusque</strong></span> <span class='ocrx_word' id='word_1_300' title='bbox 2376 1993 2622 2061; x_wconf 82' lang='lat' dir='ltr'><strong>vestigia,</strong></span> <span class='ocrx_word' id='word_1_301' title='bbox 2679 1993 2732 2048; x_wconf 86' lang='lat' dir='ltr'><strong>in</strong></span> <span class='ocrx_word' id='word_1_302' title='bbox 2776 2004 3033 2063; x_wconf 89' lang='lat' dir='ltr'><strong>quantum</strong></span> <span class='ocrx_word' id='word_1_303' title='bbox 3087 2012 3406 2067; x_wconf 87' lang='lat' dir='ltr'><strong>possumus,</strong></span> 
     </span>
    </p>
   </div>
   <div class='ocr_carea' id='block_1_46' title="bbox 1825 2071 3404 2160">
    <p class='ocr_par' dir='ltr' id='par_1_46' title="bbox 1825 2071 3404 2160">
     <span class='ocr_line' id='line_1_46' title="bbox 1825 2071 3404 2160; baseline 0.011 -33"><span class='ocrx_word' id='word_1_304' title='bbox 1825 2071 2120 2144; x_wconf 86' lang='lat' dir='ltr'><strong>imitemur,</strong></span> <span class='ocrx_word' id='word_1_305' title='bbox 2161 2091 2452 2151; x_wconf 88' lang='lat' dir='ltr'><strong>quatenus,</strong></span> <span class='ocrx_word' id='word_1_306' title='bbox 2481 2084 2606 2138; x_wconf 91' lang='lat' dir='ltr'><strong>dum</strong></span> <span class='ocrx_word' id='word_1_307' title='bbox 2657 2085 2800 2141; x_wconf 91' lang='lat' dir='ltr'><strong>hunc</strong></span> <span class='ocrx_word' id='word_1_308' title='bbox 2831 2087 2984 2142; x_wconf 86' lang='lat' dir='ltr'><strong>nobis</strong></span> <span class='ocrx_word' id='word_1_309' title='bbox 3011 2089 3169 2143; x_wconf 91' lang='lat' dir='ltr'><strong>modo</strong></span> <span class='ocrx_word' id='word_1_310' title='bbox 3205 2105 3404 2160; x_wconf 81' lang='lat' dir='ltr'><strong>propo-</strong></span> 
     </span>
    </p>
   </div>
   <div class='ocr_carea' id='block_1_47' title="bbox 1824 2165 3407 2252">
    <p class='ocr_par' dir='ltr' id='par_1_47' title="bbox 1824 2165 3407 2252">
     <span class='ocr_line' id='line_1_47' title="bbox 1824 2165 3407 2252; baseline 0.011 -34"><span class='ocrx_word' id='word_1_311' title='bbox 1824 2165 2004 2223; x_wconf 91' lang='lat' dir='ltr'><strong>nimus</strong></span> <span class='ocrx_word' id='word_1_312' title='bbox 2045 2169 2114 2224; x_wconf 90' lang='lat' dir='ltr'><strong>ad</strong></span> <span class='ocrx_word' id='word_1_313' title='bbox 2157 2173 2483 2243; x_wconf 80' lang='lat' dir='ltr'><strong>exemplum,</strong></span> <span class='ocrx_word' id='word_1_314' title='bbox 2547 2174 2661 2243; x_wconf 87' lang='lat' dir='ltr'><strong>ejus</strong></span> <span class='ocrx_word' id='word_1_315' title='bbox 2707 2180 3046 2246; x_wconf 89' lang='lat' dir='ltr'><strong>postmodum</strong></span> <span class='ocrx_word' id='word_1_316' title='bbox 3092 2181 3199 2250; x_wconf 75' lang='lat'><strong>17</strong></span> <span class='ocrx_word' id='word_1_317' title='bbox 3238 2182 3407 2252; x_wconf 86' lang='lat' dir='ltr'><strong>parti-</strong></span> 
     </span>
    </p>
   </div>
   <div class='ocr_carea' id='block_1_48' title="bbox 1821 2256 3403 2346">
    <p class='ocr_par' dir='ltr' id='par_1_48' title="bbox 1821 2256 3403 2346">
     <span class='ocr_line' id='line_1_48' title="bbox 1821 2256 3403 2346; baseline 0.013 -35"><span class='ocrx_word' id='word_1_318' title='bbox 1821 2256 2020 2328; x_wconf 91' lang='lat' dir='ltr'><strong>cipium</strong></span> <span class='ocrx_word' id='word_1_319' title='bbox 2075 2263 2332 2333; x_wconf 88' lang='lat' dir='ltr'><strong>appellari</strong></span> <span class='ocrx_word' id='word_1_320' title='bbox 2390 2282 2696 2323; x_wconf 89' lang='lat' dir='ltr'><strong>mereamur</strong></span> <span class='ocrx_word' id='word_1_321' title='bbox 2739 2270 2804 2324; x_wconf 89' lang='lat' dir='ltr'><strong>ad</strong></span> <span class='ocrx_word' id='word_1_322' title='bbox 2855 2273 3154 2340; x_wconf 70' lang='lat' dir='ltr'><strong>prmmium,</strong></span> <span class='ocrx_word' id='word_1_323' title='bbox 3209 2286 3267 2329; x_wconf 88' lang='lat' dir='ltr'><strong>ttt</strong></span> <span class='ocrx_word' id='word_1_324' title='bbox 3311 2277 3403 2346; x_wconf 88' lang='lat' dir='ltr'><strong>qui</strong></span> 
     </span>
    </p>
   </div>
   <div class='ocr_carea' id='block_1_49' title="bbox 1819 2351 3398 2432">
    <p class='ocr_par' dir='ltr' id='par_1_49' title="bbox 1819 2351 3398 2432">
     <span class='ocr_line' id='line_1_49' title="bbox 1819 2351 3398 2432; baseline 0.013 -31"><span class='ocrx_word' id='word_1_325' title='bbox 1819 2351 2022 2406; x_wconf 85' lang='lat' dir='ltr'><strong>sanctis</strong></span> <span class='ocrx_word' id='word_1_326' title='bbox 2081 2357 2413 2425; x_wconf 72' lang='lat' dir='ltr'><strong>martyribus</strong></span> <span class='ocrx_word' id='word_1_327' title='bbox 2467 2359 2699 2415; x_wconf 89' lang='lat' dir='ltr'><strong>reddidit</strong></span> <span class='ocrx_word' id='word_1_328' title='bbox 2738 2361 2947 2432; x_wconf 84' lang='lat' dir='ltr'><strong>justitia</strong></span> <span class='ocrx_word' id='word_1_329' title='bbox 3011 2364 3249 2421; x_wconf 85' lang='lat' dir='ltr'><strong>dictante</strong></span> <span class='ocrx_word' id='word_1_330' title='bbox 3302 2384 3398 2422; x_wconf 79' lang='lat' dir='ltr'><strong>eo-</strong></span> 
     </span>
    </p>
   </div>
   <div class='ocr_carea' id='block_1_50' title="bbox 1819 2445 3404 2518">
    <p class='ocr_par' dir='ltr' id='par_1_50' title="bbox 1819 2445 3404 2518">
     <span class='ocr_line' id='line_1_50' title="bbox 1819 2445 3404 2518; baseline 0.015 -27"><span class='ocrx_word' id='word_1_331' title='bbox 1819 2453 2050 2507; x_wconf 88' lang='lat' dir='ltr'><strong>rouam,</strong></span> <span class='ocrx_word' id='word_1_332' title='bbox 2101 2445 2257 2501; x_wconf 90' lang='lat' dir='ltr'><strong>nobis</strong></span> <span class='ocrx_word' id='word_1_333' title='bbox 2305 2451 2681 2518; x_wconf 86' lang='lat' dir='ltr'><strong>peccatoribus</strong></span> <span class='ocrx_word' id='word_1_334' title='bbox 2734 2454 2922 2509; x_wconf 88' lang='lat' dir='ltr'><strong>saltem</strong></span> <span class='ocrx_word' id='word_1_335' title='bbox 2966 2455 3086 2510; x_wconf 85' lang='lat' dir='ltr'><strong>solo</strong></span> <span class='ocrx_word' id='word_1_336' title='bbox 3133 2472 3243 2512; x_wconf 73' lang='lat' dir='ltr'><strong>sua:</strong></span> <span class='ocrx_word' id='word_1_337' title='bbox 3300 2459 3404 2514; x_wconf 89' lang='lat' dir='ltr'><strong>mi-</strong></span> 
     </span>
    </p>
   </div>
   <div class='ocr_carea' id='block_1_51' title="bbox 1817 2529 3399 2615">
    <p class='ocr_par' dir='ltr' id='par_1_51' title="bbox 1817 2529 3399 2615">
     <span class='ocr_line' id='line_1_51' title="bbox 1817 2529 3399 2615; baseline 0.013 -34"><span class='ocrx_word' id='word_1_338' title='bbox 1817 2529 2129 2588; x_wconf 78' lang='lat' dir='ltr'><strong>sericordiae</strong></span> <span class='ocrx_word' id='word_1_339' title='bbox 2181 2550 2406 2593; x_wconf 90' lang='lat' dir='ltr'><strong>munere</strong></span> <span class='ocrx_word' id='word_1_340' title='bbox 2468 2542 2793 2612; x_wconf 89' lang='lat' dir='ltr'><strong>propitiatus</strong></span> <span class='ocrx_word' id='word_1_341' title='bbox 2854 2545 3126 2615; x_wconf 81' lang='lat' dir='ltr'><strong>indulgeat</strong></span> <span class='ocrx_word' id='word_1_342' title='bbox 3187 2547 3399 2602; x_wconf 82' lang='lat' dir='ltr'><strong>veniam</strong></span> 
     </span>
    </p>
   </div>
   <div class='ocr_carea' id='block_1_52' title="bbox 1814 2615 3399 2704">
    <p class='ocr_par' dir='ltr' id='par_1_52' title="bbox 1814 2615 3399 2704">
     <span class='ocr_line' id='line_1_52' title="bbox 1814 2615 3399 2704; baseline 0.014 -33"><span class='ocrx_word' id='word_1_343' title='bbox 1814 2615 1972 2674; x_wconf 81' lang='lat' dir='ltr'><strong>Jesus</strong></span> <span class='ocrx_word' id='word_1_344' title='bbox 2013 2620 2264 2680; x_wconf 87' lang='lat' dir='ltr'><strong>Christus</strong></span> <span class='ocrx_word' id='word_1_345' title='bbox 2295 2625 2554 2685; x_wconf 89' lang='lat' dir='ltr'><strong>Dominus</strong></span> <span class='ocrx_word' id='word_1_346' title='bbox 2605 2640 2806 2698; x_wconf 92' lang='lat' dir='ltr'><strong>noster,</strong></span> <span class='ocrx_word' id='word_1_347' title='bbox 2859 2637 2949 2704; x_wconf 92' lang='lat' dir='ltr'><strong>qui</strong></span> <span class='ocrx_word' id='word_1_348' title='bbox 2985 2649 3105 2689; x_wconf 89' lang='lat' dir='ltr'><strong>cum</strong></span> <span class='ocrx_word' id='word_1_349' title='bbox 3139 2635 3303 2693; x_wconf 78' lang='lat' dir='ltr'><strong>Patre</strong></span> <span class='ocrx_word' id='word_1_350' title='bbox 3342 2647 3399 2693; x_wconf 90' lang='lat' dir='ltr'><strong>et</strong></span> 
     </span>
    </p>
   </div>
   <div class='ocr_carea' id='block_1_53' title="bbox 1817 2703 3394 2796">
    <p class='ocr_par' dir='ltr' id='par_1_53' title="bbox 1817 2703 3394 2796">
     <span class='ocr_line' id='line_1_53' title="bbox 1817 2703 3394 2796; baseline 0.016 -37"><span class='ocrx_word' id='word_1_351' title='bbox 1817 2703 2022 2776; x_wconf 91' lang='lat' dir='ltr'><strong>Spiritu</strong></span> <span class='ocrx_word' id='word_1_352' title='bbox 2049 2724 2238 2768; x_wconf 88' lang='lat' dir='ltr'><strong>sancto</strong></span> <span class='ocrx_word' id='word_1_353' title='bbox 2265 2717 2397 2772; x_wconf 86' lang='lat' dir='ltr'><strong>vivit</strong></span> <span class='ocrx_word' id='word_1_354' title='bbox 2421 2729 2476 2774; x_wconf 92' lang='lat' dir='ltr'><strong>et</strong></span> <span class='ocrx_word' id='word_1_355' title='bbox 2502 2731 2693 2792; x_wconf 77' lang='lat' dir='ltr'><strong>regnat</strong></span> <span class='ocrx_word' id='word_1_356' title='bbox 2715 2723 2855 2780; x_wconf 86' lang='lat' dir='ltr'><strong>Deus</strong></span> <span class='ocrx_word' id='word_1_357' title='bbox 2871 2703 2973 2796; x_wconf 85' lang='lat' dir='ltr'><strong>per</strong></span> <span class='ocrx_word' id='word_1_358' title='bbox 2993 2726 3174 2780; x_wconf 83' lang='lat' dir='ltr'><strong>omnia</strong></span> <span class='ocrx_word' id='word_1_359' title='bbox 3196 2727 3394 2784; x_wconf 69' lang='lat' dir='ltr'><strong>stecula</strong></span> 
     </span>
    </p>
   </div>
   <div class='ocr_carea' id='block_1_54' title="bbox 178 2792 2376 2896">
    <p class='ocr_par' dir='ltr' id='par_1_54' title="bbox 178 2792 2376 2896">
     <span class='ocr_line' id='line_1_54' title="bbox 178 2792 2376 2896; baseline 0.02 -48"><span class='ocrx_word' id='word_1_360' title='bbox 178 2792 363 2866; x_wconf 78' lang='lat' dir='ltr'><strong>demque</strong></span> <span class='ocrx_word' id='word_1_361' title='bbox 400 2812 518 2869; x_wconf 83' lang='lat' dir='ltr'><strong>post</strong></span> <span class='ocrx_word' id='word_1_362' title='bbox 561 2805 819 2862; x_wconf 88' lang='lat' dir='ltr'><strong>immania</strong></span> <span class='ocrx_word' id='word_1_363' title='bbox 869 2826 1175 2881; x_wconf 74' lang='lat' dir='ltr'><strong>poenarum,</strong></span> <span class='ocrx_word' id='word_1_364' title='bbox 1213 2792 1712 2896; x_wconf 71' lang='lat' dir='ltr'><strong>suppliciorumque</strong></span> <span class='ocrx_word' id='word_1_365' title='bbox 1813 2800 2156 2875; x_wconf 50' lang='lat' dir='ltr'><strong>“culo-rm“</strong></span> <span class='ocrx_word' id='word_1_366' title='bbox 2181 2806 2376 2864; x_wconf 65' lang='grc' dir='ltr'><strong>Α¹ηθ¹¹⁶</strong></span> 
     </span>
    </p>
   </div>
   <div class='ocr_carea' id='block_1_55' title="bbox 176 2889 1710 2985">
    <p class='ocr_par' dir='ltr' id='par_1_55' title="bbox 176 2889 1710 2985">
     <span class='ocr_line' id='line_1_55' title="bbox 176 2889 1710 2985; baseline 0.022 -47"><span class='ocrx_word' id='word_1_367' title='bbox 176 2889 421 2956; x_wconf 62' lang='lat' dir='ltr'><strong>tormenta,</strong></span> <span class='ocrx_word' id='word_1_368' title='bbox 451 2894 504 2947; x_wconf 91' lang='lat' dir='ltr'><strong>in</strong></span> <span class='ocrx_word' id='word_1_369' title='bbox 549 2893 772 2954; x_wconf 86' lang='lat' dir='ltr'><strong>flumine</strong></span> <span class='ocrx_word' id='word_1_370' title='bbox 821 2912 1046 2960; x_wconf 88' lang='lat' dir='ltr'><strong>necatus</strong></span> <span class='ocrx_word' id='word_1_371' title='bbox 1075 2908 1360 2975; x_wconf 85' lang='lat' dir='ltr'><strong>occubuit,</strong></span> <span class='ocrx_word' id='word_1_372' title='bbox 1410 2918 1710 2985; x_wconf 87' lang='lat' dir='ltr'><strong>eodemque</strong></span> 
     </span>
    </p>
   </div>
   <div class='ocr_carea' id='block_1_56' title="bbox 176 2975 1706 3068">
    <p class='ocr_par' dir='ltr' id='par_1_56' title="bbox 176 2975 1706 3068">
     <span class='ocr_line' id='line_1_56' title="bbox 176 2975 1706 3068; baseline 0.021 -38"><span class='ocrx_word' id='word_1_373' title='bbox 176 2975 394 3037; x_wconf 85' lang='lat' dir='ltr'><strong>elemento</strong></span> <span class='ocrx_word' id='word_1_374' title='bbox 437 2985 604 3041; x_wconf 87' lang='lat' dir='ltr'><strong>vitam</strong></span> <span class='ocrx_word' id='word_1_375' title='bbox 657 2993 840 3048; x_wconf 81' lang='lat' dir='ltr'><strong>carnis</strong></span> <span class='ocrx_word' id='word_1_376' title='bbox 881 2997 1064 3051; x_wconf 90' lang='lat' dir='ltr'><strong>amisit</strong></span> <span class='ocrx_word' id='word_1_377' title='bbox 1100 3014 1208 3068; x_wconf 92' lang='lat' dir='ltr'><strong>quo</strong></span> <span class='ocrx_word' id='word_1_378' title='bbox 1250 3001 1502 3058; x_wconf 85' lang='lat' dir='ltr'><strong>videlicet</strong></span> <span class='ocrx_word' id='word_1_379' title='bbox 1549 3018 1706 3062; x_wconf 85' lang='lat' dir='ltr'><strong>antea</strong></span> 
     </span>
    </p>
   </div>
   <div class='ocr_carea' id='block_1_57' title="bbox 176 3067 1706 3166">
    <p class='ocr_par' dir='ltr' id='par_1_57' title="bbox 176 3067 1706 3166">
     <span class='ocr_line' id='line_1_57' title="bbox 176 3067 1706 3166; baseline 0.022 -46"><span class='ocrx_word' id='word_1_380' title='bbox 176 3067 268 3123; x_wconf 66' lang='lat' dir='ltr'><strong>vita:</strong></span> <span class='ocrx_word' id='word_1_381' title='bbox 307 3081 506 3130; x_wconf 67' lang='lat' dir='ltr'><strong>aeterna:</strong></span> <span class='ocrx_word' id='word_1_382' title='bbox 548 3091 894 3138; x_wconf 85' lang='lat' dir='ltr'><strong>sacramenta</strong></span> <span class='ocrx_word' id='word_1_383' title='bbox 936 3067 1280 3159; x_wconf 79' lang='lat' dir='ltr'><strong>perceperat.</strong></span> <span class='ocrx_word' id='word_1_384' title='bbox 1333 3092 1480 3150; x_wconf 87' lang='lat' dir='ltr'><strong>Bene</strong></span> <span class='ocrx_word' id='word_1_385' title='bbox 1524 3096 1706 3166; x_wconf 87' lang='lat' dir='ltr'><strong>itaque</strong></span> 
     </span>
    </p>
   </div>
   <div class='ocr_carea' id='block_1_58' title="bbox 171 3169 1776 3260">
    <p class='ocr_par' dir='ltr' id='par_1_58' title="bbox 171 3169 1776 3260">
     <span class='ocr_line' id='line_1_58' title="bbox 171 3169 1776 3260; baseline 0.025 -49"><span class='ocrx_word' id='word_1_386' title='bbox 171 3173 338 3260; x_wconf 54' lang='lat' dir='ltr'><strong>plagus,</strong></span> <span class='ocrx_word' id='word_1_387' title='bbox 368 3169 487 3238; x_wconf 88' lang='lat' dir='ltr'><strong>quia</strong></span> <span class='ocrx_word' id='word_1_388' title='bbox 530 3170 588 3226; x_wconf 91' lang='lat' dir='ltr'><strong>in</strong></span> <span class='ocrx_word' id='word_1_389' title='bbox 621 3176 790 3245; x_wconf 86' lang='lat' dir='ltr'><strong>magis</strong></span> <span class='ocrx_word' id='word_1_390' title='bbox 830 3181 1015 3235; x_wconf 91' lang='lat' dir='ltr'><strong>mundi</strong></span> <span class='ocrx_word' id='word_1_391' title='bbox 1057 3182 1385 3257; x_wconf 71' lang='lat' dir='ltr'><strong>Redemptor</strong></span> <span class='ocrx_word' id='word_1_392' title='bbox 1408 3191 1702 3248; x_wconf 83' lang='lat' dir='ltr'><strong>adveniens</strong></span> <span class='ocrx_word' id='word_1_393' title='bbox 1731 3197 1776 3260; x_wconf 88' lang='lat' dir='ltr'>C</span> 
     </span>
    </p>
   </div>
   <div class='ocr_carea' id='block_1_59' title="bbox 171 3248 1002 3329">
    <p class='ocr_par' dir='ltr' id='par_1_59' title="bbox 171 3248 1002 3329">
     <span class='ocr_line' id='line_1_59' title="bbox 171 3248 1002 3329; baseline 0.029 -28"><span class='ocrx_word' id='word_1_394' title='bbox 171 3248 264 3305; x_wconf 79' lang='lat' dir='ltr'><strong>fidei</strong></span> <span class='ocrx_word' id='word_1_395' title='bbox 289 3270 386 3310; x_wconf 71' lang='lat' dir='ltr'><strong>suae</strong></span> <span class='ocrx_word' id='word_1_396' title='bbox 420 3262 693 3329; x_wconf 70' lang='lat' dir='ltr'><strong>primitias</strong></span> <span class='ocrx_word' id='word_1_397' title='bbox 714 3266 1002 3326; x_wconf 88' lang='lat' dir='ltr'><strong>dedicavit.</strong></span> 
     </span>
    </p>
   </div>
   <div class='ocr_carea' id='block_1_60' title="bbox 222 3340 1700 3437">
    <p class='ocr_par' dir='ltr' id='par_1_60' title="bbox 222 3340 1700 3437">
     <span class='ocr_line' id='line_1_60' title="bbox 222 3340 1700 3437; baseline 0.024 -40"><span class='ocrx_word' id='word_1_398' title='bbox 222 3340 489 3404; x_wconf 80' lang='lat' dir='ltr'><strong>Notandum</strong></span> <span class='ocrx_word' id='word_1_399' title='bbox 517 3363 725 3422; x_wconf 79' lang='lat' dir='ltr'><strong>autent,</strong></span> <span class='ocrx_word' id='word_1_400' title='bbox 767 3359 1127 3431; x_wconf 88' lang='lat' dir='ltr'><strong>dilectissimi,</strong></span> <span class='ocrx_word' id='word_1_401' title='bbox 1156 3366 1282 3437; x_wconf 82' lang='lat' dir='ltr'><strong>quia</strong></span> <span class='ocrx_word' id='word_1_402' title='bbox 1332 3373 1475 3426; x_wconf 81' lang='lat' dir='ltr'><strong>inter</strong></span> <span class='ocrx_word' id='word_1_403' title='bbox 1503 3384 1700 3431; x_wconf 60' lang='lat' dir='ltr'><strong>extera</strong></span> 
     </span>
    </p>
   </div>
   <div class='ocr_carea' id='block_1_61' title="bbox 171 3432 1700 3524">
    <p class='ocr_par' dir='ltr' id='par_1_61' title="bbox 171 3432 1700 3524">
     <span class='ocr_line' id='line_1_61' title="bbox 171 3432 1700 3524; baseline 0.025 -39"><span class='ocrx_word' id='word_1_404' title='bbox 171 3432 474 3500; x_wconf 86' lang='lat' dir='ltr'><strong>spiritualium</strong></span> <span class='ocrx_word' id='word_1_405' title='bbox 501 3444 648 3501; x_wconf 82' lang='lat' dir='ltr'><strong>dona</strong></span> <span class='ocrx_word' id='word_1_406' title='bbox 676 3449 932 3506; x_wconf 88' lang='lat' dir='ltr'><strong>virtutum</strong></span> <span class='ocrx_word' id='word_1_407' title='bbox 981 3432 1346 3524; x_wconf 75' lang='lat' dir='ltr'><strong>quaerentibus</strong></span> <span class='ocrx_word' id='word_1_408' title='bbox 1387 3463 1552 3520; x_wconf 90' lang='lat' dir='ltr'><strong>Deum</strong></span> <span class='ocrx_word' id='word_1_409' title='bbox 1583 3468 1700 3523; x_wconf 80' lang='lat' dir='ltr'><strong>dua:</strong></span> 
     </span>
    </p>
   </div>
   <div class='ocr_carea' id='block_1_62' title="bbox 169 3530 1695 3623">
    <p class='ocr_par' dir='ltr' id='par_1_62' title="bbox 169 3530 1695 3623">
     <span class='ocr_line' id='line_1_62' title="bbox 169 3530 1695 3623; baseline 0.025 -47"><span class='ocrx_word' id='word_1_410' title='bbox 169 3530 430 3594; x_wconf 81' lang='lat' dir='ltr'><strong>propensius</strong></span> <span class='ocrx_word' id='word_1_411' title='bbox 458 3539 781 3594; x_wconf 78' lang='lat' dir='ltr'><strong>necessaria:</strong></span> <span class='ocrx_word' id='word_1_412' title='bbox 802 3544 1108 3612; x_wconf 87' lang='lat' dir='ltr'><strong>probantur</strong></span> <span class='ocrx_word' id='word_1_413' title='bbox 1132 3563 1254 3606; x_wconf 89' lang='lat' dir='ltr'><strong>esse</strong></span> <span class='ocrx_word' id='word_1_414' title='bbox 1286 3553 1537 3623; x_wconf 87' lang='lat' dir='ltr'><strong>virtutes,</strong></span> <span class='ocrx_word' id='word_1_415' title='bbox 1561 3559 1695 3615; x_wconf 88' lang='lat' dir='ltr'><strong>cha-</strong></span> 
     </span>
    </p>
   </div>
   <div class='ocr_carea' id='block_1_63' title="bbox 170 3613 1693 3713">
    <p class='ocr_par' dir='ltr' id='par_1_63' title="bbox 170 3613 1693 3713">
     <span class='ocr_line' id='line_1_63' title="bbox 170 3613 1693 3713; baseline 0.026 -45"><span class='ocrx_word' id='word_1_416' title='bbox 170 3613 271 3671; x_wconf 83' lang='lat' dir='ltr'><strong>ritas</strong></span> <span class='ocrx_word' id='word_1_417' title='bbox 301 3621 536 3682; x_wconf 86' lang='lat' dir='ltr'><strong>videlicet</strong></span> <span class='ocrx_word' id='word_1_418' title='bbox 565 3644 631 3683; x_wconf 87' lang='lat' dir='ltr'><strong>ac</strong></span> <span class='ocrx_word' id='word_1_419' title='bbox 658 3633 937 3702; x_wconf 88' lang='lat' dir='ltr'><strong>patientia,</strong></span> <span class='ocrx_word' id='word_1_420' title='bbox 974 3646 1033 3692; x_wconf 92' lang='lat' dir='ltr'><strong>ut</strong></span> <span class='ocrx_word' id='word_1_421' title='bbox 1080 3655 1178 3710; x_wconf 89' lang='lat' dir='ltr'><strong>per</strong></span> <span class='ocrx_word' id='word_1_422' title='bbox 1205 3658 1328 3713; x_wconf 65' lang='lat' dir='ltr'><strong>quae</strong></span> <span class='ocrx_word' id='word_1_423' title='bbox 1359 3651 1693 3709; x_wconf 86' lang='lat' dir='ltr'><strong>reconciliati</strong></span> 
     </span>
    </p>
   </div>
   <div class='ocr_carea' id='block_1_64' title="bbox 167 3718 1690 3812">
    <p class='ocr_par' dir='ltr' id='par_1_64' title="bbox 167 3718 1690 3812">
     <span class='ocr_line' id='line_1_64' title="bbox 167 3718 1690 3812; baseline 0.028 -55"><span class='ocrx_word' id='word_1_424' title='bbox 167 3718 314 3766; x_wconf 84' lang='lat' dir='ltr'><strong>sumus</strong></span> <span class='ocrx_word' id='word_1_425' title='bbox 338 3719 563 3783; x_wconf 83' lang='lat' dir='ltr'><strong>gratuito</strong></span> <span class='ocrx_word' id='word_1_426' title='bbox 593 3722 790 3780; x_wconf 81' lang='lat' dir='ltr'><strong>divime</strong></span> <span class='ocrx_word' id='word_1_427' title='bbox 819 3728 1210 3788; x_wconf 71' lang='lat' dir='ltr'><strong>misericordia:</strong></span> <span class='ocrx_word' id='word_1_428' title='bbox 1236 3750 1479 3802; x_wconf 89' lang='lat' dir='ltr'><strong>munere,</strong></span> <span class='ocrx_word' id='word_1_429' title='bbox 1499 3757 1605 3812; x_wconf 81' lang='lat' dir='ltr'><strong>per</strong></span> <span class='ocrx_word' id='word_1_430' title='bbox 1621 3758 1690 3799; x_wconf 82' lang='lat' dir='ltr'><strong>ea</strong></span> 
     </span>
    </p>
   </div>
   <div class='ocr_carea' id='block_1_65' title="bbox 165 3797 1690 3900">
    <p class='ocr_par' dir='ltr' id='par_1_65' title="bbox 165 3797 1690 3900">
     <span class='ocr_line' id='line_1_65' title="bbox 165 3797 1690 3900; baseline 0.027 -51"><span class='ocrx_word' id='word_1_431' title='bbox 165 3797 450 3860; x_wconf 80' lang='lat' dir='ltr'><strong>potissimum</strong></span> <span class='ocrx_word' id='word_1_432' title='bbox 478 3823 923 3870; x_wconf 87' lang='lat' dir='ltr'><strong>consummemur</strong></span> <span class='ocrx_word' id='word_1_433' title='bbox 950 3833 1014 3873; x_wconf 79' lang='lat' dir='ltr'><strong>ex</strong></span> <span class='ocrx_word' id='word_1_434' title='bbox 1049 3825 1261 3894; x_wconf 87' lang='lat' dir='ltr'><strong>proprii</strong></span> <span class='ocrx_word' id='word_1_435' title='bbox 1299 3797 1524 3900; x_wconf 48' lang='lat' dir='ltr'><strong>quoque.</strong></span> <span class='ocrx_word' id='word_1_436' title='bbox 1544 3834 1690 3888; x_wconf 82' lang='lat' dir='ltr'><strong>arbi-</strong></span> 
     </span>
    </p>
   </div>
   <div class='ocr_carea' id='block_1_66' title="bbox 168 3889 1388 3988">
    <p class='ocr_par' dir='ltr' id='par_1_66' title="bbox 168 3889 1388 3988">
     <span class='ocr_line' id='line_1_66' title="bbox 168 3889 1388 3988; baseline 0.032 -50"><span class='ocrx_word' id='word_1_437' title='bbox 168 3889 232 3943; x_wconf 90' lang='lat' dir='ltr'><strong>trii</strong></span> <span class='ocrx_word' id='word_1_438' title='bbox 254 3891 498 3955; x_wconf 87' lang='lat' dir='ltr'><strong>libertate.</strong></span> <span class='ocrx_word' id='word_1_439' title='bbox 530 3904 639 3958; x_wconf 85' lang='lat' dir='ltr'><strong>Per</strong></span> <span class='ocrx_word' id='word_1_440' title='bbox 690 3908 1010 3966; x_wconf 88' lang='lat' dir='ltr'><strong>charitatem</strong></span> <span class='ocrx_word' id='word_1_441' title='bbox 1052 3889 1251 3988; x_wconf 77' lang='lat' dir='ltr'><strong>quippe</strong></span> <span class='ocrx_word' id='word_1_442' title='bbox 1294 3889 1388 3977; x_wconf 76' lang='lat' dir='ltr'><strong>Dei</strong></span> 
     </span>
    </p>
   </div>
   <div class='ocr_carea' id='block_1_67' title="bbox 165 3989 1684 4091">
    <p class='ocr_par' dir='ltr' id='par_1_67' title="bbox 165 3989 1684 4091">
     <span class='ocr_line' id='line_1_67' title="bbox 165 3989 1684 4091; baseline 0.032 -62"><span class='ocrx_word' id='word_1_443' title='bbox 165 3991 308 4037; x_wconf 85' lang='lat' dir='ltr'><strong>nostra</strong></span> <span class='ocrx_word' id='word_1_444' title='bbox 355 3989 653 4062; x_wconf 86' lang='lat' dir='ltr'><strong>descendit;</strong></span> <span class='ocrx_word' id='word_1_445' title='bbox 701 4014 798 4068; x_wconf 85' lang='lat' dir='ltr'><strong>per</strong></span> <span class='ocrx_word' id='word_1_446' title='bbox 845 4005 1160 4072; x_wconf 90' lang='lat' dir='ltr'><strong>patientiam</strong></span> <span class='ocrx_word' id='word_1_447' title='bbox 1197 4026 1326 4067; x_wconf 92' lang='lat' dir='ltr'><strong>vero</strong></span> <span class='ocrx_word' id='word_1_448' title='bbox 1376 4031 1684 4091; x_wconf 87' lang='lat' dir='ltr'><strong>susceptam</strong></span> 
     </span>
    </p>
   </div>
   <div class='ocr_carea' id='block_1_68' title="bbox 166 4081 1684 4180">
    <p class='ocr_par' dir='ltr' id='par_1_68' title="bbox 166 4081 1684 4180">
     <span class='ocr_line' id='line_1_68' title="bbox 166 4081 1684 4180; baseline 0.032 -57"><span class='ocrx_word' id='word_1_449' title='bbox 166 4081 318 4180; x_wconf 61' lang='lat' dir='ltr'><strong>postne</strong></span> <span class='ocrx_word' id='word_1_450' title='bbox 343 4084 648 4142; x_wconf 70' lang='lat' dir='ltr'><strong>substantiae</strong></span> <span class='ocrx_word' id='word_1_451' title='bbox 678 4092 959 4148; x_wconf 68' lang='lat' dir='ltr'><strong>renitatem</strong></span> <span class='ocrx_word' id='word_1_452' title='bbox 1003 4099 1212 4156; x_wconf 84' lang='lat' dir='ltr'><strong>calcato</strong></span> <span class='ocrx_word' id='word_1_453' title='bbox 1239 4107 1429 4163; x_wconf 88' lang='lat' dir='ltr'><strong>mortis</strong></span> <span class='ocrx_word' id='word_1_454' title='bbox 1459 4081 1684 4180; x_wconf 74' lang='lat' dir='ltr'><strong>imperio</strong></span> 
     </span>
    </p>
   </div>
   <div class='ocr_carea' id='block_1_69' title="bbox 164 4161 1683 4270">
    <p class='ocr_par' dir='ltr' id='par_1_69' title="bbox 164 4161 1683 4270">
     <span class='ocr_line' id='line_1_69' title="bbox 164 4161 1683 4270; baseline 0.031 -57"><span class='ocrx_word' id='word_1_455' title='bbox 164 4161 213 4270; x_wconf 66' lang='lat' dir='ltr'><strong>ad</strong></span> <span class='ocrx_word' id='word_1_456' title='bbox 231 4178 478 4233; x_wconf 87' lang='lat' dir='ltr'><strong>paternatn</strong></span> <span class='ocrx_word' id='word_1_457' title='bbox 505 4179 732 4250; x_wconf 79' lang='lat' dir='ltr'><strong>gloriam</strong></span> <span class='ocrx_word' id='word_1_458' title='bbox 769 4186 1101 4246; x_wconf 88' lang='lat' dir='ltr'><strong>sublimavit.</strong></span> <span class='ocrx_word' id='word_1_459' title='bbox 1133 4193 1194 4248; x_wconf 87' lang='lat' dir='ltr'><strong>El</strong></span> <span class='ocrx_word' id='word_1_460' title='bbox 1220 4198 1346 4265; x_wconf 87' lang='lat' dir='ltr'><strong>quia</strong></span> 
     </span>
    </p>
   </div>
   <div class='ocr_carea' id='block_1_70' title="bbox 166 4259 1680 4354">
    <p class='ocr_par' dir='ltr' id='par_1_70' title="bbox 166 4259 1680 4354">
     <span class='ocr_line' id='line_1_70' title="bbox 166 4259 1680 4354; baseline 0.03 -47"><span class='ocrx_word' id='word_1_461' title='bbox 166 4259 289 4354; x_wconf 56' lang='lat' dir='ltr'><strong>talem</strong></span> <span class='ocrx_word' id='word_1_462' title='bbox 328 4265 388 4318; x_wconf 88' lang='lat' dir='ltr'><strong>ad</strong></span> <span class='ocrx_word' id='word_1_463' title='bbox 417 4283 513 4324; x_wconf 89' lang='lat' dir='ltr'><strong>nos</strong></span> <span class='ocrx_word' id='word_1_464' title='bbox 550 4275 1030 4335; x_wconf 88' lang='lat' dir='ltr'><strong>consubstantialis</strong></span> <span class='ocrx_word' id='word_1_465' title='bbox 1076 4281 1253 4342; x_wconf 88' lang='lat' dir='ltr'><strong>Patris</strong></span> <span class='ocrx_word' id='word_1_466' title='bbox 1293 4259 1458 4346; x_wconf 79' lang='lat' dir='ltr'><strong>Filius</strong></span> <span class='ocrx_word' id='word_1_467' title='bbox 1495 4297 1680 4354; x_wconf 89' lang='lat' dir='ltr'><strong>venire</strong></span> 
     </span>
    </p>
   </div>
   <div class='ocr_carea' id='block_1_71' title="bbox 163 4342 1678 4458">
    <p class='ocr_par' dir='ltr' id='par_1_71' title="bbox 163 4342 1678 4458">
     <span class='ocr_line' id='line_1_71' title="bbox 163 4342 1678 4458; baseline 0.029 -59"><span class='ocrx_word' id='word_1_468' title='bbox 163 4342 364 4442; x_wconf 73' lang='lat' dir='ltr'><strong>dignatus</strong></span> <span class='ocrx_word' id='word_1_469' title='bbox 389 4370 483 4422; x_wconf 90' lang='lat' dir='ltr'><strong>est,</strong></span> <span class='ocrx_word' id='word_1_470' title='bbox 516 4363 711 4420; x_wconf 77' lang='lat' dir='ltr'><strong>suﬂicit</strong></span> <span class='ocrx_word' id='word_1_471' title='bbox 747 4383 909 4423; x_wconf 89' lang='lat' dir='ltr'><strong>unum</strong></span> <span class='ocrx_word' id='word_1_472' title='bbox 939 4370 1162 4429; x_wconf 82' lang='lat' dir='ltr'><strong>Joannis</strong></span> <span class='ocrx_word' id='word_1_473' title='bbox 1210 4384 1537 4453; x_wconf 81' lang='lat' dir='ltr'><strong>exemplum,</strong></span> <span class='ocrx_word' id='word_1_474' title='bbox 1569 4403 1678 4458; x_wconf 89' lang='lat' dir='ltr'><strong>quo</strong></span> 
     </span>
    </p>
   </div>
   <div class='ocr_carea' id='block_1_72' title="bbox 162 4443 1675 4547">
    <p class='ocr_par' dir='ltr' id='par_1_72' title="bbox 162 4443 1675 4547">
     <span class='ocr_line' id='line_1_72' title="bbox 162 4443 1675 4547; baseline 0.031 -60"><span class='ocrx_word' id='word_1_475' title='bbox 162 4443 362 4547; x_wconf 55' lang='lat' dir='ltr'><strong>attulit</strong></span> <span class='ocrx_word' id='word_1_476' title='bbox 405 4448 504 4506; x_wconf 88' lang='lat' dir='ltr'><strong>hoc</strong></span> <span class='ocrx_word' id='word_1_477' title='bbox 549 4459 798 4525; x_wconf 85' lang='lat' dir='ltr'><strong>apparuit</strong></span> <span class='ocrx_word' id='word_1_478' title='bbox 841 4464 1080 4519; x_wconf 87' lang='lat' dir='ltr'><strong>charitas</strong></span> <span class='ocrx_word' id='word_1_479' title='bbox 1130 4466 1223 4523; x_wconf 87' lang='lat' dir='ltr'><strong>Dei</strong></span> <span class='ocrx_word' id='word_1_480' title='bbox 1266 4471 1318 4525; x_wconf 93' lang='lat' dir='ltr'><strong>in</strong></span> <span class='ocrx_word' id='word_1_481' title='bbox 1349 4443 1675 4547; x_wconf 46' lang='lat' dir='ltr'><strong>nobis&#39;quo-</strong></span> 
     </span>
    </p>
   </div>
   <div class='ocr_carea' id='block_1_73' title="bbox 2339 3015 2860 3082">
    <p class='ocr_par' dir='ltr' id='par_1_73' title="bbox 2339 3015 2860 3082">
     <span class='ocr_line' id='line_1_73' title="bbox 2339 3015 2860 3082; baseline 0.015 -8"><span class='ocrx_word' id='word_1_482' title='bbox 2339 3015 2860 3082; x_wconf 73' lang='lat' dir='ltr'><strong>FEBRUARIUS.</strong></span> 
     </span>
    </p>
   </div>
   <div class='ocr_carea' id='block_1_74' title="bbox 1803 3103 3392 3202">
    <p class='ocr_par' dir='ltr' id='par_1_74' title="bbox 1803 3103 3392 3202">
     <span class='ocr_line' id='line_1_74' title="bbox 1803 3103 3392 3202; baseline 0.017 -39"><span class='ocrx_word' id='word_1_483' title='bbox 1803 3103 1861 3163; x_wconf 61' lang='grc' dir='ltr'>ιι.</span> <span class='ocrx_word' id='word_1_484' title='bbox 1903 3105 2115 3170; x_wconf 77' lang='lat' dir='ltr'><strong>Sermo</strong></span> <span class='ocrx_word' id='word_1_485' title='bbox 2141 3109 2220 3172; x_wconf 85' lang='lat' dir='ltr'><strong>de</strong></span> <span class='ocrx_word' id='word_1_486' title='bbox 2243 3113 2309 3175; x_wconf 91' lang='lat' dir='ltr'><strong>S.</strong></span> <span class='ocrx_word' id='word_1_487' title='bbox 2361 3116 2582 3179; x_wconf 82' lang='lat' dir='ltr'><strong>Severo</strong></span> <span class='ocrx_word' id='word_1_488' title='bbox 2619 3120 2907 3202; x_wconf 79' lang='lat' dir='ltr'><strong>episcopo</strong></span> <span class='ocrx_word' id='word_1_489' title='bbox 2958 3124 3306 3189; x_wconf 73' lang='lat' dir='ltr'><strong>Ravennate</strong></span> <span class='ocrx_word' id='word_1_490' title='bbox 3335 3136 3392 3190; x_wconf 77' lang='lat' dir='ltr'><strong>et</strong></span> 
     </span>
    </p>
   </div>
   <div class='ocr_carea' id='block_1_75' title="bbox 1888 3210 2259 3289">
    <p class='ocr_par' dir='ltr' id='par_1_75' title="bbox 1888 3210 2259 3289">
     <span class='ocr_line' id='line_1_75' title="bbox 1888 3210 2259 3289; baseline 0.016 -22"><span class='ocrx_word' id='word_1_491' title='bbox 1888 3210 2259 3289; x_wconf 71' lang='lat' dir='ltr'><strong>con/essen.</strong></span> 
     </span>
    </p>
   </div>
   <div class='ocr_carea' id='block_1_76' title="bbox 1882 3307 2782 3384">
    <p class='ocr_par' dir='ltr' id='par_1_76' title="bbox 1882 3307 2782 3384">
     <span class='ocr_line' id='line_1_76' title="bbox 1882 3307 2782 3384; baseline 0.02 -18"><span class='ocrx_word' id='word_1_492' title='bbox 1882 3307 2094 3370; x_wconf 85' lang='lat' dir='ltr'><strong>Sermo</strong></span> <span class='ocrx_word' id='word_1_493' title='bbox 2125 3315 2430 3377; x_wconf 82' lang='lat' dir='ltr'><strong>secundus</strong></span> <span class='ocrx_word' id='word_1_494' title='bbox 2454 3317 2526 3380; x_wconf 82' lang='lat' dir='ltr'><strong>de</strong></span> <span class='ocrx_word' id='word_1_495' title='bbox 2555 3320 2782 3384; x_wconf 78' lang='lat' dir='ltr'><strong>eodem.</strong></span> 
     </span>
    </p>
   </div>
   <div class='ocr_carea' id='block_1_77' title="bbox 1803 3406 3380 3511">
    <p class='ocr_par' dir='ltr' id='par_1_77' title="bbox 1803 3406 3380 3511">
     <span class='ocr_line' id='line_1_77' title="bbox 1803 3406 3380 3511; baseline 0.02 -47"><span class='ocrx_word' id='word_1_496' title='bbox 1803 3406 1976 3469; x_wconf 83' lang='lat' dir='ltr'><strong>XIV.</strong></span> <span class='ocrx_word' id='word_1_497' title='bbox 2021 3409 2232 3474; x_wconf 87' lang='lat' dir='ltr'><strong>Sermo</strong></span> <span class='ocrx_word' id='word_1_498' title='bbox 2288 3417 2361 3477; x_wconf 84' lang='lat' dir='ltr'><strong>de</strong></span> <span class='ocrx_word' id='word_1_499' title='bbox 2388 3419 2451 3480; x_wconf 88' lang='lat' dir='ltr'><strong>S.</strong></span> <span class='ocrx_word' id='word_1_500' title='bbox 2496 3421 2880 3487; x_wconf 74' lang='lat' dir='ltr'><strong>Eleae/tudio</strong></span> <span class='ocrx_word' id='word_1_501' title='bbox 2933 3429 3222 3511; x_wconf 78' lang='lat' dir='ltr'><strong>episcopo</strong></span> <span class='ocrx_word' id='word_1_502' title='bbox 3263 3432 3380 3494; x_wconf 85' lang='lat' dir='ltr'><strong>Ra-</strong></span> 
     </span>
    </p>
   </div>
   <div class='ocr_carea' id='block_1_78' title="bbox 1807 3518 2618 3596">
    <p class='ocr_par' dir='ltr' id='par_1_78' title="bbox 1807 3518 2618 3596">
     <span class='ocr_line' id='line_1_78' title="bbox 1807 3518 2618 3596; baseline 0.026 -35"><span class='ocrx_word' id='word_1_503' title='bbox 1807 3521 1810 3523; x_wconf 49' lang='grc' dir='ltr'>λ</span> <span class='ocrx_word' id='word_1_504' title='bbox 1880 3518 2135 3570; x_wconf 78' lang='lat' dir='ltr'><strong>eermate</strong></span> <span class='ocrx_word' id='word_1_505' title='bbox 2163 3521 2217 3572; x_wconf 77' lang='grc' dir='ltr'>ει</span> <span class='ocrx_word' id='word_1_506' title='bbox 2251 3518 2618 3596; x_wconf 67' lang='lat' dir='ltr'><strong>confessam.</strong></span> 
     </span>
    </p>
   </div>
   <div class='ocr_carea' id='block_1_79' title="bbox 2403 3617 2756 3678">
    <p class='ocr_par' dir='ltr' id='par_1_79' title="bbox 2403 3617 2756 3678">
     <span class='ocr_line' id='line_1_79' title="bbox 2403 3617 2756 3678; baseline 0.017 -5"><span class='ocrx_word' id='word_1_507' title='bbox 2403 3617 2635 3678; x_wconf 74' lang='lat' dir='ltr'><strong>SEBMO</strong></span> <span class='ocrx_word' id='word_1_508' title='bbox 2671 3623 2756 3678; x_wconf 86' lang='lat' dir='ltr'><strong>IV.</strong></span> 
     </span>
    </p>
   </div>
   <div class='ocr_carea' id='block_1_80' title="bbox 1797 3713 3374 3788">
    <p class='ocr_par' dir='ltr' id='par_1_80' title="bbox 1797 3713 3374 3788">
     <span class='ocr_line' id='line_1_80' title="bbox 1797 3713 3374 3788; baseline 0.023 -37"><span class='ocrx_word' id='word_1_509' title='bbox 1797 3713 1835 3752; x_wconf 82' lang='grc' dir='ltr'><strong>Ι.</strong></span> <span class='ocrx_word' id='word_1_510' title='bbox 1875 3714 1947 3755; x_wconf 78' lang='lat' dir='ltr'><strong>DE</strong></span> <span class='ocrx_word' id='word_1_511' title='bbox 1975 3715 2021 3755; x_wconf 76' lang='grc' dir='ltr'><strong>Β.</strong></span> <span class='ocrx_word' id='word_1_512' title='bbox 2058 3718 2260 3762; x_wconf 67' lang='lat' dir='ltr'><strong>SEVERO</strong></span> <span class='ocrx_word' id='word_1_513' title='bbox 2288 3723 2536 3766; x_wconf 77' lang='lat' dir='ltr'><strong>EPISCOPO</strong></span> <span class='ocrx_word' id='word_1_514' title='bbox 2575 3730 2887 3775; x_wconf 69' lang='lat' dir='ltr'><strong>RAVENNATE</strong></span> <span class='ocrx_word' id='word_1_515' title='bbox 2917 3737 2985 3776; x_wconf 80' lang='grc' dir='ltr'><strong>ετ</strong></span> <span class='ocrx_word' id='word_1_516' title='bbox 3023 3739 3374 3788; x_wconf 73' lang='lat' dir='ltr'><strong>CONFESSORE.</strong></span> 
     </span>
    </p>
   </div>
   <div class='ocr_carea' id='block_1_81' title="bbox 2443 3789 2692 3856">
    <p class='ocr_par' dir='ltr' id='par_1_81' title="bbox 2443 3789 2692 3856">
     <span class='ocr_line' id='line_1_81' title="bbox 2443 3789 2692 3856; baseline 0.012 -21"><span class='ocrx_word' id='word_1_517' title='bbox 2443 3789 2482 3849; x_wconf 86' lang='lat' dir='ltr'><strong>(t</strong></span> <span class='ocrx_word' id='word_1_518' title='bbox 2513 3789 2692 3856; x_wconf 72' lang='lat' dir='ltr'><strong>rasa.)</strong></span> 
     </span>
    </p>
   </div>
   <div class='ocr_carea' id='block_1_82' title="bbox 1863 3859 3376 3947">
    <p class='ocr_par' dir='ltr' id='par_1_82' title="bbox 1863 3859 3376 3947">
     <span class='ocr_line' id='line_1_82' title="bbox 1863 3859 3376 3947; baseline 0.022 -33"><span class='ocrx_word' id='word_1_519' title='bbox 1863 3859 2124 3930; x_wconf 85' lang='lat' dir='ltr'><strong>Gloriam,</strong></span> <span class='ocrx_word' id='word_1_520' title='bbox 2160 3876 2216 3922; x_wconf 92' lang='lat' dir='ltr'><strong>et</strong></span> <span class='ocrx_word' id='word_1_521' title='bbox 2245 3868 2502 3927; x_wconf 90' lang='lat' dir='ltr'><strong>honorem</strong></span> <span class='ocrx_word' id='word_1_522' title='bbox 2535 3875 2643 3931; x_wconf 86' lang='lat' dir='ltr'><strong>Deo</strong></span> <span class='ocrx_word' id='word_1_523' title='bbox 2675 3887 2880 3947; x_wconf 89' lang='lat' dir='ltr'><strong>nostro,</strong></span> <span class='ocrx_word' id='word_1_524' title='bbox 2904 3885 3197 3942; x_wconf 87' lang='lat' dir='ltr'><strong>secundum</strong></span> <span class='ocrx_word' id='word_1_525' title='bbox 3225 3889 3376 3947; x_wconf 87' lang='lat' dir='ltr'><strong>Psal-</strong></span> 
     </span>
    </p>
   </div>
   <div class='ocr_carea' id='block_1_83' title="bbox 1420 3923 3372 4053">
    <p class='ocr_par' dir='ltr' id='par_1_83' title="bbox 1420 3923 3372 4053">
     <span class='ocr_line' id='line_1_83' title="bbox 1475 3923 3372 3947; baseline 0.022 -42"><span class='ocrx_word' id='word_1_526' title='bbox 1475 3927 1481 3934; x_wconf 39' lang='lat'>.</span> <span class='ocrx_word' id='word_1_527' title='bbox 1513 3927 1522 3937; x_wconf 50' lang='lat'><strong><em>.</em></strong></span> <span class='ocrx_word' id='word_1_528' title='bbox 2113 3923 2123 3930; x_wconf 58' lang='grc'><em>,</em></span> <span class='ocrx_word' id='word_1_529' title='bbox 2292 3923 2301 3924; x_wconf 56' lang='lat'><strong><em>,</em></strong></span> <span class='ocrx_word' id='word_1_530' title='bbox 2322 3923 2345 3924; x_wconf 39' lang='grc' dir='ltr'>η</span> <span class='ocrx_word' id='word_1_531' title='bbox 2368 3923 2401 3925; x_wconf 37' lang='grc' dir='ltr'>μ</span> <span class='ocrx_word' id='word_1_532' title='bbox 2424 3923 2502 3927; x_wconf 76' lang='lat'>-___</span> <span class='ocrx_word' id='word_1_533' title='bbox 2535 3923 2639 3931; x_wconf 75' lang='grc' dir='ltr'><strong>--ν</strong></span> <span class='ocrx_word' id='word_1_534' title='bbox 2675 3923 2880 3947; x_wconf 72' lang='grc' dir='ltr'><strong>..υυσιν,</strong></span> <span class='ocrx_word' id='word_1_535' title='bbox 2904 3923 3197 3942; x_wconf 66' lang='grc' dir='ltr'>υυνιιιιυυιιι</span> <span class='ocrx_word' id='word_1_536' title='bbox 3225 3923 3248 3944; x_wconf 83' lang='grc' dir='ltr'><strong>ι</strong></span> <span class='ocrx_word' id='word_1_537' title='bbox 3269 3923 3372 3947; x_wconf 72' lang='grc' dir='ltr'><strong>θαι·</strong></span> 
     </span>
     <span class='ocr_line' id='line_1_84' title="bbox 1420 3923 3372 4053; baseline 0.022 -58"><span class='ocrx_word' id='word_1_538' title='bbox 1420 3923 1592 3982; x_wconf 58' lang='lat' dir='ltr'><strong>Fulus</strong></span> <span class='ocrx_word' id='word_1_539' title='bbox 1620 3929 1688 3982; x_wconf 62' lang='lat' dir='ltr'><strong>ad</strong></span> <span class='ocrx_word' id='word_1_540' title='bbox 1791 3951 2008 4007; x_wconf 80' lang='lat' dir='ltr'><strong>mismm</strong></span> <span class='ocrx_word' id='word_1_541' title='bbox 2035 3995 2051 4020; x_wconf 94' lang='lat'><strong>,</strong></span> <span class='ocrx_word' id='word_1_542' title='bbox 2097 3955 2234 4014; x_wconf 76' lang='lat' dir='ltr'><strong>lmtis</strong></span> <span class='ocrx_word' id='word_1_543' title='bbox 2284 3963 2555 4020; x_wconf 86' lang='lat' dir='ltr'><strong>mentibus</strong></span> <span class='ocrx_word' id='word_1_544' title='bbox 2602 3967 2891 4027; x_wconf 71' lang='lat' dir='ltr'><strong>al‘l‘eramus</strong></span> <span class='ocrx_word' id='word_1_545' title='bbox 2935 3971 3105 4045; x_wconf 69' lang='lat' dir='ltr'><strong>(Paul.</strong></span> <span class='ocrx_word' id='word_1_546' title='bbox 3155 3983 3372 4053; x_wconf 80' lang='lat' dir='ltr'><strong>xxvm),</strong></span> 
     </span>
     <span class='ocr_line' id='line_1_85' title="bbox 1425 4031 2258 4053; baseline 0.016 0"><span class='ocrx_word' id='word_1_547' title='bbox 1425 4031 1683 4053; x_wconf 65' lang='lat' dir='ltr'><strong>IL‘ﬂﬂl\l¢\l|1</strong></span> <span class='ocrx_word' id='word_1_548' title='bbox 1794 4041 1816 4053; x_wconf 70' lang='grc' dir='ltr'><strong>Δ</strong></span> <span class='ocrx_word' id='word_1_549' title='bbox 2068 4048 2078 4053; x_wconf 76' lang='grc'><strong><em>⁸</em></strong></span> <span class='ocrx_word' id='word_1_550' title='bbox 2253 4052 2258 4053; x_wconf 61' lang='grc'><strong><em>⁷</em></strong></span> 
     </span>
    </p>
   </div>
   <div class='ocr_carea' id='block_1_84' title="bbox 1789 4041 3372 4130">
    <p class='ocr_par' dir='ltr' id='par_1_84' title="bbox 1789 4041 3372 4130">
     <span class='ocr_line' id='line_1_86' title="bbox 1789 4041 3372 4130; baseline 0.023 -36"><span class='ocrx_word' id='word_1_551' title='bbox 1789 4041 1990 4100; x_wconf 90' lang='lat' dir='ltr'><strong>fratres</strong></span> <span class='ocrx_word' id='word_1_552' title='bbox 2032 4048 2361 4118; x_wconf 88' lang='lat' dir='ltr'><strong>charissimi,</strong></span> <span class='ocrx_word' id='word_1_553' title='bbox 2395 4056 2520 4124; x_wconf 85' lang='lat' dir='ltr'><strong>quia</strong></span> <span class='ocrx_word' id='word_1_554' title='bbox 2561 4058 2686 4113; x_wconf 92' lang='lat' dir='ltr'><strong>dum</strong></span> <span class='ocrx_word' id='word_1_555' title='bbox 2737 4063 3026 4122; x_wconf 84' lang='lat' dir='ltr'><strong>oblationis</strong></span> <span class='ocrx_word' id='word_1_556' title='bbox 3077 4069 3372 4130; x_wconf 68' lang='lat' dir='ltr'><strong>Dominica:</strong></span> 
     </span>
    </p>
   </div>
   <div class='ocr_carea' id='block_1_85' title="bbox 1784 4135 3368 4234">
    <p class='ocr_par' dir='ltr' id='par_1_85' title="bbox 1784 4135 3368 4234">
     <span class='ocr_line' id='line_1_87' title="bbox 1784 4135 3368 4234; baseline 0.021 -44"><span class='ocrx_word' id='word_1_557' title='bbox 1784 4135 2189 4196; x_wconf 85' lang='lat' dir='ltr'><strong>celeberrimam</strong></span> <span class='ocrx_word' id='word_1_558' title='bbox 2213 4159 2585 4215; x_wconf 83' lang='lat' dir='ltr'><strong>exspectamus</strong></span> <span class='ocrx_word' id='word_1_559' title='bbox 2607 4153 3023 4225; x_wconf 88' lang='lat' dir='ltr'><strong>solemnitatem,</strong></span> <span class='ocrx_word' id='word_1_560' title='bbox 3041 4162 3092 4216; x_wconf 93' lang='lat' dir='ltr'><strong>in</strong></span> <span class='ocrx_word' id='word_1_561' title='bbox 3117 4170 3368 4234; x_wconf 66' lang='lat' dir='ltr'><strong>praesenti</strong></span> 
     </span>
    </p>
   </div>
   <div class='ocr_carea' id='block_1_86' title="bbox 1784 4225 3368 4315">
    <p class='ocr_par' dir='ltr' id='par_1_86' title="bbox 1784 4225 3368 4315">
     <span class='ocr_line' id='line_1_88' title="bbox 1784 4225 3368 4315; baseline 0.024 -37"><span class='ocrx_word' id='word_1_562' title='bbox 1784 4225 1948 4282; x_wconf 87' lang='lat' dir='ltr'><strong>etiam</strong></span> <span class='ocrx_word' id='word_1_563' title='bbox 1985 4229 2041 4284; x_wconf 86' lang='grc' dir='ltr'><strong>Β.</strong></span> <span class='ocrx_word' id='word_1_564' title='bbox 2083 4230 2270 4288; x_wconf 88' lang='lat' dir='ltr'><strong>Severi</strong></span> <span class='ocrx_word' id='word_1_565' title='bbox 2317 4241 2515 4310; x_wconf 82' lang='lat' dir='ltr'><strong>egregii</strong></span> <span class='ocrx_word' id='word_1_566' title='bbox 2550 4246 2845 4303; x_wconf 86' lang='lat' dir='ltr'><strong>sacerdotis</strong></span> <span class='ocrx_word' id='word_1_567' title='bbox 2876 4254 3237 4312; x_wconf 84' lang='lat' dir='ltr'><strong>venerabilem</strong></span> <span class='ocrx_word' id='word_1_568' title='bbox 3276 4275 3368 4315; x_wconf 83' lang='lat' dir='ltr'><strong>co-</strong></span> 
     </span>
    </p>
   </div>
   <div class='ocr_carea' id='block_1_87' title="bbox 1781 4317 3354 4408">
    <p class='ocr_par' dir='ltr' id='par_1_87' title="bbox 1781 4317 3354 4408">
     <span class='ocr_line' id='line_1_89' title="bbox 1781 4317 3354 4408; baseline 0.024 -37"><span class='ocrx_word' id='word_1_569' title='bbox 1781 4317 1940 4376; x_wconf 88' lang='lat' dir='ltr'><strong>limus</strong></span> <span class='ocrx_word' id='word_1_570' title='bbox 1989 4328 2431 4398; x_wconf 73' lang='lat' dir='ltr'><strong>assumptionem.</strong></span> <span class='ocrx_word' id='word_1_571' title='bbox 2489 4337 2726 4393; x_wconf 89' lang='lat' dir='ltr'><strong>Delectet</strong></span> <span class='ocrx_word' id='word_1_572' title='bbox 2782 4345 2944 4397; x_wconf 89' lang='lat' dir='ltr'><strong>corda</strong></span> <span class='ocrx_word' id='word_1_573' title='bbox 3005 4345 3354 4408; x_wconf 85' lang='lat' dir='ltr'><strong>festivitatem</strong></span> 
     </span>
    </p>
   </div>
   <div class='ocr_carea' id='block_1_88' title="bbox 1779 4409 3360 4498">
    <p class='ocr_par' dir='ltr' id='par_1_88' title="bbox 1779 4409 3360 4498">
     <span class='ocr_line' id='line_1_90' title="bbox 1779 4409 3360 4498; baseline 0.023 -36"><span class='ocrx_word' id='word_1_574' title='bbox 1779 4409 2053 4470; x_wconf 88' lang='lat' dir='ltr'><strong>celebrare</strong></span> <span class='ocrx_word' id='word_1_575' title='bbox 2079 4430 2429 4488; x_wconf 69' lang='lat' dir='ltr'><strong>prtesentem,</strong></span> <span class='ocrx_word' id='word_1_576' title='bbox 2458 4438 2773 4498; x_wconf 76' lang='lat' dir='ltr'><strong>exspectare</strong></span> <span class='ocrx_word' id='word_1_577' title='bbox 2814 4435 2977 4489; x_wconf 90' lang='lat' dir='ltr'><strong>etiam</strong></span> <span class='ocrx_word' id='word_1_578' title='bbox 3006 4435 3260 4495; x_wconf 88' lang='lat' dir='ltr'><strong>alacriter</strong></span> <span class='ocrx_word' id='word_1_579' title='bbox 3296 4443 3360 4498; x_wconf 85' lang='lat' dir='ltr'><strong>li-</strong></span> 
     </span>
    </p>
   </div>
   <div class='ocr_carea' id='block_1_89' title="bbox 163 4527 1753 4627">
    <p class='ocr_par' dir='ltr' id='par_1_89' title="bbox 163 4527 1753 4627">
     <span class='ocr_line' id='line_1_91' title="bbox 1434 4527 1644 4547; baseline 0.019 -18"><span class='ocrx_word' id='word_1_580' title='bbox 1434 4527 1444 4529; x_wconf 31' lang='lat'><strong>-</strong></span> <span class='ocrx_word' id='word_1_581' title='bbox 1486 4527 1497 4528; x_wconf 30' lang='grc' dir='ltr'><em>κ</em></span> <span class='ocrx_word' id='word_1_582' title='bbox 1548 4527 1644 4547; x_wconf 58' lang='grc' dir='ltr'><strong>τ--</strong></span> 
     </span>
     <span class='ocr_line' id='line_1_92' title="bbox 163 4527 1753 4627; baseline 0.03 -50"><span class='ocrx_word' id='word_1_583' title='bbox 163 4527 271 4585; x_wconf 82' lang='lat' dir='ltr'><strong>niani</strong></span> <span class='ocrx_word' id='word_1_584' title='bbox 299 4533 479 4595; x_wconf 87' lang='lat' dir='ltr'><strong>Filium</strong></span> <span class='ocrx_word' id='word_1_585' title='bbox 525 4560 680 4602; x_wconf 90' lang='lat' dir='ltr'><strong>suum</strong></span> <span class='ocrx_word' id='word_1_586' title='bbox 724 4551 872 4606; x_wconf 89' lang='lat' dir='ltr'><strong>misit</strong></span> <span class='ocrx_word' id='word_1_587' title='bbox 916 4555 971 4608; x_wconf 92' lang='lat' dir='ltr'><strong>in</strong></span> <span class='ocrx_word' id='word_1_588' title='bbox 1015 4559 1304 4627; x_wconf 83' lang='lat' dir='ltr'><strong>mundum,</strong></span> <span class='ocrx_word' id='word_1_589' title='bbox 1345 4575 1401 4618; x_wconf 90' lang='lat' dir='ltr'><strong>ut</strong></span> <span class='ocrx_word' id='word_1_590' title='bbox 1431 4567 1672 4624; x_wconf 87' lang='lat' dir='ltr'><strong>vivamus</strong></span> <span class='ocrx_word' id='word_1_591' title='bbox 1703 4551 1753 4612; x_wconf 65' lang='grc' dir='ltr'><strong>θ</strong></span> 
     </span>
    </p>
   </div>
   <div class='ocr_carea' id='block_1_90' title="bbox 162 4627 1674 4714">
    <p class='ocr_par' dir='ltr' id='par_1_90' title="bbox 162 4627 1674 4714">
     <span class='ocr_line' id='line_1_93' title="bbox 162 4627 1674 4714; baseline 0.025 -38"><span class='ocrx_word' id='word_1_592' title='bbox 162 4627 235 4714; x_wconf 58' lang='lat' dir='ltr'><strong>iter</strong></span> <span class='ocrx_word' id='word_1_593' title='bbox 251 4637 352 4680; x_wconf 86' lang='lat' dir='ltr'><strong>eum</strong></span> <span class='ocrx_word' id='word_1_594' title='bbox 381 4630 427 4701; x_wconf 88' lang='lat' dir='ltr'><strong>(I</strong></span> <span class='ocrx_word' id='word_1_595' title='bbox 456 4634 613 4692; x_wconf 84' lang='lat' dir='ltr'><strong>Joan.</strong></span> <span class='ocrx_word' id='word_1_596' title='bbox 645 4640 738 4710; x_wconf 82' lang='lat' dir='ltr'><strong>iv).</strong></span> <span class='ocrx_word' id='word_1_597' title='bbox 771 4662 790 4694; x_wconf 74' lang='grc' dir='ltr'><strong>ι</strong></span> <span class='ocrx_word' id='word_1_598' title='bbox 823 4645 974 4711; x_wconf 93' lang='lat' dir='ltr'><strong>Quod</strong></span> <span class='ocrx_word' id='word_1_599' title='bbox 1001 4661 1180 4704; x_wconf 89' lang='lat' dir='ltr'><strong>autem</strong></span> <span class='ocrx_word' id='word_1_600' title='bbox 1213 4652 1374 4709; x_wconf 91' lang='lat' dir='ltr'><strong>homo</strong></span> <span class='ocrx_word' id='word_1_601' title='bbox 1403 4656 1576 4713; x_wconf 87' lang='lat' dir='ltr'><strong>factus</strong></span> <span class='ocrx_word' id='word_1_602' title='bbox 1608 4662 1674 4714; x_wconf 91' lang='lat' dir='ltr'><strong>ad</strong></span> 
     </span>
    </p>
   </div>
   <div class='ocr_carea' id='block_1_91' title="bbox 162 4707 1673 4816">
    <p class='ocr_par' dir='ltr' id='par_1_91' title="bbox 162 4707 1673 4816">
     <span class='ocr_line' id='line_1_94' title="bbox 162 4707 1673 4816; baseline 0.028 -52"><span class='ocrx_word' id='word_1_603' title='bbox 162 4707 328 4771; x_wconf 77' lang='lat' dir='ltr'><strong>Patrem</strong></span> <span class='ocrx_word' id='word_1_604' title='bbox 360 4737 450 4790; x_wconf 89' lang='lat' dir='ltr'><strong>per</strong></span> <span class='ocrx_word' id='word_1_605' title='bbox 483 4707 794 4797; x_wconf 86' lang='lat' dir='ltr'><strong>patientiam</strong></span> <span class='ocrx_word' id='word_1_606' title='bbox 844 4739 1022 4804; x_wconf 91' lang='lat' dir='ltr'><strong>rediit,</strong></span> <span class='ocrx_word' id='word_1_607' title='bbox 1056 4748 1166 4796; x_wconf 88' lang='lat' dir='ltr'><strong>tota</strong></span> <span class='ocrx_word' id='word_1_608' title='bbox 1209 4745 1540 4816; x_wconf 91' lang='lat' dir='ltr'><strong>dispensatio</strong></span> <span class='ocrx_word' id='word_1_609' title='bbox 1569 4751 1673 4804; x_wconf 87' lang='lat' dir='ltr'><strong>hu-</strong></span> 
     </span>
    </p>
   </div>
   <div class='ocr_carea' id='block_1_92' title="bbox 163 4807 1666 4910">
    <p class='ocr_par' dir='ltr' id='par_1_92' title="bbox 163 4807 1666 4910">
     <span class='ocr_line' id='line_1_95' title="bbox 163 4807 1666 4910; baseline 0.026 -52"><span class='ocrx_word' id='word_1_610' title='bbox 163 4807 388 4868; x_wconf 80' lang='lat' dir='ltr'><strong>manitatis</strong></span> <span class='ocrx_word' id='word_1_611' title='bbox 428 4833 716 4893; x_wconf 75' lang='lat' dir='ltr'><strong>assumpta:</strong></span> <span class='ocrx_word' id='word_1_612' title='bbox 752 4826 957 4898; x_wconf 87' lang='lat' dir='ltr'><strong>liquido</strong></span> <span class='ocrx_word' id='word_1_613' title='bbox 994 4807 1311 4891; x_wconf 60' lang='lat' dir='ltr'><strong>confitetur:</strong></span> <span class='ocrx_word' id='word_1_614' title='bbox 1334 4841 1472 4906; x_wconf 87' lang='lat' dir='ltr'><strong>Quid</strong></span> <span class='ocrx_word' id='word_1_615' title='bbox 1500 4843 1666 4910; x_wconf 86' lang='lat' dir='ltr'><strong>enim,</strong></span> 
     </span>
    </p>
   </div>
   <div class='ocr_carea' id='block_1_93' title="bbox 162 4901 1671 4999">
    <p class='ocr_par' dir='ltr' id='par_1_93' title="bbox 162 4901 1671 4999">
     <span class='ocr_line' id='line_1_96' title="bbox 162 4901 1671 4999; baseline 0.03 -57"><span class='ocrx_word' id='word_1_616' title='bbox 162 4901 505 4999; x_wconf 81' lang='lat' dir='ltr'><strong>utaprincipio</strong></span> <span class='ocrx_word' id='word_1_617' title='bbox 527 4924 787 4985; x_wconf 89' lang='lat' dir='ltr'><strong>repetam,</strong></span> <span class='ocrx_word' id='word_1_618' title='bbox 819 4921 966 4975; x_wconf 90' lang='lat' dir='ltr'><strong>aliud</strong></span> <span class='ocrx_word' id='word_1_619' title='bbox 1004 4921 1104 4979; x_wconf 86' lang='lat' dir='ltr'><strong>luit</strong></span> <span class='ocrx_word' id='word_1_620' title='bbox 1154 4927 1206 4980; x_wconf 93' lang='lat' dir='ltr'><strong>in</strong></span> <span class='ocrx_word' id='word_1_621' title='bbox 1242 4931 1482 4999; x_wconf 86' lang='lat' dir='ltr'><strong>virginali</strong></span> <span class='ocrx_word' id='word_1_622' title='bbox 1517 4942 1671 4990; x_wconf 88' lang='lat' dir='ltr'><strong>utero</strong></span> 
     </span>
    </p>
   </div>
   <div class='ocr_carea' id='block_1_94' title="bbox 164 4990 1670 5091">
    <p class='ocr_par' dir='ltr' id='par_1_94' title="bbox 164 4990 1670 5091">
     <span class='ocr_line' id='line_1_97' title="bbox 164 4990 1670 5091; baseline 0.03 -57"><span class='ocrx_word' id='word_1_623' title='bbox 164 4990 343 5078; x_wconf 68' lang='lat' dir='ltr'><strong>concipi,</strong></span> <span class='ocrx_word' id='word_1_624' title='bbox 372 5009 543 5055; x_wconf 88' lang='lat' dir='ltr'><strong>natum</strong></span> <span class='ocrx_word' id='word_1_625' title='bbox 580 5005 632 5057; x_wconf 93' lang='lat' dir='ltr'><strong>in</strong></span> <span class='ocrx_word' id='word_1_626' title='bbox 661 5012 921 5080; x_wconf 64' lang='lat' dir='ltr'><strong>praesepio</strong></span> <span class='ocrx_word' id='word_1_627' title='bbox 953 5013 1224 5082; x_wconf 88' lang='lat' dir='ltr'><strong>reclinari,</strong></span> <span class='ocrx_word' id='word_1_628' title='bbox 1255 5019 1448 5075; x_wconf 83' lang='lat' dir='ltr'><strong>vilibus</strong></span> <span class='ocrx_word' id='word_1_629' title='bbox 1474 5025 1670 5091; x_wconf 88' lang='lat' dir='ltr'><strong>pannis</strong></span> 
     </span>
    </p>
   </div>
   <div class='ocr_carea' id='block_1_95' title="bbox 165 5079 1668 5169">
    <p class='ocr_par' dir='ltr' id='par_1_95' title="bbox 165 5079 1668 5169">
     <span class='ocr_line' id='line_1_98' title="bbox 165 5079 1668 5169; baseline 0.031 -45"><span class='ocrx_word' id='word_1_630' title='bbox 165 5079 332 5169; x_wconf 70' lang='lat' dir='ltr'><strong>utvolvi,</strong></span> <span class='ocrx_word' id='word_1_631' title='bbox 367 5093 665 5155; x_wconf 84' lang='lat' dir='ltr'><strong>parentibus</strong></span> <span class='ocrx_word' id='word_1_632' title='bbox 695 5079 968 5156; x_wconf 83' lang='lat' dir='ltr'><strong>humiliter</strong></span> <span class='ocrx_word' id='word_1_633' title='bbox 997 5103 1172 5169; x_wconf 86' lang='lat' dir='ltr'><strong>subdi.</strong></span> <span class='ocrx_word' id='word_1_634' title='bbox 1211 5079 1554 5168; x_wconf 72' lang='lat' dir='ltr'><strong>contumeliis</strong></span> <span class='ocrx_word' id='word_1_635' title='bbox 1587 5115 1668 5169; x_wconf 84' lang='lat' dir='ltr'><strong>af-</strong></span> 
     </span>
    </p>
   </div>
   <div class='ocr_carea' id='block_1_96' title="bbox 165 5163 1664 5306">
    <p class='ocr_par' dir='ltr' id='par_1_96' title="bbox 165 5163 1664 5306">
     <span class='ocr_line' id='line_1_99' title="bbox 165 5163 1664 5306; baseline 0.012 -65"><span class='ocrx_word' id='word_1_636' title='bbox 165 5163 241 5306; x_wconf 48' lang='lat' dir='ltr'><strong>ﬁci:</strong></span> <span class='ocrx_word' id='word_1_637' title='bbox 270 5188 514 5241; x_wconf 76' lang='lat' dir='ltr'><strong>Postremo</strong></span> <span class='ocrx_word' id='word_1_638' title='bbox 555 5193 786 5265; x_wconf 85' lang='lat' dir='ltr'><strong>crucifigi</strong></span> <span class='ocrx_word' id='word_1_639' title='bbox 813 5207 865 5250; x_wconf 92' lang='lat' dir='ltr'><strong>et</strong></span> <span class='ocrx_word' id='word_1_640' title='bbox 916 5197 1089 5250; x_wconf 87' lang='lat' dir='ltr'><strong>mori?</strong></span> <span class='ocrx_word' id='word_1_641' title='bbox 1117 5197 1276 5268; x_wconf 86' lang='lat' dir='ltr'><strong>Quid,</strong></span> <span class='ocrx_word' id='word_1_642' title='bbox 1328 5205 1569 5274; x_wconf 87' lang='lat' dir='ltr'><strong>inquam,</strong></span> <span class='ocrx_word' id='word_1_643' title='bbox 1609 5211 1664 5265; x_wconf 88' lang='lat' dir='ltr'><strong>in</strong></span> 
     </span>
     <span class='ocr_line' id='line_1_100' title="bbox 193 5270 1598 5306; baseline 0 0"><span class='ocrx_word' id='word_1_644' title='bbox 193 5270 457 5306; x_wconf 69' lang='lat' dir='ltr'><strong>lsmnnilum</strong></span> <span class='ocrx_word' id='word_1_645' title='bbox 528 5279 623 5306; x_wconf 51' lang='lat'><strong>“:0:</strong></span> <span class='ocrx_word' id='word_1_646' title='bbox 675 5286 799 5306; x_wconf 44' lang='grc' dir='ltr'><strong>..-μμ</strong></span> <span class='ocrx_word' id='word_1_647' title='bbox 841 5298 854 5306; x_wconf 87' lang='grc'><strong>-</strong></span> <span class='ocrx_word' id='word_1_648' title='bbox 908 5304 925 5306; x_wconf 85' lang='lat'><em>_</em></span> <span class='ocrx_word' id='word_1_649' title='bbox 978 5288 1158 5306; x_wconf 65' lang='lat'><strong>2-___!_.,</strong></span> <span class='ocrx_word' id='word_1_650' title='bbox 1339 5297 1348 5306; x_wconf 95' lang='lat'><strong>.</strong></span> <span class='ocrx_word' id='word_1_651' title='bbox 1455 5297 1464 5306; x_wconf 93' lang='lat'><strong>.</strong></span> <span class='ocrx_word' id='word_1_652' title='bbox 1588 5301 1598 5306; x_wconf 86' lang='lat'><strong>-</strong></span> 
     </span>
    </p>
   </div>
   <div class='ocr_carea' id='block_1_97' title="bbox 193 5270 1598 5312">
    <p class='ocr_par' dir='ltr' id='par_1_97' title="bbox 193 5270 1598 5312">
     <span class='ocr_line' id='line_1_101' title="bbox 193 5270 1598 5312; baseline 0.001 -2"><span class='ocrx_word' id='word_1_653' title='bbox 193 5270 458 5312; x_wconf 76' lang='lat' dir='ltr'><strong>lSOmnilme</strong></span> <span class='ocrx_word' id='word_1_654' title='bbox 528 5279 623 5312; x_wconf 71' lang='grc' dir='ltr'><strong>πιέρῖ</strong></span> <span class='ocrx_word' id='word_1_655' title='bbox 675 5286 927 5312; x_wconf 71' lang='lat' dir='ltr'><strong>m..:..-.....</strong></span> <span class='ocrx_word' id='word_1_656' title='bbox 978 5288 1182 5312; x_wconf 66' lang='lat'><strong>:....:.....</strong></span> <span class='ocrx_word' id='word_1_657' title='bbox 1316 5297 1348 5312; x_wconf 91' lang='lat'><strong>--</strong></span> <span class='ocrx_word' id='word_1_658' title='bbox 1431 5297 1464 5312; x_wconf 84' lang='lat'><strong>--</strong></span> <span class='ocrx_word' id='word_1_659' title='bbox 1588 5301 1598 5312; x_wconf 92' lang='lat'><strong>.</strong></span> 
     </span>
    </p>
   </div>
   <div class='ocr_carea' id='block_1_98' title="bbox 1777 4683 3358 4782">
    <p class='ocr_par' dir='ltr' id='par_1_98' title="bbox 1777 4683 3358 4782">
     <span class='ocr_line' id='line_1_102' title="bbox 1777 4683 3358 4782; baseline 0.023 -50"><span class='ocrx_word' id='word_1_660' title='bbox 1777 4683 1970 4750; x_wconf 67' lang='lat' dir='ltr'><strong>patria:</strong></span> <span class='ocrx_word' id='word_1_661' title='bbox 2008 4687 2547 4749; x_wconf 73' lang='lat' dir='ltr'><strong>coelesﬁsaecendat.</strong></span> <span class='ocrx_word' id='word_1_662' title='bbox 2603 4697 2657 4752; x_wconf 93' lang='lat' dir='ltr'><strong>In</strong></span> <span class='ocrx_word' id='word_1_663' title='bbox 2692 4700 2782 4756; x_wconf 91' lang='lat' dir='ltr'><strong>illa</strong></span> <span class='ocrx_word' id='word_1_664' title='bbox 2837 4703 3110 4764; x_wconf 89' lang='lat' dir='ltr'><strong>discamus</strong></span> <span class='ocrx_word' id='word_1_665' title='bbox 3159 4723 3358 4782; x_wconf 90' lang='lat' dir='ltr'><strong>quanta</strong></span> 
     </span>
    </p>
   </div>
   <div class='ocr_carea' id='block_1_99' title="bbox 1778 4773 3357 4875">
    <p class='ocr_par' dir='ltr' id='par_1_99' title="bbox 1778 4773 3357 4875">
     <span class='ocr_line' id='line_1_103' title="bbox 1778 4773 3357 4875; baseline 0.022 -49"><span class='ocrx_word' id='word_1_666' title='bbox 1778 4773 1918 4830; x_wconf 87' lang='lat' dir='ltr'><strong>Deus</strong></span> <span class='ocrx_word' id='word_1_667' title='bbox 1949 4792 2046 4844; x_wconf 94' lang='lat' dir='ltr'><strong>pro</strong></span> <span class='ocrx_word' id='word_1_668' title='bbox 2090 4780 2307 4837; x_wconf 87' lang='lat' dir='ltr'><strong>homine</strong></span> <span class='ocrx_word' id='word_1_669' title='bbox 2359 4788 2608 4856; x_wconf 91' lang='lat' dir='ltr'><strong>pertulit;</strong></span> <span class='ocrx_word' id='word_1_670' title='bbox 2664 4794 2716 4847; x_wconf 91' lang='lat' dir='ltr'><strong>in</strong></span> <span class='ocrx_word' id='word_1_671' title='bbox 2773 4796 2874 4849; x_wconf 86' lang='lat' dir='ltr'><strong>ista</strong></span> <span class='ocrx_word' id='word_1_672' title='bbox 2931 4773 3357 4875; x_wconf 77' lang='lat' dir='ltr'><strong>perpendamus,</strong></span> 
     </span>
    </p>
   </div>
   <div class='ocr_carea' id='block_1_100' title="bbox 1777 4863 3358 4956">
    <p class='ocr_par' dir='ltr' id='par_1_100' title="bbox 1777 4863 3358 4956">
     <span class='ocr_line' id='line_1_104' title="bbox 1777 4863 3358 4956; baseline 0.02 -38"><span class='ocrx_word' id='word_1_673' title='bbox 1777 4863 1938 4919; x_wconf 89' lang='lat' dir='ltr'><strong>homo</strong></span> <span class='ocrx_word' id='word_1_674' title='bbox 1972 4882 2067 4937; x_wconf 89' lang='lat' dir='ltr'><strong>per</strong></span> <span class='ocrx_word' id='word_1_675' title='bbox 2115 4871 2282 4926; x_wconf 89' lang='lat' dir='ltr'><strong>Deum</strong></span> <span class='ocrx_word' id='word_1_676' title='bbox 2327 4875 2396 4928; x_wconf 88' lang='lat' dir='ltr'><strong>ad</strong></span> <span class='ocrx_word' id='word_1_677' title='bbox 2443 4889 2706 4946; x_wconf 87' lang='lat' dir='ltr'><strong>quantum</strong></span> <span class='ocrx_word' id='word_1_678' title='bbox 2761 4863 3095 4946; x_wconf 76' lang='lat' dir='ltr'><strong>celsitudinis</strong></span> <span class='ocrx_word' id='word_1_679' title='bbox 3148 4863 3358 4956; x_wconf 64' lang='lat' dir='ltr'><strong>culmeti</strong></span> 
     </span>
    </p>
   </div>
   <div class='ocr_carea' id='block_1_101' title="bbox 1777 4958 3360 5046">
    <p class='ocr_par' dir='ltr' id='par_1_101' title="bbox 1777 4958 3360 5046">
     <span class='ocr_line' id='line_1_105' title="bbox 1777 4958 3360 5046; baseline 0.02 -36"><span class='ocrx_word' id='word_1_680' title='bbox 1777 4958 2040 5013; x_wconf 85' lang='lat' dir='ltr'><strong>ascendit.</strong></span> <span class='ocrx_word' id='word_1_681' title='bbox 2096 4959 2152 5016; x_wconf 87' lang='lat' dir='ltr'><strong>lu</strong></span> <span class='ocrx_word' id='word_1_682' title='bbox 2184 4964 2272 5018; x_wconf 88' lang='lat' dir='ltr'><strong>illa</strong></span> <span class='ocrx_word' id='word_1_683' title='bbox 2322 4965 2519 5037; x_wconf 91' lang='lat' dir='ltr'><strong>quippe</strong></span> <span class='ocrx_word' id='word_1_684' title='bbox 2556 4969 2855 5032; x_wconf 86' lang='lat' dir='ltr'><strong>festivitate</strong></span> <span class='ocrx_word' id='word_1_685' title='bbox 2903 4978 3219 5046; x_wconf 83' lang='lat' dir='ltr'><strong>unigenitus</strong></span> <span class='ocrx_word' id='word_1_686' title='bbox 3268 4985 3360 5042; x_wconf 89' lang='lat' dir='ltr'><strong>Dei</strong></span> 
     </span>
    </p>
   </div>
   <div class='ocr_carea' id='block_1_102' title="bbox 1775 5047 3370 5150">
    <p class='ocr_par' dir='ltr' id='par_1_102' title="bbox 1775 5047 3370 5150">
     <span class='ocr_line' id='line_1_106' title="bbox 1775 5047 3370 5150; baseline 0.018 -48"><span class='ocrx_word' id='word_1_687' title='bbox 1775 5047 1946 5102; x_wconf 91' lang='lat' dir='ltr'><strong>Filius</strong></span> <span class='ocrx_word' id='word_1_688' title='bbox 1972 5052 2024 5104; x_wconf 89' lang='lat' dir='ltr'><strong>in</strong></span> <span class='ocrx_word' id='word_1_689' title='bbox 2056 5056 2251 5122; x_wconf 87' lang='lat' dir='ltr'><strong>templo</strong></span> <span class='ocrx_word' id='word_1_690' title='bbox 2281 5070 2361 5114; x_wconf 88' lang='lat' dir='ltr'><strong>est</strong></span> <span class='ocrx_word' id='word_1_691' title='bbox 2411 5061 2690 5125; x_wconf 84' lang='lat' dir='ltr'><strong>humiliter</strong></span> <span class='ocrx_word' id='word_1_692' title='bbox 2731 5078 3134 5150; x_wconf 73' lang='lat' dir='ltr'><strong>prtesentatus;</strong></span> <span class='ocrx_word' id='word_1_693' title='bbox 3160 5079 3215 5134; x_wconf 89' lang='lat' dir='ltr'><strong>in</strong></span> <span class='ocrx_word' id='word_1_694' title='bbox 3267 5076 3370 5130; x_wconf 85' lang='lat' dir='ltr'><strong>ista</strong></span> 
     </span>
    </p>
   </div>
   <div class='ocr_carea' id='block_1_103' title="bbox 1775 5138 3366 5228">
    <p class='ocr_par' dir='ltr' id='par_1_103' title="bbox 1775 5138 3366 5228">
     <span class='ocr_line' id='line_1_107' title="bbox 1775 5138 3366 5228; baseline 0.023 -34"><span class='ocrx_word' id='word_1_695' title='bbox 1775 5138 2116 5198; x_wconf 78' lang='lat' dir='ltr'><strong>beatissimus</strong></span> <span class='ocrx_word' id='word_1_696' title='bbox 2144 5144 2259 5212; x_wconf 80' lang='lat' dir='ltr'><strong>eius</strong></span> <span class='ocrx_word' id='word_1_697' title='bbox 2289 5149 2518 5207; x_wconf 85' lang='lat' dir='ltr'><strong>famulus</strong></span> <span class='ocrx_word' id='word_1_698' title='bbox 2547 5159 2618 5212; x_wconf 87' lang='lat' dir='ltr'><strong>ad</strong></span> <span class='ocrx_word' id='word_1_699' title='bbox 2661 5138 2783 5217; x_wconf 57' lang='lat' dir='ltr'><strong>caeli</strong></span> <span class='ocrx_word' id='word_1_700' title='bbox 2822 5157 3082 5228; x_wconf 84' lang='lat' dir='ltr'><strong>palatium</strong></span> <span class='ocrx_word' id='word_1_701' title='bbox 3117 5138 3207 5228; x_wconf 64' lang='lat' dir='ltr'><strong>est</strong></span> <span class='ocrx_word' id='word_1_702' title='bbox 3247 5181 3366 5221; x_wconf 76' lang='lat' dir='ltr'><strong>cum</strong></span> 
     </span>
    </p>
   </div>
   <div class='ocr_carea' id='block_1_104' title="bbox 1773 5229 3371 5312">
    <p class='ocr_par' dir='ltr' id='par_1_104' title="bbox 1773 5229 3371 5312">
     <span class='ocr_line' id='line_1_108' title="bbox 1773 5229 3371 5312; baseline 0.018 -32"><span class='ocrx_word' id='word_1_703' title='bbox 1773 5229 1939 5300; x_wconf 83' lang='lat' dir='ltr'><strong>gloria</strong></span> <span class='ocrx_word' id='word_1_704' title='bbox 1993 5232 2329 5293; x_wconf 88' lang='lat' dir='ltr'><strong>sublimatus.</strong></span> <span class='ocrx_word' id='word_1_705' title='bbox 2388 5239 2444 5294; x_wconf 87' lang='lat' dir='ltr'><strong>lu</strong></span> <span class='ocrx_word' id='word_1_706' title='bbox 2486 5243 2576 5298; x_wconf 84' lang='lat' dir='ltr'><strong>illa</strong></span> <span class='ocrx_word' id='word_1_707' title='bbox 2641 5240 3059 5312; x_wconf 73' lang='lat' dir='ltr'><strong>Redemptorem</strong></span> <span class='ocrx_word' id='word_1_708' title='bbox 3125 5265 3371 5312; x_wconf 85' lang='lat' dir='ltr'><strong>nostrum</strong></span> 
     </span>
    </p>
   </div>
  </div>
