3950 5344
501 318 608 374 525

1155 318 1209 373 S.
1254 313 1458 372 PETRI
1499 315 1785 372 DAMIANI
1808 316 1957 372 OPP.
1990 314 2168 371 PARS
2206 313 2332 370 SEU
2369 313 2602 371 TOMUS
2641 315 2700 370 ll.
2736 345 2803 355 —-
2839 315 3226 375 SERMONES.

3577 323 3770 383 ~52!

500 438 714 493 oblatus
770 435 824 490 in
882 433 1172 505 templum;
1226 435 1278 489 in
1333 435 1433 490 ista
1498 434 1778 490 confessor
1833 434 2081 504 egregius
2109 431 2430 502 Ainopem,
2460 431 2719 487 virtutum
2752 432 2959 488 divitiis
3001 434 3343 506 locupletem.
3388 437 3635 496 Audistis
3678 441 3772 496 ho-

499 528 744 599 deposito
778 528 978 583 terreni
1025 526 1269 595 corporis
1301 526 1538 596 pondere
1578 525 1715 580 liber
1742 525 1984 578 ascendit
2027 523 2080 578 in

501 620 718 672 coelum.
759 609 818 672 lu
851 618 938 672 illa
974 619 1020 672 is
1054 616 1144 687 qui
1174 617 1275 687 legi
1304 617 1433 671 nihil
1459 617 1688 671 debebat
1723 615 1855 685 legis
1883 614 2079 668 tributa

495 708 782 776 persolvit;
809 709 861 762 in
895 709 993 762 ista
1024 708 1184 761 msrti
1213 707 1477 760 obnoxius
1506 706 1630 776 jura
1662 704 1855 759 mortis
1883 704 2077 758 evasit.

496 799 587 854 ille
618 801 682 856 de
710 809 883 854 matre
912 800 1184 855 nascendo
1212 799 1464 868 dignatus
1493 807 1576 852 est
1618 795 1739 852 esse
1794 796 2073 862 mortalis;

495 890 598 944 iste
630 906 792 945 carne
826 891 1108 945 moriendo
1165 889 1280 942 fieri
1331 888 1528 943 meruit
1581 885 1922 941 immortalis.
1974 885 2076 940 Ve-

496 985 691 1038 niendo
720 984 862 1038 Deus
893 983 944 1036 in
991 982 1250 1036 mundum
1285 979 1536 1034 servilem
1585 978 1756 1031 induit
1805 977 2072 1047 speciem;

498 1073 801 1128 recedendo
839 1073 1074 1128 Severus
1123 1072 1190 1126 de
1233 1071 1432 1125 mundo
1475 1069 1542 1123 ad
1595 1069 1896 1138 angelicam
1953 1083 2078 1138 pro-

488 1175 678 1221 vectus
708 1175 794 1220 est
849 1165 1189 1235 dignitatem.
1243 1161 1349 1216 Sed
1396 1162 1499 1216 nisi
1553 1161 1643 1214 ille
1686 1161 2070 1224 descendisset,

490 1260 596 1313 iste
649 1258 956 1312 nullatenus
1009 1255 1363 1312 ascendisset.
1417 1253 1530 1308 Nisi
1589 1254 1728 1308 Deus
1781 1254 2072 1308 humanam

491 1352 792 1420 susciperet
822 1349 1088 1414 formam,
1140 1362 1417 1418 nunquam
1468 1347 1630 1401 homo
1679 1345 1746 1398 ad
1795 1344 2072 1399 caelestem

404 1504 412 1510 _
488 1443 822 1513 pertingeret
852 1441 1096 1512 gloriam.
1151 1438 1264 1493 Nisi
1311 1438 1450 1492 Deus
1500 1436 1880 1492 humiliaretur
1929 1434 2071 1489 infra

489 1551 577 1600 se,
610 1550 949 1606 nequaquam
978 1535 1140 1588 homo
1171 1532 1503 1587 exaltaretur
1529 1545 1689 1599 super
1737 1544 1815 1584 se.
1845 1529 1911 1582 Et
1942 1528 2072 1598 quid

490 1628 720 1698 amplius
748 1627 958 1682 dicam?
1001 1624 1115 1679 Nisi
1141 1623 1300 1696 paulo
1343 1622 1522 1677 minus
1555 1623 1623 1676 ab
1653 1619 1861 1691 angelis
1893 1619 2070 1674 mino-

486 1729 639 1774 ratus
668 1728 810 1775 esset
843 1719 984 1773 Deus
1009 1716 1170 1770 homo
1198 1712 1370 1785 (Psal.
1395 1720 1538 1779 vut),
1569 1727 1847 1782 nunquam
1887 1725 2070 1780 aequa-

2182 525 2383 579 minem
2407 524 2546 594 apud
2577 525 2824 581 homines
2853 525 2905 580 in
2943 526 3126 581 humili
3158 529 3276 584 loco
3315 531 3580 600 positum,
3627 539 3770 603 apud

2179 619 2353 672 Deum
2387 633 2515 672 vero
2556 617 2608 671 in
2647 619 2832 672 arduae
2877 617 3226 675 sublimitatis
3276 636 3402 677 arce
3454 626 3768 678 subnixum.

2178 708 2424 763 Audistis
2455 708 2628 761 virum
2674 709 2932 776 pannosis
2985 712 3203 780 quidem
3252 714 3498 768 vestibus
3539 715 3767 776 fmdum,

2179 801 2272 855 sed
2323 800 2580 869 praeclara
2625 816 2834 854 morum
2885 803 3168 859 honestate
3217 807 3594 874 conspicuum.
3669 807 3768 862 Ubi

2177 899 2303 945 sunt
2336 891 2408 945 illi
2441 891 2530 961 qui
2567 889 2751 946 dicunt
2779 910 2790 945 :
2822 891 2930 966 Nos
2963 894 3054 948 Dei
3084 906 3351 966 praecepta
3393 913 3624 952 servare
3663 914 3765 952 non

2174 993 2481 1049 possumus,
2513 981 2640 1049 quia
2679 965 2945 1035 terrenam
2974 965 3330 1039 substantiam
3382 988 3447 1040 ad
3494 1003 3630 1041 usus
3669 1003 3764 1042 ne-

2176 1072 2444 1127 cessarios
2477 1089 2581 1126 non
2611 1073 2906 1129 habemus?
2940 1075 3039 1130 Ubi
3068 1085 3214 1141 sunt,
3248 1076 3489 1147 inquam,
3517 1079 3612 1148 qui
3639 1080 3766 1134 dum

2176 1158 2486 1214 hominibus
2518 1174 2577 1214 se
2609 1177 2874 1216 excusare
2919 1163 3184 1229 nituntur,
3230 1166 3340 1220 Deo
3370 1183 3428 1222 se
3459 1168 3636 1222 multo
3669 1169 3765 1222 de-

2175 1253 2346 1308 terius
2398 1253 2794 1310 inexcusabiles
2837 1257 3105 1311 reddunt?
3152 1257 3430 1314 Accedant
3475 1269 3534 1314 et
3580 1277 3651 1314 ex
3702 1261 3764 1313 Β.

2177 1343 2366 1402 Severi
2403 1350 2718 1419 magisterio
2759 1351 2902 1405 veris
2951 1353 3232 1408 abundare
3279 1354 3484 1410 divitiis
3527 1355 3760 1420 discant.

2175 1453 2262 1504 ne,
2287 1440 2412 1494 dum
2449 1441 2610 1495 rebus
2633 1451 2759 1496 sunt
2787 1443 2961 1506 vacui,
2989 1444 3098 1498 sint
3136 1445 3281 1499 vitiis
3332 1446 3476 1514 pleni
3532 1431 3588 1502 et
3635 1465 3765 1518 pau-

2173 1533 2401 1600 perlatis
2425 1534 2680 1588 caminus
2708 1534 2752 1589 si
2778 1551 2884 1589 non
2910 1537 3164 1592 vitiorum
3191 1536 3495 1610 rubiginem
3548 1551 3760 1612 purgat,

2172 1619 2427 1676 vitimum
2456 1623 2732 1677 metallum
2758 1623 2824 1678 ad
2862 1625 3040 1682 inanis
3077 1630 3266 1682 scoria:
3297 1627 3581 1700 fuliginem
3638 1647 3761 1685 ver-

2173 1717 2270 1765 tat.
2303 1710 2442 1766 Ecce
2469 1713 2613 1766 enim
2645 1714 2992 1770 beatissimus
3032 1717 3133 1772 iste
3179 1717 3259 1771 vir
3286 1719 3387 1773 sub
3418 1716 3762 1789 paupertatis

485 1813 553 1868 lis
598 1813 804 1883 angelis
846 1812 996 1866 lieret
1033 1825 1198 1880 purus
1246 1808 1428 1862 homo.
1479 1807 1649 1873 Quam
1699 1804 2068 1875 aequalitatem
2101 1785 2147 1844 Β
2177 1816 2288 1855 suae
2322 1817 2486 1858 onere
2513 1803 2720 1872 pasitus
2769 1815 2824 1860 et
2864 1807 3057 1862 divinae
3107 1808 3238 1879 legis
3286 1785 3561 1881 pmcepta
3608 1814 3758 1868 sufﬁ-

484 1920 580 1975 pcr
609 1904 952 1973 semetipsam
980 1902 1031 1956 in
1060 1901 1352 1972 Evangelio
1395 1899 1663 1972 promittit
1706 1900 1939 1965 Veritas,
1992 1898 2073 1953 di-

483 2013 615 2052 cens
650 2015 663 2052 :
709 2015 726 2048 ‹
774 1997 829 2051 ln
862 1996 1262 2051 resurrectione
1295 2003 1476 2050 autem
1523 2008 1698 2063 ncqtte
1746 1992 1948 2046 nubent
1978 2006 2071 2046 ne-

485 2106 592 2160 que
620 2091 914 2154 nubentur,
947 2089 1040 2144 sed
1088 2089 1192 2159 18
1230 2099 1392 2143 erunt
1439 2086 1580 2142 sicut
1633 2085 1808 2156 angeli
1862 2085 1954 2139 Dei
2015 2082 2068 2137 in

483 2181 860 2252 cmloUlfauh.
890 2182 1009 2251 xu).
1049 2199 1067 2233 ›
1119 2181 1201 2234 Ad
1251 2180 1410 2251 hujus
1438 2177 1764 2233 felicissimae
1793 2175 2070 2247 dignitatis

469 2272 718 2340 culmen,
759 2287 792 2328 ο
825 2271 1007 2336 homo,
1038 2271 1084 2326 si
1119 2279 1170 2326 te
1197 2270 1475 2325 desideras
1501 2268 1748 2339 provehi,
1783 2267 1908 2320 totis
1935 2265 2069 2320 nisi-

480 2366 583 2420 bus
605 2371 790 2435 satage
819 2377 959 2417 verae
985 2360 1308 2415 humilitatis
1338 2359 1647 2430 dejectione
1686 2355 1954 2428 prosterni
1979 2370 1992 2418 ;
2023 2352 2067 2408 si

478 2456 708 2513 exaltari
731 2455 884 2526 cupis
909 2454 961 2509 in
984 2453 1220 2517 Christo,
1249 2451 1480 2522 dejicere
1503 2452 1652 2524 prius
1683 2451 1734 2505 in
1760 2445 2064 2519 temetipso,

472 2549 728 2620 deprime
766 2546 1075 2616 superbiam
1136 2544 1320 2599 carnis
1347 2584 1362 2610 ,
1415 2552 1471 2598 et
1508 2543 1574 2597 ad
1615 2541 1958 2596 altitudinem
2015 2548 2068 2592 te

480 2641 702 2698 subleva
732 2638 1041 2704 Creatoris,
1083 2636 1276 2692 cohibe
1303 2635 1567 2706 quidquid
1596 2633 1862 2692 tumidum
1895 2630 2068 2702 surgit

464 2736 534 2790 .in
571 2742 644 2799 te,
672 2739 726 2788 et
759 2746 882 2785 mox
938 2728 1169 2800 erigeris
1222 2728 1374 2782 valde
1428 2727 1641 2782 eminus
1689 2725 1828 2780 ultra
1869 2732 1940 2779 te.
2000 2723 2066 2777 Et

471 2835 628 2880 certe
659 2823 801 2878 altus
827 2830 908 2878 est
938 2823 1100 2886 Deus,
1137 2819 1245 2874 into
1292 2818 1607 2875 altissimus.
1656 2817 1762 2874 Sed
1806 2817 1850 2872 si
1907 2825 1958 2870 te
2010 2815 2064 2869 in

479 2925 690 2970 tantum
717 2913 1014 2968 tetenderis
1034 2919 1091 2965 ut
1119 2911 1283 2964 etiam
1316 2924 1554 2978 rumpas.
1595 2909 1700 2963 hoc.
1731 2919 1908 2962 tamen
1956 2922 2054 2976 pa-

476 3014 568 3062 cto
598 3005 665 3058 ad
701 3003 821 3072 ejus
855 2994 1233 3058 celsitudinem
1276 3016 1381 3054 non
1430 3001 1671 3071 aspiras;
1721 3000 1828 3054 imo
1861 3013 1968 3068 quo
2013 3005 2064 3051 te

479 3098 700 3171 propius
740 3095 1048 3164 accendere
1078 3093 1339 3166 testimas,
1373 3107 1437 3147 eo
1468 3094 1533 3146 ad
1561 3090 1817 3146 inferiora
1847 3087 2062 3158 propul.

2173 1891 2380 1947 cienter
2403 1893 2673 1962 implevit;
2704 1905 2781 1958 et.
2807 1897 2933 1966 quia
2962 1899 3106 1955 aliud
3133 1917 3239 1956 non
3278 1902 3537 1967 habebat,
3588 1921 3761 1961 semc-

2173 1985 2370 2054 tipsum
2418 1985 2471 2040 in
2511 2002 2605 2040 ara
2648 2001 2850 2044 sanctae
2881 1992 3260 2060 simplicitatis,
3309 1997 3457 2050 velut
3507 2013 3759 2068 magnam

2170 2079 2406 2148 aliquam
2437 2080 2766 2149 columbam,
2787 2085 3252 2153 opulentissimum
3285 2088 3397 2142 Deo
3424 2090 3757 2145 sacrificium

2169 2169 2393 2235 obtulit;
2421 2181 2497 2235 et,
2529 2173 2652 2242 quia
2681 2173 2732 2228 in
2763 2175 3004 2231 moribus
3044 2177 3290 2232 colmuba
3319 2179 3440 2244 fuit,
3494 2181 3757 2236 columba:

2169 2275 2368 2315 munus
2395 2262 2645 2332 accipere
2677 2265 2896 2320 meruit.
2938 2267 3207 2337 Egestatis
3246 2270 3447 2340 quippe
3493 2284 3755 2341 angusta-

2172 2361 2257 2407 tus
2285 2353 2489 2424 inopia,
2516 2371 2622 2410 non
2659 2357 2725 2410 ad
2755 2357 3158 2427 obsequendum
3201 2361 3489 2432 cujuslibet
3538 2364 3754 2418 domum

2168 2444 2406 2512 potentis
2433 2444 2672 2510 intravit,
2714 2463 2818 2501 non
2847 2448 3054 2504 adulari
3088 2450 3361 2516 divitibus,
3395 2452 3504 2523 l9
3543 2462 3604 2507 ut
3646 2469 3756 2509 mos

2168 2543 2252 2588 est
2296 2539 2878 2606 pauperum,studuit,
2907 2556 3013 2596 non
3055 2541 3340 2597 ambitiosa
3388 2545 3756 2615 negotiatione

2169 2638 2367 2694 augere
2394 2628 2651 2694 pecunias
2691 2628 2986 2694 anhelavit,
3027 2645 3134 2685 non
3182 2631 3500 2701 periculosae
3553 2636 3757 2690 militiae

2167 2730 2287 2785 qua:
2329 2716 2447 2772 sine
2499 2729 2724 2787 peccato
2773 2721 3000 2791 bajulari
3056 2738 3161 2778 non
3215 2734 3390 2792 potest
3427 2727 3753 2796 stipendium

2168 2809 2477 2878 concupivit
2500 2850 2512 2871 ,
2547 2811 2641 2864 sed
2676 2811 2925 2866 muliebri
2971 2823 3256 2869 contentus
3292 2815 3478 2871 officio
3501 2859 3515 2883 ,
3549 2819 3754 2888 simpli-

2167 2911 2283 2950 cem
2318 2899 2516 2951 victutn
2553 2914 2716 2954 manu
2760 2909 2815 2955 et
2857 2911 2975 2956 arte
3023 2905 3324 2973 quzerebat,
3349 2915 3424 2970 et,
3453 2910 3750 2962 secundum

2166 2985 2466 3044 Psalmista:
2489 3005 2696 3057 vocem,
2727 2991 2940 3048 labores
2963 3010 3216 3050 manuum
3241 3011 3465 3050 suarum
3497 2999 3752 3054 innocens

2169 3082 2724 3155 manducabatU’sal.
2768 3092 2996 3153 cxxvtt).
3049 3088 3150 3155 Qui
3197 3090 3400 3145 idcirco
3443 3090 3749 3161 hujusmodi

477 3153 629 3246 satus
652 3186 874 3258 eiongas
906 3203 921 3239 :
955 3159 1092 3238 Audi
1123 3164 1249 3253 quid
1274 3182 1560 3237 Psalmista
1587 3182 1730 3236 dicat
1763 3201 1774 3236 :
1816 3200 1835 3232 ε
1873 3179 2064 3238 Excel-
2092 3153 2136 3215 Ο
2169 3183 2342 3226 artem
2367 3173 2594 3244 elegisse
2631 3190 2740 3244 prze
2767 3178 2978 3232 caneris
3025 3193 3129 3231 non
3165 3179 3435 3234 immerito
3489 3182 3748 3242 creditur,

477 3296 572 3336 sus
605 3277 868 3332 Dominus
925 3273 1146 3348 humilia
1177 3273 1418 3343 respicit,
1448 3281 1503 3327 et
1525 3271 1634 3327 alta
1676 3290 1705 3326 a
1755 3272 1916 3344 longe
1972 3288 2062 3329 co-

478 3369 694 3442 gnoscit
741 3365 914 3440 (Paal.
968 3364 1232 3437 cxxxvu).
1272 3384 1291 3417 ι
1325 3363 1555 3421 Attende
1603 3363 1768 3418 etiam
1825 3364 2063 3433 qualiter

479 3462 607 3517 huic
659 3459 944 3516 sententiae
981 3457 1194 3512 Veritas
1230 3457 1343 3527 ipsa
1396 3457 1687 3511 concordat
1721 3472 1737 3510 :
1778 3476 1795 3508 ‹
1853 3455 2060 3522 Omnis,

475 3551 678 3622 inquit,
708 3548 800 3619 qui
829 3563 886 3603 se
916 3545 1569 3613 exaltat,bumiliabitur;
1602 3556 1655 3601 et
1688 3545 1778 3616 qui
1810 3561 1868 3602 se
1887 3546 2064 3602 humi-

476 3640 592 3707 liat,
627 3638 958 3695 exaltabilur
982 3636 1134 3708 (Luc.
1171 3639 1356 3708 xvut).
1403 3657 1422 3691 ι

545 3733 682 3788 Hinc
711 3741 818 3796 est,
846 3729 991 3802 quod
1018 3729 1212 3785 beatus
1259 3731 1360 3785 iste
1406 3737 1460 3785 et
1501 3729 1750 3802 egregius
1797 3729 2059 3801 pontifex,

474 3822 629 3893 cujus
675 3823 838 3878 hodie
882 3821 1112 3894 gloriosa
1160 3821 1420 3878 solemnia
1472 3821 1820 3892 frequentare
1864 3824 2064 3894 gaude-

473 3930 615 3979 mus,
645 3922 699 3969 et
730 3914 782 3968 itt
824 3914 924 3968 hac
957 3914 1064 3966 vita
1111 3912 1292 3968 sedem
1343 3912 1546 3966 meruit
1573 3912 1934 3982 episcopalem
1966 3929 2058 3968 su-

476 4008 714 4076 scipere,
751 4013 805 4060 et
836 4014 956 4075 post
985 4004 1194 4060 felicem
1226 4004 1434 4059 obitum
1459 4005 1610 4076 regni
1641 4005 1886 4061 cmlestis
1919 4004 2060 4060 atria

473 4106 781 4168 penetrare.
822 4094 950 4159 Sed,
985 4105 1043 4148 ut
1079 4096 1251 4150 virtus
1302 4095 1632 4150 humilitatis
1683 4095 1802 4164 ejus
1857 4096 2062 4166 clarius

474 4188 800 4250 innotescat,
833 4185 1040 4256 aliqttid
1088 4202 1155 4240 ex
1188 4187 1302 4256 ipsa
1344 4197 1619 4266 gestorum
1651 4186 1795 4241 illius
1829 4187 2059 4243 historia

474 4279 634 4336 nobis
663 4278 944 4349 praelibare
992 4294 1099 4332 non
1133 4279 1328 4348 pigeat.
1352 4278 1576 4350 Legitur
1603 4279 1745 4333 enim
1779 4281 1900 4348 quia
1924 4295 2060 4352 qua-

475 4369 601 4425 dam
631 4369 740 4432 die,
774 4368 899 4423 dum
942 4365 1208 4422 lanisterii
1238 4375 1381 4423 esset
1406 4378 1702 4438 occupatus
1743 4367 1918 4424 ofﬁcio
1940 4409 1954 4434 ,
1985 4359 2062 4425 ait

473 4461 550 4518 ad
597 4459 881 4530 conjugem
915 4477 927 4514 :
967 4457 1192 4524 Vadam,
1223 4467 1278 4513 et
1308 4459 1501 4514 videbo
1527 4459 1791 4516 visionem
1835 4461 2054 4516 mirabi-

2169 3273 2226 3316 ut
2257 3263 2398 3318 inter
2437 3281 2660 3319 uxorem
2716 3275 2771 3322 et
2802 3268 2977 3321 virum
3008 3270 3180 3340 major
3209 3282 3411 3326 mutua:
3467 3273 3752 3327 cbaritatis

2166 3354 2380 3408 occasio
2418 3355 2772 3424 prtebcrelttr,
2801 3373 2888 3423 ne,
2928 3359 2971 3413 si
2996 3361 3301 3414 essetinter
3334 3375 3430 3417 eos
3475 3363 3752 3433 inaequali-

2172 3453 2253 3500 tas
2305 3445 2633 3513 ofliciorum,
2684 3450 2992 3520 subriperet
3043 3453 3406 3526 (subreperet)
3462 3458 3751 3528 aliquando

2166 3539 2328 3592 etiam
2361 3541 2643 3597 diversitas
2675 3545 3003 3612 animorum,
3045 3562 3098 3602 et
3138 3561 3202 3603 ex
3248 3551 3384 3605 artis
3436 3553 3750 3614 exercendae

2172 3629 2429 3685 distantia
2461 3633 2700 3688 oriretur
2730 3635 2956 3692 forsitan
2998 3639 3050 3693 in
3080 3639 3374 3695 domestica
3399 3657 3535 3713 pace
3556 3646 3749 3698 scissu-

2164 3737 2246 3787 ra,
2279 3721 2374 3776 scd
2413 3725 2540 3778 dum
2568 3725 2656 3778 ttui
2704 3728 2852 3796 operi
2883 3729 3163 3800 utriusque
3209 3733 3566 3788 exhiberetur
3597 3736 3746 3792 indu-

2165 3814 2322 3879 stria,
2354 3830 2482 3869 vere
2509 3826 2653 3872 esset
2678 3819 2731 3873 in
2779 3828 3026 3890 utroque,
3056 3823 3198 3878 sicut
3233 3824 3299 3878 de
3331 3827 3609 3893 primitiva
3648 3827 3747 3883 Ec-

2164 3905 2326 3962 clesia
2355 3907 2552 3979 legitur
2581 3928 2592 3963 :
2630 3929 2648 3962 ι
2675 3909 2780 3966 Cor
2809 3927 2995 3979 unum,
3027 3924 3082 3970 et
3109 3917 3286 3972 anima
3312 3934 3416 3973 una
3447 3923 3589 3990 (Act.
3610 3933 3701 3992 tv).
3722 3941 3740 3973 ι

2163 3995 2300 4052 llinc
2343 4007 2429 4053 est
2452 4001 2636 4066 etiam,
2682 4005 2823 4071 quod
2855 4005 2980 4059 dum
3012 4006 3102 4060 illa
3151 4009 3530 4066 beatissimum
3574 4015 3742 4067 virum

2162 4088 2493 4161 objurgaret,
2530 4093 2801 4160 irrideret,
2829 4096 3010 4152 verbis
3039 4099 3386 4156 mordacibus
3415 4103 3738 4173 increparet,

2164 4177 2254 4233 ille
2283 4181 2430 4236 mitis
2461 4197 2524 4236 ac
2545 4182 2787 4252 placidus
2809 4200 2914 4239 non
2939 4187 2992 4240 in
3018 4188 3152 4241 iram
3185 4193 3454 4260 prorupit,
3480 4211 3588 4248 nou
3617 4210 3737 4249 cott-

2161 4272 2442 4329 tumeliosa
2475 4276 2637 4330 verba
2661 4278 3082 4347 rcspondit,uon
3113 4283 3179 4335 ad
3205 4283 3575 4340 ulciscendum
3607 4303 3663 4341 se
3691 4290 3737 4342 in

2161 4381 2385 4421 uxorem
2400 4366 2492 4437 jus
2513 4369 2708 4424 debita:
2746 4374 3032 4440 potestatis
3057 4377 3322 4430 exercuit.
3351 4375 3594 4434 Servans
3625 4379 3742 4435 illud

2160 4457 2404 4528 Apostoli
2437 4477 2451 4514 :
2491 4478 2508 4510 ι
2549 4459 2698 4526 Viri,
2726 4461 2932 4533 diligite
2977 4480 3173 4520 uxores
3217 4477 3445 4533 vestras,
3479 4480 3534 4524 et
3589 4471 3744 4525 nolite

463 4550 602 4615 lem,
627 4520 887 4605 videlicet
927 4549 1195 4619 quomodo
1225 4548 1472 4606 columba
1502 4551 1567 4606 de
1609 4549 1746 4607 caelo
1774 4551 1974 4616 veniat,
2001 4560 2056 4607 et
2089 4520 2136 4581 ο
2162 4549 2335 4602 amari
2363 4565 2484 4606 esse
2509 4551 2577 4604 ad
2610 4551 2730 4607 illas
2771 4551 2908 4623 (Col.
2954 4554 3074 4625 tu);
3114 4575 3133 4607 ι
3167 4567 3222 4611 et
3252 4561 3378 4628 quia
3427 4560 3569 4615 idem
3623 4564 3745 4616 dicit

473 4655 640 4712 super
691 4639 852 4698 electi
897 4649 1062 4712 caput
1091 4639 1251 4696 solito
1300 4655 1451 4696 more.
1489 4641 1788 4697 consideat.
1839 4639 2052 4712 Conjux

466 4749 600 4790 vero
628 4731 744 4802 ejus
790 4732 955 4808 coepit
987 4747 1112 4788 eum
1143 4732 1480 4788 subsannare
1523 4740 1576 4786 et
1610 4733 1913 4804 increpare,
1972 4734 2054 4788 di-

465 4841 643 4883 cens:
678 4825 783 4883 Sed
823 4826 910 4881 hic
937 4825 1145 4892 labora,
1178 4826 1283 4881 noli
1314 4826 1520 4882 otiosus
1547 4834 1713 4882 stare.
1745 4826 1870 4882 Sive
1909 4828 2054 4883 enim

469 4918 624 4982 ieris,
656 4917 770 4972 sive
793 4932 898 4972 non
925 4917 1074 4982 ieris.
1101 4926 1153 4973 te
1198 4917 1506 4989 pontificem
1539 4917 1766 4987 populus
1796 4933 1919 4995 non
1968 4934 2056 4973 or-

469 5008 700 5064 dinabit.
737 5008 801 5062 Et
832 5009 920 5064 ille
956 5026 970 5064 :
1005 5009 1132 5070 Siue
1169 5024 1276 5074 me,
1319 5009 1513 5078 inquit,
1544 5017 1600 5060 ιιι
1638 5007 1850 5062 vadatn.
1906 5008 2058 5066 Tunc

475 5099 565 5150 illa
609 5082 827 5150 mentiri
861 5115 918 5150 se
949 5110 1167 5150 nutans.
1199 5099 1292 5150 sed
1336 5100 1650 5150 ianoranter
1679 5116 1805 5150 vera
1853 5100 2055 5150 denun-

2158 4640 2448 4711 Apostolus
2489 4661 2501 4697 :
2556 4663 2574 4696 ι
2617 4643 2713 4699 Vir
2761 4663 2868 4701 non
2917 4649 3078 4704 habet
3124 4662 3450 4720 potestatem
3507 4658 3746 4724 corporis

2159 4734 2264 4798 sui,
2290 4735 2384 4790 sed
2411 4735 2604 4792 mulier
2625 4736 2676 4810 (Ι
2713 4737 2835 4794 Cor.
2864 4742 2992 4813 vu);
3031 4762 3049 4795 ι
3083 4744 3252 4800 donec
3275 4747 3344 4800 ab
3375 4763 3437 4801 ea
3472 4748 3744 4802 licentiam

2161 4841 2273 4882 suae
2299 4828 2579 4896 petitionis
2627 4831 2884 4897 extorsit,
2916 4835 2994 4889 ire
3021 4850 3085 4889 ex
3119 4838 3336 4908 prepria
3375 4839 3659 4894 voluntate
3684 4840 3744 4892 ad

2161 4917 2484 4972 miraculum
2519 4934 2631 4974 non
2655 4924 3013 4993 praesumpsit.

2232 5009 2482 5076 Pensate,
2511 5011 2707 5068 fratres
2754 5016 2879 5081 mei,
2934 5017 3151 5086 quando
3181 5027 3282 5073 tste
3337 5021 3389 5074 in
3446 5022 3742 5091 quemlibet

2163 5112 2339 5150 νΙΓΠΠῘ
2371 5114 2490 5150 esse
2531 5112 2819 5150 contumax
2866 5107 3056 5150 nnlnit-
3088 5108 3178 5150 (Illi
3232 5118 3280 5150 pl
3323 5111 3586 5150 ςηιιῖρομιι
3633 5130 3739 5150 mn-
