3950 5344
507 343 608 401 5‘37

1110 337 1168 394 S.
1194 338 1398 394 PETRI
1431 337 1715 394 DAMIANI
1752 335 1900 394 OPP.
1932 335 2111 395 PARS
2150 336 2280 395 SEU
2307 337 2543 395 TOMUS
2586 334 2649 394 ll.
2691 369 2759 380 —
2791 338 3181 399 SERMONES.

3665 345 3765 407 528

502 458 742 513 Auctore
765 452 1038 511 feriendus
1070 463 1209 522 erat,
1245 470 1407 526 quam
1447 469 1640 509 errans
1664 453 1892 509 Auctori
1942 469 2078 524 prae—
2105 464 2157 525 Α
2251 453 2410 510 Libet
2437 464 2640 521 autem,
2678 454 3038 524 dilectissimi,
3075 460 3140 513 ad
3173 459 3302 514 illud
3328 460 3626 531 pulchrum
3658 477 3768 533 spe-

503 556 778 620 posucrat,
806 554 866 600 ut
894 546 1036 602 unde
1056 547 1217 601 homo
1238 546 1452 617 culpam
1475 561 1581 601 non
1608 546 1789 601 timuit.
1811 548 2078 615 superbus

504 640 808 700 admittere,
844 639 967 693 inde
1019 653 1232 709 pmnam
1280 638 1636 710 corrigendus
1687 638 1973 693 inveniret.
2012 639 2083 693 Et

500 738 653 784 tanto
678 729 839 784 citius
886 729 1180 800 respiceret
1210 730 1278 785 ad
1308 730 1459 785 illum
1510 746 1672 801 quem
1720 730 2081 802 superbiendo

496 822 842 891 contempsit,
868 829 1069 891 quanto
1094 823 1472 879 amaritudinis
1500 822 1717 894 plenam
1779 837 1904 880 esse
1953 838 2084 879 con-

499 914 737 982 spiceret
761 913 846 967 cui
873 912 1269 967 delectabiliter
1292 914 1558 969 obedivit.

572 1004 959 1058 Verumtamen
990 1020 1099 1057 non
1160 1004 1366 1059 idcirco
1414 1005 1517 1059 ista
1549 1004 1803 1070 dicimus,
1833 1014 1895 1060 ut
1936 1004 2080 1061 beati

492 1096 595 1150 viri
620 1111 843 1151 uxorem
874 1097 1099 1165 periisse
1132 1111 1254 1151 cum
1288 1097 1538 1166 reprohis
1566 1097 1888 1153 mulieribus
1927 1112 2079 1153 asse-

490 1202 698 1241 ramus.
723 1185 780 1241 Si
807 1186 954 1241 enim
986 1186 1054 1241 ab
1095 1186 1387 1242 electorum
1438 1197 1587 1243 sorte
1633 1187 1913 1244 exclusam
1961 1203 2082 1244 esse

488 1287 874 1350 cognosceret,
900 1295 1244 1350 nequaquam
1279 1280 1361 1335 vir
1381 1289 1573 1336 sancto
1604 1280 1843 1352 repletus
1870 1279 2079 1350 Spiritu

480 1383 823 1425 mtuuntcum.
842 1385 906 1429 ea
935 1370 1240 1440 sepulcrum
1268 1371 1471 1427 habere
1501 1372 1775 1428 voluisset.
1818 1371 2078 1429 Commu-

494 1460 580 1515 nis
598 1460 771 1532 igitur
789 1461 1071 1532 sepultura
1084 1477 1374 1531 corporum
1390 1462 1596 1517 indicat
1624 1463 1767 1533 quod
1792 1462 2076 1517 beatorum

493 1551 783 1621 c0ujugum
803 1555 1014 1610 animas
1041 1554 1356 1610 meritorum
1381 1555 1619 1609 varietas
1640 1570 1746 1610 non
1769 1553 2072 1619 discernat;

492 1650 549 1697 et
573 1642 700 1697 dum
722 1643 807 1698 vir
836 1644 990 1701 uxori
1018 1644 1074 1699 in
1112 1654 1289 1700 morte
1309 1659 1368 1700 se
1395 1645 1631 1707 libenter
1664 1644 1922 1711 associat,
1945 1660 2078 1701 con-

487 1742 599 1790 stat
628 1734 812 1804 utique
831 1736 956 1806 quia
988 1737 1042 1790 in
1068 1736 1154 1791 illa
1187 1738 1293 1793 vita
1318 1739 1604 1808 utriusque
1631 1738 1775 1793 inter
1796 1753 1857 1793 se
1881 1738 2072 1793 merita

2182 543 2452 599 ctaculum
2501 552 2643 599 totos
2679 544 2994 601 interiorum
3031 547 3295 603 luminum
3328 552 3513 605 radios
3539 551 3768 622 diligenv

2184 642 2266 690 ter
2313 633 2641 702 expandere,
2699 644 2754 691 et
2799 648 3139 707 omnipotens
3170 641 3309 696 Deus
3336 657 3504 711 quam
3557 641 3769 699 diverso

2182 723 2343 780 modo
2369 724 2437 779 ab
2463 724 2773 782 hominibus
2802 727 3033 798 judicet,
3057 730 3108 784 iu
3137 745 3400 801 quantum
3436 734 3570 789 mihi
3599 737 3769 803 possi-

2182 812 2288 867 bile
2310 821 2418 879 est,
2444 815 2687 870 studiose
2715 831 2965 886 pensare.
2982 817 3321 875 Conveniunt
3352 824 3599 880 universi
3627 825 3768 880 cives

2181 903 2249 958 ad
2271 905 2595 967 oratorium.
2627 906 2905 963 descendit
2927 909 3160 980 Spiritus
3189 922 3410 969 sanctus
3432 915 3486 970 in
3504 914 3768 971 columba:

2180 994 2361 1064 specie
2409 1010 2577 1067 super
2618 997 2872 1068 populum
2902 995 3310 1073 congregatum.
3348 1004 3515 1059 Multa
3546 1008 3768 1062 inferius

2180 1088 2366 1154 corda,
2397 1104 2539 1144 unus
2563 1090 2793 1161 desuper
2818 1092 3109 1163 inspeCtor.
3135 1094 3527 1152 Praestolantur
3544 1100 3637 1152 isti
3661 1116 3767 1153 ma-

2180 1192 2346 1249 gnum
2379 1178 2613 1255 aliquem
2645 1196 2711 1236 ex
2735 1180 2993 1238 divitibus
3011 1183 3169 1255 eligi;
3195 1187 3509 1243 considerat
3532 1189 3623 1243 ille
3650 1190 3766 1259 quis

2178 1281 2245 1322 ex
2279 1268 2532 1325 omnibus
2556 1270 2794 1324 maxime
2808 1271 3150 1329 valeatdives
3177 1275 3473 1331 virtutibus
3511 1278 3760 1333 inveniri.

2180 1358 2269 1413 lsli
2301 1358 2443 1429 apud
2498 1373 2557 1414 se
2587 1358 2882 1431 praeferunt
2911 1362 3177 1418 eruditam
3225 1363 3493 1436 linguam,
3528 1366 3764 1423 luculen-

2179 1457 2290 1504 tum
2317 1465 2660 1517 sermonem;
2708 1450 2798 1507 ille
2844 1463 3025 1507 autem
3071 1453 3311 1510 animmn
3357 1458 3665 1527 simplicem
3711 1469 3761 1514 et

2177 1539 2355 1595 cordis
2375 1540 2525 1610 eligit
2547 1541 2861 1611 puritatem.
2892 1540 3029 1597 llinc
3060 1544 3287 1614 pOpulus
3341 1547 3461 1601 visu
3528 1546 3761 1617 plebeios

2175 1632 2438 1702 praeterit,
2468 1633 2535 1688 ad
2558 1633 2818 1703 primates
2838 1648 2992 1699 vero,
3016 1634 3137 1704 quis
3156 1651 3342 1690 eorum
3392 1638 3634 1691 maxime
3672 1638 3763 1693 eli-

2175 1733 2357 1793 gatur,
2389 1724 2660 1789 attendit;
2692 1725 2817 1780 inde
2848 1734 3027 1779 autem
3059 1746 3077 1779 ι
3106 1727 3355 1782 excelsus
3384 1729 3650 1784 Dominus
3673 1732 3762 1785 hu-

488 1839 595 1878 nou
617 1824 850 1896 elongat.
876 1826 1034 1883 Credi
1070 1828 1269 1899 quippe
1293 1844 1398 1883 non
1424 1828 1698 1883 immerito
1722 1837 1918 1899 potest,
1941 1828 2063 1899 quia

2172 1812 2318 1868 milia
2387 1814 2634 1885 respicit,
2673 1825 2730 1869 et
2762 1814 2870 1869 alta
2934 1832 2965 1869 a
3021 1816 3181 1886 longe
3228 1833 3401 1890 coguo
3433 1820 3511 1874 cit
3581 1818 3761 1889 (Ρδαι.

486 1924 775 1987 postquam
807 1917 1001 1977 mulier
1047 1917 1913 1975 beatissimumvirutndivinitus
1960 1918 2070 1975 ele-

470 2017 631 2064 rctum
660 2010 727 2064 ad
762 2009 1071 2080 pontiﬁcale
1094 2008 1375 2082 fastigium
1404 2021 1595 2066 contra
1655 2026 1818 2068 suam
1856 2011 2072 2080 opinio-

482 2112 610 2154 nem
640 2099 794 2163 vidit,
819 2115 942 2156 mox
977 2102 1244 2157 maculam
1266 2104 1352 2156 sui
1376 2110 1562 2157 reatus
1576 2101 1813 2173 agnovit,
1839 2101 2068 2159 confusa

480 2189 725 2256 erubuit,
762 2190 1135 2258 paenitentiam
1165 2191 1295 2263 egit,
1340 2200 1396 2246 et
1426 2191 1507 2247 sic
1533 2192 1599 2249 de
1633 2201 1834 2248 caetero
1860 2194 2065 2249 studio-

485 2278 599 2332 sius
620 2291 681 2333 se
701 2277 755 2333 in
778 2278 1070 2335 virtutibus
1097 2288 1302 2335 sanctae
1326 2283 1757 2338 conversationis
1797 2284 2063 2339 exercuit.

470 2367 642 2427 ,Unde
667 2368 830 2423 etiam
854 2371 920 2425 de
949 2369 1035 2424 illa
1066 2370 1327 2441 scriptum
1355 2380 1443 2432 est
1469 2372 1596 2442 quia
1624 2382 1908 2443 postquam
1938 2373 2065 2429 bea-

480 2460 728 2517 tissimus
760 2461 842 2517 vir
866 2462 1151 2535 episcopus
1178 2462 1378 2527 .factus
1395 2464 1806 2531 estradmirans
1833 2480 2066 2537 congra-

480 2552 755 2610 tulabatur
783 2554 854 2611 ei.
1532 2612 1535 2613 ν

552 2644 662 2701 Vos
684 2655 887 2713 autem,
936 2646 1271 2705 dilectissimi
1319 2648 1517 2706 fratres
1557 2650 1685 2717 mei,
1739 2650 1831 2721 qui
1859 2650 2061 2706 adau—

481 2737 673 2797 dientla
698 2738 833 2793 tanti
861 2739 960 2794 viri
990 2742 1284 2811 praeconia,
1316 2741 1428 2798 Deo
1454 2757 1558 2797 vos
1577 2743 1898 2812 inspirante,
1943 2743 2062 2800 dili-

480 2841 672 2900 genter
693 2831 996 2899 iutenditis,
1023 2833 1345 2902 patientiam
1389 2833 1648 2901 laudatis,
1698 2833 2058 2891 humilitatem

453 2926 759 2992 rextollitis,
786 2934 1059 2981 tantarum
1080 2927 1340 2982 virtutum
1366 2928 1595 2999 insignia
1610 2928 1670 2982 in
1693 2943 1823 2984 usus
1851 2939 2062 2984 vestros

466 3017 764 3079 assumite,
789 3024 844 3070 et
870 3018 1011 3087 quod
1044 3016 1190 3071 illum
1218 3016 1386 3073 fuisse
1408 3017 1642 3074 libenter
1684 3018 1906 3085 auditis,
1953 3019 2056 3090 ipsi

478 3107 810 3164 etiam-lieri
859 3123 957 3178 per
979 3109 1074 3164 Dei
1119 3110 1349 3180 gratiam
1379 3110 1624 3165 studiose
1660 3118 1867 3164 curate.
1893 3109 2061 3166 Eritis

454 3291 685 3348 .fuit.,ln
710 3292 871 3362 hujus
890 3294 1055 3363 igitur
1075 3294 1530 3364 peregrinationis
1555 3295 1749 3351 itinere
1778 3294 1925 3351 nulla
1959 3311 2056 3353 vos

473 3384 848 3454 prosperitatis
877 3385 1097 3440 suadela
1123 3386 1382 3457 decipiat,
1423 3387 1570 3442 nulla
1626 3388 1842 3442 irruens
1864 3390 2058 3444 adver-

473 3475 870 3548 sitas‘ftangat,
891 3493 997 3532 non
1026 3487 1264 3533 mentem
1296 3488 1533 3545 vestram
1564 3480 1900 3550 paupertatis
1936 3481 2057 3536 ino-

472 3568 562 3639 pia
588 3567 873 3640 deprimat,
907 3583 1013 3624 non
1041 3585 1167 3640 spes
1214 3570 1555 3626 abundantia:
1593 3571 1906 3643 temporalis
1947 3573 2056 3643 22

471 3661 716 3730 extollat,
744 3676 852 3717 non
884 3660 1031 3717 illata
1075 3676 1143 3718 ex
1186 3670 1289 3718 ore'
1325 3663 1558 3733 proximi
1609 3664 1938 3720 contumelia
1986 3663 2054 3719 ad

472 3752 810 3808 iracundiam
834 3762 1115 3825 provocet,
1138 3769 1242 3809 non
1273 3755 1340 3810 ad
1368 3754 1739 3811 ulciscendum
1765 3770 1859 3811 vos
1890 3755 2055 3811 liber-

472 3856 559 3901 tas
588 3846 871 3916 permissae
899 3848 953 3902 in
976 3846 1275 3918 quemlibet
1296 3849 1583 3919 potestatis
1603 3849 1842 3921 instiget,
1867 3856 2058 3918 quate-

470 3940 573 3994 nus
600 3939 691 4008 qui
722 3954 867 3995 nunc
889 3940 1146 3995 imitanda
1167 3939 1236 3995 Β.
1282 3940 1481 3996 Severi
1496 3941 1722 4011 vcs:igia
1756 3940 1949 3997 tenetis
1999 3941 2055 3996 in

474 4030 605 4095 vita,
637 4046 759 4085 eum
786 4031 878 4087 illo
902 4033 1246 4102 postmodum
1269 4033 1336 4088 de
1359 4044 1575 4089 aeternae
1597 4030 1877 4089 felicitatis
1921 4048 2057 4104 pra:-

477 4120 590 4174 mio
618 4121 854 4191 gaudere
896 4121 1123 4176 valeatis
1170 4122 1226 4175 in
1255 4122 1454 4192 patria,
1484 4122 1781 4177 auxiliante
1826 4124 2055 4179 Domino

471 4220 661 4268 nostro
674 4211 806 4267 Iesu
828 4212 1068 4280 Christo,
1094 4213 1330 4282 quicum
1364 4214 1524 4269 Patre
1552 4225 1607 4269 et
1630 4213 1836 4285 Spiritu
1859 4224 2051 4270 sancto

471 4304 611 4360 vivit
645 4313 711 4359 ct.
731 4304 1002 4375 gloriatur
1055 4302 1443 4377 [reguat]per
1471 4303 1681 4360 infinita
1717 4303 1915 4361 saecula
1953 4312 2057 4362 sa:-

462 4395 736 4452 culorum.
762 4397 955 4451 Amen.
1452 4386 1453 4389 “

1091 4507 1323 4565 SEBMO
1362 4508 1427 4566 ν.

2170 1906 2439 1979 cxxxvn).
2480 1927 2500 1961 ι
2530 1905 2665 1963 Hinc
2711 1907 2864 1963 multi
2893 1908 3264 1981 sibimetipsis,
3314 1912 3447 1967 illud
3485 1928 3663 1968 sacra:
3687 1914 3767 1968 di-

2171 1999 2393 2070 gnitatis
2420 1999 2630 2055 culmen
2677 2010 2958 2072 exoptant,
3005 2013 3060 2059 et
3110 2004 3331 2076 garrulo
3376 2005 3602 2061 silentio
3632 2007 3765 2061 intra

2172 2092 2560 2149 conscientiam
2606 2094 2875 2150 clamant:
2908 2093 2952 2151 0
3003 2097 3048 2153 si
3094 2098 3342 2154 columba
3389 2101 3580 2154 veniat
3610 2116 3767 2172 super

2172 2200 2278 2250 me,
2311 2200 2345 2240 o
2374 2185 2420 2240 si
2452 2186 2593 2240 Deus
2616 2186 2781 2258 eligat
2802 2190 2917 2243 me!
2942 2188 3111 2244 Putas
3137 2205 3235 2261 ego
3253 2204 3353 2246 ere
3373 2190 3633 2247 electus?
3662 2192 3764 2247 Pu-

2172 2284 2256 2333 tas
2290 2277 2422 2332 mihi
2445 2277 2665 2334 dabitur
2685 2279 3073 2351 episcopatus?
3096 2282 3223 2338 lude
3256 2292 3438 2339 autem
3483 2284 3581 2340 ille
3617 2301 3766 2341 scrib

2168 2377 2320 2424 tatur
2354 2384 2513 2426 renes
2541 2379 2596 2425 et
2621 2373 2783 2427 corda
2818 2372 2871 2444 (I
2890 2372 3021 2428 Par.
3046 2389 3248 2440 xxvm;
3282 2371 3433 2430 Paul.
3454 2376 3577 2449 vn),
3611 2397 3632 2431 ι
3677 2378 3764 2448 qui

2166 2460 2324 2516 finxit
2350 2462 2624 2533 sigillatim
2677 2465 2840 2522 corda
2872 2481 3082 2531 eorum,
3142 2469 3237 2540 qui
3286 2470 3547 2543 intelligit
3583 2473 3764 2527 omnia

2160 2568 2329 2623 opera
2358 2569 2546 2610 eorum
2579 2553 2766 2626 (Psal.
2827 2559 3039 2630 xxxu).
3078 2578 3096 2612 ι
3157 2560 3223 2615 Et
3273 2562 3495 2631 quidem
3533 2565 3765 2620 aderant

2165 2644 2239 2699 ibi
2272 2644 2447 2711 multi,
2482 2654 2668 2716 utpote
2699 2648 2752 2702 in
2779 2650 2994 2721 egregia
3021 2650 3261 2718 civitate,
3290 2652 3382 2707 alii
3406 2655 3633 2724 quidem
3661 2654 3767 2710 fre-

2165 2736 2425 2791 mentium
2481 2751 2745 2807 equorum
2800 2739 3115 2809 glomeratis
3163 2745 3445 2814 gressibus
3504 2747 3757 2803 incedere

2163 2826 2331 2895 soliti,
2363 2827 2456 2883 alii
2478 2829 2643 2886 claris
2668 2831 2924 2887 natalium
2961 2833 3131 2891 titulis
3175 2837 3448 2909 insigniti,
3497 2840 3596 2895 alii
3643 2856 3760 2912 pre-

2166 2916 2428 2973 tiosarum
2458 2920 2686 2987 vestium
2709 2922 2885 2979 nitore
2909 2926 3213 2997 conspicui,
3241 2928 3332 2983 alii
3362 2932 3575 2986 crebris
3597 2934 3755 2987 olrse.

2163 3007 2443 3077 quentium
2491 3009 2724 3066 militum
2766 3013 2953 3093 cuneis
2987 3018 3301 3088 constipati,
3358 3019 3451 3074 alii
3499 3023 3752 3077 omnibus

2166 3099 2254 3154 his
2288 3100 2470 3155 mundi
2500 3103 2815 3159 muneribus
2847 3105 3219 3177 multipliciter
3242 3110 3485 3180 prmditi,
3513 3113 3608 3167 alii
3641 3114 3757 3184 qni-

354 3232 359 3237 .
454 3218 714 3273 maqu
743 3203 889 3272 quod
916 3210 1019 3269 εει,
1070 3203 1116 3258 εί
1167 3203 1492 3259 contenditis
1539 3212 1596 3259 ει
1631 3203 1733 3275 ipsi
1761 3218 1883 3259 esse
1912 3203 2056 3274 quod
2085 3198 2130 3260 ρ
2150 3191 2391 3247 busdam
2416 3209 2515 3265 pro
2542 3210 2636 3250 sua
2665 3197 3024 3265 possibilitate
3053 3202 3243 3258 dotati.
3269 3204 3378 3260 Sed
3407 3207 3755 3277 onmipotens

2162 3281 2325 3348 Deus,
2355 3285 2447 3354 qui
2477 3288 2641 3341 corda
2673 3288 2915 3344 omnium
2939 3292 3212 3348 subtiliter
3247 3293 3583 3361 intendebat,
3612 3297 3754 3366 quod

2160 3373 2288 3429 olim
2317 3390 2412 3447 per
2436 3377 2754 3448 prophetam
2776 3380 3007 3447 dixerat,
3034 3383 3152 3439 sine
3180 3383 3361 3455 aliquo
3414 3388 3570 3444 vocis
3617 3398 3756 3444 stre-

2148 3464 2273 3539 .pitu
2302 3466 2497 3521 iterum
2548 3470 2856 3540 repetebat:
2891 3491 2910 3524 ι
2969 3472 3144 3545 Super
3182 3492 3367 3546 quem,
3420 3480 3621 3552 inquit,
3671 3496 3753 3536 re-

2158 3554 2400 3624 quiescet
2427 3554 2661 3627 Spiritus
2691 3575 2862 3627 meus,
2889 3562 2990 3617 nisi
3018 3580 3181 3634 super
3216 3569 3572 3635 bumilem,et
3602 3574 3755 3643 quie-

2161 3652 2294 3713 tum,
2328 3656 2383 3702 et
2406 3655 2725 3705 trementem
2745 3666 3027 3710 sermones
3053 3656 3159 3728 23
3174 3660 3359 3716 meos?
3380 3682 3398 3712 ι
3416 3661 3555 3734 (Ιεα.
3581 3664 3748 3733 Lm.)

2158 3735 2387 3794 Videbat
2430 3742 2663 3814 populus
2708 3744 2762 3799 in
2824 3758 3014 3818 aperto
3045 3749 3164 3806 loco
3194 3752 3502 3810 columbam
3541 3758 3748 3813 rmlltus

2158 3841 2584 3904 exspectantem.
2615 3835 2929 3908 Aspiciehat
2956 3840 3043 3895 illa
3076 3840 3333 3900 Severum
3356 3850 3743 3919 pauperculum

2157 3932 2279 3995 post
2299 3924 2521 3994 januam
2546 3927 2870 3987 latitantem.
2912 3933 3176 4007 Quienim
3208 3952 3268 3994 se
3291 3938 3604 3997 hominibus
3622 3943 3741 3997 abs-

2159 4025 2442 4091 condebat,
2502 4028 2697 4085 divina:
2718 4030 3018 4101 majestatis
3044 4033 3299 4089 intuitum
3329 4036 3611 4094 declinare
3641 4052 3738 4092 non

2158 4122 2391 4187 poterat.
2429 4116 2568 4185 Quid
2592 4132 2677 4174 εει
2697 4120 2821 4187 hoc,
2864 4120 2924 4176 S.
2954 4122 3190 4180 Severe?
3219 4135 3327 4181 tam
3374 4143 3607 4200 pauper,
3637 4139 3736 4185 ta-n

2158 4206 2345 4263 dives?
2381 4217 2487 4264 tam
2519 4209 2755 4277 humilis,
2808 4221 2918 4268 tam
2950 4215 3232 4272 sublimis?
3284 4226 3396 4272 tam
3446 4235 3734 4290 pannosus,

2160 4306 2268 4353 tam
2319 4300 2624 4372 gloriosus?
2672 4303 2813 4374 apud
2855 4304 3058 4375 judicia
3105 4308 3339 4364 humana
3370 4310 3636 4381 deiectus,
3673 4328 3733 4369 ex

2136 4387 2337 4463 divina
2369 4390 2705 4460 providentia
2736 4393 3085 4451 invisibiliter
3116 4398 3445 4456 sublimatus
3465 4402 3493 4457 ‘I
3538 4403 3647 4458 Cur
3684 4413 3733 4458 te

2159 4477 2490 4536 abscondere
2516 4481 2726 4548 niteris,
2756 4484 2848 4552 qui
2873 4486 2941 4539 ad
2972 4485 3075 4542 hoc
3102 4490 3421 4558 proveheris
3452 4501 3513 4546 ut
3533 4492 3601 4547 ad
3629 4492 3733 4546 vir-

467 4616 527 4656 m
570 4616 637 4656 π
672 4614 879 4656 sumo
916 4548 1756 4656 δενεηξέἱξῖὲὧρὲἠλνωῃτε
1793 4614 1865 4655 ΕΤ
1917 4613 2048 4656 eo»
2083 4548 2131 4610 θ
2159 4570 2287 4624 tutis
2316 4571 2619 4644 exemplum
2642 4574 2881 4631 omnium
2908 4577 3080 4633 oculis
3103 4583 3463 4650 proponaris?
3485 4569 3730 4639 Cur'vul-

1030 4686 1275 4725 ressoaz.
1316 4669 1354 4742 (ι
1376 4672 1549 4742 venit).

539 4762 801 4827 AudiStis,
838 4761 1037 4819 fratres
1084 4762 1417 4827 charissimi,
1450 4777 1517 4817 ex
1565 4762 1630 4817 B.
1676 4764 1891 4830 Severi,
1921 4765 2046 4821 dum

466 4850 756 4926 legeretur,
791 4852 1039 4914 historia,
1070 4850 1306 4921 qualiter
1337 4851 1485 4905 illum
1527 4852 1670 4906 Deus
1716 4853 1783 4907 de
1826 4853 2044 4909 laniﬁcii

458 4943 792 5011 ergmlocbio
814 4944 1052 5007 sustulit,
1080 4959 1244 5014 quam
1288 4943 1612 4998 mirabiliter
1643 4943 1793 4999 illum
1820 4961 1925 5001 non
1955 4962 2045 5002 so-

464 5028 577 5087 lum
591 5039 785 5099 praeter
807 5033 1115 5106 opinionem
1134 5033 1375 5090 omnium
1392 5033 1614 5099 civium,
1640 5036 1734 5091 sed
1748 5036 1912 5091 etiam
1938 5038 2046 5102 sui,

468 5119 538 5164 nd
567 5132 747 5164 atram
765 5121 1115 5164 contmnam:
1140 5122 1321 5164 ριραίι-
1374 5123 1608 5164 Διιιίῖειία
1656 5126 2041 5164 nannnrnnlnm

2157 4668 2245 4715 tus
2268 4661 2545 4717 hominum
2576 4666 2876 4734 erubescis,
2901 4670 2993 4739 qui
3038 4671 3234 4728 divinae
3285 4674 3592 4742 maiestatis
3613 4694 3734 4734 eon-

2154 4752 2359 4821 spectui
2409 4767 2519 4821 pra:
2567 4755 2819 4811 omnibus
2866 4758 3154 4828 placuisti?
3214 4763 3483 4821 Videlicet
3536 4767 3730 4823 idcirco

2154 4840 2527 4909 absconderis,
2548 4854 2611 4898 ut
2636 4846 2841 4913 videas,
2877 4861 2934 4904 et
2966 4864 3073 4906 non
3101 4853 3368 4920 videaris;
3396 4857 3586 4913 videas
3634 4858 3728 4913 sci-

2151 4920 2604 4985 licet'columbam
2626 4948 2723 5002 pro
2746 4936 3134 5006 admiratione;
3165 4957 3273 4997 non
3298 4944 3536 5000 videaris
3556 4958 3723 5001 autem

2150 5035 2249 5090 pro
2270 5021 2497 5076 vestium
2529 5021 2791 5080 fmditate.
2814 5027 2928 5097 Age
2947 5030 3058 5097 jam
3095 5032 3376 5088 manifesta
3398 5044 3450 5090 te
3478 5038 3530 5091 in
3559 5037 3711 5108 publi-

2150 5127 2297 5164 cum-
2323 5112 2558 5164 nrocede
2588 5115 2640 5164 in
2671 5118 2923 5164 medium-
2964 5131 3014 5164 m
3037 5121 3364 5164 ηιη-ῑειῑηηιη
3396 5126 3615 5164 tua"...
3641 5145 3706 5164 cn.
