3950 5344
200 330 312 398 539

1691 344 1922 404 SERMO
1957 347 2018 404 ι’.

3373 349 3479 405 530

204 427 305 493 νίι»
333 443 500 499 quam
551 428 894 487 nmslimabili
926 431 1009 487 sui
1061 432 1340 504 sanguinis
1369 433 1542 503 pretio
1569 447 1790 507 compa-
1824 456 1868 514 Α
1897 441 2240 498 beatissimus
2273 441 2354 497 vir
2376 442 2521 501 omni
2545 444 2765 502 carebat
2804 444 2986 501 livoris
3013 443 3392 508 amaritudine,
3423 453 3479 500 et

203 523 366 576 ravit.
404 523 632 595 Suscipe
661 526 891 597 egregia?
926 528 1414 582 administrationis
1457 527 1713 594 ollicium,
1748 540 1804 585 ut

203 617 267 667 de
288 616 570 671 commissi
598 617 781 672 talenti
814 619 1022 672 ftenore
1052 629 1272 674 auctum
1328 620 1534 675 referas
1569 620 1798 677 lucrum.

204 701 311 757 Nec
341 721 678 774 expavescas
707 709 1063 778 ignorantiam
1099 710 1426 774 litterarum,
1456 727 1562 766 non
1592 711 1802 769 dubites

202 795 267 848 de
295 797 787 867 incompositorum
818 802 1142 857 enortnitate
1171 815 1505 865 sermonum,
1537 805 1664 873 quia
1712 806 1800 859 ille

200 884 290 952 qni
325 898 612 954 promovet
643 899 715 953 te,
745 891 860 944 sine
891 891 1097 962 legendi
1131 892 1313 948 labore
1337 894 1567 949 instruet
1589 904 1672 958 te;
1703 896 1798 965 qui

200 977 293 1027 tibi
330 978 598 1033 doctrinae
625 983 916 1036 committit
953 982 1208 1048 cilicium,
1238 985 1465 1040 docendi
1493 988 1659 1042 etiam
1673 1004 1796 1060 sng-

197 1081 350 1140 geret
381 1074 802 1131 incrementum.
847 1077 1130 1132 Summum
1163 1081 1362 1150 quippe
1407 1090 1492 1135 est
1541 1082 1790 1147 verbum,

199 1164 343 1229 quod
371 1165 468 1218 tibi
495 1168 800 1223 seminandi
834 1169 982 1224 verbi
1012 1170 1234 1225 exhibet
1275 1171 1655 1226 ministerium.
1687 1172 1800 1228 lloc

199 1256 426 1310 verbum
481 1258 596 1321 tibi,
647 1261 858 1330 tuisque
913 1260 1010 1334 [[2,
1079 1262 1295 1334 tuique]
1356 1263 1627 1319 similibus
1693 1280 1791 1334 per

199 1351 562 1420 semetipsum
589 1353 753 1407 dicit:
789 1373 807 1406 ι
843 1355 975 1408 Cum
993 1357 1254 1410 steteritis
1275 1365 1400 1412 ante
1431 1372 1606 1426 reges,
1633 1356 1799 1412 nolite

197 1443 444 1510 cogitare
470 1445 742 1513 quomodo
773 1457 865 1501 aut
886 1449 1012 1516 quid
1031 1448 1358 1517 loquamini;
1395 1449 1610 1503 dabitur
1651 1450 1795 1503 enirn

199 1531 355 1584 vobis
385 1532 440 1586 in
465 1533 555 1586 illa
579 1536 708 1588 liora
745 1537 876 1605 quid
931 1538 1221 1607 loquamini
1258 1538 1484 1609 (Matth.
1546 1541 1638 1608 ι).
1678 1557 1696 1590 ι
1732 1537 1798 1592 Et

199 1624 442 1679 iterum:
479 1643 498 1677 t
529 1625 647 1683 Non
673 1644 768 1684 vos
795 1630 950 1693 estis,
976 1631 1065 1699 qui
1093 1631 1398 1700 loquimini,
1426 1632 1519 1686 sed
1560 1629 1796 1701 Spiritus

198 1715 384 1770 Patris
425 1719 613 1782 vestri,
637 1721 727 1788 qui
757 1720 999 1789 loquitur
1031 1721 1084 1776 in
1114 1720 1525 1792 vobis(lbid.).
1563 1739 1580 1774 t

1906 533 1959 588 itt
1990 545 2176 589 sancta
2205 535 2418 592 vivebat
2445 537 2706 608 simplicis
2757 538 2922 593 animi
2952 538 3205 608 puritate.
3239 538 3378 593 Ecce
3417 536 3480 591 li-

1903 628 2067 696 quido
2098 627 2479 684 manifestatur
2505 629 2647 700 quod
2671 644 2770 701 per
2797 629 3162 701 apostolorum
3177 629 3476 699 principem

1902 718 2185 789 diciturzt
2219 718 2354 787 Quia
2380 736 2486 776 non
2510 730 2593 776 est
2618 736 2970 791 personarum
3002 729 3254 791 acceptor
3310 719 3480 780 Deus.

1900 811 1995 865 sed
2020 811 2070 864 in
2097 811 2242 867 omni
2268 821 2446 880 gente,
2485 813 2576 882 qui
2629 813 2782 868 timet
2809 813 2984 878 iilum,
3027 823 3084 868 et
3108 809 3476 882 operaturjn-

1900 902 2125 966 stitiam,
2157 913 2410 974 acceptus
2433 915 2517 959 est
2547 904 2619 958 illi
2647 903 2794 974 (Act.
2828 905 2915 971 ι).
2943 923 2960 956 ι
2989 904 3120 958 Illud
3143 904 3307 958 etiam
3332 917 3477 956 nunc

1901 995 1954 1048 in
2007 994 2270 1050 electione
2318 995 2616 1050 beatissimi
2650 995 2808 1064 hujus
2851 995 2953 1051 viri
2984 1011 3080 1065 per
3128 993 3476 1062 semetipsatn

1900 1086 2076 1142 divina
2100 1086 2432 1156 providentia
2470 1086 2762 1141 custodivit
2803 1087 2946 1156 quod
2977 1086 3106 1140 olim
3151 1099 3250 1139 nos
3289 1086 3480 1138 obser-

1899 1193 2027 1234 vare
2053 1193 2148 1248 per
2168 1177 2228 1234 Β.
2261 1177 2523 1234 Iacobum
2548 1180 2773 1234 monuit.
2802 1180 2891 1233 Ait
2922 1179 3066 1233 enim
3095 1177 3234 1232 inter
3257 1182 3474 1229 emtera:

1903 1289 1922 1323 ι
1954 1271 2174 1326 Fratres
2202 1272 2328 1335 mei,
2355 1271 2522 1327 nolite
2563 1272 2616 1326 in
2641 1286 2999 1341 personarum
3036 1267 3352 1338 acceptione
3384 1266 3484 1319 ha-

1898 1363 2028 1418 bere
2051 1363 2208 1418 fidem
2248 1364 2458 1418 Domini
2489 1363 2659 1419 nostri
2689 1362 2816 1418 Jesu
2843 1361 3044 1417 Christi
3099 1359 3284 1430 gloria:
3324 1353 3480 1425 (Jac.

1898 1455 1983 1525 tt).
2011 1476 2028 1507 ι
2049 1456 2250 1510 Deinde
2275 1455 2583 1527 subjungit:
2607 1475 2624 1506 ι
2659 1455 2869 1510 Etenim
2893 1453 2938 1508 si
2967 1450 3236 1506 introierit
3266 1449 3317 1503 in
3347 1462 3479 1501 con-

1896 1556 2115 1602 ventum
2139 1556 2380 1601 vestrum
2412 1546 2496 1600 vir
2523 1559 2749 1600 aureum
2768 1543 3025 1598 annulum
3043 1539 3318 1596 habensin
3334 1545 3484 1590 veste

1894 1639 2125 1694 candida
2150 1657 2163 1692 :
2189 1639 2462 1694 introierit
2491 1648 2674 1693 autem
2698 1646 2758 1693 et
2784 1651 2989 1707 pauper
3033 1636 3087 1690 in
3138 1631 3360 1689 sordido
3387 1630 3483 1684 ba-

1896 1729 2032 1794 bitu,
2061 1738 2115 1785 et
2145 1729 2439 1785 intendatis
2465 1730 2517 1784 in
2547 1743 2697 1792 eum,
2725 1727 2815 1798 qui
2842 1727 3317 1781 indutusestveste
3346 1735 3484 1790 prte-

266 1807 411 1874 Quid
445 1809 634 1878 plura?
658 1811 896 1866 Tandem
927 1813 1361 1878 veniteolumba,
1383 1823 1439 1869 et
1470 1813 1794 1869 mirantibus
1828 1838 1873 1898 B
1899 1821 2064 1884 clara,
2091 1829 2146 1898 et
2168 1820 2416 1875 dixeritis
2444 1821 2525 1875 ei:
2557 1819 2636 1874 Tu
2667 1819 2795 1875 sede
2825 1819 2916 1874 hic
2943 1818 3114 1882 bene;
3141 1813 3363 1885 pauperi
3388 1827 3483 1866 au-

196 1901 412 1955 ctmctis
441 1902 694 1957 dilectum
723 1904 824 1959 sibi
853 1913 1014 1974 caput
1042 1906 1243 1960 invisit.
1267 1906 1338 1960 Et
1365 1916 1513 1961 certe
1525 1904 1639 1974 jam
1664 1907 1795 1962 olim

200 1995 252 2048 in
281 1993 404 2062 ejus
436 2005 656 2065 pectore
686 1999 1026 2054 invisibiliter
1047 2011 1187 2066 erat,
1215 2001 1268 2055 in
1291 2001 1445 2070 cujus
1488 2018 1632 2058 nunc
1672 2018 1796 2058 ver-

110 2092 117 2100 '
201 2092 360 2145 ticem
393 2092 760 2162 corporaliter
783 2094 1168 2152 descendebat.
1205 2095 1311 2150 Sed
1345 2097 1471 2165 quid
1497 2094 1610 2164 jam
1658 2097 1797 2167 fugi-

201 2183 342 2237 tivus
379 2183 476 2238 Dei
516 2184 885 2252 faceret?Quo
912 2201 970 2240 se
994 2187 1262 2241 verteret?
1287 2187 1438 2252 Quod
1471 2188 1572 2243 sibi
1601 2187 1798 2242 latibu-

204 2274 312 2328 lum
348 2276 521 2329 tutius
560 2277 863 2332 inveniret?
923 2279 962 2332 Α
1021 2289 1313 2350 conspectu
1340 2281 1580 2336 omnium
1636 2280 1792 2351 fugit,

204 2364 392 2418 valws
431 2370 708 2435 opposuit,
761 2369 826 2421 ad
871 2369 1159 2424 videndum
1213 2371 1315 2424 sibi
1366 2370 1513 2424 solas
1559 2371 1792 2440 pestium

205 2453 436 2509 riuiulas
465 2455 777 2526 dereliquit.
811 2457 917 2513 Sed
948 2460 1038 2528 qui
1072 2460 1336 2515 humanos
1358 2473 1609 2532 aspectus
1636 2478 1796 2518 aver-

208 2555 321 2600 tere
343 2548 546 2616 potuit,
577 2549 869 2605 columbini
897 2567 1126 2608 acumen
1167 2553 1393 2609 intuitus
1441 2571 1548 2609 non
1598 2557 1790 2612 evasit.

206 2636 366 2694 Videt
395 2653 458 2694 se
489 2641 921 2710 deprehensum;
980 2646 1334 2714 conqueritur
1367 2647 1506 2702 intra
1559 2663 1617 2704 se
1658 2651 1794 2704 nihil

203 2730 302 2784 sibi
332 2729 608 2800 profuisse
635 2733 966 2805 confugium.
1001 2735 1386 2793 Verumtamen
1413 2739 1591 2794 adlme
1619 2740 1795 2809 suspi-

201 2831 358 2876 catur
383 2823 666 2894 deceptam
698 2841 884 2881 errare
897 2826 1224 2891 columbam,
1255 2844 1356 2883 nec
1375 2845 1533 2899 posse
1562 2830 1614 2884 in
1645 2840 1792 2886 tanta

206 2914 490 2970 hominum
527 2917 872 2973 multitudine
898 2929 1103 2974 certam
1131 2921 1361 2992 eligendi
1392 2933 1578 2976 notare
1603 2939 1792 2993 perso-

205 3023 353 3062 nam.
387 3007 578 3063 Tertio
607 3010 773 3081 igitur
826 3012 894 3066 ad
925 3027 984 3066 se
1015 3011 1329 3066 volitantem
1362 3013 1584 3084 agitatis
1621 3013 1794 3067 mani-

204 3099 307 3155 bus
336 3102 559 3171 repulit,
595 3112 648 3157 et
671 3103 752 3158 sie
785 3104 838 3158 in
877 3105 1102 3160 nomine
1119 3105 1478 3161 sanctissima:
1511 3105 1794 3162 Trinitatis

203 3189 642 3247 benedictionem
671 3208 780 3247 suae
808 3195 1238 3249 consecrationis
1265 3197 1492 3266 accepit.

272 3281 318 3336 0
353 3295 586 3347 novum,
619 3292 675 3338 et
707 3283 1006 3338 inauditum
1043 3287 1402 3355 promotionis
1454 3286 1732 3342 ordinem!
1762 3303 1795 3342 ο

208 3371 586 3428 admirabilem
631 3375 834 3445 egregii
891 3361 1166 3444 pontiﬁcis
1222 3377 1542 3448 dignitatem
1589 3379 1601 3432 !
1659 3377 1794 3434 Nam

206 3465 329 3533 quid
364 3464 508 3518 aliud
548 3464 672 3529 fuit,
704 3465 755 3519 in
808 3475 969 3536 caput
997 3468 1294 3522 beatissimi
1328 3469 1428 3522 viri
1482 3469 1792 3523 columbam

210 3557 368 3610 tertia
397 3556 518 3612 vice
541 3556 894 3621 descendere,
923 3557 1024 3612 nisi
1049 3567 1294 3629 patenter
1325 3559 1472 3612 illttm
1497 3559 1549 3612 in
1595 3557 1794 3623 Patris,

209 3655 261 3700 et
292 3647 440 3712 Filii,
467 3657 523 3702 et
568 3647 806 3718 Spiritus
861 3649 1037 3703 sancti
1080 3650 1299 3704 nomine
1326 3649 1692 3704 consecrare?
1730 3649 1797 3704 Et

209 3740 332 3809 quid
362 3740 509 3794 aliud
536 3740 638 3794 fuit
667 3741 911 3796 eamdem
943 3741 1247 3795 columbam
1274 3757 1303 3795 a
1351 3755 1410 3796 se
1437 3742 1793 3806 exturbando,

208 3832 462 3886 manibus
497 3842 741 3902 tangere,
765 3833 865 3886 nisi
899 3832 1279 3887 ecclesiastica!
1309 3831 1667 3885 institutionis
1703 3846 1797 3885 or-

207 3921 346 3988 dine,
378 3923 432 3978 in
466 3925 599 3992 ipsis
628 3921 738 3994 24
785 3921 1036 3977 manibus
1069 3922 1246 3976 oleum
1296 3932 1498 3976 sanctae
1528 3921 1798 3976 unctionis

208 4015 492 4085 accipere?
519 4013 651 4069 Nam
689 4017 827 4086 quod
853 4015 1098 4071 columba
1131 4017 1182 4070 in
1219 4014 1548 4070 sanctissimi
1578 4014 1675 4069 viri
1708 4029 1800 4068 ca-

207 4119 299 4176 put
336 4109 531 4178 illapsa
583 4109 882 4174 descendit,
923 4108 1156 4164 cilicium
1202 4124 1393 4163 manus
1439 4106 1798 4176 impositionis

211 4201 472 4270 implevit.
504 4199 659 4268 Quod
683 4209 861 4255 autem
901 4203 1071 4257 sacris
1110 4216 1168 4255 se
1195 4201 1446 4255 manibus
1490 4199 1636 4269 tangi
1677 4213 1800 4269 per-

210 4295 392 4358 misit,
449 4294 601 4364 ipsas
661 4309 854 4349 manus
907 4294 1080 4349 sancti
1127 4294 1364 4364 Spiritus
1419 4293 1673 4349 unctione
1725 4291 1806 4348 si-

211 4385 413 4454 gnavit.

273 4473 396 4529 Jam
427 4489 562 4528 vero
593 4473 721 4528 illud
751 4485 966 4544 quanta:
991 4475 1201 4545 gratiae,
1230 4483 1552 4544 quantaque
1578 4486 1662 4528 est
1705 4487 1807 4527 ex-

1903 1923 2010 1970 tcm
2033 1894 2254 1970 dicatis:
2285 1903 2362 1969 Tu
2389 1924 2469 1970 sta
2499 1913 2626 1978 illic,
2651 1913 2735 1969 vel
2757 1913 2883 1969 sede
2905 1913 3006 1967 sub
3029 1909 3264 1966 scabello
3286 1909 3480 1979 pedum

1901 2021 2178 2071 meorum,
2209 2005 2661 2074 nonnejudicatis
2689 2006 2829 2074 apud
2855 2003 3232 2072 vosmetipsos.
3260 2009 3317 2055 et
3351 1999 3479 2053 facti

1900 2095 2032 2150 estis
2047 2095 2256 2166 indices
2275 2096 2657 2166 cogitationum
2681 2093 2985 2164 iniquarum
3011 2092 3035 2146 ?
3064 2110 3082 2143 ι
3119 2087 3482 2162 (Ibid.)Nam

1899 2189 1944 2244 si
1969 2188 2071 2242 hoc
2095 2189 2285 2244 beatus
2329 2187 2606 2257 apostolus
2648 2187 2715 2242 de
2754 2185 3086 2257 quotidianis
3133 2179 3481 2239 consessibus

1901 2279 2157 2351 loquitur,
2192 2279 2314 2349 quis
2337 2295 2443 2335 non
2468 2286 2535 2333 de
2560 2277 2875 2348 acceptione
2906 2288 3257 2348 personarum
3283 2273 3335 2328 in
3367 2269 3483 2328 cui.-

1899 2387 2022 2443 pam
2057 2372 2353 2442 saepissime
2408 2372 2628 2436 labitur,
2661 2372 2763 2426 nisi
2814 2387 2936 2426 cum
2967 2369 3107 2440 apud
3130 2369 3479 2438 semetipsum

1903 2465 2125 2521 forsitan
2160 2466 2231 2519 ita
2274 2465 2497 2535 judicat,
2551 2473 2610 2518 ut
2660 2464 2772 2528 ille,
2807 2464 2894 2518 cui
2936 2463 3204 2518 honorem
3237 2460 3477 2522 exhibet,

1901 2568 2050 2614 tanto
2077 2561 2125 2614 ei
2159 2559 2370 2622 melior,
2393 2570 2596 2629 quanto
2633 2566 2688 2612 et
2717 2557 2878 2610 ditior
2903 2556 3150 2609 videatur
3178 2553 3202 2607 ξ’
3231 2551 3336 2607 Sed
3369 2551 3484 2605 inec

1899 2651 2193 2721 apostolica
2254 2649 2521 2704 sententia
2557 2659 2683 2702 tunc
2715 2647 2917 2702 rectius
2952 2644 3285 2713 intelligitur,
3318 2640 3362 2696 si
3391 2639 3482 2694 illa

1899 2739 2118 2796 sedendi
2143 2755 2205 2795 ac
2226 2738 2404 2795 standi
2429 2738 2690 2793 distantia
2717 2737 2784 2791 ad
2820 2737 3054 2791 honores
3078 2731 3483 2789 ecclesiasticos

1899 2831 2188 2886 referatur.
2221 2829 2338 2884 Non
2375 2829 2520 2884 enim
2552 2828 2668 2883 leve
2687 2827 2896 2882 crimen
2926 2840 3047 2880 esse
3072 2823 3369 2895 putandum
3395 2827 3480 2877 est

1897 2920 2196 2991 quemlibet
2223 2919 2444 2974 divitem
2469 2918 2537 2972 ad
2565 2915 2920 2973 ecclesiastici
2953 2913 3230 2986 regiminis
3268 2911 3480 2967 culmen

1897 3013 2088 3078 evehi;
2123 3027 2418 3082 pauperem
2468 3025 2598 3066 vero
2651 3008 2979 3064 sanctiorem
3011 3015 3067 3061 et
3115 3003 3415 3061 doctiorem
3445 3017 3479 3058 ι

1899 3104 2226 3175 suscipiendi
2275 3104 2498 3159 honoris
2545 3102 2808 3173 dignitate
2841 3099 3050 3171 repelli.
3100 3097 3252 3152 Fecit
3298 3095 3486 3164 itaque

1820 3201 1865 3265 ο
1899 3196 2161 3251 mirabilis
2212 3196 2264 3250 in
2314 3195 2521 3251 sanctis
2571 3196 2683 3249 suis
2732 3193 3074 3262 omnipotens
3105 3189 3246 3244 Deus
3296 3183 3484 3259 (Psal.

1893 3305 2042 3344 uvtt
2059 3292 2100 3357 ),
2125 3289 2267 3359 quod
2300 3288 2414 3342 fieri
2439 3287 2643 3341 debere
2658 3301 2756 3356 per
2778 3283 3077 3354 apostolum
3101 3295 3255 3336 suum
3279 3278 3483 3339 docuit,

1897 3381 2115 3452 quando
2156 3379 2354 3450 spretis
2407 3378 2665 3432 divitibus
2718 3389 2972 3445 magnum
3019 3373 3162 3426 hunc
3189 3381 3482 3440 pauperem

1851 3481 1854 3483 λ
1899 3471 2159 3542 squalidis
2215 3471 2459 3524 indutum
2495 3468 2736 3522 vestibus
2774 3465 2839 3519 ad
2883 3461 3244 3535 episcopalem
3296 3458 3481 3514 cathe-

1899 3563 2053 3617 dram
2080 3560 2403 3615 mirabiliter
2426 3557 2758 3614 sublimavit.
2786 3555 2889 3625 Qui
2917 3562 3173 3624 suscepto
3195 3550 3483 3622 pontifica-

1899 3666 1987 3710 tus
2013 3652 2189 3709 ollicio
2216 3667 2320 3706 non
2361 3652 2532 3721 magis
2553 3667 2620 3705 ex
2657 3649 2846 3704 ordine
2881 3645 3266 3702 ecclesiastica:
3302 3640 3484 3712 digiti-

1900 3746 2028 3801 tatis
2050 3745 2295 3801 ascendit
2322 3759 2485 3814 quam
2509 3743 2562 3797 in
2583 3755 2767 3796 arcem
2808 3752 3032 3810 quoque
3085 3749 3312 3792 summa:
3361 3748 3488 3788 san-

1901 3840 2108 3894 ctitatis
2122 3837 2384 3892 excrevit.

1970 3929 2219 3986 Nonnulli
2243 3929 2387 3983 enim
2416 3942 2541 3983 cum
2565 3924 2844 3997 regiminis
2865 3937 3052 3980 curam
3069 3919 3393 3990 suscipiunt,
3420 3914 3485 3969 ad

1900 4024 2221 4080 lacerandos
2247 4022 2493 4077 subditos
2530 4020 2779 4089 protinus
2811 4016 3183 4079 inardescunt,
3222 4025 3486 4068 terrorem

1899 4117 2180 4189 potestatis
2192 4115 2472 4178 exhibent,
2487 4123 2541 4168 et
2555 4113 2748 4182 quibus
2764 4111 3020 4182 prodesse
3033 4109 3352 4170 debuerant,
3372 4118 3488 4158 ma-

1901 4206 1983 4277 gis
2015 4215 2227 4270 nocent,
2246 4211 2300 4259 et
2327 4203 2452 4272 quia
2470 4201 2756 4256 charitatis
2786 4201 2992 4256 viscera
3027 4198 3079 4253 in
3105 4197 3247 4253 lilios
3267 4211 3374 4250 non
3393 4195 3491 4249 ha-

1900 4301 2052 4361 bent.
2082 4297 2285 4352 domini
2318 4295 2490 4351 videri
2518 4304 2796 4366 appetunt,
2825 4304 3008 4364 patres
3030 4309 3090 4348 se
3120 4307 3240 4347 esse
3269 4289 3493 4346 minime

1901 4387 2421 4461 recognoscunt25
2442 4387 2763 4442 humilitatis
2784 4386 2961 4440 locum
2991 4385 3044 4440 in
3075 4384 3364 4440 elationem
3397 4381 3493 4434 do-

1903 4481 2218 4536 minationis
2241 4481 2557 4544 itnmutant,
2574 4489 2627 4533 et
2643 4475 3128 4546 semetipsosquasi
3162 4474 3380 4543 quidant
3407 4482 3492 4542 ty-

211 4565 496 4630 cellentite,
531 4564 794 4636 Spiritum
819 4575 1066 4620 sanctum
1099 4565 1152 4619 in
1188 4565 1276 4619 illa
1307 4566 1475 4638 ﬁgura
1502 4565 1796 4633 suscipere,

1907 4575 2061 4629 rarmi
2080 4574 2131 4628 in
2145 4571 2674 4644 superbiweornibus
2689 4569 2991 4624 exaltantet
3004 4567 3048 4620 si
3063 4566 3279 4636 quando
3291 4566 3497 4619 extrin-

210 4655 261 4710 in
287 4672 390 4726 qua
417 4664 640 4712 coiistat
668 4671 830 4725 super
859 4657 1031 4725 ipstnn
1061 4657 1345 4711 Dominum
1384 4665 1648 4721 nostrum,
1679 4655 1792 4711 Me-

209 4747 472 4806 diatorem
533 4748 790 4803 videlicet
834 4749 928 4802 Dei
975 4758 1032 4802 et
1071 4749 1372 4814 hoininum,
1403 4748 1796 4804 descendisse?

211 4840 436 4905 (Matth.
470 4841 593 4910 ιιι.)
640 4841 704 4894 Et
753 4849 903 4895 certe
943 4855 1266 4911 quocunque
1312 4842 1472 4895 modo
1533 4839 1796 4908 Spiritum

212 4947 452 4990 sanctum
485 4935 614 5005 quis
639 4932 893 5002 accipiat,
923 4933 1102 5002 magni
1134 4934 1423 4988 admodum
1452 4931 1628 4987 meriti
1679 4939 1796 4998 est;

211 5025 260 5080 in
278 5025 362 5080 illa
394 5036 585 5081 autem
620 5025 817 5096 figura,
847 5025 896 5078 in
921 5041 1026 5094 qua
1053 5034 1109 5078 et
1132 5025 1245 5094 ipse.
1275 5026 1583 5096 unigenitus
1621 5023 1798 5082 Patris

209 5117 391 5185 Filius,
416 5119 674 5188 accipere
704 5116 964 5187 Spiritum
995 5126 1518 5183 sanetum,summte
1546 5125 1630 5172 est
1669 5135 1798 5176 san-

208 5212 398 5240 Al:l-.:n
453 5210 719 5240 :nll:n:nm
798 5208 972 5240 Qilnnn
1025 5210 1170 5240 :nnnn
1238 5226 1470 5240 ιιηωηηη
1529 5215 1800 5240 ΑἉΛθΟΑΙΑ..

1895 4679 2069 4735 secus,
2083 4662 2450 4721 blandiuntur,
2485 4660 2810 4714 intrinsecus
2824 4657 3072 4713 saeviunt.
3105 4655 3386 4725 Dequibns
3403 4669 3500 4725 per

1895 4753 2240 4822 semetipsam
2276 4752 2490 4807 Veritas
2510 4753 2636 4806 dicit
2669 4769 2684 4806 :
2723 4771 2742 4804 ι
2773 4751 3008 4807 Veniunt
3034 4751 3101 4806 ad
3124 4766 3220 4806 vos
3251 4750 3305 4805 in
3331 4751 3500 4804 vesti-

1901 4845 2100 4899 mentis
2130 4842 2334 4910 ovium,
2378 4844 2706 4898 intrinsecus
2745 4853 2923 4898 autem
2961 4851 3088 4896 sunt
3119 4842 3228 4914 lupi
3272 4857 3504 4912 rapaces

1900 4932 2117 5005 (Matth.
2155 4934 2275 5004 vn).
2313 4955 2331 4986 ι
2370 4935 2427 4988 1η
2456 4935 2800 4990 vestimentis
2825 4933 3022 5004 quippe
3046 4934 3228 4988 ovium
3253 4935 3502 4990 veniunt.

1905 5027 2032 5096 quia
2063 5025 2237 5082 vellus
2267 5025 2486 5100 quidem
2516 5025 2841 5084 innocentia:
2874 5025 2926 5078 in
2957 5025 3247 5094 superficie
3271 5035 3505 5098 przeten-

1907 5118 2075 5181 dunt,
2098 5116 2193 5170 sed
2217 5117 2328 5191 lupi
2361 5131 2582 5187 rapaces
2611 5130 2781 5184 sunt,
2812 5115 2937 5185 quia
2963 5115 3183 5172 malitia:
3207 5132 3421 5173 morsus
3454 5115 3502 5169 in

1909 5207 2118 5240 lanna-“ﬁ
2143 5212 2326 5238 Δια-,Αἶα
2367 5215 2632 5238 ηνηηιιιιηι
2683 5223 2794 5236 ’δόκη
2828 5203 3165 5236 ειΙΙιὶιιιΙΛσιΙηιι
3195 5208 3320 5236 :I‘..J
3366 5205 3504 5234 nunt!
