3950 5344
453 235 550 290 554

1093 243 1149 299 S.
1185 245 1386 301 PETRI
1430 245 1713 303 DAMIANI
1752 245 1902 304 OPP.
1930 245 2109 301 PARS
2138 245 2270 302 SEU
2301 245 2620 304 TOllUSll.
2663 281 2729 290 —
2771 248 3163 307 SERMONES.

3625 251 3727 306 552

454 353 670 420 quando
711 354 859 410 zelus
885 341 1230 414 rectitudinis
1269 361 1438 433 exigit
1482 371 1541 416 ut
1589 378 1716 435 erga
1767 363 2038 433 subjectos
2069 369 2114 428 Α
2142 362 2342 431 apertis
2373 362 2594 418 vocibus
2613 362 2849 418 clamant
2881 372 3138 434 quantum
3162 359 3398 434 priorem
3426 361 3596 416 vitam
3625 378 3726 418 me-

436 443 656 508 steviat,
691 443 842 500 furor
865 446 978 518 ipse
1009 449 1074 504 de
1105 465 1290 507 amore
1320 454 1424 517 sit,
1462 468 1567 508 non
1593 455 1659 508 de
1693 455 2032 524 crudelitate,

443 542 718 601 quatenus
740 543 792 588 et
805 534 930 606 jura
955 538 1252 608 disciplina:
1267 542 1540 608 exhibeat,
1565 554 1618 598 et
1646 545 1789 600 intus
1809 556 2033 617 paterna

439 623 650 692 .pietate
701 625 890 698 diligat
940 645 1076 699 quos
1126 629 1259 686 foris
1305 635 1456 702 quasi
1522 636 1870 706 insequendo,
1905 639 2031 712 [saa-

439 712 668 787 -viendo]
698 719 949 789 castigat.
981 721 1102 774 Mali
1126 731 1305 776 autem
1337 734 1580 794 pastores
1602 743 1708 782 non
1741 729 1881 784 sicut
1907 731 2030 801 agni

449 802 590 857 inter
621 804 807 875 lupos,
857 810 950 864 sed
992 812 1171 881 potius
1197 815 1340 868 sicut
1379 815 1486 886 lupi
1522 817 1662 872 inter
1685 835 1851 888 agnos
1886 820 2026 888 sunt,

447 895 596 962 quia,
629 897 754 951 dum
781 913 812 952 a
851 901 1082 957 subditis
1127 902 1228 958 sibi
1282 904 1485 958 nullum
1530 907 1851 979 plerumque
1893 927 2030 967 mor-

445 1000 563 1040 sum
600 989 834 1046 laesionis
856 994 1134 1064 excipiunt
1155 1035 1168 1062 ,
1199 997 1298 1066 ipsi
1324 998 1377 1052 in
1405 1013 1500 1055 eos
1532 1003 1732 1071 rapinae
1763 1019 1874 1060 suae
1893 1005 2025 1061 den-

449 1087 525 1131 tes
557 1080 849 1136 crudeliter
873 1083 1062 1155 figunt.

512 1169 764 1228 Nonnulli
789 1190 914 1231 vero
934 1187 1220 1248 antequam
1252 1182 1411 1239 ofﬁcii
1442 1186 1788 1242 sacerdotalis
1815 1188 2026 1245 culmen

442 1265 728 1334 attingant,
763 1268 922 1325 mites
946 1287 1003 1326 se
1033 1279 1085 1327 et
1116 1275 1345 1330 humiles
1376 1277 1426 1331 in
1464 1280 1714 1335 omnibus
1741 1279 2024 1348 exhibent,

442 1369 760 1414 cxcrescere
809 1360 862 1414 in
920 1364 1212 1421 virtutibus
1265 1368 1522 1434 student,
1574 1371 1729 1427 bonis
1786 1374 2025 1431 moribus

445 1445 668 1514 pollent,
702 1458 756 1504 et
803 1451 855 1505 in
891 1455 1034 1508 omni
1077 1471 1136 1510 se
1185 1457 1466 1515 honestate
1509 1471 1708 1517 sanctae
1741 1479 2025 1520 conversa-

445 1533 611 1590 tionis
633 1548 910 1606 exercent,
946 1543 1082 1597 mala
1110 1545 1237 1600 nulli
1266 1547 1557 1618 aliquando
1584 1551 1842 1621 inferunt,
1875 1553 2021 1612 illata

389 1629 395 1638 ‘
437 1639 568 1681 vero
595 1629 862 1697 patienter
888 1632 1088 1700 ferunt,
1121 1651 1341 1692 carnem
1371 1655 1522 1695 suam
1564 1642 1776 1698 assidue
1797 1644 2021 1714 jejnniis

2139 456 2240 510 rita
2275 455 2574 526 posteriora
2610 457 3013 512 transcendant.

2208 546 2342 601 Nam
2375 562 2536 616 quam
2571 548 2887 618 praeclarum
2910 589 2924 613 ,
2957 549 3292 605 dilectissimi
3338 548 3546 604 fratres
3599 547 3722 614 mei,

2135 653 2296 707 quam
2339 639 2662 709 stupendum
2693 637 2793 694 fuit
2824 639 2950 695 illud
2979 640 3190 710 insigne
3235 640 3559 695 miraculum
3579 683 3594 706 ,
3622 655 3726 710 quo

2137 731 2388 785 videlicet
2411 731 2553 786 inter
2577 732 2690 802 ipsa
2723 733 3009 787 missarum
3039 731 3300 786 solemnia
3329 732 3512 787 subito
3552 732 3605 785 in
3636 747 3726 786 ex-

2136 819 2292 874 tasim
2330 829 2533 890 raptus,
2579 835 2674 890 per
2715 821 2962 890 spiritum
2997 821 3301 876 Mutinense
3341 822 3602 892 Oppidum
3631 837 3724 890 pe-

2132 908 2240 973 tiit,
2273 909 2508 962 defuncti
2547 909 2732 963 fratris
2753 918 2807 963 et
2836 910 3140 981 coepiscopi
3170 910 3280 965 Deo
3307 913 3548 964 animam
3573 926 3724 964 com-

2132 1000 2428 1065 mendavit,
2463 1015 2660 1070 corpus
2695 1000 2746 1054 in
2777 1001 3030 1069 sepulcro
3052 1003 3252 1072 posuit,
3285 1011 3340 1056 et
3367 1016 3534 1055 omne
3566 1000 3721 1056 fune-

2129 1089 2307 1143 brium
2333 1089 2720 1158 exsequiarum
2739 1088 2975 1144 ollicium
3005 1090 3358 1160 perordinem
3385 1089 3718 1145 celebravit!

2117 1180 2174 1250 f0
2202 1197 2364 1251 quam
2395 1197 2590 1236 novum
2624 1182 2990 1250 spectaculum
3020 1191 3332 1253 quantaque
3362 1181 3724 1235 admiratione

2126 1273 2528 1345 dignissimum,
2560 1274 2603 1328 si
2644 1281 2818 1328 totum
2849 1274 2979 1330 illud
3022 1274 3184 1330 simul
3231 1272 3481 1328 mortalis
3528 1287 3722 1341 capere

2123 1366 2392 1436 potuisset
2418 1366 2675 1427 intuitus!
2701 1367 2905 1422 Aderat
2934 1367 3199 1436 siquidem
3227 1365 3573 1436 emigregatis
3596 1364 3720 1419 fide-

2124 1459 2269 1515 libus
2305 1461 2524 1524 absens,
2552 1459 2744 1515 aberat
2787 1477 2916 1516 vero
2958 1476 3218 1530 praesens.
3267 1459 3536 1514 Nimirum
3575 1474 3604 1511 a
3635 1472 3718 1512 se-

2123 1551 2356 1622 metipso
2401 1553 2563 1605 etiam
2611 1551 2772 1622 longe
2815 1551 3044 1622 positus,
3091 1550 3180 1604 hic
3238 1548 3551 1602 viventibus
3600 1547 3718 1602 fili'a

2124 1641 2429 1696 commissa
2479 1641 2768 1712 pastoralis
2815 1656 2960 1695 cura:
3011 1638 3269 1694 reddebat
3301 1637 3569 1698 debitum,
3611 1635 3718 1688 illic

427 1726 488 1772 ει
523 1722 854 1778 οτθῑίοηίϋυε
895 1725 1167 1792 edomant,
1212 1737 1268 1783 et
1311 1743 1534 1787 cunctos
1566 1732 1616 1787 in
1657 1749 1716 1790 se
1764 1735 2019 1792 vitiorum
2055 1739 2096 1797 Β
2127 1732 2380 1786 defuncto
2406 1731 2559 1786 fratri
2584 1731 2684 1802 pia:
2709 1731 3060 1787 humanitatis
3090 1728 3433 1798 impendebat
3457 1726 3714 1781 cilicium.

437 1821 618 1868 motus
640 1829 869 1870 censura
903 1817 1088 1888 rigida:
1131 1822 1442 1878 severitatis
1480 1824 1716 1880 frenant.
1751 1804 1856 1881 S'ed
1900 1844 2023 1884 cum

2129 1821 2232 1878 Sed
2276 1834 2330 1878 et
2373 1840 2534 1894 quam
2585 1823 2720 1887 leve,
2768 1838 2930 1892 quam
2977 1822 3134 1876 velox
3180 1819 3492 1874 vehiculum
3534 1829 3718 1872 noster

442 1908 731 1975 pastoralis
751 1912 1011 1966 custodite
1031 1912 1157 1982 jura
1180 1915 1502 1984 suscipiunt,
1540 1918 1800 1988 quidquid
1824 1921 2029 1975 saneti-
2125 1915 2406 1985 episcopus
2441 1915 2650 1979 habuit,
2685 1915 2801 1985 qui,
2834 1930 2941 1969 non
2973 1913 3150 1968 dicam
3182 1920 3402 1982 puncto,
3451 1924 3558 1964 non
3602 1925 3715 1964 mo-

433 1996 561 2049 tatis
587 1997 909 2067 habuerant,
939 2010 998 2055 ut-
1017 2001 1116 2068 ita,
1145 2005 1280 2073 prob
1309 2005 1502 2060 dolor!
1543 2007 1739 2073 dicam,
1771 2025 2024 2065 concam-

436 2088 525 2142 bio
558 2091 771 2147 miserae
796 2096 1213 2162 permutationis
1247 2098 1523 2164 amittunt,
1569 2114 1728 2155 omne
1756 2103 1898 2171 quod
1939 2105 2024 2173 pie

432 2179 680 2235 vixerant
708 2184 1138 2252 obliviscuntur,
1165 2195 1219 2241 et
1242 2189 1644 2244 decurrentium
1677 2208 1827 2248 more
1851 2192 2024 2248 flumi-

435 2285 584 2334 num,
627 2272 693 2325 ad
726 2272 832 2327 ima
867 2273 1071 2345 absque
1117 2277 1225 2331 ullo
1272 2280 1588 2334 retentionis
1618 2281 1901 2338 obstaculo
1930 2283 2024 2339 (Ιο-

432 2365 742 2436 volvuntur,
772 2381 824 2425 et
849 2371 996 2426 velut
1031 2373 1154 2428 mali
1187 2376 1436 2446 remiges,
1467 2391 1587 2432 cum
1617 2379 1682 2433 ad
1714 2379 1820 2434 alta
1847 2380 2018 2453 pelagi

431 2470 596 2515 vento
636 2461 946 2533 impellente
976 2465 1290 2530 deveniunt,
1345 2468 1560 2537 quando
1589 2471 1797 2526 scilicet
1827 2473 2019 2543 majori

431 2547 718 2607 conamine
744 2569 877 2624 opus
899 2565 1005 2621 est,
1032 2557 1084 2610 in
1111 2571 1361 2613 somnum
1409 2574 1468 2614 se
1514 2561 1791 2616 mortifera
1819 2564 2020 2618 securi-

430 2652 542 2698 tate
571 2646 876 2714 resolvunt;
922 2648 1005 2704 vel
1052 2650 1232 2719 potius
1278 2666 1402 2706 cum
1457 2652 1820 2723 gubernandze
1865 2654 2018 2710 navis

430 2734 643 2790 clavum
689 2739 1012 2809 suscipiunt,
1046 2740 1135 2811 qui
1167 2742 1318 2810 prius
1362 2757 1484 2798 cum
1534 2745 1746 2799 caeteris
1797 2753 2018 2802 strenue

429 2826 837 2896 navigaverant,
863 2828 986 2899 jam
1024 2831 1078 2885 in
1128 2831 1438 2903 magisterio
1467 2833 1624 2902 positi
1662 2834 1713 2888 in
1743 2834 2018 2907 negligen-

430 2919 520 2972 tia).
550 2933 610 2973 se
632 2918 854 2989 torpore
880 2923 1169 2994 dejieiunt,
1204 2932 1258 2979 et
1285 2941 1390 2979 non
1423 2909 1760 2983 solum‘alios
1785 2943 1892 2982 non
1923 2943 2018 2983 eu-

429 3007 692 3073 stodiunt,
725 3011 818 3065 sed
855 3012 1175 3082 semetipsos
1222 3013 1384 3067 etiam
1431 3013 1720 3069 infeliciter
1762 3017 2012 3086 perdunt.

2126 2016 2328 2069 mento,
2374 2005 2466 2060 sed
2508 2005 2560 2059 in
2597 2004 2900 2062 brevissimi
2945 2002 3204 2072 temporis
3244 2001 3352 2056 ictu
3397 2010 3512 2055 tam
3562 1999 3717 2069 longa

2126 2106 2390 2152 terrarum
2415 2097 2590 2167 spatia
2619 2095 3003 2151 trausmcavit?
3032 2094 3209 2149 Nescit
3239 2107 3370 2148 sane
3395 2107 3602 2146 currus
3626 2091 3712 2145 ille

2123 2188 2335 2242 viarum
2364 2186 2750 2257 asperitatibus
2783 2185 3033 2256 reprimi,
3098 2185 3310 2255 ignorat
3355 2182 3713 2252 oppositionis

2124 2280 2427 2337 sufflamine
2465 2279 2752 2335 retardari.
2783 2277 3168 2333 Verumtamen
3215 2277 3318 2330 hoc
3356 2284 3467 2330 tam
3515 2273 3714 2344 grande

2124 2372 2467 2436 miraculum,
2494 2386 2602 2442 quo
2624 2370 2693 2425 ab
2709 2369 2892 2440 aliquo
2915 2377 3225 2424 sanctorum
3248 2375 3528 2422 ostensum
3552 2364 3714 2419 fuisse

2123 2465 2299 2520 rarius
2341 2465 2582 2531 auditur,
2628 2479 2694 2519 eo
2738 2466 2805 2518 ab
2848 2462 2952 2528 his,
2994 2463 3085 2532 qui
3127 2476 3229 2516 non
3257 2459 3490 2515 credunt
3537 2457 3714 2513 omnia

2120 2556 2396 2626 possibilia
2418 2571 2536 2612 esse
2561 2554 2827 2621 credenti,
2853 2553 3084 2610 fortasse
3115 2551 3390 2608 difﬁcilius
3412 2550 3680 2606 creditur.

2191 2647 2332 2714 Quid
2365 2648 2507 2703 enim
2538 2647 2734 2712 rarius,
2761 2645 2890 2715 quid
2923 2643 3278 2699 admiratione
3301 2642 3525 2713 dignius
3552 2656 3712 2712 quam

2118 2756 2314 2812 purum
2353 2739 2602 2808 spiritum
2630 2751 2827 2809 corpus
2855 2734 3215 2806 corporaliter
3241 2732 3517 2804 sepelire?
3541 2732 3634 2796 Et,
3659 2740 3716 2785 ut

2121 2833 2190 2886 ita
2212 2832 2463 2894 dixerim,
2481 2832 2718 2885 animam
2747 2829 3032 2883 visibiliter
3047 2829 3284 2882 animam
3307 2823 3716 2880 commendare?

2120 2920 2227 2977 Sed
2256 2923 2323 2976 ad
2351 2922 2454 2976 hoc
2481 2920 2809 2976 credendum
2837 2919 2944 2974 cito
2973 2920 3213 2974 animum
3240 2916 3515 2973 ﬂectimus
3539 2957 3553 2980 ,
3587 2917 3633 2970 si
3663 2924 3716 2970 et

2121 3015 2226 3070 alia
2255 3015 2449 3070 divina:
2475 3013 2693 3068 virtutis
2717 3027 2884 3083 opera
2907 3012 3148 3067 studiose
3181 3023 3494 3080 pensamus.
3521 3007 3711 3077 Liquet

505 3098 610 3154 Sed
653 3102 781 3170 quid
831 3102 931 3156 ista
969 3103 1034 3158 de
1081 3103 1326 3174 reprobis
1365 3103 1679 3174 pastoribus
1720 3106 2012 3176 loquimur,
2043 3095 2086 3157 C
2120 3109 2364 3180 profecto
2389 3108 2514 3179 quia
2555 3107 2855 3163 mobilioris
2898 3113 3107 3160 naturae
3141 3112 3226 3158 est
3252 3103 3505 3172 spiritus,
3550 3114 3713 3169 quam

429 3208 552 3249 cum
579 3205 632 3248 et
661 3196 766 3264 ipsi
789 3212 1014 3252 summa:
1034 3199 1340 3253 sanctitatis
1367 3197 1465 3251 viri
1490 3206 1736 3268 suscepto
1760 3213 1903 3253 curae
1925 3215 2018 3270 pa-

432 3289 647 3344 storalis
673 3290 868 3355 olllcio,
900 3301 954 3346 et
982 3293 1024 3346 si
1053 3292 1119 3346 ad
1157 3292 1315 3355 mala,
1349 3292 1490 3360 quod
1519 3292 1679 3356 absit,
1710 3291 2017 3348 nullatenus

429 3392 716 3452 proruunt,
743 3399 886 3455 smpe
921 3395 1097 3440 tamen
1131 3401 1196 3441 ex
1227 3386 1337 3456 ipsa
1367 3386 1493 3440 boni
1540 3385 1896 3457 perfectione,
1922 3401 2020 3440 ne-

416 3474 686 3530 "cessitale
714 3485 940 3547 cogente
977 3475 1366 3546 aliquantulum
1396 3476 1750 3530 minuuntur?
1779 3475 1913 3529 Hinc
1935 3483 2018 3530 est

432 3568 574 3635 quod
605 3567 666 3620 Β.
704 3583 840 3638 papa
891 3566 1052 3638 Greg.
1100 3568 1151 3621 in
1199 3567 1398 3638 prioris
1435 3567 1557 3622 vitae
1605 3565 2016 3622 conversatione

431 3656 668 3710 visibilia
691 3673 919 3728 quaeque
947 3672 1005 3712 se
1033 3658 1431 3713 transcendisse
1458 3657 1739 3726 gloriatur,
1779 3665 2017 3727 postmo-

433 3744 561 3800 dum
596 3762 723 3801 vero
753 3748 899 3802 curis
926 3746 1286 3803 exterioribus
1327 3747 1593 3817 implicari
1636 3747 1722 3816 pia
1757 3747 2018 3801 lamenta-

434 3836 584 3892 tione
605 3841 954 3908 conqueritur
975 3839 1166 3910 (Gneo.
1192 3839 1242 3893 in
1267 3838 1417 3908 praef.
1449 3837 1539 3892 lib.
1565 3836 1862 3909 tDialog.).
1881 3837 2018 3891 Ilinc

433 3936 517 3982 est
547 3931 718 3983 etiam
741 3931 884 3999 quod
927 3932 994 3985 de
1036 3930 1095 3984 Β.
1130 3930 1362 3985 Martino
1411 3928 1713 3984 Turonensi
1761 3928 2016 3998 episcopo

435 4020 652 4091 legitur,
683 4022 808 4090 quia
832 4021 1005 4090 major
1029 4023 1077 4075 ei
1097 4022 1269 4075 virtus
1299 4031 1425 4076 ante
1448 4020 1814 4090 episcopatum
1844 4018 2018 4073 fuerat

436 4125 598 4180 quam
616 4120 734 4180 post
752 4110 1119 4180 episcopatum
1142 4109 1362 4179 (Seven.
1389 4110 1632 4175 SULPIT.,
1657 4108 1777 4163 Vita
1801 4106 1857 4162 S.
1878 4107 2018 4161 Mar-

436 4203 557 4269 tini,
581 4202 671 4257 lib.
706 4218 767 4267 tt,
796 4217 915 4271 cap.
944 4202 1017 4272 5).
1050 4203 1366 4270 Quanquam
1391 4202 1579 4271 procul
1607 4202 1770 4256 dubio
1792 4201 2023 4256 creden-

430 4297 558 4350 dum
613 4296 682 4351 sit
729 4296 854 4366 quia
902 4295 1107 4350 sanctis
1154 4293 1595 4363 praedicatoribus
1634 4293 1892 4363 quidquid
1919 4308 2017 4364 pro

434 4389 664 4445 aliorum
690 4389 936 4444 custodia
968 4389 1032 4442 de
1053 4387 1267 4458 propria
1300 4385 1631 4457 perfectione
1661 4385 2014 4452 subtrahitur,

426 4481 598 4538 multo
626 4481 858 4552 largius,
891 4482 1176 4550 multoque
1199 4479 1312 4550 26
1336 4477 1554 4533 uberius
1592 4479 1644 4532 in
1674 4476 2017 4546 acquirendis

426 4574 765 4631 subditorum
799 4575 962 4629 lucris
992 4582 1235 4645 augetur.

497 4667 825 4737 Perpendite
860 4681 1017 4737 ergo,
1069 4665 1262 4720 fratres
1292 4662 1616 4725 charissimi,
1655 4677 1815 4732 quam
1845 4662 2009 4718 mira-

426 4759 550 4814 bilis
575 4759 660 4813 vir
688 4758 855 4830 fuerit
877 4759 1068 4813 beatus
1097 4757 1330 4812 Severus
1355 4797 1368 4820 ,
1399 4756 1486 4811 cui
1515 4755 1816 4810 sanctitatis
1847 4756 2008 4810 nteri-

431 4859 542 4903 tum
574 4851 808 4920 suscepti
835 4865 963 4905 cura
997 4849 1275 4918 regiminis
1311 4847 1519 4901 addidit
1569 4846 1712 4915 quod
1751 4844 1874 4900 aliis
1917 4861 2006 4900 ex-

428 4942 832 4997 cellentissimis
871 4943 1033 4997 etiam
1081 4942 1211 4995 viris
1256 4941 1500 4994 minuere
1541 4939 1840 4994 consuevit.
1870 4937 2003 4992 Nam

431 5033 575 5102 quod
604 5031 723 5084 aliis
749 5047 890 5100 saepe
913 5031 1279 5087 descensionis
1304 5038 1387 5085 est
1415 5044 1600 5093 causa,
1638 5029 1742 5083 hoc
1771 5027 1844 5082 illi
1882 5043 2006 5098 pro-

431 5121 698 5177 vectionis
734 5122 992 5185 probatur
1021 5121 1293 5175 exstitisse
1322 5120 1582 5185 materia;
1631 5129 1688 5174 et
1733 5119 1858 5173 inde
1901 5118 2002 5173 sibi

431 5211 780 5282 perfectionis
809 5210 1018 5264 culmen
1044 5219 1127 5264 est
1153 5219 1393 5275 auctum,
1424 5212 1566 5265 unde
1587 5221 1640 5266 et
1665 5209 2000 5280 perfectissi—

433 5304 538 5344 mit:
590 5300 723 5344 viris
777 5297 1091 5344 illerttmmm
1143 5316 1248 5344 nnn
1297 5301 1588 5344 nmhinitnr
1637 5301 1996 5344 imminutum.

2119 3215 2338 3269 corpus,
2389 3210 2444 3254 et
2491 3208 2663 3263 certe,
2710 3197 2993 3266 Scriptura
3035 3204 3189 3259 teste,
3232 3193 3510 3256 novimus,
3571 3189 3713 3260 quod

2118 3291 2379 3363 propheta
2413 3289 2662 3346 Habacue
2697 3305 2764 3344 ex
2789 3287 2972 3344 Judtea
3004 3286 3341 3350 sublevatus,
3370 3291 3603 3354 repente
3632 3292 3713 3336 est

2120 3380 2175 3434 in
2203 3379 2506 3435 Chald'eam
2537 3394 2658 3434 cum
2687 3378 2917 3449 prandio
2949 3377 3280 3448 deportatus.
3314 3374 3435 3440 Quo
3465 3371 3713 3427 videlicet

2119 3471 2346 3540 prandio
2377 3469 2648 3525 Danielem
2689 3471 3006 3540 prophetam
3039 3466 3248 3532 refecit,
3273 3479 3504 3535 seseque
3535 3463 3590 3518 in
3618 3463 3712 3518 Ju-

2119 3565 2232 3619 daza
2267 3565 2463 3618 iterum
2511 3562 2717 3618 invenit
2767 3561 2927 3630 (Dan.
2958 3560 3095 3623 xrv).
3126 3559 3184 3614 Si
3216 3558 3380 3629 igitur
3413 3566 3522 3612 tam
3558 3555 3712 3625 longe

2119 3654 2374 3709 lfabacuc
2419 3654 2598 3724 potuit
2641 3653 2741 3708 sub
2787 3660 3062 3707 momento
3117 3649 3478 3722 corporaliter
3532 3647 3615 3702 ire
3658 3655 3712 3700 et

2122 3744 2406 3816 prandium
2451 3743 2682 3806 deferre,
2720 3743 2848 3813 quid
2897 3742 3092 3796 mirum
3142 3740 3188 3796 si
3232 3739 3425 3794 beatus
3473 3737 3709 3792 Severus

2122 3839 2372 3900 obtinuit,
2403 3847 2670 3908 quatenus
2695 3851 2792 3906 per
2811 3835 3061 3904 spiritum
3080 3833 3205 3898 iret,
3237 3840 3292 3886 et
3317 3832 3579 3886 defuncto
3607 3829 3708 3883 fra-

2121 3931 2189 3986 tri
2217 3930 2426 3985 funeris
2454 3927 2685 3984 oﬂicinm
2722 3926 3038 3982 exhiberet?
3071 3924 3141 3980 Ut
3171 3925 3312 3979 sicut
3333 3923 3421 3977 iile
3461 3923 3532 3977 ad
3564 3920 3709 3977 defe—

2121 4025 2345 4080 rendum
2395 4023 2673 4093 propheta:
2716 4021 2895 4077 cibum
2926 4019 3172 4090 corporis
3197 4017 3564 4088 corporaliter
3589 4032 3706 4086 per-

2123 4116 2284 4178 rexit,
2319 4115 2394 4169 ita
2429 4114 2531 4169 iste
2586 4112 2651 4166 ad
2699 4111 3186 4166 commendandum
3244 4109 3356 4163 Deo
3403 4105 3705 4164 beatissimi

2121 4207 2358 4263 hominis
2388 4206 2635 4276 spiritum
2672 4203 2994 4274 spiritaliter
3019 4209 3288 4272 pergeret.

2191 4302 2311 4358 Jam
2361 4316 2490 4355 vero
2519 4299 2647 4353 illud
2697 4306 2915 4368 quanta:
2962 4297 3180 4351 virtutis
3228 4293 3348 4357 fuit,
3381 4301 3704 4362 quantmth

2123 4392 2401 4465 potentiae,
2451 4391 2592 4461 quod
2637 4389 2712 4444 illi
2757 4389 2944 4443 aridus
2989 4388 3128 4443 cinis
3155 4386 3282 4440 olim
3319 4386 3433 4456 jam
3467 4383 3702 4440 defuncti

2122 4486 2402 4544 cadaveris
2445 4484 2646 4554 paruit,
2675 4493 2728 4537 et
2758 4483 2824 4536 ad
2863 4481 3012 4536 vocis
3050 4478 3168 4548 ejus
3198 4478 3485 4547 imperium
3516 4477 3702 4531 exani-

2122 4586 2271 4631 mata
2297 4575 2483 4630 uxoris
2513 4588 2664 4637 caro,
2709 4581 2766 4626 ut
2794 4571 2970 4626 locum
3015 4570 3137 4624 filiae
3180 4569 3416 4632 cederet,
3451 4568 3508 4622 in
3541 4584 3704 4638 angu-

2119 4683 2260 4728 stum
2301 4686 2358 4727 se
2396 4669 2685 4740 sepulturae
2738 4667 2993 4736 angulum
3044 4663 3374 4721 coarctavit?
3403 4663 3512 4732 27
3555 4660 3702 4714 Justo

2119 4765 2314 4834 quippe
2364 4762 2463 4816 Dei
2493 4761 2718 4830 judicio,
2758 4759 2972 4822 mulier,
3014 4772 3134 4827 quae
3171 4755 3296 4811 olim
3335 4754 3489 4809 illum
3519 4755 3572 4808 in
3603 4753 3700 4806 hac

2119 4857 2223 4909 vita
2272 4838 2652 4908 subsannando
2700 4851 3040 4919 despexerat,
3071 4847 3205 4916 jam,
3237 4854 3445 4901 mutata
3487 4854 3698 4900 senten-

2116 4947 2208 5010 tia,
2239 4945 2357 5014 cjus
2397 4953 2664 5014 praecepta
2714 4941 2993 5013 humiliter
3035 4939 3379 4995 observabat.
3433 4937 3695 4992 Nimirum

2111 5050 2273 5105 quem
2303 5043 2523 5089 nentem
2557 5033 2793 5088 stamina
2826 5032 2878 5086 in
2910 5030 3098 5085 humili
3121 5027 3424 5098 ergasterio
3466 5039 3694 5096 pauper-

2111 5125 2292 5179 culum
2321 5132 2566 5185 noverat,
2592 5119 2860 5188 jamtu-nc
2886 5120 2938 5174 in
2963 5118 3082 5173 aula
3107 5117 3323 5186 superni
3352 5115 3521 5187 Regis
3538 5128 3690 5186 quam

2112 5227 2339 5278 magnus
2373 5223 2592 5267 senator
2629 5218 2796 5272 esset,
2842 5209 2947 5274 his,
2990 5207 3082 5277 qui
3124 5205 3234 5260 falli
3264 5221 3374 5260 non
3423 5212 3689 5274 poterant,

2110 5301 2282 5344 ηριιιία
2313 5300 2640 5344 attendebat-
2678 5299 2782 5344 Sed
2813 5309 2866 5344 ρί
2897 5301 3000 5344 hac
3042 5295 3357 5344 inermlihile
3388 5297 3516 5344 nuis
3543 5294 3692 5344 forsi-
