3950 5344
164 289 270 348 535

1600 290 1830 350 SERMO
1879 293 1963 350 Vl.

3341 298 3446 355 εει

161 394 432 469 judicium
487 381 936 470 transmigrassc?
989 395 1100 453 Hoc
1156 406 1338 452 tamen
1387 398 1548 453 etiam
1605 399 1762 456 facile
1794 408 1836 464 Α
1869 403 1934 458 de
1968 402 2209 462 fontibus
2239 404 2534 463 Salvatoris
2581 407 2716 478 (Ira.
2757 407 2876 479 xu).
2909 408 3055 464 Illam
3087 409 3358 476 videlicet,
3383 413 3450 469 de

167 490 435 555 creditur,
461 490 505 546 si
537 489 728 545 collata
752 489 1064 545 hominibtts
1090 489 1270 544 divina
1298 492 1467 560 gratia
1497 493 1763 547 subtiliter

169 584 486 653 indagetur.
518 580 771 654 Nunquid
791 583 936 637 enim
968 581 1162 637 Petrus
1195 582 1246 636 in
1278 582 1377 636 ista
1403 583 1578 638 adhuc
1601 600 1764 639 carne

169 690 275 728 non
307 683 451 738 erat,
484 675 572 743 qui
600 689 667 729 ex
689 689 784 729 ore
815 674 1071 728 Veritatis
1093 674 1347 728 audiebat
1379 693 1391 728 :
1428 692 1446 726 ι
1478 673 1767 740 Quodcun-

172 779 275 833 que
307 763 568 833 ligaveris
591 779 754 834 super
777 773 976 817 terram
1007 765 1111 818 erit
1145 764 1366 834 ligatum
1401 775 1455 819 et
1485 765 1537 818 in
1566 765 1720 820 caalis
1748 783 1761 819 :

171 864 223 909 et
253 856 623 925 quodcunque
649 855 878 911 solveris
910 872 1071 926 super
1091 865 1289 910 terram
1316 858 1421 911 erit
1445 856 1679 912 solutum
1715 866 1770 912 et

175 949 224 1000 in
255 947 456 1002 ewlis?
487 967 505 998 ι
533 947 749 1019 (Matth.
771 950 905 1018 xvi.)
929 948 1091 1016 Cujus
1117 966 1258 1003 nunc
1283 950 1451 1004 vicem
1479 952 1528 1004 in
1554 951 1769 1022 ligando

177 1051 227 1094 et
255 1041 522 1096 solvendo
551 1043 829 1111 possident
857 1043 1164 1114 quicunque
1197 1044 1372 1098 locum
1412 1047 1584 1099 sancti
1631 1045 1770 1115 regi-

177 1131 340 1184 minis
386 1132 492 1185 fide
534 1141 588 1186 et
630 1133 874 1187 moribus
926 1143 1129 1187 tenent.
1172 1132 1278 1188 Sed
1309 1144 1366 1188 ut
1417 1143 1563 1188 tanta
1595 1135 1772 1188 valeat

176 1224 340 1277 homo
384 1226 453 1280 de
499 1235 662 1286 terra,
720 1227 843 1280 coeli
873 1236 926 1279 et
957 1237 1117 1282 terra:
1166 1225 1426 1282 Conditor
1473 1227 1524 1280 in
1572 1238 1771 1283 terram

178 1315 384 1370 venite
409 1317 579 1381 cmlo;
613 1327 776 1387 atque
815 1327 873 1373 ut
909 1317 1161 1385 judicare
1192 1334 1320 1372 caro
1357 1334 1462 1372 non
1495 1318 1665 1372 solum
1709 1319 1774 1375 de

177 1426 368 1476 carne,
407 1412 500 1466 sed
531 1413 695 1466 etiam
752 1414 819 1468 de
850 1414 1131 1483 spiritibus
1156 1415 1348 1483 possit,
1389 1415 1489 1469 hoc
1512 1415 1559 1470 ei
1592 1415 1774 1482 largiri

179 1503 435 1573 dignatus
465 1513 549 1558 est
577 1504 752 1560 factus
794 1521 893 1576 pro
934 1507 1241 1561 homiuilms
1277 1507 1417 1562 Deus
1457 1521 1606 1562 caro.
1639 1505 1776 1573 Quia

177 1592 305 1672 inde
327 1596 578 1650 surrexit
603 1595 742 1650 ultra
775 1613 832 1653 se
858 1597 1146 1654 inﬁrmitas
1169 1607 1384 1663 nostra,
1421 1601 1562 1656 unde
1590 1601 1691 1655 sub
1719 1615 1778 1657 se

180 1684 456 1740 inﬁrmata
480 1699 566 1743 est
587 1689 812 1745 lirmitas
839 1690 956 1747 Dei.

1865 511 1974 564 qua
2019 497 2132 565 ipse
2165 496 2218 550 in
2265 496 2555 566 Evangelia
2595 498 2724 553 dicit
2757 512 2772 553 :
2807 517 2826 550 ε
2868 497 2966 564 Qui
3014 499 3213 555 biberit
3254 516 3454 569 aquam

1867 599 2028 654 quam
2061 601 2159 655 ego
2184 586 2269 647 do,
2304 586 2392 641 ﬁet
2421 588 2474 642 in
2501 604 2567 641 eo
2599 587 2719 643 fons
2744 604 2898 658 aqua:
2937 589 3180 645 salientis
3208 591 3260 644 in
3286 590 3452 644 vitam

1866 688 2123 730 mternam
2153 676 2335 749 (Jonn.
2364 677 2458 749 tv).
2490 698 2507 730 ι
2545 679 2607 734 Et
2631 680 2824 734 iterum
2854 680 3052 736 clamat
3081 681 3303 737 dicens:
3341 701 3358 733 ‹
3395 680 3454 736 Si

1868 770 1989 838 quis
2019 771 2152 835 sitit,
2186 771 2366 824 veniat
2406 772 2474 825 ad
2504 787 2608 837 me,
2635 781 2690 826 et
2727 772 2894 834 bibat,
2933 781 2988 827 et
3018 773 3085 828 de
3119 784 3308 828 ventre
3334 773 3457 843 ejus

1869 863 2037 918 fluent
2070 880 2224 933 aqua:
2252 865 2385 919 viva:
2427 865 2609 934 (Joan.
2638 864 2754 935 vn).
2803 885 2820 917 ι
2862 865 3057 931 Quanti
3101 877 3229 920 sunt
3274 866 3456 927 hodie,

1870 956 1962 1026 qui
1993 957 2036 1010 si
2069 966 2276 1025 petram
2311 956 2477 1017 illam,
2509 969 2572 1009 ex
2600 972 2706 1025 qua
2734 958 2786 1010 in
2825 965 3066 1025 tempore
3091 955 3290 1027 Moysis
3316 970 3459 1023 aqua

1872 1049 2132 1118 producta
2171 1058 2274 1113 est,
2307 1062 2533 1104 cernere
2559 1048 2881 1117 potuissent,
2913 1047 3127 1102 lucrum
3156 1062 3261 1100 non
3299 1046 3460 1100 miui-
3485 1036 3508 1084 λη

1864 1155 2020 1207 ,mum
2051 1140 2390 1208 deputarent.
2431 1139 2520 1192 lsti
2569 1140 2749 1208 itaque
2804 1155 2946 1193 nunc
2983 1139 3126 1194 beati
3160 1139 3348 1193 Severi
3379 1139 3459 1192 in-

1873 1233 2188 1302 grediantur
2217 1231 2525 1297 ecclesiam,
2551 1241 2606 1287 et
2633 1232 2686 1285 in
2716 1232 2898 1286 multis
2931 1231 3093 1285 simul
3125 1232 3241 1287 ﬁeri
3269 1231 3460 1301 lapidi-

1875 1325 1976 1379 bus
2008 1323 2243 1385 videaut,
2277 1323 2418 1392 quod
2453 1325 2504 1376 in
2538 1339 2644 1378 uno
2693 1321 2862 1378 fuisse
2898 1321 3097 1376 factum
3146 1322 3330 1377 laetitia
3360 1322 3467 1392 pia}

1877 1417 2177 1476 devotionis
2215 1416 2505 1471 exsultant.
2558 1415 2672 1470 Hoc
2713 1417 2878 1470 etiam
2927 1415 3275 1485 superaddite
3319 1414 3467 1484 quod

1877 1523 2014 1577 aqua
2047 1505 2302 1560 illasitim
2330 1505 2670 1560 soluuunodo
2688 1505 2998 1560 bibentibus
3027 1503 3328 1567 auferebat,
3362 1504 3467 1560 ista

1878 1597 2042 1652 etiam
2073 1595 2316 1650 diversas
2363 1595 2731 1665 languentium
2761 1594 3112 1665 azgritudines
3154 1604 3330 1650 curat.
3375 1594 3468 1650 Illa

1879 1691 2006 1746 dum
2035 1691 2331 1754 biberetur,
2363 1690 2623 1759 situplicis
2647 1706 2799 1761 aqua:
2822 1692 2887 1746 de
2903 1706 2961 1745 se
2987 1691 3150 1746 dabat
3175 1691 3430 1747 indicium
3447 1731 3464 1756 ,

253 1780 363 1835 Sed
399 1796 503 1835 cur
531 1782 634 1836 ista
667 1783 732 1838 de
768 1784 1008 1854 antiquis
1033 1785 1093 1840 Β.
1125 1784 1309 1840 Severi
1343 1786 1620 1841 miraculis
1645 1785 1782 1841 diei-
1811 1771 1857 1831 Β
1887 1784 1988 1838 ista
2023 1783 2146 1838 dum
2179 1782 2446 1846 medetur,
2475 1781 2813 1840 diversorum
2836 1791 3143 1837 aromatum
3167 1792 3224 1838 et
3252 1782 3470 1838 medici-

183 1887 323 1934 mus,
368 1887 496 1926 cum
540 1873 702 1928 hodie
756 1890 864 1928 nou
909 1891 1078 1946 pauca
1110 1877 1474 1946 prodigiorum
1527 1878 1679 1947 signa
1723 1878 1777 1933 in

185 1963 487 2016 venerabili
533 1965 826 2032 sepultura:
864 1981 977 2021 sua:
1025 1966 1245 2022 basilica
1297 1968 1410 2021 ﬁeri
1465 1967 1782 2036 frequenter

172 2059 516 2125 audiamus?
546 2058 704 2127 Nam,
747 2069 805 2114 ut
843 2060 910 2116 de
941 2063 1155 2117 exteris
1184 2062 1399 2130 sileam,
1445 2062 1574 2116 illud
1615 2078 1779 2115 unum

185 2153 409 2222 quantis
442 2162 528 2207 est
559 2154 846 2222 przeeoniis
891 2155 1110 2226 dignum
1152 2165 1466 2224 quantaque
1503 2154 1685 2209 lartitia
1711 2154 1781 2208 ad

184 2247 384 2300 divinae
414 2247 826 2316 omnipotentiae
854 2247 1078 2318 gloriam
1113 2247 1480 2310 referendum,
1511 2246 1652 2316 quod
1683 2246 1782 2301 sub

193 2338 305 2407 ipso
327 2337 529 2392 altaris
557 2338 912 2399 sacratissimi
953 2339 1034 2392 sui
1061 2340 1307 2410 corporis
1329 2339 1633 2394 clarissima
1661 2354 1783 2394 sen-

190 2433 289 2486 sim
315 2441 723 2501 emanataqna,
741 2431 970 2486 diversis
997 2430 1366 2501 languentium
1385 2428 1784 2487 valetudinibus

189 2521 514 2593 profutura!
551 2521 685 2576 Nam
723 2522 766 2576 si
816 2522 949 2576 ﬁdes
980 2521 1278 2578 bibentium
1317 2523 1520 2593 exigat,
1571 2537 1694 2576 mox
1725 2530 1786 2575 ut

190 2628 307 2666 eam
340 2623 565 2683 pectora
586 2622 792 2683 aegrota
816 2614 1143 2683 percipiunt,
1183 2613 1431 2682 protinus
1457 2611 1523 2666 de
1557 2610 1787 2666 infirmi-

191 2718 301 2762 tate
329 2708 398 2761 ad
427 2705 660 2761 salutem
691 2707 976 2775 pristinam
1024 2706 1428 2761 convalescunt.
1467 2705 1555 2768 Et,
1586 2711 1646 2757 ut
1686 2702 1790 2757 mi-

191 2799 422 2853 rabilem
453 2813 569 2852 rem
594 2798 716 2852 fieri
747 2797 1066 2851 mirabiliter
1085 2796 1312 2861 audias,
1347 2810 1452 2848 non
1477 2794 1529 2848 in
1553 2791 1788 2848 vernalis

192 2891 541 2946 inclementia
567 2888 854 2959 temporis,
883 2905 986 2942 non
1017 2889 1068 2942 in
1096 2886 1426 2941 autumnalis
1458 2884 1789 2940 inundantiaa

195 2982 418 3052 pluviis,
463 2998 570 3035 non
616 2981 673 3036 in
707 2979 1000 3036 imbrifera:
1027 2980 1300 3050 algoribus
1325 2979 1536 3043 hiemis,
1568 2978 1788 3048 quando

193 3089 262 3129 ex
314 3073 548 3128 diversis
597 3087 852 3127 saxorum
902 3071 1134 3126 molibus
1177 3073 1316 3127 solet
1363 3087 1503 3141 aqua
1553 3071 1790 3126 tenuiter

1883 1875 2084 1931 naliqu
2117 1875 2430 1944 specierum,
2453 1873 2634 1943 implet
2661 1872 2913 1929 ofﬁcium.

1953 1967 2079 2022 llarc
2115 1967 2278 2037 igitur
2307 1975 2386 2021 tot
2420 1976 2473 2020 et
2503 1975 2609 2019 tam
2653 1966 2909 2035 przeelara
2942 1966 3232 2031 miracula,
3276 1967 3473 2024 fratres

1883 2059 2214 2122 charissitni,
2233 2058 2299 2112 ad
2330 2073 2476 2111 verae
2499 2057 2752 2112 utilitatis
2777 2057 2926 2114 lucra
2949 2059 3273 2124 convertite,
3300 2069 3357 2113 et
3375 2074 3474 2128 per

1883 2151 2154 2205 exteriora
2178 2150 2342 2204 divini
2365 2150 2612 2205 muneris
2634 2149 2922 2214 beneﬁcia,
2946 2151 3012 2206 ad
3042 2151 3301 2206 interiora
3337 2167 3473 2222 quo-

1883 2257 1990 2312 que
2016 2241 2324 2296 medullitus
2368 2241 2641 2296 anhelate.
2691 2241 2831 2308 Quid
2854 2243 2997 2296 enim
3030 2241 3249 2312 prodest
3271 2243 3477 2300 caduca

1887 2333 2000 2388 hate
2023 2341 2078 2387 et
2103 2331 2412 2388 transitoria
2440 2331 2583 2387 bona
2620 2331 2989 2403 tetnporaliter
3012 2348 3078 2388 ex
3107 2332 3288 2387 divina
3318 2333 3474 2388 beni-

1886 2427 2092 2496 gnitate
2129 2425 2427 2496 percipere,
2460 2425 2503 2479 si
2533 2439 2637 2480 non
2665 2425 3023 2496 contingatad
3043 2425 3233 2480 aeterni
3257 2440 3475 2494 quoque

1887 2517 2011 2572 boui
2084 2517 2426 2587 suscipienda
2487 2517 2708 2588 praemia
2767 2517 3085 2588 pervenire?
3152 2517 3480 2572 Mementote

1887 2609 2016 2679 quid
2055 2609 2259 2666 .ludaeis
2287 2612 2352 2666 de
2385 2611 2624 2681 antiquis
2651 2626 2838 2666 eorum
2870 2611 3113 2680 patribus
3148 2610 3360 2664 Veritas
3392 2608 3477 2662 di-

1890 2702 2006 2756 xit:
2047 2719 2066 2754 ι
2099 2701 2312 2768 Patres,
2352 2703 2548 2772 inquit,
2573 2702 2736 2759 vestri
2772 2703 3234 2756 manducaverunt
3275 2715 3474 2755 manna

1892 2795 1946 2850 in
1975 2795 2210 2860 deserto,
2251 2805 2307 2850 et
2346 2795 2545 2850 mortui
2576 2803 2702 2849 sunt
2733 2794 2913 2864 (Joan.
2961 2793 3056 2865 vi).
3095 2814 3112 2846 ι
3154 2792 3479 2864 Perpendite

1891 2888 2054 2943 etiam
2084 2895 2285 2956 quanta
2314 2887 2383 2940 sit
2420 2887 2473 2940 in
2517 2885 2669 2942 caalis
2696 2894 3008 2940 sanctorum
3042 2884 3231 2955 gloria,
3283 2885 3482 2954 quibus

1892 2990 2078 3036 contra
2112 2989 2320 3034 natura:
2347 2994 2458 3034 sum
2478 2979 2724 3034 ordinem
2759 2978 2874 3047 ipsa
2904 2978 2955 3031 in
2970 2977 3130 3031 terris
3153 2975 3484 3030 famulantur

1892 3080 1949 3126 et
1969 3071 2232 3126 ohediunt
2265 3070 2553 3126 elementa.
2589 3069 2731 3136 Quid
2765 3070 2908 3124 enim
2941 3078 3254 3123 sanctorum
3285 3069 3480 3122 artium

193 3164 490 3231 exsudare,
519 3164 612 3217 sed
638 3163 690 3216 in
717 3163 832 3232 ipso
856 3162 1073 3217 fervida:
1091 3163 1296 3217 aestatis
1325 3161 1521 3216 ardore
1548 3176 1667 3215 eam
1693 3176 1788 3214 no-
1815 3141 1860 3202 (ἶ
1892 3163 2008 3219 sive
2039 3163 2091 3217 in
2121 3162 2282 3227 caelo,
2305 3163 2420 3218 sive
2450 3162 2501 3216 in
2537 3169 2711 3224 terra,
2736 3160 2850 3214 sive
2874 3159 3037 3214 etiam
3073 3159 3126 3213 in
3150 3159 3348 3230 abysso
3375 3173 3482 3212 non

197 3258 344 3312 veris
384 3272 455 3311 ex
486 3256 640 3310 arida
679 3255 830 3311 calce
879 3264 934 3309 et
961 3255 1112 3308 duris
1140 3254 1405 3324 lapidibus
1432 3252 1676 3308 ebullire.
1723 3251 1792 3306 Ut

197 3349 457 3404 videlicet
499 3347 720 3418 quando
751 3347 924 3417 major
951 3346 1214 3400 incumbit
1243 3346 1538 3400 necessitas
1573 3344 1793 3413 aegritu-

199 3440 414 3504 dinum,
463 3449 594 3494 tunc
638 3439 982 3509 potissimum
1020 3436 1262 3492 conferat
1304 3435 1581 3492 miseratio
1609 3435 1792 3488 divina

199 3532 525 3594 remedium,
554 3539 610 3584 et
632 3530 884 3584 humana:
909 3529 1237 3594 inﬁrmitati,
1256 3543 1377 3598 qua:
1405 3537 1532 3581 tunc
1557 3542 1620 3582 ex
1653 3527 1792 3597 ignei

198 3621 400 3676 caloris
428 3621 666 3692 gignitur
712 3621 868 3686 vitio,
899 3619 1234 3675 medicorum
1267 3634 1448 3683 more,
1490 3620 1598 3673 vim
1628 3634 1797 3674 cura-

200 3716 370 3770 tionis
401 3730 470 3770 ex
497 3715 779 3770 contrario
802 3714 1026 3783 objieiat
1052 3713 1338 3769 elemento.
1369 3713 1466 3766 Cui
1506 3712 1633 3768 illud
1667 3721 1797 3767 e'on-

199 3806 329 3862 ferri
376 3807 702 3861 miraculum
752 3807 887 3860 satis
937 3805 1333 3861 rationabiliter
1387 3813 1599 3874 potest,
1651 3804 1797 3874 quod

195 3900 460 3957 similiter
501 3898 654 3953 Nilus
695 3897 912 3968 Egypti
943 3897 1138 3953 ﬂuvius
1177 3911 1282 3952 non
1309 3897 1440 3960 alio,
1479 3896 1579 3950 nisi
1602 3896 1794 3951 aestivo

201 4005 448 4064 tempore
471 4007 588 4048 sese
615 3992 668 4046 in
697 3991 974 4046 cumulum
999 3990 1201 4054 elevat,
1232 3989 1391 4060 plana
1420 4003 1649 4060 quaeque
1673 3989 1798 4042 hinc

205 4089 327 4143 inde
366 4103 466 4158 per
494 4087 782 4142 circuitum
815 4085 1026 4156 irrigat,
1061 4094 1115 4139 et
1155 4093 1423 4138 terrarum
1462 4097 1625 4137 venas
1649 4081 1799 4160 largo

203 4197 315 4236 sum
339 4181 720 4240 inundationis
739 4179 961 4233 madore
990 4179 1263 4234 fecundat.
1286 4176 1363 4231 Ne
1380 4178 1793 4248 igiturhumana

207 4273 458 4328 vecordia
498 4271 696 4326 divina:
737 4271 956 4325 virtutis
991 4285 1157 4340 Opera
1205 4278 1412 4324 natum
1447 4270 1654 4324 viribus
1695 4269 1797 4324 tri,-

206 4365 350 4432 buat,
383 4363 580 4418 saltem
609 4379 678 4420 ex
722 4363 857 4433 ipso,
894 4377 1009 4431 quo
1047 4361 1204 4427 ﬁunt,
1245 4370 1510 4430 tempore,
1544 4360 1629 4414 cui
1673 4357 1799 4430 jure

207 4454 558 4526 deputentur,
583 4453 862 4519 addiscat;
890 4462 946 4508 et
970 4460 1116 4506 tanto
1139 4453 1374 4508 alacrius
1394 4453 1462 4506 ad
1489 4451 1800 4507 referendas

209 4545 452 4602 Creatori
488 4560 587 4600 suo
616 4544 826 4612 gratias
852 4551 1060 4614 surgat,
1094 4552 1295 4612 quanto
1323 4550 1380 4596 et
1406 4542 1551 4611 ipsas
1579 4551 1802 4596 natura-

210 4654 324 4693 rum
356 4639 510 4694 vices
539 4645 778 4692 mutatas
797 4651 906 4690 sua:
933 4635 1184 4690 utilitatis
1207 4635 1379 4706 gratia
1404 4650 1508 4690 non
1535 4636 1766 4704 ignorat.

278 4730 420 4786 Ecce
449 4730 595 4784 enim
625 4728 971 4798 omnipotens
1022 4727 1160 4782 Deus
1202 4727 1424 4796 antiqua
1469 4727 1804 4797 operationis

211 4837 319 4878 suae
365 4821 633 4878 miracula
689 4820 925 4890 repetit,
985 4833 1112 4874 ecce
1162 4819 1359 4874 iterum
1416 4835 1512 4890 per
1564 4819 1796 4874 alterum

214 4910 426 4986 Moysen
451 4927 650 4983 aquam
665 4911 731 4966 de
757 4919 906 4979 petra
924 4908 1381 4981 producit;(Ea:od.
1405 4910 1572 4981 xvn);
1598 4910 1812 4965 Israeli-

221 5009 374 5064 ticum
400 5009 513 5079 28
542 5007 706 5062 nobis
727 5005 985 5060 smeulum
1011 5013 1257 5067 renovat,
1283 5021 1392 5075 quo
1414 5021 1509 5076 per
1529 5005 1805 5061 exteriora

223 5099 468 5134 hnnoﬂnin

527 5107 722 5134 nlnnln
749 5112 938 5134 vni-nm
971 5096 1134 5134 Icronl
1207 5099 1273 5134 all
1301 5113 1540 5134 amaror“
1575 5115 1670 5134 nnc
1697 5115 1808 5134 cum

1893 3262 2142 3326 possunt,
2169 3253 2259 3322 qui
2292 3269 2413 3309 cum
2444 3253 2582 3321 ipso,
2619 3252 2710 3322 qui
2739 3252 2987 3306 omnibus
3012 3250 3284 3321 praesidet,
3318 3264 3483 3303 unum

1895 3346 2054 3401 sunt?
2083 3345 2166 3399 Ad
2194 3345 2341 3398 illam
2372 3343 2567 3413 igitur,
2599 3341 2968 3406 dilectissimi,
2994 3349 3161 3394 tanta:
3191 3339 3375 3410 gloria:
3403 3338 3487 3392 di-

1896 3438 2155 3509 gnitatem
2201 3435 2328 3489 totis
2381 3433 2588 3488 nisibus
2643 3432 2873 3496 tendite;
2924 3430 3008 3487 ad,
3050 3431 3194 3485 illam
3243 3429 3488 3500 quotidie

1895 3539 2210 3585 sanctarum
2245 3528 2504 3582 virtutum
2533 3534 2588 3581 et
2614 3525 2715 3595 piae
2738 3523 3172 3580 conversationis
3209 3522 3487 3592 gressibus

1896 3629 2204 3692 properate.
2242 3618 2650 3675 Contemnenda
2683 3617 2884 3687 quippe
2924 3624 3051 3669 sunt
3095 3615 3248 3669 vobis
3290 3621 3486 3667 cuncta

1898 3726 2018 3779 quae
2049 3709 2294 3772 cernitis,
2319 3708 2363 3762 si
2394 3709 2460 3761 ad
2491 3723 2552 3763 ea
2576 3705 2739 3760 vultis
2763 3705 3067 3775 pertingere
3089 3719 3208 3774 qua:
3230 3702 3486 3772 speratis.

1898 3803 2208 3857 Attcstante
2247 3799 2448 3855 etenim
2483 3799 2642 3852 beato
2679 3796 2867 3862 Paulo,
2915 3811 3022 3850 non
3075 3809 3362 3866 possumus
3401 3793 3492 3847 hie

1899 3894 2136 3965 gaudere
2172 3894 2237 3946 de
2269 3890 2487 3955 saeculo,
2519 3897 2572 3942 et
2611 3888 2718 3943 illic
2754 3902 2984 3956 regnare
3009 3901 3130 3942 eum
3161 3886 3270 3940 Deo
3306 3882 3488 3952 (Rom.

1901 3991 2032 4054 xu).
2090 3984 2192 4052 Qui
2250 3983 2446 4038 iterum
2515 3980 2696 4036 dicit:
2751 3997 2770 4030 ‹
2818 3978 2934 4034 Non
2993 3977 3488 4048 contemplantibus

1901 4080 2059 4135 nobis
2107 4092 2227 4149 quae
2261 4076 2536 4140 videntur,
2574 4073 2668 4129 sed
2721 4089 2842 4143 qua:
2895 4089 3002 4128 non
3052 4073 3322 4128 videntur.
3358 4071 3492 4139 Quaa

1895 4171 2044 4226 enim
2095 4169 2377 4231 videntur,
2420 4166 2734 4236 temporalia
2774 4174 2930 4231 sunt,
2983 4180 3105 4235 qua:
3154 4173 3334 4220 autem
3378 4179 3486 4218 non

1901 4262 2174 4325 videntur,
2221 4267 2421 4314 aeterna
2466 4266 2592 4314 sunt
2643 4255 2729 4329 (ΙΙ
2777 4254 2900 4311 Cor.
2952 4257 3046 4326 tv).
3089 4275 3108 4309 ι
3165 4255 3336 4311 Fluxa
3389 4255 3492 4324 igi-

1905 4362 1992 4408 tur
2017 4351 2396 4408 etseductoria
2423 4350 2685 4406 immundi
2719 4348 2877 4418 hujus
2906 4349 3090 4403 mundi
3124 4347 3493 4402 blandimenta

1904 4445 2186 4515 despicite,
2237 4443 2412 4498 minas
2454 4443 2572 4514 ejus
2629 4442 2795 4497 animi
2855 4440 3172 4495 fortitudine
3221 4446 3490 4508 superate,

1906 4535 2179 4605 surgentia
2193 4534 2374 4589 carnis
2401 4532 2670 4587 incentiva
2699 4528 2998 4602 [incendia]
3022 4529 3317 4598 reprimite,
3344 4542 3496 4581 men-

1908 4637 1988 4684 tes
2019 4636 2254 4688 vestras,
2287 4623 2583 4678 auxiliante
2637 4623 2768 4687 Deo,
2818 4622 2869 4677 in
2911 4619 3202 4674 virtutibus
3248 4619 3496 4682 dilatate,

1910 4717 2143 4787 torporis
2171 4725 2226 4769 et
2271 4713 2610 4784 negligentiae
2633 4711 2805 4782 frigus
2827 4712 2893 4766 de
2907 4710 3162 4764 cordibus
3183 4709 3378 4764 vestris
3403 4724 3492 4763 ex-

1909 4810 2111 4883 pellite,
2152 4808 2220 4863 ad
2245 4807 2370 4863 illud
2398 4804 2667 4860 ineffabile
2695 4817 2942 4875 supernae
2973 4803 3325 4857 beatitudinis
3364 4817 3504 4869 gau»

1911 4903 2058 4958 dium
2110 4899 2387 4956 flammato
2417 4898 2617 4952 mentis
2656 4895 2927 4952 desiderio
2967 4894 3170 4964 jugiter
3209 4893 3510 4964 suspirate.

1911 4992 2046 5049 Nam
2071 4991 2384 5061 speculator
2411 4987 2731 5060 [spectator]
2761 4989 2870 5051 ille,
2903 4986 2995 5054 qui
3025 4986 3189 5040 corda
3223 4995 3408 5044 vestra
3439 4984 3509 5037 ad

1911 5101 1972 5134 se
1997 5085 2201 5134 directa
2231 5080 2621 5134 delectabiliter
2640 5080 2879 5134 insnieit.
2905 5077 3134 5133 libenter
3155 5082 3328 5134 etiam
3359 5073 3514 5130 vobis
