  <div class='ocr_page' id='page_1' title='image "/cluster/home/n/w/nwhite01/storage/ocr_20150623/144/hvd.32044010574010/273.png"; bbox 0 0 3950 5344; ppageno 0'>
   <div class='ocr_carea' id='block_1_1' title="bbox 484 178 595 236">
    <p class='ocr_par' dir='ltr' id='par_1_1' title="bbox 484 178 595 236">
     <span class='ocr_line' id='line_1_1' title="bbox 484 178 595 236; baseline 0 0"><span class='ocrx_word' id='word_1_1' title='bbox 484 178 595 236; x_wconf 73' lang='lat'><strong>535</strong></span> 
     </span>
    </p>
   </div>
   <div class='ocr_carea' id='block_1_2' title="bbox 1096 156 3213 260">
    <p class='ocr_par' dir='ltr' id='par_1_2' title="bbox 1096 156 3213 260">
     <span class='ocr_line' id='line_1_2' title="bbox 1096 156 3213 260; baseline 0.009 -23"><span class='ocrx_word' id='word_1_2' title='bbox 1096 182 1155 238; x_wconf 90' lang='lat' dir='ltr'><strong>s.</strong></span> <span class='ocrx_word' id='word_1_3' title='bbox 1196 181 1402 243; x_wconf 72' lang='lat' dir='ltr'><strong>perm</strong></span> <span class='ocrx_word' id='word_1_4' title='bbox 1443 186 1731 246; x_wconf 75' lang='lat' dir='ltr'><strong>DAMIANI</strong></span> <span class='ocrx_word' id='word_1_5' title='bbox 1771 187 1925 248; x_wconf 79' lang='lat' dir='ltr'><strong>opp.</strong></span> <span class='ocrx_word' id='word_1_6' title='bbox 1961 189 2142 248; x_wconf 66' lang='lat' dir='ltr'><strong>rans</strong></span> <span class='ocrx_word' id='word_1_7' title='bbox 2182 156 2315 251; x_wconf 77' lang='lat' dir='ltr'><strong>ssu</strong></span> <span class='ocrx_word' id='word_1_8' title='bbox 2349 193 2586 255; x_wconf 82' lang='lat' dir='ltr'><strong>TOMUS</strong></span> <span class='ocrx_word' id='word_1_9' title='bbox 2608 174 2785 253; x_wconf 56' lang='lat'><strong>11.&quot;;</strong></span> <span class='ocrx_word' id='word_1_10' title='bbox 2821 179 3213 260; x_wconf 77' lang='lat' dir='ltr'><strong>SERMONES.</strong></span> 
     </span>
    </p>
   </div>
   <div class='ocr_carea' id='block_1_3' title="bbox 3657 198 3763 262">
    <p class='ocr_par' dir='ltr' id='par_1_3' title="bbox 3657 198 3763 262">
     <span class='ocr_line' id='line_1_3' title="bbox 3657 198 3763 262; baseline 0.019 -2"><span class='ocrx_word' id='word_1_11' title='bbox 3657 198 3763 262; x_wconf 79' lang='lat'><strong>536</strong></span> 
     </span>
    </p>
   </div>
   <div class='ocr_carea' id='block_1_4' title="bbox 478 290 3767 390">
    <p class='ocr_par' dir='ltr' id='par_1_4' title="bbox 478 290 3767 390">
     <span class='ocr_line' id='line_1_4' title="bbox 478 290 3767 390; baseline 0.008 -40"><span class='ocrx_word' id='word_1_12' title='bbox 478 302 691 351; x_wconf 70' lang='lat' dir='ltr'><strong>sanctae</strong></span> <span class='ocrx_word' id='word_1_13' title='bbox 715 292 987 351; x_wconf 81' lang='lat' dir='ltr'><strong>deretioni</strong></span> <span class='ocrx_word' id='word_1_14' title='bbox 1014 291 1224 366; x_wconf 71' lang='lat' dir='ltr'><strong>vestrae,</strong></span> <span class='ocrx_word' id='word_1_15' title='bbox 1250 299 1359 355; x_wconf 90' lang='lat' dir='ltr'><strong>imo</strong></span> <span class='ocrx_word' id='word_1_16' title='bbox 1385 290 1580 357; x_wconf 79' lang='lat' dir='ltr'><strong>uestrae</strong></span> <span class='ocrx_word' id='word_1_17' title='bbox 1600 303 2071 375; x_wconf 84' lang='lat' dir='ltr'><strong>gaudium.cnmu-</strong></span> <span class='ocrx_word' id='word_1_18' title='bbox 2097 306 2146 368; x_wconf 68' lang='grc' dir='ltr'><strong>Α</strong></span> <span class='ocrx_word' id='word_1_19' title='bbox 2173 305 2527 365; x_wconf 88' lang='lat' dir='ltr'><strong>confunderet</strong></span> <span class='ocrx_word' id='word_1_20' title='bbox 2575 309 2847 381; x_wconf 78' lang='lat' dir='ltr'><strong>sapientes</strong></span> <span class='ocrx_word' id='word_1_21' title='bbox 2898 312 2953 384; x_wconf 90' lang='grc' dir='ltr'><strong>(Ι</strong></span> <span class='ocrx_word' id='word_1_22' title='bbox 3000 313 3123 370; x_wconf 86' lang='lat' dir='ltr'><strong>Cor.</strong></span> <span class='ocrx_word' id='word_1_23' title='bbox 3157 314 3218 384; x_wconf 82' lang='grc' dir='ltr'><strong>ι).</strong></span> <span class='ocrx_word' id='word_1_24' title='bbox 3265 318 3441 388; x_wconf 86' lang='lat' dir='ltr'><strong>Atque</strong></span> <span class='ocrx_word' id='word_1_25' title='bbox 3485 325 3551 374; x_wconf 88' lang='lat' dir='ltr'><strong>ut</strong></span> <span class='ocrx_word' id='word_1_26' title='bbox 3595 321 3767 390; x_wconf 87' lang='lat' dir='ltr'><strong>magis</strong></span> 
     </span>
    </p>
   </div>
   <div class='ocr_carea' id='block_1_5' title="bbox 486 385 2074 455">
    <p class='ocr_par' dir='ltr' id='par_1_5' title="bbox 486 385 2074 455">
     <span class='ocr_line' id='line_1_5' title="bbox 486 385 2074 455; baseline 0.007 -15"><span class='ocrx_word' id='word_1_27' title='bbox 486 385 588 451; x_wconf 89' lang='lat' dir='ltr'><strong>lat,</strong></span> <span class='ocrx_word' id='word_1_28' title='bbox 617 386 744 455; x_wconf 85' lang='lat' dir='ltr'><strong>quia</strong></span> <span class='ocrx_word' id='word_1_29' title='bbox 771 385 899 440; x_wconf 86' lang='lat' dir='ltr'><strong>dum</strong></span> <span class='ocrx_word' id='word_1_30' title='bbox 932 388 1223 443; x_wconf 80' lang='lat' dir='ltr'><strong>venerandi</strong></span> <span class='ocrx_word' id='word_1_31' title='bbox 1261 389 1592 448; x_wconf 78' lang='lat' dir='ltr'><strong>confessoris</strong></span> <span class='ocrx_word' id='word_1_32' title='bbox 1630 393 1951 450; x_wconf 81' lang='lat' dir='ltr'><strong>Eleuchadii</strong></span> <span class='ocrx_word' id='word_1_33' title='bbox 1986 410 2074 451; x_wconf 88' lang='lat' dir='ltr'><strong>so-</strong></span> 
     </span>
    </p>
   </div>
   <div class='ocr_carea' id='block_1_6' title="bbox 486 477 2073 543">
    <p class='ocr_par' dir='ltr' id='par_1_6' title="bbox 486 477 2073 543">
     <span class='ocr_line' id='line_1_6' title="bbox 486 477 2073 543; baseline 0.008 -12"><span class='ocrx_word' id='word_1_34' title='bbox 486 477 684 533; x_wconf 84' lang='lat' dir='ltr'><strong>lemnia</strong></span> <span class='ocrx_word' id='word_1_35' title='bbox 741 477 1118 543; x_wconf 81' lang='lat' dir='ltr'><strong>celebramus,</strong></span> <span class='ocrx_word' id='word_1_36' title='bbox 1176 482 1487 538; x_wconf 87' lang='lat' dir='ltr'><strong>necessario</strong></span> <span class='ocrx_word' id='word_1_37' title='bbox 1536 499 1661 539; x_wconf 72' lang='lat' dir='ltr'><strong>mox</strong></span> <span class='ocrx_word' id='word_1_38' title='bbox 1710 484 1876 541; x_wconf 86' lang='lat' dir='ltr'><strong>etiam</strong></span> <span class='ocrx_word' id='word_1_39' title='bbox 1928 485 2073 543; x_wconf 88' lang='lat' dir='ltr'><strong>beati</strong></span> 
     </span>
    </p>
   </div>
   <div class='ocr_carea' id='block_1_7' title="bbox 486 569 2076 648">
    <p class='ocr_par' dir='ltr' id='par_1_7' title="bbox 486 569 2076 648">
     <span class='ocr_line' id='line_1_7' title="bbox 486 569 2076 648; baseline 0.007 -26"><span class='ocrx_word' id='word_1_40' title='bbox 486 569 897 639; x_wconf 84' lang='lat' dir='ltr'><strong>triumphatoris</strong></span> <span class='ocrx_word' id='word_1_41' title='bbox 923 569 1127 625; x_wconf 89' lang='lat' dir='ltr'><strong>Christi</strong></span> <span class='ocrx_word' id='word_1_42' title='bbox 1150 572 1474 640; x_wconf 74' lang='lat' dir='ltr'><strong>Apollinaris</strong></span> <span class='ocrx_word' id='word_1_43' title='bbox 1496 575 1563 629; x_wconf 90' lang='lat' dir='ltr'><strong>ad</strong></span> <span class='ocrx_word' id='word_1_44' title='bbox 1590 576 1906 632; x_wconf 85' lang='lat' dir='ltr'><strong>memoriam</strong></span> <span class='ocrx_word' id='word_1_45' title='bbox 1940 593 2076 648; x_wconf 70' lang='lat' dir='ltr'><strong>prte-</strong></span> 
     </span>
    </p>
   </div>
   <div class='ocr_carea' id='block_1_8' title="bbox 484 658 2070 736">
    <p class='ocr_par' dir='ltr' id='par_1_8' title="bbox 484 658 2070 736">
     <span class='ocr_line' id='line_1_8' title="bbox 484 658 2070 736; baseline 0.006 -22"><span class='ocrx_word' id='word_1_46' title='bbox 484 658 629 714; x_wconf 87' lang='lat' dir='ltr'><strong>clara</strong></span> <span class='ocrx_word' id='word_1_47' title='bbox 657 670 804 729; x_wconf 87' lang='lat' dir='ltr'><strong>gesta</strong></span> <span class='ocrx_word' id='word_1_48' title='bbox 836 660 1164 717; x_wconf 81' lang='lat' dir='ltr'><strong>reducimus.</strong></span> <span class='ocrx_word' id='word_1_49' title='bbox 1213 661 1349 730; x_wconf 80' lang='lat' dir='ltr'><strong>Quia</strong></span> <span class='ocrx_word' id='word_1_50' title='bbox 1381 665 1551 731; x_wconf 89' lang='lat' dir='ltr'><strong>enim,</strong></span> <span class='ocrx_word' id='word_1_51' title='bbox 1575 675 1637 721; x_wconf 92' lang='lat' dir='ltr'><strong>ut</strong></span> <span class='ocrx_word' id='word_1_52' title='bbox 1663 666 1915 724; x_wconf 88' lang='lat' dir='ltr'><strong>Salomon</strong></span> <span class='ocrx_word' id='word_1_53' title='bbox 1954 668 2031 724; x_wconf 77' lang='lat' dir='ltr'><strong>ait</strong></span> <span class='ocrx_word' id='word_1_54' title='bbox 2053 709 2070 736; x_wconf 93' lang='lat'><strong>,</strong></span> 
     </span>
    </p>
   </div>
   <div class='ocr_carea' id='block_1_9' title="bbox 488 748 2067 837">
    <p class='ocr_par' dir='ltr' id='par_1_9' title="bbox 488 748 2067 837">
     <span class='ocr_line' id='line_1_9' title="bbox 488 748 2067 837; baseline 0.008 -37"><span class='ocrx_word' id='word_1_55' title='bbox 488 767 506 800; x_wconf 79' lang='grc' dir='ltr'>ι</span> <span class='ocrx_word' id='word_1_56' title='bbox 543 748 711 819; x_wconf 84' lang='lat' dir='ltr'><strong>gloria</strong></span> <span class='ocrx_word' id='word_1_57' title='bbox 744 749 914 818; x_wconf 84' lang='lat' dir='ltr'><strong>patris</strong></span> <span class='ocrx_word' id='word_1_58' title='bbox 949 759 1033 806; x_wconf 74' lang='lat' dir='ltr'><strong>est</strong></span> <span class='ocrx_word' id='word_1_59' title='bbox 1067 750 1212 809; x_wconf 89' lang='lat' dir='ltr'><strong>ﬁlius</strong></span> <span class='ocrx_word' id='word_1_60' title='bbox 1260 755 1477 837; x_wconf 70' lang='lat' dir='ltr'><strong>sapiens</strong></span> <span class='ocrx_word' id='word_1_61' title='bbox 1508 756 1695 820; x_wconf 82' lang='lat' dir='ltr'><strong>(Prov.</strong></span> <span class='ocrx_word' id='word_1_62' title='bbox 1721 774 1755 812; x_wconf 72' lang='grc' dir='ltr'>ι</span> <span class='ocrx_word' id='word_1_63' title='bbox 1783 767 1841 813; x_wconf 89' lang='lat' dir='ltr'><strong>et</strong></span> <span class='ocrx_word' id='word_1_64' title='bbox 1881 759 1969 829; x_wconf 79' lang='lat' dir='ltr'><strong>xv)</strong></span> <span class='ocrx_word' id='word_1_65' title='bbox 1996 798 2012 825; x_wconf 90' lang='lat'><strong>,</strong></span> <span class='ocrx_word' id='word_1_66' title='bbox 2046 777 2067 812; x_wconf 71' lang='grc' dir='ltr'><strong>ι</strong></span> 
     </span>
    </p>
   </div>
   <div class='ocr_carea' id='block_1_10' title="bbox 478 840 2075 919">
    <p class='ocr_par' dir='ltr' id='par_1_10' title="bbox 478 840 2075 919">
     <span class='ocr_line' id='line_1_10' title="bbox 478 840 2075 919; baseline 0.006 -24"><span class='ocrx_word' id='word_1_67' title='bbox 478 840 562 896; x_wconf 86' lang='lat' dir='ltr'><strong>sic</strong></span> <span class='ocrx_word' id='word_1_68' title='bbox 582 840 810 895; x_wconf 87' lang='lat' dir='ltr'><strong>alterius</strong></span> <span class='ocrx_word' id='word_1_69' title='bbox 836 855 1009 896; x_wconf 83' lang='lat' dir='ltr'><strong>causa</strong></span> <span class='ocrx_word' id='word_1_70' title='bbox 1031 843 1231 913; x_wconf 91' lang='lat' dir='ltr'><strong>pendet</strong></span> <span class='ocrx_word' id='word_1_71' title='bbox 1255 858 1322 899; x_wconf 82' lang='lat' dir='ltr'><strong>ex</strong></span> <span class='ocrx_word' id='word_1_72' title='bbox 1353 845 1547 911; x_wconf 87' lang='lat' dir='ltr'><strong>altero,</strong></span> <span class='ocrx_word' id='word_1_73' title='bbox 1571 856 1628 901; x_wconf 88' lang='lat' dir='ltr'><strong>ut</strong></span> <span class='ocrx_word' id='word_1_74' title='bbox 1647 848 1893 919; x_wconf 88' lang='lat' dir='ltr'><strong>quisquis</strong></span> <span class='ocrx_word' id='word_1_75' title='bbox 1914 849 2075 905; x_wconf 90' lang='lat' dir='ltr'><strong>unius</strong></span> 
     </span>
    </p>
   </div>
   <div class='ocr_carea' id='block_1_11' title="bbox 478 930 2075 1010">
    <p class='ocr_par' dir='ltr' id='par_1_11' title="bbox 478 930 2075 1010">
     <span class='ocr_line' id='line_1_11' title="bbox 478 930 2075 1010; baseline 0.007 -26"><span class='ocrx_word' id='word_1_76' title='bbox 478 930 668 986; x_wconf 84' lang='lat' dir='ltr'><strong>laudes</strong></span> <span class='ocrx_word' id='word_1_77' title='bbox 717 931 880 1002; x_wconf 82' lang='lat' dir='ltr'><strong>digne</strong></span> <span class='ocrx_word' id='word_1_78' title='bbox 930 932 1198 1001; x_wconf 87' lang='lat' dir='ltr'><strong>retulerit,</strong></span> <span class='ocrx_word' id='word_1_79' title='bbox 1233 934 1460 991; x_wconf 86' lang='lat' dir='ltr'><strong>alterius</strong></span> <span class='ocrx_word' id='word_1_80' title='bbox 1502 936 1667 991; x_wconf 91' lang='lat' dir='ltr'><strong>etiam</strong></span> <span class='ocrx_word' id='word_1_81' title='bbox 1696 937 1906 1009; x_wconf 78' lang='lat' dir='ltr'><strong>insigne</strong></span> <span class='ocrx_word' id='word_1_82' title='bbox 1935 954 2075 1010; x_wconf 69' lang='lat' dir='ltr'><strong>pra:-</strong></span> 
     </span>
    </p>
   </div>
   <div class='ocr_carea' id='block_1_12' title="bbox 480 1022 2069 1099">
    <p class='ocr_par' dir='ltr' id='par_1_12' title="bbox 480 1022 2069 1099">
     <span class='ocr_line' id='line_1_12' title="bbox 480 1022 2069 1099; baseline 0.006 -21"><span class='ocrx_word' id='word_1_83' title='bbox 480 1022 702 1078; x_wconf 89' lang='lat' dir='ltr'><strong>conium</strong></span> <span class='ocrx_word' id='word_1_84' title='bbox 753 1032 941 1079; x_wconf 86' lang='lat' dir='ltr'><strong>tacere</strong></span> <span class='ocrx_word' id='word_1_85' title='bbox 985 1039 1098 1080; x_wconf 85' lang='lat' dir='ltr'><strong>non</strong></span> <span class='ocrx_word' id='word_1_86' title='bbox 1145 1027 1339 1096; x_wconf 85' lang='lat' dir='ltr'><strong>possit.</strong></span> <span class='ocrx_word' id='word_1_87' title='bbox 1376 1026 1442 1082; x_wconf 91' lang='lat' dir='ltr'><strong>Et</strong></span> <span class='ocrx_word' id='word_1_88' title='bbox 1479 1028 1607 1099; x_wconf 85' lang='lat' dir='ltr'><strong>quia</strong></span> <span class='ocrx_word' id='word_1_89' title='bbox 1646 1028 1859 1086; x_wconf 79' lang='lat' dir='ltr'><strong>Veritas</strong></span> <span class='ocrx_word' id='word_1_90' title='bbox 1898 1032 2069 1088; x_wconf 88' lang='lat' dir='ltr'><strong>dicit:</strong></span> 
     </span>
    </p>
   </div>
   <div class='ocr_carea' id='block_1_13' title="bbox 474 1112 2071 1194">
    <p class='ocr_par' dir='ltr' id='par_1_13' title="bbox 474 1112 2071 1194">
     <span class='ocr_line' id='line_1_13' title="bbox 474 1112 2071 1194; baseline 0.008 -26"><span class='ocrx_word' id='word_1_91' title='bbox 474 1133 494 1161; x_wconf 66' lang='grc' dir='ltr'><em>ε</em></span> <span class='ocrx_word' id='word_1_92' title='bbox 538 1112 658 1170; x_wconf 83' lang='lat' dir='ltr'><strong>Non</strong></span> <span class='ocrx_word' id='word_1_93' title='bbox 685 1123 861 1185; x_wconf 86' lang='lat' dir='ltr'><strong>potest</strong></span> <span class='ocrx_word' id='word_1_94' title='bbox 891 1114 1036 1171; x_wconf 87' lang='lat' dir='ltr'><strong>ﬁlius</strong></span> <span class='ocrx_word' id='word_1_95' title='bbox 1065 1116 1266 1182; x_wconf 89' lang='lat' dir='ltr'><strong>facere,</strong></span> <span class='ocrx_word' id='word_1_96' title='bbox 1300 1118 1407 1174; x_wconf 88' lang='lat' dir='ltr'><strong>nisi</strong></span> <span class='ocrx_word' id='word_1_97' title='bbox 1451 1119 1596 1190; x_wconf 84' lang='lat' dir='ltr'><strong>quod</strong></span> <span class='ocrx_word' id='word_1_98' title='bbox 1636 1121 1839 1178; x_wconf 86' lang='lat' dir='ltr'><strong>viderit</strong></span> <span class='ocrx_word' id='word_1_99' title='bbox 1860 1131 2071 1194; x_wconf 81' lang='lat' dir='ltr'><strong>patrem</strong></span> 
     </span>
    </p>
   </div>
   <div class='ocr_carea' id='block_1_14' title="bbox 476 1202 2073 1279">
    <p class='ocr_par' dir='ltr' id='par_1_14' title="bbox 476 1202 2073 1279">
     <span class='ocr_line' id='line_1_14' title="bbox 476 1202 2073 1279; baseline 0.011 -23"><span class='ocrx_word' id='word_1_100' title='bbox 476 1202 770 1260; x_wconf 80' lang='lat' dir='ltr'><strong>facientem</strong></span> <span class='ocrx_word' id='word_1_101' title='bbox 802 1205 987 1276; x_wconf 78' lang='lat' dir='ltr'><strong>(lacn.</strong></span> <span class='ocrx_word' id='word_1_102' title='bbox 1027 1205 1081 1279; x_wconf 85' lang='grc' dir='ltr'><strong>ν)</strong></span> <span class='ocrx_word' id='word_1_103' title='bbox 1113 1225 1127 1262; x_wconf 90' lang='lat'><strong>:</strong></span> <span class='ocrx_word' id='word_1_104' title='bbox 1168 1227 1188 1261; x_wconf 75' lang='grc' dir='ltr'><strong><em>ι</em></strong></span> <span class='ocrx_word' id='word_1_105' title='bbox 1217 1210 1297 1264; x_wconf 87' lang='lat' dir='ltr'><strong>sic</strong></span> <span class='ocrx_word' id='word_1_106' title='bbox 1324 1209 1425 1265; x_wconf 90' lang='lat' dir='ltr'><strong>iste</strong></span> <span class='ocrx_word' id='word_1_107' title='bbox 1448 1210 1641 1268; x_wconf 85' lang='lat' dir='ltr'><strong>beatus</strong></span> <span class='ocrx_word' id='word_1_108' title='bbox 1666 1212 1920 1273; x_wconf 90' lang='lat' dir='ltr'><strong>alumnus</strong></span> <span class='ocrx_word' id='word_1_109' title='bbox 1946 1216 2073 1273; x_wconf 83' lang='lat' dir='ltr'><strong>sub-</strong></span> 
     </span>
    </p>
   </div>
   <div class='ocr_carea' id='block_1_15' title="bbox 479 1299 2073 1378">
    <p class='ocr_par' dir='ltr' id='par_1_15' title="bbox 479 1299 2073 1378">
     <span class='ocr_line' id='line_1_15' title="bbox 479 1299 2073 1378; baseline 0.009 -28"><span class='ocrx_word' id='word_1_110' title='bbox 479 1303 700 1351; x_wconf 87' lang='lat' dir='ltr'><strong>secutus</strong></span> <span class='ocrx_word' id='word_1_111' title='bbox 752 1305 838 1351; x_wconf 91' lang='lat' dir='ltr'><strong>cst</strong></span> <span class='ocrx_word' id='word_1_112' title='bbox 873 1306 1100 1367; x_wconf 87' lang='lat' dir='ltr'><strong>paterna</strong></span> <span class='ocrx_word' id='word_1_113' title='bbox 1144 1299 1395 1370; x_wconf 85' lang='lat' dir='ltr'><strong>vestigia,</strong></span> <span class='ocrx_word' id='word_1_114' title='bbox 1426 1302 1501 1357; x_wconf 90' lang='lat' dir='ltr'><strong>ita</strong></span> <span class='ocrx_word' id='word_1_115' title='bbox 1539 1317 1683 1359; x_wconf 76' lang='lat' dir='ltr'><strong>verte</strong></span> <span class='ocrx_word' id='word_1_116' title='bbox 1712 1305 1835 1362; x_wconf 92' lang='lat' dir='ltr'><strong>ﬁdei</strong></span> <span class='ocrx_word' id='word_1_117' title='bbox 1878 1306 2073 1378; x_wconf 72' lang='lat' dir='ltr'><strong>przedi-</strong></span> 
     </span>
    </p>
   </div>
   <div class='ocr_carea' id='block_1_16' title="bbox 478 1387 2072 1466">
    <p class='ocr_par' dir='ltr' id='par_1_16' title="bbox 478 1387 2072 1466">
     <span class='ocr_line' id='line_1_16' title="bbox 478 1387 2072 1466; baseline 0.008 -25"><span class='ocrx_word' id='word_1_118' title='bbox 478 1387 657 1441; x_wconf 69' lang='lat' dir='ltr'><strong>canalo</strong></span> <span class='ocrx_word' id='word_1_119' title='bbox 689 1398 891 1443; x_wconf 86' lang='lat' dir='ltr'><strong>rectam</strong></span> <span class='ocrx_word' id='word_1_120' title='bbox 951 1389 1121 1445; x_wconf 88' lang='lat' dir='ltr'><strong>tenuit</strong></span> <span class='ocrx_word' id='word_1_121' title='bbox 1174 1389 1397 1458; x_wconf 86' lang='lat' dir='ltr'><strong>lineam,</strong></span> <span class='ocrx_word' id='word_1_122' title='bbox 1424 1393 1503 1447; x_wconf 90' lang='lat' dir='ltr'><strong>sic</strong></span> <span class='ocrx_word' id='word_1_123' title='bbox 1551 1393 1801 1466; x_wconf 80' lang='lat' dir='ltr'><strong>religiose</strong></span> <span class='ocrx_word' id='word_1_124' title='bbox 1840 1397 2072 1454; x_wconf 86' lang='lat' dir='ltr'><strong>vivendo</strong></span> 
     </span>
    </p>
   </div>
   <div class='ocr_carea' id='block_1_17' title="bbox 476 1486 2066 1556">
    <p class='ocr_par' dir='ltr' id='par_1_17' title="bbox 476 1486 2066 1556">
     <span class='ocr_line' id='line_1_17' title="bbox 476 1486 2066 1556; baseline 0.006 -20"><span class='ocrx_word' id='word_1_125' title='bbox 476 1491 673 1539; x_wconf 90' lang='lat' dir='ltr'><strong>sancto</strong></span> <span class='ocrx_word' id='word_1_126' title='bbox 717 1486 1034 1556; x_wconf 81' lang='lat' dir='ltr'><strong>praeceptori</strong></span> <span class='ocrx_word' id='word_1_127' title='bbox 1090 1500 1386 1542; x_wconf 84' lang='lat' dir='ltr'><strong>consonam</strong></span> <span class='ocrx_word' id='word_1_128' title='bbox 1438 1488 1684 1545; x_wconf 78' lang='lat' dir='ltr'><strong>exhibuit</strong></span> <span class='ocrx_word' id='word_1_129' title='bbox 1719 1488 2066 1556; x_wconf 88' lang='lat' dir='ltr'><strong>clientelam,</strong></span> 
     </span>
    </p>
   </div>
   <div class='ocr_carea' id='block_1_18' title="bbox 2174 400 3767 480">
    <p class='ocr_par' dir='ltr' id='par_1_18' title="bbox 2174 400 3767 480">
     <span class='ocr_line' id='line_1_18' title="bbox 2174 400 3767 480; baseline 0.008 -27"><span class='ocrx_word' id='word_1_130' title='bbox 2174 405 2418 468; x_wconf 90' lang='lat' dir='ltr'><strong>stupeas,</strong></span> <span class='ocrx_word' id='word_1_131' title='bbox 2464 400 2614 471; x_wconf 90' lang='lat' dir='ltr'><strong>ipsos</strong></span> <span class='ocrx_word' id='word_1_132' title='bbox 2643 401 2893 474; x_wconf 89' lang='lat' dir='ltr'><strong>imperite</strong></span> <span class='ocrx_word' id='word_1_133' title='bbox 2934 405 3209 475; x_wconf 90' lang='lat' dir='ltr'><strong>sapientes</strong></span> <span class='ocrx_word' id='word_1_134' title='bbox 3242 422 3271 461; x_wconf 92' lang='lat' dir='ltr'><strong>a</strong></span> <span class='ocrx_word' id='word_1_135' title='bbox 3314 423 3459 464; x_wconf 81' lang='lat' dir='ltr'><strong>vano</strong></span> <span class='ocrx_word' id='word_1_136' title='bbox 3515 412 3767 480; x_wconf 68' lang='lat' dir='ltr'><strong>superine</strong></span> 
     </span>
    </p>
   </div>
   <div class='ocr_carea' id='block_1_19' title="bbox 2173 491 3769 572">
    <p class='ocr_par' dir='ltr' id='par_1_19' title="bbox 2173 491 3769 572">
     <span class='ocr_line' id='line_1_19' title="bbox 2173 491 3769 572; baseline 0.007 -26"><span class='ocrx_word' id='word_1_137' title='bbox 2173 491 2456 560; x_wconf 83' lang='lat' dir='ltr'><strong>sapientiae</strong></span> <span class='ocrx_word' id='word_1_138' title='bbox 2482 507 2593 548; x_wconf 67' lang='lat' dir='ltr'><strong>sua:</strong></span> <span class='ocrx_word' id='word_1_139' title='bbox 2622 501 2832 551; x_wconf 86' lang='lat' dir='ltr'><strong>tumore</strong></span> <span class='ocrx_word' id='word_1_140' title='bbox 2862 494 3074 566; x_wconf 85' lang='lat' dir='ltr'><strong>dejecit,</strong></span> <span class='ocrx_word' id='word_1_141' title='bbox 3106 513 3170 554; x_wconf 93' lang='lat' dir='ltr'><strong>ac</strong></span> <span class='ocrx_word' id='word_1_142' title='bbox 3197 498 3459 572; x_wconf 85' lang='lat' dir='ltr'><strong>deinceps</strong></span> <span class='ocrx_word' id='word_1_143' title='bbox 3488 501 3545 555; x_wconf 90' lang='lat' dir='ltr'><strong>in</strong></span> <span class='ocrx_word' id='word_1_144' title='bbox 3577 513 3769 557; x_wconf 54' lang='lat' dir='ltr'><strong>aucto.</strong></span> 
     </span>
    </p>
   </div>
   <div class='ocr_carea' id='block_1_20' title="bbox 2174 578 3765 659">
    <p class='ocr_par' dir='ltr' id='par_1_20' title="bbox 2174 578 3765 659">
     <span class='ocr_line' id='line_1_20' title="bbox 2174 578 3765 659; baseline 0.006 -24"><span class='ocrx_word' id='word_1_145' title='bbox 2174 580 2390 636; x_wconf 87' lang='lat' dir='ltr'><strong>ritatem</strong></span> <span class='ocrx_word' id='word_1_146' title='bbox 2443 578 2625 637; x_wconf 72' lang='lat' dir='ltr'><strong>libera:</strong></span> <span class='ocrx_word' id='word_1_147' title='bbox 2683 584 3082 654; x_wconf 63' lang='lat' dir='ltr'><strong>praedicationis</strong></span> <span class='ocrx_word' id='word_1_148' title='bbox 3138 588 3355 653; x_wconf 80' lang='lat' dir='ltr'><strong>erexit,</strong></span> <span class='ocrx_word' id='word_1_149' title='bbox 3412 598 3476 643; x_wconf 91' lang='lat' dir='ltr'><strong>ut</strong></span> <span class='ocrx_word' id='word_1_150' title='bbox 3532 590 3765 659; x_wconf 86' lang='lat' dir='ltr'><strong>idipsum</strong></span> 
     </span>
    </p>
   </div>
   <div class='ocr_carea' id='block_1_21' title="bbox 2167 670 3766 749">
    <p class='ocr_par' dir='ltr' id='par_1_21' title="bbox 2167 670 3766 749">
     <span class='ocr_line' id='line_1_21' title="bbox 2167 670 3766 749; baseline 0.008 -25"><span class='ocrx_word' id='word_1_151' title='bbox 2167 670 2517 740; x_wconf 83' lang='lat' dir='ltr'><strong>postmodum</strong></span> <span class='ocrx_word' id='word_1_152' title='bbox 2566 682 2880 730; x_wconf 86' lang='lat' dir='ltr'><strong>constanter</strong></span> <span class='ocrx_word' id='word_1_153' title='bbox 2913 684 3224 733; x_wconf 83' lang='lat' dir='ltr'><strong>astruerent</strong></span> <span class='ocrx_word' id='word_1_154' title='bbox 3257 678 3399 749; x_wconf 89' lang='lat' dir='ltr'><strong>quod</strong></span> <span class='ocrx_word' id='word_1_155' title='bbox 3456 682 3766 737; x_wconf 80' lang='lat' dir='ltr'><strong>anxiaban-</strong></span> 
     </span>
    </p>
   </div>
   <div class='ocr_carea' id='block_1_22' title="bbox 2173 763 3768 843">
    <p class='ocr_par' dir='ltr' id='par_1_22' title="bbox 2173 763 3768 843">
     <span class='ocr_line' id='line_1_22' title="bbox 2173 763 3768 843; baseline 0.009 -28"><span class='ocrx_word' id='word_1_156' title='bbox 2173 769 2265 815; x_wconf 85' lang='lat' dir='ltr'><strong>tur</strong></span> <span class='ocrx_word' id='word_1_157' title='bbox 2293 771 2420 818; x_wconf 89' lang='lat' dir='ltr'><strong>ante</strong></span> <span class='ocrx_word' id='word_1_158' title='bbox 2461 763 2755 819; x_wconf 77' lang='lat' dir='ltr'><strong>crudeliter</strong></span> <span class='ocrx_word' id='word_1_159' title='bbox 2792 766 3127 837; x_wconf 82' lang='lat' dir='ltr'><strong>impugnare.</strong></span> <span class='ocrx_word' id='word_1_160' title='bbox 3184 769 3340 838; x_wconf 82' lang='lat' dir='ltr'><strong>Quod</strong></span> <span class='ocrx_word' id='word_1_161' title='bbox 3387 770 3612 843; x_wconf 70' lang='lat' dir='ltr'><strong>Moyses</strong></span> <span class='ocrx_word' id='word_1_162' title='bbox 3641 781 3768 829; x_wconf 85' lang='lat' dir='ltr'><strong>tunc</strong></span> 
     </span>
    </p>
   </div>
   <div class='ocr_carea' id='block_1_23' title="bbox 2170 855 3767 932">
    <p class='ocr_par' dir='ltr' id='par_1_23' title="bbox 2170 855 3767 932">
     <span class='ocr_line' id='line_1_23' title="bbox 2170 855 3767 932; baseline 0.006 -23"><span class='ocrx_word' id='word_1_163' title='bbox 2170 855 2401 927; x_wconf 86' lang='lat' dir='ltr'><strong>mystice</strong></span> <span class='ocrx_word' id='word_1_164' title='bbox 2449 855 2738 928; x_wconf 87' lang='lat' dir='ltr'><strong>ﬁguravit,</strong></span> <span class='ocrx_word' id='word_1_165' title='bbox 2786 873 2908 914; x_wconf 87' lang='lat' dir='ltr'><strong>cum</strong></span> <span class='ocrx_word' id='word_1_166' title='bbox 2958 861 3228 932; x_wconf 88' lang='lat' dir='ltr'><strong>arripiens</strong></span> <span class='ocrx_word' id='word_1_167' title='bbox 3256 861 3486 918; x_wconf 78' lang='lat' dir='ltr'><strong>vitulum</strong></span> <span class='ocrx_word' id='word_1_168' title='bbox 3540 878 3767 918; x_wconf 86' lang='lat' dir='ltr'><strong>aureum</strong></span> 
     </span>
    </p>
   </div>
   <div class='ocr_carea' id='block_1_24' title="bbox 2172 944 3767 1023">
    <p class='ocr_par' dir='ltr' id='par_1_24' title="bbox 2172 944 3767 1023">
     <span class='ocr_line' id='line_1_24' title="bbox 2172 944 3767 1023; baseline 0.006 -23"><span class='ocrx_word' id='word_1_169' title='bbox 2172 944 2297 1014; x_wconf 91' lang='lat' dir='ltr'><strong>igne</strong></span> <span class='ocrx_word' id='word_1_170' title='bbox 2324 946 2641 1012; x_wconf 83' lang='lat' dir='ltr'><strong>combussit,</strong></span> <span class='ocrx_word' id='word_1_171' title='bbox 2673 948 2740 1003; x_wconf 90' lang='lat' dir='ltr'><strong>ad</strong></span> <span class='ocrx_word' id='word_1_172' title='bbox 2763 948 3036 1019; x_wconf 79' lang='lat' dir='ltr'><strong>pulverem</strong></span> <span class='ocrx_word' id='word_1_173' title='bbox 3074 966 3243 1023; x_wconf 87' lang='lat' dir='ltr'><strong>usque</strong></span> <span class='ocrx_word' id='word_1_174' title='bbox 3278 953 3562 1020; x_wconf 84' lang='lat' dir='ltr'><strong>contrivit,</strong></span> <span class='ocrx_word' id='word_1_175' title='bbox 3589 953 3767 1009; x_wconf 64' lang='lat' dir='ltr'><strong>nacti-</strong></span> 
     </span>
    </p>
   </div>
   <div class='ocr_carea' id='block_1_25' title="bbox 2170 1036 3766 1115">
    <p class='ocr_par' dir='ltr' id='par_1_25' title="bbox 2170 1036 3766 1115">
     <span class='ocr_line' id='line_1_25' title="bbox 2170 1036 3766 1115; baseline 0.004 -22"><span class='ocrx_word' id='word_1_176' title='bbox 2170 1036 2381 1107; x_wconf 81' lang='lat' dir='ltr'><strong>basque</strong></span> <span class='ocrx_word' id='word_1_177' title='bbox 2428 1053 2790 1111; x_wconf 87' lang='lat' dir='ltr'><strong>conspergens</strong></span> <span class='ocrx_word' id='word_1_178' title='bbox 2843 1039 3204 1097; x_wconf 87' lang='lat' dir='ltr'><strong>lsraeliticum</strong></span> <span class='ocrx_word' id='word_1_179' title='bbox 3256 1059 3323 1098; x_wconf 79' lang='lat' dir='ltr'><strong>ex</strong></span> <span class='ocrx_word' id='word_1_180' title='bbox 3373 1058 3442 1099; x_wconf 92' lang='lat' dir='ltr'><strong>eo</strong></span> <span class='ocrx_word' id='word_1_181' title='bbox 3501 1044 3766 1115; x_wconf 85' lang='lat' dir='ltr'><strong>pupulum</strong></span> 
     </span>
    </p>
   </div>
   <div class='ocr_carea' id='block_1_26' title="bbox 2169 1125 3763 1203">
    <p class='ocr_par' dir='ltr' id='par_1_26' title="bbox 2169 1125 3763 1203">
     <span class='ocr_line' id='line_1_26' title="bbox 2169 1125 3763 1203; baseline 0.004 -23"><span class='ocrx_word' id='word_1_182' title='bbox 2169 1125 2482 1195; x_wconf 82' lang='lat' dir='ltr'><strong>propinavit</strong></span> <span class='ocrx_word' id='word_1_183' title='bbox 2510 1126 2707 1199; x_wconf 72' lang='lat' dir='ltr'><strong>(Exod.</strong></span> <span class='ocrx_word' id='word_1_184' title='bbox 2730 1130 2926 1198; x_wconf 63' lang='grc' dir='ltr'><strong>χχχιι).</strong></span> <span class='ocrx_word' id='word_1_185' title='bbox 2959 1129 3100 1197; x_wconf 81' lang='lat' dir='ltr'><strong>Quid</strong></span> <span class='ocrx_word' id='word_1_186' title='bbox 3129 1138 3215 1185; x_wconf 88' lang='lat' dir='ltr'><strong>est</strong></span> <span class='ocrx_word' id='word_1_187' title='bbox 3239 1132 3385 1186; x_wconf 92' lang='lat' dir='ltr'><strong>enim</strong></span> <span class='ocrx_word' id='word_1_188' title='bbox 3409 1146 3507 1202; x_wconf 83' lang='lat' dir='ltr'><strong>per</strong></span> <span class='ocrx_word' id='word_1_189' title='bbox 3529 1133 3763 1203; x_wconf 87' lang='lat' dir='ltr'><strong>ﬁguram</strong></span> 
     </span>
    </p>
   </div>
   <div class='ocr_carea' id='block_1_27' title="bbox 2170 1216 3769 1291">
    <p class='ocr_par' dir='ltr' id='par_1_27' title="bbox 2170 1216 3769 1291">
     <span class='ocr_line' id='line_1_27' title="bbox 2170 1216 3769 1291; baseline 0.005 -21"><span class='ocrx_word' id='word_1_190' title='bbox 2170 1216 2375 1273; x_wconf 82' lang='lat' dir='ltr'><strong>vitulus</strong></span> <span class='ocrx_word' id='word_1_191' title='bbox 2404 1217 2493 1273; x_wconf 91' lang='lat' dir='ltr'><strong>ille</strong></span> <span class='ocrx_word' id='word_1_192' title='bbox 2519 1216 2806 1274; x_wconf 85' lang='lat' dir='ltr'><strong>conflatilis</strong></span> <span class='ocrx_word' id='word_1_193' title='bbox 2830 1259 2846 1287; x_wconf 92' lang='lat'><strong>,</strong></span> <span class='ocrx_word' id='word_1_194' title='bbox 2876 1220 2981 1275; x_wconf 91' lang='lat' dir='ltr'><strong>nisi</strong></span> <span class='ocrx_word' id='word_1_195' title='bbox 3005 1234 3209 1291; x_wconf 90' lang='lat' dir='ltr'><strong>corpus</strong></span> <span class='ocrx_word' id='word_1_196' title='bbox 3231 1220 3475 1276; x_wconf 85' lang='lat' dir='ltr'><strong>diaboli?</strong></span> <span class='ocrx_word' id='word_1_197' title='bbox 3505 1221 3769 1278; x_wconf 74' lang='lat' dir='ltr'><strong>nomines</strong></span> 
     </span>
    </p>
   </div>
   <div class='ocr_carea' id='block_1_28' title="bbox 2171 1307 3775 1382">
    <p class='ocr_par' dir='ltr' id='par_1_28' title="bbox 2171 1307 3775 1382">
     <span class='ocr_line' id='line_1_28' title="bbox 2171 1307 3775 1382; baseline 0.004 -18"><span class='ocrx_word' id='word_1_198' title='bbox 2171 1307 2379 1364; x_wconf 87' lang='lat' dir='ltr'><strong>scilicet</strong></span> <span class='ocrx_word' id='word_1_199' title='bbox 2425 1309 2478 1363; x_wconf 93' lang='lat' dir='ltr'><strong>in</strong></span> <span class='ocrx_word' id='word_1_200' title='bbox 2517 1309 2772 1366; x_wconf 86' lang='lat' dir='ltr'><strong>omnibus</strong></span> <span class='ocrx_word' id='word_1_201' title='bbox 2827 1310 3113 1382; x_wconf 61' lang='lat' dir='ltr'><strong>perﬁdiae,</strong></span> <span class='ocrx_word' id='word_1_202' title='bbox 3156 1312 3318 1368; x_wconf 89' lang='lat' dir='ltr'><strong>simul</strong></span> <span class='ocrx_word' id='word_1_203' title='bbox 3357 1323 3418 1369; x_wconf 90' lang='lat' dir='ltr'><strong>et</strong></span> <span class='ocrx_word' id='word_1_204' title='bbox 3448 1312 3775 1371; x_wconf 68' lang='lat' dir='ltr'><strong>idololatria:</strong></span> 
     </span>
    </p>
   </div>
   <div class='ocr_carea' id='block_1_29' title="bbox 2170 1399 3773 1474">
    <p class='ocr_par' dir='ltr' id='par_1_29' title="bbox 2170 1399 3773 1474">
     <span class='ocr_line' id='line_1_29' title="bbox 2170 1399 3773 1474; baseline 0.004 -20"><span class='ocrx_word' id='word_1_205' title='bbox 2170 1413 2358 1455; x_wconf 83' lang='lat' dir='ltr'><strong>errore</strong></span> <span class='ocrx_word' id='word_1_206' title='bbox 2383 1399 2614 1470; x_wconf 88' lang='lat' dir='ltr'><strong>decepti,</strong></span> <span class='ocrx_word' id='word_1_207' title='bbox 2646 1416 2711 1457; x_wconf 91' lang='lat' dir='ltr'><strong>ac</strong></span> <span class='ocrx_word' id='word_1_208' title='bbox 2740 1400 2843 1457; x_wconf 88' lang='lat' dir='ltr'><strong>sub</strong></span> <span class='ocrx_word' id='word_1_209' title='bbox 2870 1402 3107 1473; x_wconf 86' lang='lat' dir='ltr'><strong>ipsosne</strong></span> <span class='ocrx_word' id='word_1_210' title='bbox 3132 1402 3392 1473; x_wconf 86' lang='lat' dir='ltr'><strong>pestifero</strong></span> <span class='ocrx_word' id='word_1_211' title='bbox 3431 1405 3615 1474; x_wconf 86' lang='lat' dir='ltr'><strong>capite</strong></span> <span class='ocrx_word' id='word_1_212' title='bbox 3643 1414 3773 1460; x_wconf 84' lang='lat' dir='ltr'><strong>tan--</strong></span> 
     </span>
    </p>
   </div>
   <div class='ocr_carea' id='block_1_30' title="bbox 2170 1489 3769 1565">
    <p class='ocr_par' dir='ltr' id='par_1_30' title="bbox 2170 1489 3769 1565">
     <span class='ocr_line' id='line_1_30' title="bbox 2170 1489 3769 1565; baseline 0.006 -24"><span class='ocrx_word' id='word_1_213' title='bbox 2170 1503 2332 1560; x_wconf 80' lang='lat' dir='ltr'><strong>quam</strong></span> <span class='ocrx_word' id='word_1_214' title='bbox 2359 1489 2579 1546; x_wconf 79' lang='lat' dir='ltr'><strong>diversa</strong></span> <span class='ocrx_word' id='word_1_215' title='bbox 2618 1491 2883 1558; x_wconf 84' lang='lat' dir='ltr'><strong>membra,</strong></span> <span class='ocrx_word' id='word_1_216' title='bbox 2911 1493 3175 1565; x_wconf 87' lang='lat' dir='ltr'><strong>sacrilega</strong></span> <span class='ocrx_word' id='word_1_217' title='bbox 3197 1494 3608 1564; x_wconf 86' lang='lat' dir='ltr'><strong>conspiratione</strong></span> <span class='ocrx_word' id='word_1_218' title='bbox 3636 1511 3769 1550; x_wconf 79' lang='lat' dir='ltr'><strong>con-</strong></span> 
     </span>
    </p>
   </div>
   <div class='ocr_carea' id='block_1_31' title="bbox 478 1574 3767 1654">
    <p class='ocr_par' dir='ltr' id='par_1_31' title="bbox 478 1574 3767 1654">
     <span class='ocr_line' id='line_1_31' title="bbox 478 1574 3767 1654; baseline 0.006 -27"><span class='ocrx_word' id='word_1_219' title='bbox 478 1581 539 1627; x_wconf 91' lang='lat' dir='ltr'><strong>ut</strong></span> <span class='ocrx_word' id='word_1_220' title='bbox 576 1574 624 1628; x_wconf 88' lang='lat' dir='ltr'><strong>ei</strong></span> <span class='ocrx_word' id='word_1_221' title='bbox 653 1574 851 1630; x_wconf 83' lang='lat' dir='ltr'><strong>merito</strong></span> <span class='ocrx_word' id='word_1_222' title='bbox 876 1578 1195 1633; x_wconf 88' lang='lat' dir='ltr'><strong>succederet</strong></span> <span class='ocrx_word' id='word_1_223' title='bbox 1238 1578 1292 1632; x_wconf 90' lang='lat' dir='ltr'><strong>in</strong></span> <span class='ocrx_word' id='word_1_224' title='bbox 1330 1579 1596 1651; x_wconf 86' lang='lat' dir='ltr'><strong>regimen,</strong></span> <span class='ocrx_word' id='word_1_225' title='bbox 1646 1579 1799 1650; x_wconf 81' lang='lat' dir='ltr'><strong>cuius</strong></span> <span class='ocrx_word' id='word_1_226' title='bbox 1829 1582 2070 1639; x_wconf 86' lang='lat' dir='ltr'><strong>imitator</strong></span> <span class='ocrx_word' id='word_1_227' title='bbox 2163 1574 2364 1646; x_wconf 65' lang='lat' dir='ltr'><strong>lunai.</strong></span> <span class='ocrx_word' id='word_1_228' title='bbox 2398 1592 2561 1649; x_wconf 73' lang='lat' dir='ltr'><strong>super</strong></span> <span class='ocrx_word' id='word_1_229' title='bbox 2601 1595 2740 1651; x_wconf 89' lang='lat' dir='ltr'><strong>quos</strong></span> <span class='ocrx_word' id='word_1_230' title='bbox 2796 1581 3051 1637; x_wconf 75' lang='lat' dir='ltr'><strong>nimirum</strong></span> <span class='ocrx_word' id='word_1_231' title='bbox 3089 1582 3178 1639; x_wconf 86' lang='lat' dir='ltr'><strong>ille</strong></span> <span class='ocrx_word' id='word_1_232' title='bbox 3217 1582 3476 1653; x_wconf 64' lang='lat' dir='ltr'><strong>nequitia</strong></span> <span class='ocrx_word' id='word_1_233' title='bbox 3512 1583 3767 1654; x_wconf 64' lang='lat' dir='ltr'><strong>spiritus,</strong></span> 
     </span>
    </p>
   </div>
   <div class='ocr_carea' id='block_1_32' title="bbox 472 1658 3767 1746">
    <p class='ocr_par' dir='ltr' id='par_1_32' title="bbox 472 1658 3767 1746">
     <span class='ocr_line' id='line_1_32' title="bbox 472 1658 3767 1746; baseline 0.004 -29"><span class='ocrx_word' id='word_1_234' title='bbox 472 1664 762 1720; x_wconf 80' lang='lat' dir='ltr'><strong>exstiterat</strong></span> <span class='ocrx_word' id='word_1_235' title='bbox 791 1667 1103 1723; x_wconf 81' lang='lat' dir='ltr'><strong>sanctitate.</strong></span> <span class='ocrx_word' id='word_1_236' title='bbox 1133 1666 1287 1725; x_wconf 84' lang='lat' dir='ltr'><strong>Sicut</strong></span> <span class='ocrx_word' id='word_1_237' title='bbox 1309 1670 1453 1725; x_wconf 89' lang='lat' dir='ltr'><strong>enim</strong></span> <span class='ocrx_word' id='word_1_238' title='bbox 1480 1670 1669 1729; x_wconf 88' lang='lat' dir='ltr'><strong>beatus</strong></span> <span class='ocrx_word' id='word_1_239' title='bbox 1696 1672 1892 1731; x_wconf 83' lang='lat' dir='ltr'><strong>Petrus</strong></span> <span class='ocrx_word' id='word_1_240' title='bbox 1920 1675 2067 1745; x_wconf 88' lang='lat' dir='ltr'><strong>prin-</strong></span> <span class='ocrx_word' id='word_1_241' title='bbox 2100 1658 2144 1719; x_wconf 76' lang='grc' dir='ltr'><strong>Β</strong></span> <span class='ocrx_word' id='word_1_242' title='bbox 2171 1663 2318 1725; x_wconf 63' lang='lat' dir='ltr'><strong>velut</strong></span> <span class='ocrx_word' id='word_1_243' title='bbox 2341 1679 2552 1738; x_wconf 78' lang='lat' dir='ltr'><strong>auctor,</strong></span> <span class='ocrx_word' id='word_1_244' title='bbox 2590 1672 2899 1742; x_wconf 76' lang='lat' dir='ltr'><strong>prmsidens</strong></span> <span class='ocrx_word' id='word_1_245' title='bbox 2937 1673 3233 1729; x_wconf 74' lang='lat' dir='ltr'><strong>insolenter</strong></span> <span class='ocrx_word' id='word_1_246' title='bbox 3258 1674 3510 1746; x_wconf 76' lang='lat' dir='ltr'><strong>erigitur,</strong></span> <span class='ocrx_word' id='word_1_247' title='bbox 3539 1683 3597 1729; x_wconf 90' lang='lat' dir='ltr'><strong>et</strong></span> <span class='ocrx_word' id='word_1_248' title='bbox 3645 1684 3767 1728; x_wconf 83' lang='lat' dir='ltr'><strong>tan—</strong></span> 
     </span>
    </p>
   </div>
   <div class='ocr_carea' id='block_1_33' title="bbox 476 1756 3764 1836">
    <p class='ocr_par' dir='ltr' id='par_1_33' title="bbox 476 1756 3764 1836">
     <span class='ocr_line' id='line_1_33' title="bbox 476 1756 3764 1836; baseline 0.002 -23"><span class='ocrx_word' id='word_1_249' title='bbox 476 1772 605 1828; x_wconf 88' lang='lat' dir='ltr'><strong>ceps</strong></span> <span class='ocrx_word' id='word_1_250' title='bbox 638 1759 917 1829; x_wconf 84' lang='lat' dir='ltr'><strong>apostolici</strong></span> <span class='ocrx_word' id='word_1_251' title='bbox 948 1769 1169 1818; x_wconf 89' lang='lat' dir='ltr'><strong>senatus</strong></span> <span class='ocrx_word' id='word_1_252' title='bbox 1191 1771 1304 1820; x_wconf 84' lang='lat' dir='ltr'><strong>tres</strong></span> <span class='ocrx_word' id='word_1_253' title='bbox 1334 1763 1477 1821; x_wconf 89' lang='lat' dir='ltr'><strong>inter</strong></span> <span class='ocrx_word' id='word_1_254' title='bbox 1494 1774 1725 1824; x_wconf 81' lang='lat' dir='ltr'><strong>caeteros</strong></span> <span class='ocrx_word' id='word_1_255' title='bbox 1745 1769 2070 1825; x_wconf 82' lang='lat' dir='ltr'><strong>eminentio-</strong></span> <span class='ocrx_word' id='word_1_256' title='bbox 2172 1775 2336 1832; x_wconf 83' lang='lat' dir='ltr'><strong>quam</strong></span> <span class='ocrx_word' id='word_1_257' title='bbox 2368 1770 2531 1832; x_wconf 78' lang='lat' dir='ltr'><strong>caput</strong></span> <span class='ocrx_word' id='word_1_258' title='bbox 2577 1768 2677 1834; x_wconf 73' lang='lat' dir='ltr'><strong>per</strong></span> <span class='ocrx_word' id='word_1_259' title='bbox 2726 1756 3071 1836; x_wconf 72' lang='lat' dir='ltr'><strong>tyrannidem</strong></span> <span class='ocrx_word' id='word_1_260' title='bbox 3111 1779 3212 1822; x_wconf 88' lang='lat' dir='ltr'><strong>suo</strong></span> <span class='ocrx_word' id='word_1_261' title='bbox 3245 1766 3464 1835; x_wconf 88' lang='lat' dir='ltr'><strong>corpori</strong></span> <span class='ocrx_word' id='word_1_262' title='bbox 3506 1765 3764 1821; x_wconf 83' lang='lat' dir='ltr'><strong>domina-</strong></span> 
     </span>
    </p>
   </div>
   <div class='ocr_carea' id='block_1_34' title="bbox 475 1852 2067 1931">
    <p class='ocr_par' dir='ltr' id='par_1_34' title="bbox 475 1852 2067 1931">
     <span class='ocr_line' id='line_1_34' title="bbox 475 1852 2067 1931; baseline 0.008 -26"><span class='ocrx_word' id='word_1_263' title='bbox 475 1866 566 1907; x_wconf 87' lang='lat' dir='ltr'><strong>res</strong></span> <span class='ocrx_word' id='word_1_264' title='bbox 602 1852 953 1923; x_wconf 83' lang='lat' dir='ltr'><strong>cognoscitur</strong></span> <span class='ocrx_word' id='word_1_265' title='bbox 998 1853 1254 1911; x_wconf 85' lang='lat' dir='ltr'><strong>habuisse</strong></span> <span class='ocrx_word' id='word_1_266' title='bbox 1300 1856 1616 1927; x_wconf 79' lang='lat' dir='ltr'><strong>discipulos,</strong></span> <span class='ocrx_word' id='word_1_267' title='bbox 1648 1860 1741 1931; x_wconf 87' lang='lat' dir='ltr'><strong>qui</strong></span> <span class='ocrx_word' id='word_1_268' title='bbox 1786 1860 1893 1917; x_wconf 85' lang='lat' dir='ltr'><strong>sibi</strong></span> <span class='ocrx_word' id='word_1_269' title='bbox 1921 1870 2067 1931; x_wconf 89' lang='lat' dir='ltr'><strong>post-</strong></span> 
     </span>
    </p>
   </div>
   <div class='ocr_carea' id='block_1_35' title="bbox 472 1942 2067 2021">
    <p class='ocr_par' dir='ltr' id='par_1_35' title="bbox 472 1942 2067 2021">
     <span class='ocr_line' id='line_1_35' title="bbox 472 1942 2067 2021; baseline 0.009 -25"><span class='ocrx_word' id='word_1_270' title='bbox 472 1942 696 1998; x_wconf 84' lang='lat' dir='ltr'><strong>modum</strong></span> <span class='ocrx_word' id='word_1_271' title='bbox 733 1944 787 1998; x_wconf 92' lang='lat' dir='ltr'><strong>in</strong></span> <span class='ocrx_word' id='word_1_272' title='bbox 815 1944 1171 2014; x_wconf 88' lang='lat' dir='ltr'><strong>pontiﬁcatus</strong></span> <span class='ocrx_word' id='word_1_273' title='bbox 1215 1961 1342 2004; x_wconf 87' lang='lat' dir='ltr'><strong>arce</strong></span> <span class='ocrx_word' id='word_1_274' title='bbox 1383 1964 1482 2021; x_wconf 83' lang='lat' dir='ltr'><strong>per</strong></span> <span class='ocrx_word' id='word_1_275' title='bbox 1508 1951 1754 2007; x_wconf 81' lang='lat' dir='ltr'><strong>ordinem</strong></span> <span class='ocrx_word' id='word_1_276' title='bbox 1784 1968 2067 2010; x_wconf 78' lang='lat' dir='ltr'><strong>successe-</strong></span> 
     </span>
    </p>
   </div>
   <div class='ocr_carea' id='block_1_36' title="bbox 470 2036 2070 2109">
    <p class='ocr_par' dir='ltr' id='par_1_36' title="bbox 470 2036 2070 2109">
     <span class='ocr_line' id='line_1_36' title="bbox 470 2036 2070 2109; baseline 0.006 -19"><span class='ocrx_word' id='word_1_277' title='bbox 470 2044 626 2103; x_wconf 85' lang='lat' dir='ltr'><strong>runt,</strong></span> <span class='ocrx_word' id='word_1_278' title='bbox 641 2036 825 2108; x_wconf 87' lang='lat' dir='ltr'><strong>primo</strong></span> <span class='ocrx_word' id='word_1_279' title='bbox 840 2037 1091 2094; x_wconf 80' lang='lat' dir='ltr'><strong>videlicet</strong></span> <span class='ocrx_word' id='word_1_280' title='bbox 1107 2037 1164 2093; x_wconf 75' lang='lat' dir='ltr'><strong>Li</strong></span> <span class='ocrx_word' id='word_1_281' title='bbox 1173 2052 1292 2105; x_wconf 87' lang='lat' dir='ltr'><strong>nus,</strong></span> <span class='ocrx_word' id='word_1_282' title='bbox 1308 2041 1504 2098; x_wconf 90' lang='lat' dir='ltr'><strong>deinde</strong></span> <span class='ocrx_word' id='word_1_283' title='bbox 1516 2042 1720 2109; x_wconf 89' lang='lat' dir='ltr'><strong>Clelus,</strong></span> <span class='ocrx_word' id='word_1_284' title='bbox 1738 2044 1930 2100; x_wconf 89' lang='lat' dir='ltr'><strong>tertius</strong></span> <span class='ocrx_word' id='word_1_285' title='bbox 1950 2044 2070 2102; x_wconf 88' lang='lat' dir='ltr'><strong>Cle-</strong></span> 
     </span>
    </p>
   </div>
   <div class='ocr_carea' id='block_1_37' title="bbox 477 2129 2069 2206">
    <p class='ocr_par' dir='ltr' id='par_1_37' title="bbox 477 2129 2069 2206">
     <span class='ocr_line' id='line_1_37' title="bbox 477 2129 2069 2206; baseline 0.005 -23"><span class='ocrx_word' id='word_1_286' title='bbox 477 2142 657 2195; x_wconf 85' lang='lat' dir='ltr'><strong>mens,</strong></span> <span class='ocrx_word' id='word_1_287' title='bbox 685 2129 759 2183; x_wconf 88' lang='lat' dir='ltr'><strong>ita</strong></span> <span class='ocrx_word' id='word_1_288' title='bbox 789 2129 1144 2187; x_wconf 85' lang='lat' dir='ltr'><strong>nihilominus</strong></span> <span class='ocrx_word' id='word_1_289' title='bbox 1180 2140 1237 2186; x_wconf 89' lang='lat' dir='ltr'><strong>et</strong></span> <span class='ocrx_word' id='word_1_290' title='bbox 1261 2132 1455 2187; x_wconf 89' lang='lat' dir='ltr'><strong>beatus</strong></span> <span class='ocrx_word' id='word_1_291' title='bbox 1474 2132 1801 2204; x_wconf 87' lang='lat' dir='ltr'><strong>Apollinaris</strong></span> <span class='ocrx_word' id='word_1_292' title='bbox 1832 2144 2069 2206; x_wconf 90' lang='lat' dir='ltr'><strong>quatuor</strong></span> 
     </span>
    </p>
   </div>
   <div class='ocr_carea' id='block_1_38' title="bbox 474 2219 2066 2300">
    <p class='ocr_par' dir='ltr' id='par_1_38' title="bbox 474 2219 2066 2300">
     <span class='ocr_line' id='line_1_38' title="bbox 474 2219 2066 2300; baseline 0.008 -28"><span class='ocrx_word' id='word_1_293' title='bbox 474 2219 724 2289; x_wconf 85' lang='lat' dir='ltr'><strong>egregios</strong></span> <span class='ocrx_word' id='word_1_294' title='bbox 753 2220 1045 2291; x_wconf 81' lang='lat' dir='ltr'><strong>discipulos</strong></span> <span class='ocrx_word' id='word_1_295' title='bbox 1066 2223 1275 2290; x_wconf 89' lang='lat' dir='ltr'><strong>habuit,</strong></span> <span class='ocrx_word' id='word_1_296' title='bbox 1313 2233 1435 2293; x_wconf 89' lang='lat' dir='ltr'><strong>post</strong></span> <span class='ocrx_word' id='word_1_297' title='bbox 1462 2222 1676 2280; x_wconf 81' lang='lat' dir='ltr'><strong>felicem</strong></span> <span class='ocrx_word' id='word_1_298' title='bbox 1707 2226 1953 2300; x_wconf 80' lang='lat' dir='ltr'><strong>martyrii</strong></span> <span class='ocrx_word' id='word_1_299' title='bbox 1981 2226 2066 2283; x_wconf 89' lang='lat' dir='ltr'><strong>sui</strong></span> 
     </span>
    </p>
   </div>
   <div class='ocr_carea' id='block_1_39' title="bbox 475 2309 2066 2386">
    <p class='ocr_par' dir='ltr' id='par_1_39' title="bbox 475 2309 2066 2386">
     <span class='ocr_line' id='line_1_39' title="bbox 475 2309 2066 2386; baseline 0.006 -22"><span class='ocrx_word' id='word_1_300' title='bbox 475 2309 703 2380; x_wconf 79' lang='lat' dir='ltr'><strong>gloriam</strong></span> <span class='ocrx_word' id='word_1_301' title='bbox 716 2312 940 2369; x_wconf 81' lang='lat' dir='ltr'><strong>sibimet</strong></span> <span class='ocrx_word' id='word_1_302' title='bbox 956 2313 1010 2369; x_wconf 90' lang='lat' dir='ltr'><strong>in</strong></span> <span class='ocrx_word' id='word_1_303' title='bbox 1025 2315 1399 2372; x_wconf 86' lang='lat' dir='ltr'><strong>ecclesiastico</strong></span> <span class='ocrx_word' id='word_1_304' title='bbox 1415 2314 1676 2386; x_wconf 85' lang='lat' dir='ltr'><strong>regimine</strong></span> <span class='ocrx_word' id='word_1_305' title='bbox 1688 2318 2066 2386; x_wconf 85' lang='lat' dir='ltr'><strong>succedentes,</strong></span> 
     </span>
    </p>
   </div>
   <div class='ocr_carea' id='block_1_40' title="bbox 474 2402 2070 2477">
    <p class='ocr_par' dir='ltr' id='par_1_40' title="bbox 474 2402 2070 2477">
     <span class='ocr_line' id='line_1_40' title="bbox 474 2402 2070 2477; baseline 0.006 -21"><span class='ocrx_word' id='word_1_306' title='bbox 474 2402 759 2457; x_wconf 85' lang='lat' dir='ltr'><strong>Aderitum</strong></span> <span class='ocrx_word' id='word_1_307' title='bbox 794 2404 1042 2473; x_wconf 78' lang='lat' dir='ltr'><strong>scilicet,</strong></span> <span class='ocrx_word' id='word_1_308' title='bbox 1097 2416 1154 2461; x_wconf 86' lang='lat' dir='ltr'><strong>ct</strong></span> <span class='ocrx_word' id='word_1_309' title='bbox 1203 2407 1424 2463; x_wconf 87' lang='lat' dir='ltr'><strong>beatum</strong></span> <span class='ocrx_word' id='word_1_310' title='bbox 1470 2405 1653 2471; x_wconf 85' lang='lat' dir='ltr'><strong>hunc,</strong></span> <span class='ocrx_word' id='word_1_311' title='bbox 1706 2407 1791 2462; x_wconf 81' lang='lat' dir='ltr'><strong>cui</strong></span> <span class='ocrx_word' id='word_1_312' title='bbox 1827 2420 2070 2477; x_wconf 61' lang='lat' dir='ltr'><strong>praesens</strong></span> 
     </span>
    </p>
   </div>
   <div class='ocr_carea' id='block_1_41' title="bbox 464 2496 2069 2564">
    <p class='ocr_par' dir='ltr' id='par_1_41' title="bbox 464 2496 2069 2564">
     <span class='ocr_line' id='line_1_41' title="bbox 464 2496 2069 2564; baseline 0.004 -14"><span class='ocrx_word' id='word_1_313' title='bbox 464 2508 653 2551; x_wconf 75' lang='lat' dir='ltr'><strong>sermo</strong></span> <span class='ocrx_word' id='word_1_314' title='bbox 672 2496 1028 2553; x_wconf 83' lang='lat' dir='ltr'><strong>famulatums</strong></span> <span class='ocrx_word' id='word_1_315' title='bbox 1050 2508 1153 2564; x_wconf 89' lang='lat' dir='ltr'><strong>est,</strong></span> <span class='ocrx_word' id='word_1_316' title='bbox 1171 2498 1573 2564; x_wconf 80' lang='lat' dir='ltr'><strong>Eleuchadium,</strong></span> <span class='ocrx_word' id='word_1_317' title='bbox 1593 2498 1824 2556; x_wconf 85' lang='lat' dir='ltr'><strong>subinde</strong></span> <span class='ocrx_word' id='word_1_318' title='bbox 1846 2500 2069 2557; x_wconf 85' lang='lat' dir='ltr'><strong>Martia-</strong></span> 
     </span>
    </p>
   </div>
   <div class='ocr_carea' id='block_1_42' title="bbox 473 2589 1318 2658">
    <p class='ocr_par' dir='ltr' id='par_1_42' title="bbox 473 2589 1318 2658">
     <span class='ocr_line' id='line_1_42' title="bbox 473 2589 1318 2658; baseline 0.006 -19"><span class='ocrx_word' id='word_1_319' title='bbox 473 2601 628 2653; x_wconf 91' lang='lat' dir='ltr'><strong>num,</strong></span> <span class='ocrx_word' id='word_1_320' title='bbox 668 2597 946 2658; x_wconf 86' lang='lat' dir='ltr'><strong>postremo</strong></span> <span class='ocrx_word' id='word_1_321' title='bbox 976 2589 1318 2647; x_wconf 84' lang='lat' dir='ltr'><strong>Calncerum.</strong></span> 
     </span>
    </p>
   </div>
   <div class='ocr_carea' id='block_1_43' title="bbox 542 2676 2067 2753">
    <p class='ocr_par' dir='ltr' id='par_1_43' title="bbox 542 2676 2067 2753">
     <span class='ocr_line' id='line_1_43' title="bbox 542 2676 2067 2753; baseline 0.004 -23"><span class='ocrx_word' id='word_1_322' title='bbox 542 2676 676 2732; x_wconf 88' lang='lat' dir='ltr'><strong>Erat</strong></span> <span class='ocrx_word' id='word_1_323' title='bbox 702 2687 882 2734; x_wconf 85' lang='lat' dir='ltr'><strong>autem</strong></span> <span class='ocrx_word' id='word_1_324' title='bbox 912 2680 1280 2736; x_wconf 81' lang='lat' dir='ltr'><strong>Eleuchadius</strong></span> <span class='ocrx_word' id='word_1_325' title='bbox 1311 2681 1414 2737; x_wconf 89' lang='lat' dir='ltr'><strong>iste</strong></span> <span class='ocrx_word' id='word_1_326' title='bbox 1438 2682 1813 2753; x_wconf 85' lang='lat' dir='ltr'><strong>philosophus.</strong></span> <span class='ocrx_word' id='word_1_327' title='bbox 1842 2680 1981 2737; x_wconf 84' lang='lat' dir='ltr'><strong>sicut</strong></span> <span class='ocrx_word' id='word_1_328' title='bbox 2012 2681 2067 2737; x_wconf 90' lang='lat' dir='ltr'><strong>in</strong></span> 
     </span>
    </p>
   </div>
   <div class='ocr_carea' id='block_1_44' title="bbox 458 2768 2069 2845">
    <p class='ocr_par' dir='ltr' id='par_1_44' title="bbox 458 2768 2069 2845">
     <span class='ocr_line' id='line_1_44' title="bbox 458 2768 2069 2845; baseline 0.005 -22"><span class='ocrx_word' id='word_1_329' title='bbox 458 2768 592 2839; x_wconf 80' lang='lat' dir='ltr'><strong>.ipsa</strong></span> <span class='ocrx_word' id='word_1_330' title='bbox 631 2769 785 2825; x_wconf 87' lang='lat' dir='ltr'><strong>beati</strong></span> <span class='ocrx_word' id='word_1_331' title='bbox 809 2771 1055 2844; x_wconf 81' lang='lat' dir='ltr'><strong>magistri</strong></span> <span class='ocrx_word' id='word_1_332' title='bbox 1087 2781 1344 2829; x_wconf 86' lang='lat' dir='ltr'><strong>narratur</strong></span> <span class='ocrx_word' id='word_1_333' title='bbox 1391 2774 1639 2829; x_wconf 90' lang='lat' dir='ltr'><strong>historia.</strong></span> <span class='ocrx_word' id='word_1_334' title='bbox 1670 2774 1936 2845; x_wconf 87' lang='lat' dir='ltr'><strong>Superata</strong></span> <span class='ocrx_word' id='word_1_335' title='bbox 1983 2783 2069 2831; x_wconf 91' lang='lat' dir='ltr'><strong>est</strong></span> 
     </span>
    </p>
   </div>
   <div class='ocr_carea' id='block_1_45' title="bbox 471 2862 2069 2935">
    <p class='ocr_par' dir='ltr' id='par_1_45' title="bbox 471 2862 2069 2935">
     <span class='ocr_line' id='line_1_45' title="bbox 471 2862 2069 2935; baseline 0.004 -20"><span class='ocrx_word' id='word_1_336' title='bbox 471 2875 604 2932; x_wconf 84' lang='lat' dir='ltr'><strong>ergo</strong></span> <span class='ocrx_word' id='word_1_337' title='bbox 648 2863 916 2932; x_wconf 82' lang='lat' dir='ltr'><strong>sapientia</strong></span> <span class='ocrx_word' id='word_1_338' title='bbox 964 2862 1206 2919; x_wconf 81' lang='lat' dir='ltr'><strong>Platonis</strong></span> <span class='ocrx_word' id='word_1_339' title='bbox 1230 2879 1260 2919; x_wconf 89' lang='lat' dir='ltr'><strong>a</strong></span> <span class='ocrx_word' id='word_1_340' title='bbox 1292 2865 1559 2935; x_wconf 90' lang='lat' dir='ltr'><strong>discipulo</strong></span> <span class='ocrx_word' id='word_1_341' title='bbox 1589 2865 1895 2935; x_wconf 85' lang='lat' dir='ltr'><strong>piscatoris.</strong></span> <span class='ocrx_word' id='word_1_342' title='bbox 1923 2865 2069 2922; x_wconf 84' lang='lat' dir='ltr'><strong>Misit</strong></span> 
     </span>
    </p>
   </div>
   <div class='ocr_carea' id='block_1_46' title="bbox 470 2953 2064 3028">
    <p class='ocr_par' dir='ltr' id='par_1_46' title="bbox 470 2953 2064 3028">
     <span class='ocr_line' id='line_1_46' title="bbox 470 2953 2064 3028; baseline 0.003 -21"><span class='ocrx_word' id='word_1_343' title='bbox 470 2963 591 3008; x_wconf 87' lang='lat' dir='ltr'><strong>rete</strong></span> <span class='ocrx_word' id='word_1_344' title='bbox 645 2954 799 3008; x_wconf 83' lang='lat' dir='ltr'><strong>verbi</strong></span> <span class='ocrx_word' id='word_1_345' title='bbox 849 2954 902 3008; x_wconf 90' lang='lat' dir='ltr'><strong>in</strong></span> <span class='ocrx_word' id='word_1_346' title='bbox 952 2953 1278 3023; x_wconf 88' lang='lat' dir='ltr'><strong>profundam</strong></span> <span class='ocrx_word' id='word_1_347' title='bbox 1339 2956 1668 3028; x_wconf 79' lang='lat' dir='ltr'><strong>salsuginem</strong></span> <span class='ocrx_word' id='word_1_348' title='bbox 1732 2955 2064 3013; x_wconf 78' lang='lat' dir='ltr'><strong>Ravennatis</strong></span> 
     </span>
    </p>
   </div>
   <div class='ocr_carea' id='block_1_47' title="bbox 469 3044 2059 3116">
    <p class='ocr_par' dir='ltr' id='par_1_47' title="bbox 469 3044 2059 3116">
     <span class='ocr_line' id='line_1_47' title="bbox 469 3044 2059 3116; baseline 0.003 -18"><span class='ocrx_word' id='word_1_349' title='bbox 469 3044 686 3107; x_wconf 83' lang='lat' dir='ltr'><strong>oceani,</strong></span> <span class='ocrx_word' id='word_1_350' title='bbox 722 3054 778 3099; x_wconf 88' lang='lat' dir='ltr'><strong>et</strong></span> <span class='ocrx_word' id='word_1_351' title='bbox 813 3045 1064 3116; x_wconf 78' lang='lat' dir='ltr'><strong>inagliam</strong></span> <span class='ocrx_word' id='word_1_352' title='bbox 1116 3056 1361 3101; x_wconf 89' lang='lat' dir='ltr'><strong>auratam</strong></span> <span class='ocrx_word' id='word_1_353' title='bbox 1408 3048 1479 3103; x_wconf 87' lang='lat' dir='ltr'><strong>ad</strong></span> <span class='ocrx_word' id='word_1_354' title='bbox 1524 3046 1648 3102; x_wconf 87' lang='lat' dir='ltr'><strong>ﬁdei</strong></span> <span class='ocrx_word' id='word_1_355' title='bbox 1694 3046 1846 3103; x_wconf 88' lang='lat' dir='ltr'><strong>littus</strong></span> <span class='ocrx_word' id='word_1_356' title='bbox 1877 3049 2059 3104; x_wconf 81' lang='lat' dir='ltr'><strong>traxit.</strong></span> 
     </span>
    </p>
   </div>
   <div class='ocr_carea' id='block_1_48' title="bbox 468 3134 2071 3216">
    <p class='ocr_par' dir='ltr' id='par_1_48' title="bbox 468 3134 2071 3216">
     <span class='ocr_line' id='line_1_48' title="bbox 468 3134 2071 3216; baseline 0.006 -25"><span class='ocrx_word' id='word_1_357' title='bbox 468 3134 643 3191; x_wconf 88' lang='lat' dir='ltr'><strong>Porro</strong></span> <span class='ocrx_word' id='word_1_358' title='bbox 672 3135 826 3204; x_wconf 65' lang='lat' dir='ltr'><strong>cuius</strong></span> <span class='ocrx_word' id='word_1_359' title='bbox 850 3136 1109 3208; x_wconf 82' lang='lat' dir='ltr'><strong>magister</strong></span> <span class='ocrx_word' id='word_1_360' title='bbox 1134 3137 1265 3192; x_wconf 93' lang='lat' dir='ltr'><strong>olim</strong></span> <span class='ocrx_word' id='word_1_361' title='bbox 1295 3149 1519 3196; x_wconf 88' lang='lat' dir='ltr'><strong>noverat</strong></span> <span class='ocrx_word' id='word_1_362' title='bbox 1537 3151 1733 3199; x_wconf 89' lang='lat' dir='ltr'><strong>cuncta</strong></span> <span class='ocrx_word' id='word_1_363' title='bbox 1754 3159 1853 3215; x_wconf 87' lang='lat' dir='ltr'><strong>per</strong></span> <span class='ocrx_word' id='word_1_364' title='bbox 1872 3154 2071 3216; x_wconf 10' lang='lat' dir='ltr'><strong>stagnat</strong></span> 
     </span>
    </p>
   </div>
   <div class='ocr_carea' id='block_1_49' title="bbox 469 3228 2061 3312">
    <p class='ocr_par' dir='ltr' id='par_1_49' title="bbox 469 3228 2061 3312">
     <span class='ocr_line' id='line_1_49' title="bbox 469 3228 2061 3312; baseline 0.009 -30"><span class='ocrx_word' id='word_1_365' title='bbox 469 3228 778 3283; x_wconf 83' lang='lat' dir='ltr'><strong>naviculam</strong></span> <span class='ocrx_word' id='word_1_366' title='bbox 831 3244 1038 3302; x_wconf 87' lang='lat' dir='ltr'><strong>regere,</strong></span> <span class='ocrx_word' id='word_1_367' title='bbox 1096 3231 1423 3302; x_wconf 87' lang='lat' dir='ltr'><strong>discipulum</strong></span> <span class='ocrx_word' id='word_1_368' title='bbox 1473 3234 1659 3291; x_wconf 89' lang='lat' dir='ltr'><strong>docuit</strong></span> <span class='ocrx_word' id='word_1_369' title='bbox 1697 3253 1819 3293; x_wconf 93' lang='lat' dir='ltr'><strong>cum</strong></span> <span class='ocrx_word' id='word_1_370' title='bbox 1868 3249 2061 3312; x_wconf 86' lang='lat' dir='ltr'><strong>arguta</strong></span> 
     </span>
    </p>
   </div>
   <div class='ocr_carea' id='block_1_50' title="bbox 469 3321 2059 3401">
    <p class='ocr_par' dir='ltr' id='par_1_50' title="bbox 469 3321 2059 3401">
     <span class='ocr_line' id='line_1_50' title="bbox 469 3321 2059 3401; baseline 0.008 -25"><span class='ocrx_word' id='word_1_371' title='bbox 469 3321 887 3377; x_wconf 82' lang='lat' dir='ltr'><strong>dialecticorum</strong></span> <span class='ocrx_word' id='word_1_372' title='bbox 916 3323 1155 3378; x_wconf 89' lang='lat' dir='ltr'><strong>versutia</strong></span> <span class='ocrx_word' id='word_1_373' title='bbox 1190 3324 1501 3395; x_wconf 87' lang='lat' dir='ltr'><strong>disputare;</strong></span> <span class='ocrx_word' id='word_1_374' title='bbox 1529 3328 1750 3395; x_wconf 91' lang='lat' dir='ltr'><strong>docuit,</strong></span> <span class='ocrx_word' id='word_1_375' title='bbox 1798 3329 2018 3401; x_wconf 90' lang='lat' dir='ltr'><strong>inquam</strong></span> <span class='ocrx_word' id='word_1_376' title='bbox 2043 3372 2059 3399; x_wconf 92' lang='lat'><strong>,</strong></span> 
     </span>
    </p>
   </div>
   <div class='ocr_carea' id='block_1_51' title="bbox 469 3412 2064 3485">
    <p class='ocr_par' dir='ltr' id='par_1_51' title="bbox 469 3412 2064 3485">
     <span class='ocr_line' id='line_1_51' title="bbox 469 3412 2064 3485; baseline 0.008 -19"><span class='ocrx_word' id='word_1_377' title='bbox 469 3412 970 3484; x_wconf 83' lang='lat' dir='ltr'><strong>discipulum-acris</strong></span> <span class='ocrx_word' id='word_1_378' title='bbox 1011 3414 1212 3485; x_wconf 78' lang='lat' dir='ltr'><strong>ingenii</strong></span> <span class='ocrx_word' id='word_1_379' title='bbox 1240 3425 1295 3471; x_wconf 89' lang='lat' dir='ltr'><strong>et</strong></span> <span class='ocrx_word' id='word_1_380' title='bbox 1321 3424 1494 3472; x_wconf 66' lang='lat' dir='ltr'><strong>acutae</strong></span> <span class='ocrx_word' id='word_1_381' title='bbox 1521 3416 1785 3475; x_wconf 65' lang='lat' dir='ltr'><strong>facundiae</strong></span> <span class='ocrx_word' id='word_1_382' title='bbox 1815 3422 2064 3479; x_wconf 88' lang='lat' dir='ltr'><strong>homines</strong></span> 
     </span>
    </p>
   </div>
   <div class='ocr_carea' id='block_1_52' title="bbox 469 3502 2064 3582">
    <p class='ocr_par' dir='ltr' id='par_1_52' title="bbox 469 3502 2064 3582">
     <span class='ocr_line' id='line_1_52' title="bbox 469 3502 2064 3582; baseline 0.008 -26"><span class='ocrx_word' id='word_1_383' title='bbox 469 3502 702 3570; x_wconf 81' lang='lat' dir='ltr'><strong>simplici</strong></span> <span class='ocrx_word' id='word_1_384' title='bbox 732 3505 1354 3573; x_wconf 85' lang='lat' dir='ltr'><strong>sermone-concludere,</strong></span> <span class='ocrx_word' id='word_1_385' title='bbox 1384 3506 1477 3577; x_wconf 92' lang='lat' dir='ltr'><strong>qui</strong></span> <span class='ocrx_word' id='word_1_386' title='bbox 1500 3508 1568 3563; x_wconf 92' lang='lat' dir='ltr'><strong>ad</strong></span> <span class='ocrx_word' id='word_1_387' title='bbox 1592 3507 1943 3567; x_wconf 86' lang='lat' dir='ltr'><strong>includendos</strong></span> <span class='ocrx_word' id='word_1_388' title='bbox 1967 3526 2064 3582; x_wconf 87' lang='lat' dir='ltr'><strong>per</strong></span> 
     </span>
    </p>
   </div>
   <div class='ocr_carea' id='block_1_53' title="bbox 469 3593 2062 3668">
    <p class='ocr_par' dir='ltr' id='par_1_53' title="bbox 469 3593 2062 3668">
     <span class='ocr_line' id='line_1_53' title="bbox 469 3593 2062 3668; baseline 0.008 -21"><span class='ocrx_word' id='word_1_389' title='bbox 469 3593 737 3664; x_wconf 85' lang='lat' dir='ltr'><strong>profunda</strong></span> <span class='ocrx_word' id='word_1_390' title='bbox 768 3595 941 3668; x_wconf 88' lang='lat' dir='ltr'><strong>pelagi</strong></span> <span class='ocrx_word' id='word_1_391' title='bbox 961 3596 1140 3666; x_wconf 92' lang='lat' dir='ltr'><strong>pisces</strong></span> <span class='ocrx_word' id='word_1_392' title='bbox 1160 3597 1285 3652; x_wconf 90' lang='lat' dir='ltr'><strong>vilia</strong></span> <span class='ocrx_word' id='word_1_393' title='bbox 1307 3608 1667 3656; x_wconf 86' lang='lat' dir='ltr'><strong>consueverat</strong></span> <span class='ocrx_word' id='word_1_394' title='bbox 1695 3602 1832 3657; x_wconf 87' lang='lat' dir='ltr'><strong>retia</strong></span> <span class='ocrx_word' id='word_1_395' title='bbox 1857 3603 2062 3659; x_wconf 89' lang='lat' dir='ltr'><strong>subno-</strong></span> 
     </span>
    </p>
   </div>
   <div class='ocr_carea' id='block_1_54' title="bbox 469 3686 2058 3767">
    <p class='ocr_par' dir='ltr' id='par_1_54' title="bbox 469 3686 2058 3767">
     <span class='ocr_line' id='line_1_54' title="bbox 469 3686 2058 3767; baseline 0.008 -27"><span class='ocrx_word' id='word_1_396' title='bbox 469 3686 623 3741; x_wconf 84' lang='lat' dir='ltr'><strong>dare.</strong></span> <span class='ocrx_word' id='word_1_397' title='bbox 661 3686 828 3742; x_wconf 85' lang='lat' dir='ltr'><strong>Plane</strong></span> <span class='ocrx_word' id='word_1_398' title='bbox 874 3698 1161 3760; x_wconf 88' lang='lat' dir='ltr'><strong>postquam</strong></span> <span class='ocrx_word' id='word_1_399' title='bbox 1195 3692 1564 3748; x_wconf 82' lang='lat' dir='ltr'><strong>navicularius</strong></span> <span class='ocrx_word' id='word_1_400' title='bbox 1612 3694 1786 3767; x_wconf 88' lang='lat' dir='ltr'><strong>pelagi</strong></span> <span class='ocrx_word' id='word_1_401' title='bbox 1827 3696 2058 3753; x_wconf 86' lang='lat' dir='ltr'><strong>clavicu-</strong></span> 
     </span>
    </p>
   </div>
   <div class='ocr_carea' id='block_1_55' title="bbox 468 3776 2061 3855">
    <p class='ocr_par' dir='ltr' id='par_1_55' title="bbox 468 3776 2061 3855">
     <span class='ocr_line' id='line_1_55' title="bbox 468 3776 2061 3855; baseline 0.006 -24"><span class='ocrx_word' id='word_1_402' title='bbox 468 3776 641 3833; x_wconf 79' lang='lat' dir='ltr'><strong>larius</strong></span> <span class='ocrx_word' id='word_1_403' title='bbox 692 3779 1025 3835; x_wconf 81' lang='lat' dir='ltr'><strong>constitutus</strong></span> <span class='ocrx_word' id='word_1_404' title='bbox 1065 3787 1155 3835; x_wconf 88' lang='lat' dir='ltr'><strong>est</strong></span> <span class='ocrx_word' id='word_1_405' title='bbox 1205 3780 1362 3849; x_wconf 63' lang='lat' dir='ltr'><strong>caeli;</strong></span> <span class='ocrx_word' id='word_1_406' title='bbox 1416 3782 1667 3854; x_wconf 90' lang='lat' dir='ltr'><strong>discipuli</strong></span> <span class='ocrx_word' id='word_1_407' title='bbox 1727 3784 2061 3855; x_wconf 87' lang='lat' dir='ltr'><strong>piscatorum</strong></span> 
     </span>
    </p>
   </div>
   <div class='ocr_carea' id='block_1_56' title="bbox 462 3869 2061 3948">
    <p class='ocr_par' dir='ltr' id='par_1_56' title="bbox 462 3869 2061 3948">
     <span class='ocr_line' id='line_1_56' title="bbox 462 3869 2061 3948; baseline 0.008 -25"><span class='ocrx_word' id='word_1_408' title='bbox 462 3869 718 3938; x_wconf 85' lang='lat' dir='ltr'><strong>magistri</strong></span> <span class='ocrx_word' id='word_1_409' title='bbox 765 3869 894 3925; x_wconf 76' lang='lat' dir='ltr'><strong>laeti</strong></span> <span class='ocrx_word' id='word_1_410' title='bbox 942 3881 1070 3927; x_wconf 89' lang='lat' dir='ltr'><strong>sunt</strong></span> <span class='ocrx_word' id='word_1_411' title='bbox 1117 3882 1431 3941; x_wconf 88' lang='lat' dir='ltr'><strong>oratorum;</strong></span> <span class='ocrx_word' id='word_1_412' title='bbox 1460 3876 1826 3948; x_wconf 59' lang='lat' dir='ltr'><strong>et‘sapientia</strong></span> <span class='ocrx_word' id='word_1_413' title='bbox 1877 3878 2061 3935; x_wconf 89' lang='lat' dir='ltr'><strong>mundi</strong></span> 
     </span>
    </p>
   </div>
   <div class='ocr_carea' id='block_1_57' title="bbox 469 3963 2063 4039">
    <p class='ocr_par' dir='ltr' id='par_1_57' title="bbox 469 3963 2063 4039">
     <span class='ocr_line' id='line_1_57' title="bbox 469 3963 2063 4039; baseline 0.008 -24"><span class='ocrx_word' id='word_1_414' title='bbox 469 3964 618 4016; x_wconf 85' lang='lat' dir='ltr'><strong>victa</strong></span> <span class='ocrx_word' id='word_1_415' title='bbox 657 3971 742 4017; x_wconf 85' lang='lat' dir='ltr'><strong>est</strong></span> <span class='ocrx_word' id='word_1_416' title='bbox 768 3978 798 4018; x_wconf 87' lang='lat' dir='ltr'><strong>a</strong></span> <span class='ocrx_word' id='word_1_417' title='bbox 830 3963 1179 4034; x_wconf 86' lang='lat' dir='ltr'><strong>simplicitate</strong></span> <span class='ocrx_word' id='word_1_418' title='bbox 1210 3966 1433 4033; x_wconf 88' lang='lat' dir='ltr'><strong>Christi,</strong></span> <span class='ocrx_word' id='word_1_419' title='bbox 1463 3968 1589 4039; x_wconf 85' lang='lat' dir='ltr'><strong>quia</strong></span> <span class='ocrx_word' id='word_1_420' title='bbox 1643 3970 1788 4025; x_wconf 82' lang='lat' dir='ltr'><strong>enim</strong></span> <span class='ocrx_word' id='word_1_421' title='bbox 1815 4012 1830 4038; x_wconf 91' lang='lat'><strong>,</strong></span> <span class='ocrx_word' id='word_1_422' title='bbox 1882 3979 1943 4026; x_wconf 91' lang='lat' dir='ltr'><strong>ut</strong></span> <span class='ocrx_word' id='word_1_423' title='bbox 1985 3971 2063 4028; x_wconf 91' lang='lat' dir='ltr'><strong>ait</strong></span> 
     </span>
    </p>
   </div>
   <div class='ocr_carea' id='block_1_58' title="bbox 451 4054 2063 4132">
    <p class='ocr_par' dir='ltr' id='par_1_58' title="bbox 451 4054 2063 4132">
     <span class='ocr_line' id='line_1_58' title="bbox 451 4054 2063 4132; baseline 0.011 -31"><span class='ocrx_word' id='word_1_424' title='bbox 451 4054 786 4130; x_wconf 74' lang='lat' dir='ltr'><strong>.Apostolus,</strong></span> <span class='ocrx_word' id='word_1_425' title='bbox 837 4071 945 4111; x_wconf 86' lang='lat' dir='ltr'><strong>non</strong></span> <span class='ocrx_word' id='word_1_426' title='bbox 1000 4060 1252 4129; x_wconf 84' lang='lat' dir='ltr'><strong>cognovit</strong></span> <span class='ocrx_word' id='word_1_427' title='bbox 1299 4060 1532 4117; x_wconf 89' lang='lat' dir='ltr'><strong>mundus</strong></span> <span class='ocrx_word' id='word_1_428' title='bbox 1587 4075 1686 4132; x_wconf 92' lang='lat' dir='ltr'><strong>per</strong></span> <span class='ocrx_word' id='word_1_429' title='bbox 1741 4063 2063 4132; x_wconf 82' lang='lat' dir='ltr'><strong>sapientiam</strong></span> 
     </span>
    </p>
   </div>
   <div class='ocr_carea' id='block_1_59' title="bbox 462 4144 2065 4224">
    <p class='ocr_par' dir='ltr' id='par_1_59' title="bbox 462 4144 2065 4224">
     <span class='ocr_line' id='line_1_59' title="bbox 462 4144 2065 4224; baseline 0.009 -26"><span class='ocrx_word' id='word_1_430' title='bbox 462 4144 664 4210; x_wconf 83' lang='lat' dir='ltr'><strong>Deum,</strong></span> <span class='ocrx_word' id='word_1_431' title='bbox 681 4144 880 4216; x_wconf 88' lang='lat' dir='ltr'><strong>placuit</strong></span> <span class='ocrx_word' id='word_1_432' title='bbox 904 4147 1014 4202; x_wconf 88' lang='lat' dir='ltr'><strong>Deo</strong></span> <span class='ocrx_word' id='word_1_433' title='bbox 1029 4164 1126 4219; x_wconf 86' lang='lat' dir='ltr'><strong>per</strong></span> <span class='ocrx_word' id='word_1_434' title='bbox 1146 4150 1429 4205; x_wconf 87' lang='lat' dir='ltr'><strong>stultitiam</strong></span> <span class='ocrx_word' id='word_1_435' title='bbox 1460 4154 1863 4224; x_wconf 66' lang='lat' dir='ltr'><strong>praedicationis</strong></span> <span class='ocrx_word' id='word_1_436' title='bbox 1886 4156 2065 4213; x_wconf 86' lang='lat' dir='ltr'><strong>salvos</strong></span> 
     </span>
    </p>
   </div>
   <div class='ocr_carea' id='block_1_60' title="bbox 470 4235 2064 4313">
    <p class='ocr_par' dir='ltr' id='par_1_60' title="bbox 470 4235 2064 4313">
     <span class='ocr_line' id='line_1_60' title="bbox 470 4235 2064 4313; baseline 0.006 -23"><span class='ocrx_word' id='word_1_437' title='bbox 470 4235 653 4292; x_wconf 88' lang='lat' dir='ltr'><strong>facere</strong></span> <span class='ocrx_word' id='word_1_438' title='bbox 691 4238 978 4295; x_wconf 85' lang='lat' dir='ltr'><strong>credentes</strong></span> <span class='ocrx_word' id='word_1_439' title='bbox 1022 4239 1073 4311; x_wconf 88' lang='lat' dir='ltr'><strong>(I</strong></span> <span class='ocrx_word' id='word_1_440' title='bbox 1110 4238 1237 4295; x_wconf 85' lang='lat' dir='ltr'><strong>Cor.</strong></span> <span class='ocrx_word' id='word_1_441' title='bbox 1289 4241 1351 4312; x_wconf 72' lang='lat' dir='ltr'><strong>t).</strong></span> <span class='ocrx_word' id='word_1_442' title='bbox 1385 4242 1498 4297; x_wconf 87' lang='lat' dir='ltr'><strong>llac</strong></span> <span class='ocrx_word' id='word_1_443' title='bbox 1532 4243 1880 4313; x_wconf 91' lang='lat' dir='ltr'><strong>simplicitate</strong></span> <span class='ocrx_word' id='word_1_444' title='bbox 1922 4244 2064 4300; x_wconf 89' lang='lat' dir='ltr'><strong>Pau-</strong></span> 
     </span>
    </p>
   </div>
   <div class='ocr_carea' id='block_1_61' title="bbox 462 4327 2144 4427">
    <p class='ocr_par' dir='ltr' id='par_1_61' title="bbox 462 4327 2144 4427">
     <span class='ocr_line' id='line_1_61' title="bbox 462 4327 2144 4427; baseline 0.008 -45"><span class='ocrx_word' id='word_1_445' title='bbox 462 4327 575 4393; x_wconf 88' lang='lat' dir='ltr'><strong>lus,</strong></span> <span class='ocrx_word' id='word_1_446' title='bbox 601 4329 694 4399; x_wconf 87' lang='lat' dir='ltr'><strong>qui</strong></span> <span class='ocrx_word' id='word_1_447' title='bbox 742 4331 1037 4427; x_wconf 42' lang='lat' dir='ltr'><strong>se.jndicat</strong></span> <span class='ocrx_word' id='word_1_448' title='bbox 1084 4331 1232 4388; x_wconf 88' lang='lat' dir='ltr'><strong>inter</strong></span> <span class='ocrx_word' id='word_1_449' title='bbox 1259 4332 1575 4392; x_wconf 85' lang='lat' dir='ltr'><strong>Corinthios</strong></span> <span class='ocrx_word' id='word_1_450' title='bbox 1604 4337 1739 4392; x_wconf 89' lang='lat' dir='ltr'><strong>nihil</strong></span> <span class='ocrx_word' id='word_1_451' title='bbox 1763 4337 1923 4405; x_wconf 88' lang='lat' dir='ltr'><strong>scire,</strong></span> <span class='ocrx_word' id='word_1_452' title='bbox 1956 4338 2060 4395; x_wconf 87' lang='lat' dir='ltr'><strong>nisi</strong></span> <span class='ocrx_word' id='word_1_453' title='bbox 2085 4365 2144 4427; x_wconf 70' lang='grc' dir='ltr'><strong><em>υ</em></strong></span> 
     </span>
    </p>
   </div>
   <div class='ocr_carea' id='block_1_62' title="bbox 467 4421 2058 4505">
    <p class='ocr_par' dir='ltr' id='par_1_62' title="bbox 467 4421 2058 4505">
     <span class='ocr_line' id='line_1_62' title="bbox 467 4421 2058 4505; baseline 0.008 -30"><span class='ocrx_word' id='word_1_454' title='bbox 467 4421 744 4477; x_wconf 83' lang='lat' dir='ltr'><strong>Christum</strong></span> <span class='ocrx_word' id='word_1_455' title='bbox 793 4421 1000 4490; x_wconf 83' lang='lat' dir='ltr'><strong>Jesum,</strong></span> <span class='ocrx_word' id='word_1_456' title='bbox 1030 4433 1086 4481; x_wconf 85' lang='lat' dir='ltr'><strong>et</strong></span> <span class='ocrx_word' id='word_1_457' title='bbox 1141 4425 1289 4482; x_wconf 88' lang='lat' dir='ltr'><strong>hunc</strong></span> <span class='ocrx_word' id='word_1_458' title='bbox 1333 4428 1657 4485; x_wconf 76' lang='lat' dir='ltr'><strong>cruciﬁxum</strong></span> <span class='ocrx_word' id='word_1_459' title='bbox 1702 4428 1754 4502; x_wconf 92' lang='grc' dir='ltr'><strong>(ι</strong></span> <span class='ocrx_word' id='word_1_460' title='bbox 1784 4429 1909 4487; x_wconf 87' lang='lat' dir='ltr'><strong>Cor.</strong></span> <span class='ocrx_word' id='word_1_461' title='bbox 1952 4431 2058 4505; x_wconf 84' lang='lat' dir='ltr'><strong>tt),</strong></span> 
     </span>
    </p>
   </div>
   <div class='ocr_carea' id='block_1_63' title="bbox 467 4514 2059 4593">
    <p class='ocr_par' dir='ltr' id='par_1_63' title="bbox 467 4514 2059 4593">
     <span class='ocr_line' id='line_1_63' title="bbox 467 4514 2059 4593; baseline 0.007 -26"><span class='ocrx_word' id='word_1_462' title='bbox 467 4514 750 4585; x_wconf 82' lang='lat' dir='ltr'><strong>snperavit</strong></span> <span class='ocrx_word' id='word_1_463' title='bbox 796 4514 1115 4588; x_wconf 87' lang='lat' dir='ltr'><strong>Dionysium</strong></span> <span class='ocrx_word' id='word_1_464' title='bbox 1168 4518 1550 4593; x_wconf 86' lang='lat' dir='ltr'><strong>Arenpagitam</strong></span> <span class='ocrx_word' id='word_1_465' title='bbox 1607 4521 1748 4592; x_wconf 88' lang='lat' dir='ltr'><strong>apud</strong></span> <span class='ocrx_word' id='word_1_466' title='bbox 1794 4521 2059 4579; x_wconf 86' lang='lat' dir='ltr'><strong>Athenas.</strong></span> 
     </span>
    </p>
   </div>
   <div class='ocr_carea' id='block_1_64' title="bbox 473 4603 2063 4683">
    <p class='ocr_par' dir='ltr' id='par_1_64' title="bbox 473 4603 2063 4683">
     <span class='ocr_line' id='line_1_64' title="bbox 473 4603 2063 4683; baseline 0.006 -23"><span class='ocrx_word' id='word_1_467' title='bbox 473 4603 589 4660; x_wconf 86' lang='lat' dir='ltr'><strong>Hac</strong></span> <span class='ocrx_word' id='word_1_468' title='bbox 617 4605 965 4677; x_wconf 86' lang='lat' dir='ltr'><strong>simplicitate</strong></span> <span class='ocrx_word' id='word_1_469' title='bbox 1008 4610 1272 4666; x_wconf 88' lang='lat' dir='ltr'><strong>conclusit</strong></span> <span class='ocrx_word' id='word_1_470' title='bbox 1302 4611 1493 4667; x_wconf 85' lang='lat' dir='ltr'><strong>beatus</strong></span> <span class='ocrx_word' id='word_1_471' title='bbox 1521 4612 1857 4683; x_wconf 85' lang='lat' dir='ltr'><strong>Apollinaris</strong></span> <span class='ocrx_word' id='word_1_472' title='bbox 1902 4613 2063 4670; x_wconf 88' lang='lat' dir='ltr'><strong>Eleu-</strong></span> 
     </span>
    </p>
   </div>
   <div class='ocr_carea' id='block_1_65' title="bbox 469 4696 2062 4777">
    <p class='ocr_par' dir='ltr' id='par_1_65' title="bbox 469 4696 2062 4777">
     <span class='ocr_line' id='line_1_65' title="bbox 469 4696 2062 4777; baseline 0.009 -29"><span class='ocrx_word' id='word_1_473' title='bbox 469 4696 724 4751; x_wconf 87' lang='lat' dir='ltr'><strong>chadinm</strong></span> <span class='ocrx_word' id='word_1_474' title='bbox 754 4698 1129 4770; x_wconf 84' lang='lat' dir='ltr'><strong>philosophum</strong></span> <span class='ocrx_word' id='word_1_475' title='bbox 1159 4701 1212 4756; x_wconf 91' lang='lat' dir='ltr'><strong>in</strong></span> <span class='ocrx_word' id='word_1_476' title='bbox 1245 4703 1382 4758; x_wconf 89' lang='lat' dir='ltr'><strong>urbe</strong></span> <span class='ocrx_word' id='word_1_477' title='bbox 1412 4704 1699 4771; x_wconf 77' lang='lat' dir='ltr'><strong>Ravenna;</strong></span> <span class='ocrx_word' id='word_1_478' title='bbox 1727 4705 1819 4775; x_wconf 90' lang='lat' dir='ltr'><strong>qui</strong></span> <span class='ocrx_word' id='word_1_479' title='bbox 1851 4715 1908 4761; x_wconf 88' lang='lat' dir='ltr'><strong>et</strong></span> <span class='ocrx_word' id='word_1_480' title='bbox 1944 4706 2062 4777; x_wconf 89' lang='lat' dir='ltr'><strong>ipse</strong></span> 
     </span>
    </p>
   </div>
   <div class='ocr_carea' id='block_1_66' title="bbox 473 4786 2062 4866">
    <p class='ocr_par' dir='ltr' id='par_1_66' title="bbox 473 4786 2062 4866">
     <span class='ocr_line' id='line_1_66' title="bbox 473 4786 2062 4866; baseline 0.009 -27"><span class='ocrx_word' id='word_1_481' title='bbox 473 4786 753 4843; x_wconf 91' lang='lat' dir='ltr'><strong>consultus</strong></span> <span class='ocrx_word' id='word_1_482' title='bbox 782 4789 848 4843; x_wconf 91' lang='lat' dir='ltr'><strong>de</strong></span> <span class='ocrx_word' id='word_1_483' title='bbox 893 4792 1234 4847; x_wconf 90' lang='lat' dir='ltr'><strong>curationum</strong></span> <span class='ocrx_word' id='word_1_484' title='bbox 1267 4794 1485 4861; x_wconf 85' lang='lat' dir='ltr'><strong>peritia,</strong></span> <span class='ocrx_word' id='word_1_485' title='bbox 1516 4796 1796 4866; x_wconf 90' lang='lat' dir='ltr'><strong>respondit</strong></span> <span class='ocrx_word' id='word_1_486' title='bbox 1825 4798 1959 4852; x_wconf 89' lang='lat' dir='ltr'><strong>nihil</strong></span> <span class='ocrx_word' id='word_1_487' title='bbox 2003 4812 2062 4854; x_wconf 88' lang='lat' dir='ltr'><strong>se</strong></span> 
     </span>
    </p>
   </div>
   <div class='ocr_carea' id='block_1_67' title="bbox 480 4873 2062 4957">
    <p class='ocr_par' dir='ltr' id='par_1_67' title="bbox 480 4873 2062 4957">
     <span class='ocr_line' id='line_1_67' title="bbox 480 4873 2062 4957; baseline 0.011 -30"><span class='ocrx_word' id='word_1_488' title='bbox 480 4873 627 4928; x_wconf 89' lang='lat' dir='ltr'><strong>scire</strong></span> <span class='ocrx_word' id='word_1_489' title='bbox 675 4876 791 4932; x_wconf 85' lang='lat' dir='ltr'><strong>sine</strong></span> <span class='ocrx_word' id='word_1_490' title='bbox 821 4880 1039 4937; x_wconf 88' lang='lat' dir='ltr'><strong>nomine</strong></span> <span class='ocrx_word' id='word_1_491' title='bbox 1085 4879 1234 4938; x_wconf 71' lang='lat' dir='ltr'><strong>Iesu.</strong></span> <span class='ocrx_word' id='word_1_492' title='bbox 1261 4883 1649 4941; x_wconf 83' lang='lat' dir='ltr'><strong>Verumtamen</strong></span> <span class='ocrx_word' id='word_1_493' title='bbox 1674 4888 1892 4957; x_wconf 89' lang='lat' dir='ltr'><strong>utrique</strong></span> <span class='ocrx_word' id='word_1_494' title='bbox 1934 4888 2062 4945; x_wconf 85' lang='lat' dir='ltr'><strong>huic</strong></span> 
     </span>
    </p>
   </div>
   <div class='ocr_carea' id='block_1_68' title="bbox 473 4962 2064 5045">
    <p class='ocr_par' dir='ltr' id='par_1_68' title="bbox 473 4962 2064 5045">
     <span class='ocr_line' id='line_1_68' title="bbox 473 4962 2064 5045; baseline 0.011 -31"><span class='ocrx_word' id='word_1_495' title='bbox 473 4962 774 5032; x_wconf 87' lang='lat' dir='ltr'><strong>prudenter</strong></span> <span class='ocrx_word' id='word_1_496' title='bbox 803 4968 1031 5036; x_wconf 90' lang='lat' dir='ltr'><strong>simplici</strong></span> <span class='ocrx_word' id='word_1_497' title='bbox 1058 4969 1248 5029; x_wconf 87' lang='lat' dir='ltr'><strong>beatus</strong></span> <span class='ocrx_word' id='word_1_498' title='bbox 1287 4972 1483 5029; x_wconf 85' lang='lat' dir='ltr'><strong>Petrus</strong></span> <span class='ocrx_word' id='word_1_499' title='bbox 1515 4975 1794 5045; x_wconf 68' lang='lat' dir='ltr'><strong>sapientire</strong></span> <span class='ocrx_word' id='word_1_500' title='bbox 1822 4975 2064 5031; x_wconf 88' lang='lat' dir='ltr'><strong>testimo-</strong></span> 
     </span>
    </p>
   </div>
   <div class='ocr_carea' id='block_1_69' title="bbox 479 5052 2064 5122">
    <p class='ocr_par' dir='ltr' id='par_1_69' title="bbox 479 5052 2064 5122">
     <span class='ocr_line' id='line_1_69' title="bbox 479 5052 2064 5122; baseline 0.009 -14"><span class='ocrx_word' id='word_1_501' title='bbox 479 5052 634 5108; x_wconf 89' lang='lat' dir='ltr'><strong>nium</strong></span> <span class='ocrx_word' id='word_1_502' title='bbox 673 5056 923 5120; x_wconf 87' lang='lat' dir='ltr'><strong>perhibet</strong></span> <span class='ocrx_word' id='word_1_503' title='bbox 948 5076 961 5112; x_wconf 91' lang='lat'><strong>:</strong></span> <span class='ocrx_word' id='word_1_504' title='bbox 987 5075 1111 5116; x_wconf 87' lang='lat' dir='ltr'><strong>nam</strong></span> <span class='ocrx_word' id='word_1_505' title='bbox 1152 5064 1217 5119; x_wconf 91' lang='lat' dir='ltr'><strong>de</strong></span> <span class='ocrx_word' id='word_1_506' title='bbox 1256 5063 1427 5121; x_wconf 90' lang='lat' dir='ltr'><strong>Paulo</strong></span> <span class='ocrx_word' id='word_1_507' title='bbox 1474 5067 1590 5121; x_wconf 84' lang='lat' dir='ltr'><strong>ait:</strong></span> <span class='ocrx_word' id='word_1_508' title='bbox 1621 5066 1772 5121; x_wconf 78' lang='lat' dir='ltr'><strong>Sicut</strong></span> <span class='ocrx_word' id='word_1_509' title='bbox 1811 5067 2064 5122; x_wconf 74' lang='lat' dir='ltr'><strong>charissi-</strong></span> 
     </span>
    </p>
   </div>
   <div class='ocr_carea' id='block_1_70' title="bbox 476 5142 2063 5227">
    <p class='ocr_par' dir='ltr' id='par_1_70' title="bbox 476 5142 2063 5227">
     <span class='ocr_line' id='line_1_70' title="bbox 476 5142 2063 5227; baseline 0.011 -33"><span class='ocrx_word' id='word_1_510' title='bbox 476 5159 595 5197; x_wconf 85' lang='lat' dir='ltr'><strong>mus</strong></span> <span class='ocrx_word' id='word_1_511' title='bbox 620 5142 788 5212; x_wconf 79' lang='lat' dir='ltr'><strong>frater</strong></span> <span class='ocrx_word' id='word_1_512' title='bbox 829 5155 1002 5201; x_wconf 81' lang='lat' dir='ltr'><strong>noster</strong></span> <span class='ocrx_word' id='word_1_513' title='bbox 1047 5149 1248 5208; x_wconf 80' lang='lat' dir='ltr'><strong>Paulus</strong></span> <span class='ocrx_word' id='word_1_514' title='bbox 1294 5156 1579 5210; x_wconf 77' lang='lat' dir='ltr'><strong>secundum</strong></span> <span class='ocrx_word' id='word_1_515' title='bbox 1600 5155 1713 5227; x_wconf 74' lang='lat'><strong>30</strong></span> <span class='ocrx_word' id='word_1_516' title='bbox 1748 5158 1933 5211; x_wconf 77' lang='lat' dir='ltr'><strong>datam</strong></span> <span class='ocrx_word' id='word_1_517' title='bbox 1964 5157 2063 5211; x_wconf 66' lang='lat' dir='ltr'><strong>sibi</strong></span> 
     </span>
    </p>
   </div>
   <div class='ocr_carea' id='block_1_71' title="bbox 478 5233 2069 5317">
    <p class='ocr_par' dir='ltr' id='par_1_71' title="bbox 478 5233 2069 5317">
     <span class='ocr_line' id='line_1_71' title="bbox 478 5233 2069 5317; baseline 0.009 -30"><span class='ocrx_word' id='word_1_518' title='bbox 478 5233 792 5303; x_wconf 80' lang='lat' dir='ltr'><strong>sapientiam</strong></span> <span class='ocrx_word' id='word_1_519' title='bbox 815 5235 1017 5303; x_wconf 79' lang='lat' dir='ltr'><strong>scripsit</strong></span> <span class='ocrx_word' id='word_1_520' title='bbox 1040 5240 1178 5294; x_wconf 77' lang='lat' dir='ltr'><strong>vobis</strong></span> <span class='ocrx_word' id='word_1_521' title='bbox 1202 5242 1287 5313; x_wconf 83' lang='grc'><strong>(11</strong></span> <span class='ocrx_word' id='word_1_522' title='bbox 1311 5242 1456 5300; x_wconf 71' lang='lat' dir='ltr'><strong>Patr.</strong></span> <span class='ocrx_word' id='word_1_523' title='bbox 1484 5246 1591 5317; x_wconf 77' lang='lat' dir='ltr'><strong>ut).</strong></span> <span class='ocrx_word' id='word_1_524' title='bbox 1614 5246 1909 5316; x_wconf 82' lang='lat' dir='ltr'><strong>Apollinari</strong></span> <span class='ocrx_word' id='word_1_525' title='bbox 1934 5261 2069 5302; x_wconf 80' lang='lat' dir='ltr'><strong>vero</strong></span> 
     </span>
    </p>
   </div>
   <div class='ocr_carea' id='block_1_72' title="bbox 770 5324 811 5344">
    <p class='ocr_par' dir='ltr' id='par_1_72' title="bbox 770 5324 811 5344">
     <span class='ocr_line' id='line_1_72' title="bbox 770 5324 811 5344; baseline 0 0"><span class='ocrx_word' id='word_1_526' title='bbox 770 5324 811 5344; x_wconf 63' lang='grc' dir='ltr'><strong>Β</strong></span> 
     </span>
    </p>
   </div>
   <div class='ocr_carea' id='block_1_73' title="bbox 2173 1853 3763 1925">
    <p class='ocr_par' dir='ltr' id='par_1_73' title="bbox 2173 1853 3763 1925">
     <span class='ocr_line' id='line_1_73' title="bbox 2173 1853 3763 1925; baseline 0.002 -18"><span class='ocrx_word' id='word_1_527' title='bbox 2173 1854 2299 1908; x_wconf 80' lang='lat' dir='ltr'><strong>tur?</strong></span> <span class='ocrx_word' id='word_1_528' title='bbox 2342 1854 2553 1908; x_wconf 86' lang='lat' dir='ltr'><strong>Aureus</strong></span> <span class='ocrx_word' id='word_1_529' title='bbox 2591 1862 2771 1909; x_wconf 90' lang='lat' dir='ltr'><strong>autem</strong></span> <span class='ocrx_word' id='word_1_530' title='bbox 2811 1854 3011 1911; x_wconf 88' lang='lat' dir='ltr'><strong>vitulus</strong></span> <span class='ocrx_word' id='word_1_531' title='bbox 3039 1853 3210 1911; x_wconf 85' lang='lat' dir='ltr'><strong>fuisse</strong></span> <span class='ocrx_word' id='word_1_532' title='bbox 3238 1855 3594 1921; x_wconf 89' lang='lat' dir='ltr'><strong>describitur,</strong></span> <span class='ocrx_word' id='word_1_533' title='bbox 3634 1855 3763 1925; x_wconf 79' lang='lat' dir='ltr'><strong>quia</strong></span> 
     </span>
    </p>
   </div>
   <div class='ocr_carea' id='block_1_74' title="bbox 2169 1944 3773 2018">
    <p class='ocr_par' dir='ltr' id='par_1_74' title="bbox 2169 1944 3773 2018">
     <span class='ocr_line' id='line_1_74' title="bbox 2169 1944 3773 2018; baseline 0.001 -18"><span class='ocrx_word' id='word_1_534' title='bbox 2169 1946 2389 2002; x_wconf 82' lang='lat' dir='ltr'><strong>videtur</strong></span> <span class='ocrx_word' id='word_1_535' title='bbox 2415 1944 2738 2002; x_wconf 65' lang='lat' dir='ltr'><strong>idololatriae</strong></span> <span class='ocrx_word' id='word_1_536' title='bbox 2769 1947 2906 2003; x_wconf 88' lang='lat' dir='ltr'><strong>ritus</strong></span> <span class='ocrx_word' id='word_1_537' title='bbox 2947 1947 3096 2003; x_wconf 86' lang='lat' dir='ltr'><strong>velut</strong></span> <span class='ocrx_word' id='word_1_538' title='bbox 3120 1963 3150 2002; x_wconf 83' lang='lat' dir='ltr'><strong>a</strong></span> <span class='ocrx_word' id='word_1_539' title='bbox 3176 1947 3518 2018; x_wconf 80' lang='lat' dir='ltr'><strong>sapientibus</strong></span> <span class='ocrx_word' id='word_1_540' title='bbox 3549 1948 3773 2003; x_wconf 74' lang='lat' dir='ltr'><strong>institu-</strong></span> 
     </span>
    </p>
   </div>
   <div class='ocr_carea' id='block_1_75' title="bbox 2173 2037 3763 2110">
    <p class='ocr_par' dir='ltr' id='par_1_75' title="bbox 2173 2037 3763 2110">
     <span class='ocr_line' id='line_1_75' title="bbox 2173 2037 3763 2110; baseline 0 -18"><span class='ocrx_word' id='word_1_541' title='bbox 2173 2046 2274 2093; x_wconf 90' lang='lat' dir='ltr'><strong>tus.</strong></span> <span class='ocrx_word' id='word_1_542' title='bbox 2327 2038 2476 2093; x_wconf 84' lang='lat' dir='ltr'><strong>Auro</strong></span> <span class='ocrx_word' id='word_1_543' title='bbox 2528 2037 2729 2110; x_wconf 90' lang='lat' dir='ltr'><strong>quippe</strong></span> <span class='ocrx_word' id='word_1_544' title='bbox 2783 2038 3051 2110; x_wconf 88' lang='lat' dir='ltr'><strong>sapientia</strong></span> <span class='ocrx_word' id='word_1_545' title='bbox 3094 2039 3433 2110; x_wconf 82' lang='lat' dir='ltr'><strong>designatur,</strong></span> <span class='ocrx_word' id='word_1_546' title='bbox 3477 2040 3624 2093; x_wconf 83' lang='lat' dir='ltr'><strong>sicut</strong></span> <span class='ocrx_word' id='word_1_547' title='bbox 3665 2051 3763 2108; x_wconf 86' lang='lat' dir='ltr'><strong>per</strong></span> 
     </span>
    </p>
   </div>
   <div class='ocr_carea' id='block_1_76' title="bbox 2169 2126 3771 2185">
    <p class='ocr_par' dir='ltr' id='par_1_76' title="bbox 2169 2126 3771 2185">
     <span class='ocr_line' id='line_1_76' title="bbox 2169 2126 3771 2185; baseline -0.001 -2"><span class='ocrx_word' id='word_1_548' title='bbox 2169 2126 2517 2184; x_wconf 87' lang='lat' dir='ltr'><strong>Salomonem</strong></span> <span class='ocrx_word' id='word_1_549' title='bbox 2550 2129 2778 2184; x_wconf 90' lang='lat' dir='ltr'><strong>dicitur:</strong></span> <span class='ocrx_word' id='word_1_550' title='bbox 2806 2147 2825 2181; x_wconf 74' lang='grc' dir='ltr'>σ</span> <span class='ocrx_word' id='word_1_551' title='bbox 2848 2127 3161 2185; x_wconf 87' lang='lat' dir='ltr'><strong>Thesaurus</strong></span> <span class='ocrx_word' id='word_1_552' title='bbox 3178 2128 3560 2184; x_wconf 86' lang='lat' dir='ltr'><strong>desiderabilis</strong></span> <span class='ocrx_word' id='word_1_553' title='bbox 3589 2128 3644 2182; x_wconf 91' lang='lat' dir='ltr'><strong>in</strong></span> <span class='ocrx_word' id='word_1_554' title='bbox 3665 2140 3771 2182; x_wconf 82' lang='lat' dir='ltr'><strong>ore</strong></span> 
     </span>
    </p>
   </div>
   <div class='ocr_carea' id='block_1_77' title="bbox 2168 2215 3759 2291">
    <p class='ocr_par' dir='ltr' id='par_1_77' title="bbox 2168 2215 3759 2291">
     <span class='ocr_line' id='line_1_77' title="bbox 2168 2215 3759 2291; baseline 0.001 -19"><span class='ocrx_word' id='word_1_555' title='bbox 2168 2218 2427 2290; x_wconf 89' lang='lat' dir='ltr'><strong>sapientis</strong></span> <span class='ocrx_word' id='word_1_556' title='bbox 2468 2215 2648 2291; x_wconf 71' lang='lat' dir='ltr'><strong>(Prov.</strong></span> <span class='ocrx_word' id='word_1_557' title='bbox 2676 2226 2759 2291; x_wconf 85' lang='lat' dir='ltr'><strong>tt).</strong></span> <span class='ocrx_word' id='word_1_558' title='bbox 2798 2237 2818 2270; x_wconf 74' lang='grc' dir='ltr'><strong><em>ι</em></strong></span> <span class='ocrx_word' id='word_1_559' title='bbox 2862 2218 3078 2274; x_wconf 85' lang='lat' dir='ltr'><strong>Aureus</strong></span> <span class='ocrx_word' id='word_1_560' title='bbox 3139 2218 3325 2290; x_wconf 88' lang='lat' dir='ltr'><strong>itaque</strong></span> <span class='ocrx_word' id='word_1_561' title='bbox 3371 2217 3476 2272; x_wconf 85' lang='lat' dir='ltr'><strong>fuit</strong></span> <span class='ocrx_word' id='word_1_562' title='bbox 3530 2218 3759 2286; x_wconf 88' lang='lat' dir='ltr'><strong>vitulus,</strong></span> 
     </span>
    </p>
   </div>
   <div class='ocr_carea' id='block_1_78' title="bbox 2168 2307 3768 2380">
    <p class='ocr_par' dir='ltr' id='par_1_78' title="bbox 2168 2307 3768 2380">
     <span class='ocr_line' id='line_1_78' title="bbox 2168 2307 3768 2380; baseline 0.002 -19"><span class='ocrx_word' id='word_1_563' title='bbox 2168 2308 2294 2378; x_wconf 88' lang='lat' dir='ltr'><strong>quia</strong></span> <span class='ocrx_word' id='word_1_564' title='bbox 2326 2308 2508 2363; x_wconf 88' lang='lat' dir='ltr'><strong>mundi</strong></span> <span class='ocrx_word' id='word_1_565' title='bbox 2537 2307 2811 2379; x_wconf 88' lang='lat' dir='ltr'><strong>sapientes</strong></span> <span class='ocrx_word' id='word_1_566' title='bbox 2852 2317 2982 2364; x_wconf 88' lang='lat' dir='ltr'><strong>ante</strong></span> <span class='ocrx_word' id='word_1_567' title='bbox 3028 2322 3179 2364; x_wconf 80' lang='lat' dir='ltr'><strong>novae</strong></span> <span class='ocrx_word' id='word_1_568' title='bbox 3211 2311 3440 2380; x_wconf 86' lang='lat' dir='ltr'><strong>gratiam</strong></span> <span class='ocrx_word' id='word_1_569' title='bbox 3479 2307 3607 2363; x_wconf 87' lang='lat' dir='ltr'><strong>ﬁdei</strong></span> <span class='ocrx_word' id='word_1_570' title='bbox 3645 2310 3768 2364; x_wconf 63' lang='lat' dir='ltr'><strong>dc-</strong></span> 
     </span>
    </p>
   </div>
   <div class='ocr_carea' id='block_1_79' title="bbox 2168 2397 3761 2470">
    <p class='ocr_par' dir='ltr' id='par_1_79' title="bbox 2168 2397 3761 2470">
     <span class='ocr_line' id='line_1_79' title="bbox 2168 2397 3761 2470; baseline 0.001 -16"><span class='ocrx_word' id='word_1_571' title='bbox 2168 2398 2433 2455; x_wconf 70' lang='lat' dir='ltr'><strong>moniaeae</strong></span> <span class='ocrx_word' id='word_1_572' title='bbox 2461 2397 2688 2455; x_wconf 79' lang='lat' dir='ltr'><strong>cultura:</strong></span> <span class='ocrx_word' id='word_1_573' title='bbox 2717 2398 2887 2455; x_wconf 84' lang='lat' dir='ltr'><strong>fuisse</strong></span> <span class='ocrx_word' id='word_1_574' title='bbox 2909 2401 3214 2470; x_wconf 83' lang='lat' dir='ltr'><strong>probantur</strong></span> <span class='ocrx_word' id='word_1_575' title='bbox 3239 2410 3513 2455; x_wconf 85' lang='lat' dir='ltr'><strong>auctores.</strong></span> <span class='ocrx_word' id='word_1_576' title='bbox 3541 2399 3623 2455; x_wconf 85' lang='lat' dir='ltr'><strong>De</strong></span> <span class='ocrx_word' id='word_1_577' title='bbox 3640 2400 3761 2470; x_wconf 85' lang='lat' dir='ltr'><strong>qui-</strong></span> 
     </span>
    </p>
   </div>
   <div class='ocr_carea' id='block_1_80' title="bbox 2165 2493 3761 2565">
    <p class='ocr_par' dir='ltr' id='par_1_80' title="bbox 2165 2493 3761 2565">
     <span class='ocr_line' id='line_1_80' title="bbox 2165 2493 3761 2565; baseline -0.003 -14"><span class='ocrx_word' id='word_1_578' title='bbox 2165 2494 2558 2551; x_wconf 85' lang='lat' dir='ltr'><strong>busnimirum-</strong></span> <span class='ocrx_word' id='word_1_579' title='bbox 2592 2493 2727 2550; x_wconf 89' lang='lat' dir='ltr'><strong>dicit</strong></span> <span class='ocrx_word' id='word_1_580' title='bbox 2769 2493 3061 2565; x_wconf 87' lang='lat' dir='ltr'><strong>Apostolus</strong></span> <span class='ocrx_word' id='word_1_581' title='bbox 3090 2510 3106 2549; x_wconf 89' lang='lat'><strong>:</strong></span> <span class='ocrx_word' id='word_1_582' title='bbox 3138 2512 3157 2546; x_wconf 78' lang='grc' dir='ltr'>σ</span> <span class='ocrx_word' id='word_1_583' title='bbox 3193 2493 3330 2562; x_wconf 81' lang='lat' dir='ltr'><strong>Quia</strong></span> <span class='ocrx_word' id='word_1_584' title='bbox 3377 2508 3503 2548; x_wconf 92' lang='lat' dir='ltr'><strong>cum</strong></span> <span class='ocrx_word' id='word_1_585' title='bbox 3557 2507 3761 2564; x_wconf 88' lang='lat' dir='ltr'><strong>cogno-</strong></span> 
     </span>
    </p>
   </div>
   <div class='ocr_carea' id='block_1_81' title="bbox 2164 2587 3761 2658">
    <p class='ocr_par' dir='ltr' id='par_1_81' title="bbox 2164 2587 3761 2658">
     <span class='ocr_line' id='line_1_81' title="bbox 2164 2587 3761 2658; baseline -0.002 -14"><span class='ocrx_word' id='word_1_586' title='bbox 2164 2589 2374 2644; x_wconf 89' lang='lat' dir='ltr'><strong>vissent</strong></span> <span class='ocrx_word' id='word_1_587' title='bbox 2401 2589 2608 2655; x_wconf 87' lang='lat' dir='ltr'><strong>Deum,‘</strong></span> <span class='ocrx_word' id='word_1_588' title='bbox 2626 2602 2734 2645; x_wconf 92' lang='lat' dir='ltr'><strong>non</strong></span> <span class='ocrx_word' id='word_1_589' title='bbox 2773 2588 2919 2643; x_wconf 89' lang='lat' dir='ltr'><strong>sicut</strong></span> <span class='ocrx_word' id='word_1_590' title='bbox 2950 2588 3121 2643; x_wconf 91' lang='lat' dir='ltr'><strong>Deum</strong></span> <span class='ocrx_word' id='word_1_591' title='bbox 3150 2587 3618 2658; x_wconf 86' lang='lat' dir='ltr'><strong>gloriﬁcaverunt,</strong></span> <span class='ocrx_word' id='word_1_592' title='bbox 3664 2593 3761 2641; x_wconf 84' lang='lat' dir='ltr'><strong>ant</strong></span> 
     </span>
    </p>
   </div>
   <div class='ocr_carea' id='block_1_82' title="bbox 2164 2677 3771 2753">
    <p class='ocr_par' dir='ltr' id='par_1_82' title="bbox 2164 2677 3771 2753">
     <span class='ocr_line' id='line_1_82' title="bbox 2164 2677 3771 2753; baseline -0.001 -19"><span class='ocrx_word' id='word_1_593' title='bbox 2164 2680 2371 2753; x_wconf 88' lang='lat' dir='ltr'><strong>gratias</strong></span> <span class='ocrx_word' id='word_1_594' title='bbox 2412 2687 2677 2749; x_wconf 86' lang='lat' dir='ltr'><strong>egerunt,</strong></span> <span class='ocrx_word' id='word_1_595' title='bbox 2709 2679 2803 2735; x_wconf 89' lang='lat' dir='ltr'><strong>sed</strong></span> <span class='ocrx_word' id='word_1_596' title='bbox 2841 2686 3183 2735; x_wconf 86' lang='lat' dir='ltr'><strong>evanuerunt</strong></span> <span class='ocrx_word' id='word_1_597' title='bbox 3222 2677 3277 2732; x_wconf 92' lang='lat' dir='ltr'><strong>in</strong></span> <span class='ocrx_word' id='word_1_598' title='bbox 3330 2677 3771 2748; x_wconf 74' lang='lat' dir='ltr'><strong>cogitationibus</strong></span> 
     </span>
    </p>
   </div>
   <div class='ocr_carea' id='block_1_83' title="bbox 2166 2767 3763 2841">
    <p class='ocr_par' dir='ltr' id='par_1_83' title="bbox 2166 2767 3763 2841">
     <span class='ocr_line' id='line_1_83' title="bbox 2166 2767 3763 2841; baseline -0.004 -12"><span class='ocrx_word' id='word_1_599' title='bbox 2166 2773 2302 2839; x_wconf 86' lang='lat' dir='ltr'><strong>suis,</strong></span> <span class='ocrx_word' id='word_1_600' title='bbox 2334 2782 2391 2828; x_wconf 91' lang='lat' dir='ltr'><strong>et</strong></span> <span class='ocrx_word' id='word_1_601' title='bbox 2415 2773 2767 2828; x_wconf 85' lang='lat' dir='ltr'><strong>obscuratum</strong></span> <span class='ocrx_word' id='word_1_602' title='bbox 2801 2779 2888 2827; x_wconf 89' lang='lat' dir='ltr'><strong>est</strong></span> <span class='ocrx_word' id='word_1_603' title='bbox 2912 2770 3176 2841; x_wconf 88' lang='lat' dir='ltr'><strong>insipiens</strong></span> <span class='ocrx_word' id='word_1_604' title='bbox 3205 2783 3304 2825; x_wconf 92' lang='lat' dir='ltr'><strong>cor</strong></span> <span class='ocrx_word' id='word_1_605' title='bbox 3329 2782 3539 2834; x_wconf 88' lang='lat' dir='ltr'><strong>eorum,</strong></span> <span class='ocrx_word' id='word_1_606' title='bbox 3569 2767 3763 2823; x_wconf 82' lang='lat' dir='ltr'><strong>diecu-</strong></span> 
     </span>
    </p>
   </div>
   <div class='ocr_carea' id='block_1_84' title="bbox 2167 2859 3758 2933">
    <p class='ocr_par' dir='ltr' id='par_1_84' title="bbox 2167 2859 3758 2933">
     <span class='ocr_line' id='line_1_84' title="bbox 2167 2859 3758 2933; baseline -0.006 -13"><span class='ocrx_word' id='word_1_607' title='bbox 2167 2872 2251 2921; x_wconf 90' lang='lat' dir='ltr'><strong>tes</strong></span> <span class='ocrx_word' id='word_1_608' title='bbox 2283 2865 2428 2921; x_wconf 90' lang='lat' dir='ltr'><strong>enim</strong></span> <span class='ocrx_word' id='word_1_609' title='bbox 2452 2878 2513 2920; x_wconf 89' lang='lat' dir='ltr'><strong>se</strong></span> <span class='ocrx_word' id='word_1_610' title='bbox 2539 2878 2663 2920; x_wconf 89' lang='lat' dir='ltr'><strong>esse</strong></span> <span class='ocrx_word' id='word_1_611' title='bbox 2702 2863 3007 2933; x_wconf 79' lang='lat' dir='ltr'><strong>sapientes,</strong></span> <span class='ocrx_word' id='word_1_612' title='bbox 3023 2861 3179 2918; x_wconf 86' lang='lat' dir='ltr'><strong>stulti.</strong></span> <span class='ocrx_word' id='word_1_613' title='bbox 3201 2859 3331 2917; x_wconf 79' lang='lat' dir='ltr'><strong>facti</strong></span> <span class='ocrx_word' id='word_1_614' title='bbox 3359 2869 3487 2916; x_wconf 90' lang='lat' dir='ltr'><strong>sunt</strong></span> <span class='ocrx_word' id='word_1_615' title='bbox 3504 2889 3529 2925; x_wconf 67' lang='grc' dir='ltr'><strong>,ι</strong></span> <span class='ocrx_word' id='word_1_616' title='bbox 3546 2869 3606 2914; x_wconf 91' lang='lat' dir='ltr'><strong>et</strong></span> <span class='ocrx_word' id='word_1_617' title='bbox 3634 2876 3758 2914; x_wconf 82' lang='lat' dir='ltr'><strong>mu.-</strong></span> 
     </span>
    </p>
   </div>
   <div class='ocr_carea' id='block_1_85' title="bbox 2167 2952 3765 3027">
    <p class='ocr_par' dir='ltr' id='par_1_85' title="bbox 2167 2952 3765 3027">
     <span class='ocr_line' id='line_1_85' title="bbox 2167 2952 3765 3027; baseline -0.004 -14"><span class='ocrx_word' id='word_1_618' title='bbox 2167 2964 2419 3013; x_wconf 88' lang='lat' dir='ltr'><strong>tavernnt</strong></span> <span class='ocrx_word' id='word_1_619' title='bbox 2441 2956 2669 3027; x_wconf 86' lang='lat' dir='ltr'><strong>gloriam</strong></span> <span class='ocrx_word' id='word_1_620' title='bbox 2701 2953 3126 3024; x_wconf 83' lang='lat' dir='ltr'><strong>incorruptibilis</strong></span> <span class='ocrx_word' id='word_1_621' title='bbox 3146 2953 3239 3009; x_wconf 85' lang='lat' dir='ltr'><strong>Dei</strong></span> <span class='ocrx_word' id='word_1_622' title='bbox 3264 2953 3317 3008; x_wconf 89' lang='lat' dir='ltr'><strong>in</strong></span> <span class='ocrx_word' id='word_1_623' title='bbox 3342 2952 3765 3007; x_wconf 82' lang='lat' dir='ltr'><strong>similitudinem</strong></span> 
     </span>
    </p>
   </div>
   <div class='ocr_carea' id='block_1_86' title="bbox 2165 3043 3765 3119">
    <p class='ocr_par' dir='ltr' id='par_1_86' title="bbox 2165 3043 3765 3119">
     <span class='ocr_line' id='line_1_86' title="bbox 2165 3043 3765 3119; baseline -0.003 -15"><span class='ocrx_word' id='word_1_624' title='bbox 2165 3048 2417 3119; x_wconf 87' lang='lat' dir='ltr'><strong>imaginis</strong></span> <span class='ocrx_word' id='word_1_625' title='bbox 2480 3046 2847 3117; x_wconf 89' lang='lat' dir='ltr'><strong>corruptibilis</strong></span> <span class='ocrx_word' id='word_1_626' title='bbox 2901 3045 3178 3111; x_wconf 89' lang='lat' dir='ltr'><strong>hominis,</strong></span> <span class='ocrx_word' id='word_1_627' title='bbox 3233 3053 3291 3099; x_wconf 87' lang='lat' dir='ltr'><strong>et</strong></span> <span class='ocrx_word' id='word_1_628' title='bbox 3329 3043 3651 3110; x_wconf 85' lang='lat' dir='ltr'><strong>volucrum,</strong></span> <span class='ocrx_word' id='word_1_629' title='bbox 3703 3052 3765 3099; x_wconf 82' lang='lat' dir='ltr'><strong>ct</strong></span> 
     </span>
    </p>
   </div>
   <div class='ocr_carea' id='block_1_87' title="bbox 2164 3134 3760 3209">
    <p class='ocr_par' dir='ltr' id='par_1_87' title="bbox 2164 3134 3760 3209">
     <span class='ocr_line' id='line_1_87' title="bbox 2164 3134 3760 3209; baseline -0.001 -17"><span class='ocrx_word' id='word_1_630' title='bbox 2164 3136 2577 3209; x_wconf 80' lang='lat' dir='ltr'><strong>quadrupedum</strong></span> <span class='ocrx_word' id='word_1_631' title='bbox 2623 3144 2679 3191; x_wconf 92' lang='lat' dir='ltr'><strong>et</strong></span> <span class='ocrx_word' id='word_1_632' title='bbox 2716 3135 3049 3207; x_wconf 90' lang='lat' dir='ltr'><strong>serpentium</strong></span> <span class='ocrx_word' id='word_1_633' title='bbox 3081 3134 3262 3207; x_wconf 81' lang='lat' dir='ltr'><strong>(Rom.</strong></span> <span class='ocrx_word' id='word_1_634' title='bbox 3294 3134 3359 3206; x_wconf 84' lang='grc' dir='ltr'><strong>ι).</strong></span> <span class='ocrx_word' id='word_1_635' title='bbox 3401 3153 3422 3188; x_wconf 69' lang='grc' dir='ltr'><strong><em>ο</em></strong></span> <span class='ocrx_word' id='word_1_636' title='bbox 3459 3134 3565 3190; x_wconf 86' lang='lat' dir='ltr'><strong>Per</strong></span> <span class='ocrx_word' id='word_1_637' title='bbox 3615 3135 3760 3191; x_wconf 87' lang='lat' dir='ltr'><strong>hanc</strong></span> 
     </span>
    </p>
   </div>
   <div class='ocr_carea' id='block_1_88' title="bbox 2156 3227 3760 3300">
    <p class='ocr_par' dir='ltr' id='par_1_88' title="bbox 2156 3227 3760 3300">
     <span class='ocr_line' id='line_1_88' title="bbox 2156 3227 3760 3300; baseline -0.002 -15"><span class='ocrx_word' id='word_1_638' title='bbox 2156 3230 2355 3300; x_wconf 85' lang='lat' dir='ltr'><strong>itaque</strong></span> <span class='ocrx_word' id='word_1_639' title='bbox 2384 3243 2597 3284; x_wconf 66' lang='lat' dir='ltr'><strong>vesana;</strong></span> <span class='ocrx_word' id='word_1_640' title='bbox 2647 3228 2927 3299; x_wconf 67' lang='lat' dir='ltr'><strong>sapientiae</strong></span> <span class='ocrx_word' id='word_1_641' title='bbox 2956 3227 3250 3283; x_wconf 83' lang='lat' dir='ltr'><strong>vanitatem</strong></span> <span class='ocrx_word' id='word_1_642' title='bbox 3289 3237 3486 3298; x_wconf 63' lang='lat' dir='ltr'><strong>poeta,</strong></span> <span class='ocrx_word' id='word_1_643' title='bbox 3518 3227 3760 3297; x_wconf 86' lang='lat' dir='ltr'><strong>philoso-</strong></span> 
     </span>
    </p>
   </div>
   <div class='ocr_carea' id='block_1_89' title="bbox 2161 3318 3767 3394">
    <p class='ocr_par' dir='ltr' id='par_1_89' title="bbox 2161 3318 3767 3394">
     <span class='ocr_line' id='line_1_89' title="bbox 2161 3318 3767 3394; baseline -0.002 -16"><span class='ocrx_word' id='word_1_644' title='bbox 2161 3322 2277 3394; x_wconf 89' lang='lat' dir='ltr'><strong>phi,</strong></span> <span class='ocrx_word' id='word_1_645' title='bbox 2310 3321 2475 3392; x_wconf 81' lang='lat' dir='ltr'><strong>magi,</strong></span> <span class='ocrx_word' id='word_1_646' title='bbox 2509 3320 2751 3376; x_wconf 80' lang='lat' dir='ltr'><strong>siderum</strong></span> <span class='ocrx_word' id='word_1_647' title='bbox 2795 3320 3089 3375; x_wconf 85' lang='lat' dir='ltr'><strong>ri&#39;matores</strong></span> <span class='ocrx_word' id='word_1_648' title='bbox 3130 3320 3485 3390; x_wconf 89' lang='lat' dir='ltr'><strong>omniumque</strong></span> <span class='ocrx_word' id='word_1_649' title='bbox 3512 3318 3767 3390; x_wconf 54' lang='lat' dir='ltr'><strong>discipl&#39;h</strong></span> 
     </span>
    </p>
   </div>
   <div class='ocr_carea' id='block_1_90' title="bbox 2164 3410 3749 3482">
    <p class='ocr_par' dir='ltr' id='par_1_90' title="bbox 2164 3410 3749 3482">
     <span class='ocr_line' id='line_1_90' title="bbox 2164 3410 3749 3482; baseline 0 -14"><span class='ocrx_word' id='word_1_650' title='bbox 2164 3427 2357 3469; x_wconf 86' lang='lat' dir='ltr'><strong>narum</strong></span> <span class='ocrx_word' id='word_1_651' title='bbox 2384 3412 2689 3469; x_wconf 86' lang='lat' dir='ltr'><strong>liberalium</strong></span> <span class='ocrx_word' id='word_1_652' title='bbox 2714 3412 2962 3467; x_wconf 88' lang='lat' dir='ltr'><strong>instructi</strong></span> <span class='ocrx_word' id='word_1_653' title='bbox 2986 3410 3529 3482; x_wconf 88' lang='lat' dir='ltr'><strong>peritia,prodigiosa</strong></span> <span class='ocrx_word' id='word_1_654' title='bbox 3543 3412 3749 3468; x_wconf 69' lang='lat' dir='ltr'><strong>daemo-</strong></span> 
     </span>
    </p>
   </div>
   <div class='ocr_carea' id='block_1_91' title="bbox 2162 3502 3214 3574">
    <p class='ocr_par' dir='ltr' id='par_1_91' title="bbox 2162 3502 3214 3574">
     <span class='ocr_line' id='line_1_91' title="bbox 2162 3502 3214 3574; baseline -0.004 -14"><span class='ocrx_word' id='word_1_655' title='bbox 2162 3504 2377 3560; x_wconf 75' lang='lat' dir='ltr'><strong>niorum</strong></span> <span class='ocrx_word' id='word_1_656' title='bbox 2406 3502 2651 3560; x_wconf 87' lang='lat' dir='ltr'><strong>solebant</strong></span> <span class='ocrx_word' id='word_1_657' title='bbox 2682 3502 2913 3558; x_wconf 80' lang='lat' dir='ltr'><strong>adorare</strong></span> <span class='ocrx_word' id='word_1_658' title='bbox 2940 3502 3214 3574; x_wconf 88' lang='lat' dir='ltr'><strong>ﬁgmenta.</strong></span> 
     </span>
    </p>
   </div>
   <div class='ocr_carea' id='block_1_92' title="bbox 2234 3592 3762 3665">
    <p class='ocr_par' dir='ltr' id='par_1_92' title="bbox 2234 3592 3762 3665">
     <span class='ocr_line' id='line_1_92' title="bbox 2234 3592 3762 3665; baseline -0.003 -13"><span class='ocrx_word' id='word_1_659' title='bbox 2234 3595 2293 3652; x_wconf 91' lang='lat' dir='ltr'><strong>ln</strong></span> <span class='ocrx_word' id='word_1_660' title='bbox 2320 3595 2490 3651; x_wconf 89' lang='lat' dir='ltr'><strong>vitulo</strong></span> <span class='ocrx_word' id='word_1_661' title='bbox 2520 3595 2689 3665; x_wconf 84' lang='lat' dir='ltr'><strong>igitur</strong></span> <span class='ocrx_word' id='word_1_662' title='bbox 2713 3593 3079 3664; x_wconf 86' lang='lat' dir='ltr'><strong>signiﬁcatum</strong></span> <span class='ocrx_word' id='word_1_663' title='bbox 3106 3601 3190 3649; x_wconf 91' lang='lat' dir='ltr'><strong>est</strong></span> <span class='ocrx_word' id='word_1_664' title='bbox 3213 3601 3388 3649; x_wconf 90' lang='lat' dir='ltr'><strong>totum</strong></span> <span class='ocrx_word' id='word_1_665' title='bbox 3430 3608 3635 3665; x_wconf 89' lang='lat' dir='ltr'><strong>corpus</strong></span> <span class='ocrx_word' id='word_1_666' title='bbox 3655 3634 3671 3661; x_wconf 89' lang='lat'><strong>,</strong></span> <span class='ocrx_word' id='word_1_667' title='bbox 3702 3592 3762 3648; x_wconf 73' lang='lat' dir='ltr'><strong>id</strong></span> 
     </span>
    </p>
   </div>
   <div class='ocr_carea' id='block_1_93' title="bbox 2163 3686 3752 3760">
    <p class='ocr_par' dir='ltr' id='par_1_93' title="bbox 2163 3686 3752 3760">
     <span class='ocr_line' id='line_1_93' title="bbox 2163 3686 3752 3760; baseline -0.004 -13"><span class='ocrx_word' id='word_1_668' title='bbox 2163 3697 2270 3756; x_wconf 89' lang='lat' dir='ltr'><strong>est,</strong></span> <span class='ocrx_word' id='word_1_669' title='bbox 2298 3688 2477 3745; x_wconf 87' lang='lat' dir='ltr'><strong>omnis</strong></span> <span class='ocrx_word' id='word_1_670' title='bbox 2502 3689 2735 3745; x_wconf 79' lang='lat' dir='ltr'><strong>societas</strong></span> <span class='ocrx_word' id='word_1_671' title='bbox 2760 3687 3043 3760; x_wconf 87' lang='lat' dir='ltr'><strong>gentilium</strong></span> <span class='ocrx_word' id='word_1_672' title='bbox 3074 3686 3392 3742; x_wconf 65' lang='lat' dir='ltr'><strong>idololatriae</strong></span> <span class='ocrx_word' id='word_1_673' title='bbox 3422 3686 3752 3742; x_wconf 87' lang='lat' dir='ltr'><strong>deditorum.</strong></span> 
     </span>
    </p>
   </div>
   <div class='ocr_carea' id='block_1_94' title="bbox 2170 3779 3760 3854">
    <p class='ocr_par' dir='ltr' id='par_1_94' title="bbox 2170 3779 3760 3854">
     <span class='ocr_line' id='line_1_94' title="bbox 2170 3779 3760 3854; baseline -0.002 -16"><span class='ocrx_word' id='word_1_674' title='bbox 2170 3780 2384 3854; x_wconf 73' lang='lat' dir='ltr'><strong>Moyses</strong></span> <span class='ocrx_word' id='word_1_675' title='bbox 2420 3782 2604 3854; x_wconf 81' lang='lat' dir='ltr'><strong>itaque</strong></span> <span class='ocrx_word' id='word_1_676' title='bbox 2627 3781 2854 3837; x_wconf 88' lang='lat' dir='ltr'><strong>vitulum</strong></span> <span class='ocrx_word' id='word_1_677' title='bbox 2884 3781 3008 3853; x_wconf 82' lang='lat' dir='ltr'><strong>igne</strong></span> <span class='ocrx_word' id='word_1_678' title='bbox 3034 3779 3332 3836; x_wconf 88' lang='lat' dir='ltr'><strong>combussit</strong></span> <span class='ocrx_word' id='word_1_679' title='bbox 3366 3781 3496 3849; x_wconf 88' lang='lat' dir='ltr'><strong>quia</strong></span> <span class='ocrx_word' id='word_1_680' title='bbox 3523 3780 3760 3836; x_wconf 81' lang='lat' dir='ltr'><strong>Redem-</strong></span> 
     </span>
    </p>
   </div>
   <div class='ocr_carea' id='block_1_95' title="bbox 2163 3871 3753 3949">
    <p class='ocr_par' dir='ltr' id='par_1_95' title="bbox 2163 3871 3753 3949">
     <span class='ocr_line' id='line_1_95' title="bbox 2163 3871 3753 3949; baseline -0.003 -18"><span class='ocrx_word' id='word_1_681' title='bbox 2163 3886 2289 3949; x_wconf 90' lang='lat' dir='ltr'><strong>ptor</strong></span> <span class='ocrx_word' id='word_1_682' title='bbox 2330 3884 2541 3942; x_wconf 91' lang='lat' dir='ltr'><strong>noster,</strong></span> <span class='ocrx_word' id='word_1_683' title='bbox 2573 3889 2733 3945; x_wconf 88' lang='lat' dir='ltr'><strong>quem</strong></span> <span class='ocrx_word' id='word_1_684' title='bbox 2772 3873 2862 3930; x_wconf 90' lang='lat' dir='ltr'><strong>ille</strong></span> <span class='ocrx_word' id='word_1_685' title='bbox 2905 3874 3240 3944; x_wconf 83' lang='lat' dir='ltr'><strong>signaverat,</strong></span> <span class='ocrx_word' id='word_1_686' title='bbox 3269 3871 3410 3927; x_wconf 87' lang='lat' dir='ltr'><strong>male</strong></span> <span class='ocrx_word' id='word_1_687' title='bbox 3438 3872 3753 3943; x_wconf 80' lang='lat' dir='ltr'><strong>conspirata</strong></span> 
     </span>
    </p>
   </div>
   <div class='ocr_carea' id='block_1_96' title="bbox 2166 3961 3759 4040">
    <p class='ocr_par' dir='ltr' id='par_1_96' title="bbox 2166 3961 3759 4040">
     <span class='ocr_line' id='line_1_96' title="bbox 2166 3961 3759 4040; baseline -0.004 -17"><span class='ocrx_word' id='word_1_688' title='bbox 2166 3966 2241 4040; x_wconf 74' lang='grc' dir='ltr'><strong>[Ῑ.</strong></span> <span class='ocrx_word' id='word_1_689' title='bbox 2266 3964 2660 4039; x_wconf 87' lang='lat' dir='ltr'><strong>conspirantia]</strong></span> <span class='ocrx_word' id='word_1_690' title='bbox 2689 3964 2854 4021; x_wconf 87' lang='lat' dir='ltr'><strong>corda</strong></span> <span class='ocrx_word' id='word_1_691' title='bbox 2891 3961 3172 4035; x_wconf 82' lang='lat' dir='ltr'><strong>gentilium</strong></span> <span class='ocrx_word' id='word_1_692' title='bbox 3198 3961 3415 4017; x_wconf 83' lang='lat' dir='ltr'><strong>ﬂamma</strong></span> <span class='ocrx_word' id='word_1_693' title='bbox 3462 3977 3580 4017; x_wconf 66' lang='lat' dir='ltr'><strong>sua</strong></span> <span class='ocrx_word' id='word_1_694' title='bbox 3624 3962 3759 4016; x_wconf 80' lang='lat' dir='ltr'><strong>cha-</strong></span> 
     </span>
    </p>
   </div>
   <div class='ocr_carea' id='block_1_97' title="bbox 2163 4053 3750 4127">
    <p class='ocr_par' dir='ltr' id='par_1_97' title="bbox 2163 4053 3750 4127">
     <span class='ocr_line' id='line_1_97' title="bbox 2163 4053 3750 4127; baseline -0.004 -12"><span class='ocrx_word' id='word_1_695' title='bbox 2163 4059 2346 4116; x_wconf 86' lang='lat' dir='ltr'><strong>ritatis</strong></span> <span class='ocrx_word' id='word_1_696' title='bbox 2389 4059 2656 4115; x_wconf 89' lang='lat' dir='ltr'><strong>accendit.</strong></span> <span class='ocrx_word' id='word_1_697' title='bbox 2703 4056 2862 4114; x_wconf 86' lang='lat' dir='ltr'><strong>Unde</strong></span> <span class='ocrx_word' id='word_1_698' title='bbox 2904 4062 2961 4112; x_wconf 88' lang='lat' dir='ltr'><strong>et</strong></span> <span class='ocrx_word' id='word_1_699' title='bbox 2989 4056 3105 4127; x_wconf 89' lang='lat' dir='ltr'><strong>ipse</strong></span> <span class='ocrx_word' id='word_1_700' title='bbox 3135 4055 3303 4111; x_wconf 86' lang='lat' dir='ltr'><strong>dicit:</strong></span> <span class='ocrx_word' id='word_1_701' title='bbox 3341 4071 3361 4106; x_wconf 75' lang='grc' dir='ltr'>σ</span> <span class='ocrx_word' id='word_1_702' title='bbox 3412 4053 3600 4126; x_wconf 79' lang='lat' dir='ltr'><strong>Ignem</strong></span> <span class='ocrx_word' id='word_1_703' title='bbox 3628 4054 3750 4110; x_wconf 86' lang='lat' dir='ltr'><strong>veni</strong></span> 
     </span>
    </p>
   </div>
   <div class='ocr_carea' id='block_1_98' title="bbox 2164 4144 3754 4218">
    <p class='ocr_par' dir='ltr' id='par_1_98' title="bbox 2164 4144 3754 4218">
     <span class='ocr_line' id='line_1_98' title="bbox 2164 4144 3754 4218; baseline -0.006 -10"><span class='ocrx_word' id='word_1_704' title='bbox 2164 4151 2385 4208; x_wconf 88' lang='lat' dir='ltr'><strong>mittere</strong></span> <span class='ocrx_word' id='word_1_705' title='bbox 2416 4150 2469 4204; x_wconf 93' lang='lat' dir='ltr'><strong>in</strong></span> <span class='ocrx_word' id='word_1_706' title='bbox 2498 4157 2722 4215; x_wconf 87' lang='lat' dir='ltr'><strong>terram,</strong></span> <span class='ocrx_word' id='word_1_707' title='bbox 2755 4147 2963 4218; x_wconf 87' lang='lat' dir='ltr'><strong>etquid</strong></span> <span class='ocrx_word' id='word_1_708' title='bbox 3003 4145 3126 4201; x_wconf 86' lang='lat' dir='ltr'><strong>volo</strong></span> <span class='ocrx_word' id='word_1_709' title='bbox 3152 4146 3257 4201; x_wconf 88' lang='lat' dir='ltr'><strong>nisi</strong></span> <span class='ocrx_word' id='word_1_710' title='bbox 3287 4154 3346 4200; x_wconf 89' lang='lat' dir='ltr'><strong>ut</strong></span> <span class='ocrx_word' id='word_1_711' title='bbox 3375 4144 3754 4201; x_wconf 77' lang='lat' dir='ltr'><strong>accendatur?</strong></span> 
     </span>
    </p>
   </div>
   <div class='ocr_carea' id='block_1_99' title="bbox 2166 4237 3755 4327">
    <p class='ocr_par' dir='ltr' id='par_1_99' title="bbox 2166 4237 3755 4327">
     <span class='ocr_line' id='line_1_99' title="bbox 2166 4237 3755 4327; baseline -0.003 -30"><span class='ocrx_word' id='word_1_712' title='bbox 2166 4242 2323 4315; x_wconf 81' lang='lat' dir='ltr'><strong>(Luc.</strong></span> <span class='ocrx_word' id='word_1_713' title='bbox 2346 4238 2451 4314; x_wconf 70' lang='lat' dir='ltr'><strong>In)</strong></span> <span class='ocrx_word' id='word_1_714' title='bbox 2480 4260 2499 4293; x_wconf 74' lang='grc' dir='ltr'><strong><em>ι</em></strong></span> <span class='ocrx_word' id='word_1_715' title='bbox 2540 4241 2607 4296; x_wconf 84' lang='lat' dir='ltr'><strong>Et</strong></span> <span class='ocrx_word' id='word_1_716' title='bbox 2633 4239 2905 4311; x_wconf 84' lang='lat' dir='ltr'><strong>Propheta</strong></span> <span class='ocrx_word' id='word_1_717' title='bbox 2934 4258 2948 4294; x_wconf 89' lang='lat'><strong>:</strong></span> <span class='ocrx_word' id='word_1_718' title='bbox 2974 4255 2998 4290; x_wconf 69' lang='grc' dir='ltr'><strong>ε</strong></span> <span class='ocrx_word' id='word_1_719' title='bbox 3033 4238 3151 4294; x_wconf 79' lang='lat' dir='ltr'><strong>Non</strong></span> <span class='ocrx_word' id='word_1_720' title='bbox 3176 4250 3293 4305; x_wconf 85' lang='lat' dir='ltr'><strong>est,</strong></span> <span class='ocrx_word' id='word_1_721' title='bbox 3321 4237 3531 4327; x_wconf 86' lang='lat' dir='ltr'><strong>inquit,</strong></span> <span class='ocrx_word' id='word_1_722' title='bbox 3580 4239 3672 4308; x_wconf 83' lang='lat' dir='ltr'><strong>qui</strong></span> <span class='ocrx_word' id='word_1_723' title='bbox 3696 4251 3755 4292; x_wconf 81' lang='lat' dir='ltr'><strong>se</strong></span> 
     </span>
    </p>
   </div>
   <div class='ocr_carea' id='block_1_100' title="bbox 2164 4328 3753 4401">
    <p class='ocr_par' dir='ltr' id='par_1_100' title="bbox 2164 4328 3753 4401">
     <span class='ocr_line' id='line_1_100' title="bbox 2164 4328 3753 4401; baseline -0.004 -11"><span class='ocrx_word' id='word_1_724' title='bbox 2164 4334 2467 4390; x_wconf 85' lang='lat' dir='ltr'><strong>abscondat</strong></span> <span class='ocrx_word' id='word_1_725' title='bbox 2487 4347 2515 4387; x_wconf 90' lang='lat' dir='ltr'><strong>a</strong></span> <span class='ocrx_word' id='word_1_726' title='bbox 2539 4332 2722 4388; x_wconf 88' lang='lat' dir='ltr'><strong>calore</strong></span> <span class='ocrx_word' id='word_1_727' title='bbox 2742 4330 2860 4400; x_wconf 84' lang='lat' dir='ltr'><strong>ejus</strong></span> <span class='ocrx_word' id='word_1_728' title='bbox 2875 4329 3050 4401; x_wconf 75' lang='grc' dir='ltr'><strong>(Ρσαι.</strong></span> <span class='ocrx_word' id='word_1_729' title='bbox 3071 4328 3251 4400; x_wconf 77' lang='lat' dir='ltr'><strong>xvnt).</strong></span> <span class='ocrx_word' id='word_1_730' title='bbox 3284 4348 3304 4382; x_wconf 74' lang='grc' dir='ltr'><strong>ι</strong></span> <span class='ocrx_word' id='word_1_731' title='bbox 3332 4328 3388 4384; x_wconf 82' lang='grc' dir='ltr'><strong>1η</strong></span> <span class='ocrx_word' id='word_1_732' title='bbox 3415 4338 3602 4384; x_wconf 87' lang='lat' dir='ltr'><strong>mente</strong></span> <span class='ocrx_word' id='word_1_733' title='bbox 3624 4341 3753 4398; x_wconf 83' lang='lat' dir='ltr'><strong>ergo</strong></span> 
     </span>
    </p>
   </div>
   <div class='ocr_carea' id='block_1_101' title="bbox 2164 4421 3752 4499">
    <p class='ocr_par' dir='ltr' id='par_1_101' title="bbox 2164 4421 3752 4499">
     <span class='ocr_line' id='line_1_101' title="bbox 2164 4421 3752 4499; baseline -0.004 -17"><span class='ocrx_word' id='word_1_734' title='bbox 2164 4426 2445 4499; x_wconf 90' lang='lat' dir='ltr'><strong>gentilium</strong></span> <span class='ocrx_word' id='word_1_735' title='bbox 2474 4434 2694 4496; x_wconf 86' lang='lat' dir='ltr'><strong>repente</strong></span> <span class='ocrx_word' id='word_1_736' title='bbox 2727 4424 2941 4480; x_wconf 88' lang='lat' dir='ltr'><strong>divinus</strong></span> <span class='ocrx_word' id='word_1_737' title='bbox 2962 4423 3103 4495; x_wconf 83' lang='lat' dir='ltr'><strong>ignis</strong></span> <span class='ocrx_word' id='word_1_738' title='bbox 3137 4422 3475 4487; x_wconf 89' lang='lat' dir='ltr'><strong>accenditur,</strong></span> <span class='ocrx_word' id='word_1_739' title='bbox 3507 4421 3648 4476; x_wconf 89' lang='lat' dir='ltr'><strong>utin</strong></span> <span class='ocrx_word' id='word_1_740' title='bbox 3676 4421 3752 4475; x_wconf 89' lang='lat' dir='ltr'><strong>cis</strong></span> 
     </span>
    </p>
   </div>
   <div class='ocr_carea' id='block_1_102' title="bbox 2163 4511 3761 4575">
    <p class='ocr_par' dir='ltr' id='par_1_102' title="bbox 2163 4511 3761 4575">
     <span class='ocr_line' id='line_1_102' title="bbox 2163 4511 3761 4575; baseline -0.007 0"><span class='ocrx_word' id='word_1_741' title='bbox 2163 4516 2557 4575; x_wconf 86' lang='lat' dir='ltr'><strong>irrationabilis</strong></span> <span class='ocrx_word' id='word_1_742' title='bbox 2610 4514 2930 4572; x_wconf 72' lang='lat' dir='ltr'><strong>idololatria:</strong></span> <span class='ocrx_word' id='word_1_743' title='bbox 2971 4512 3214 4570; x_wconf 87' lang='lat' dir='ltr'><strong>bestialis</strong></span> <span class='ocrx_word' id='word_1_744' title='bbox 3263 4511 3439 4566; x_wconf 82' lang='lat' dir='ltr'><strong>forma</strong></span> <span class='ocrx_word' id='word_1_745' title='bbox 3488 4511 3761 4567; x_wconf 75' lang='lat' dir='ltr'><strong>solvatur.</strong></span> 
     </span>
    </p>
   </div>
   <div class='ocr_carea' id='block_1_103' title="bbox 2164 4602 3756 4678">
    <p class='ocr_par' dir='ltr' id='par_1_103' title="bbox 2164 4602 3756 4678">
     <span class='ocr_line' id='line_1_103' title="bbox 2164 4602 3756 4678; baseline -0.005 -13"><span class='ocrx_word' id='word_1_746' title='bbox 2164 4607 2359 4665; x_wconf 81' lang='lat' dir='ltr'><strong>Totum</strong></span> <span class='ocrx_word' id='word_1_747' title='bbox 2386 4607 2584 4664; x_wconf 90' lang='lat' dir='ltr'><strong>deinde</strong></span> <span class='ocrx_word' id='word_1_748' title='bbox 2611 4621 2811 4678; x_wconf 90' lang='lat' dir='ltr'><strong>corpus</strong></span> <span class='ocrx_word' id='word_1_749' title='bbox 2836 4606 2987 4662; x_wconf 90' lang='lat' dir='ltr'><strong>vituli</strong></span> <span class='ocrx_word' id='word_1_750' title='bbox 3017 4605 3178 4677; x_wconf 84' lang='lat' dir='ltr'><strong>hujus</strong></span> <span class='ocrx_word' id='word_1_751' title='bbox 3210 4604 3264 4658; x_wconf 90' lang='lat' dir='ltr'><strong>in</strong></span> <span class='ocrx_word' id='word_1_752' title='bbox 3288 4602 3575 4674; x_wconf 86' lang='lat' dir='ltr'><strong>pulverem</strong></span> <span class='ocrx_word' id='word_1_753' title='bbox 3610 4617 3756 4658; x_wconf 76' lang='lat' dir='ltr'><strong>com-</strong></span> 
     </span>
    </p>
   </div>
   <div class='ocr_carea' id='block_1_104' title="bbox 2162 4693 3751 4768">
    <p class='ocr_par' dir='ltr' id='par_1_104' title="bbox 2162 4693 3751 4768">
     <span class='ocr_line' id='line_1_104' title="bbox 2162 4693 3751 4768; baseline -0.004 -14"><span class='ocrx_word' id='word_1_754' title='bbox 2162 4698 2445 4764; x_wconf 89' lang='lat' dir='ltr'><strong>minuitur,</strong></span> <span class='ocrx_word' id='word_1_755' title='bbox 2478 4697 2606 4768; x_wconf 87' lang='lat' dir='ltr'><strong>quia</strong></span> <span class='ocrx_word' id='word_1_756' title='bbox 2635 4696 2855 4766; x_wconf 82' lang='lat' dir='ltr'><strong>gentilis</strong></span> <span class='ocrx_word' id='word_1_757' title='bbox 2885 4696 2977 4752; x_wconf 87' lang='lat' dir='ltr'><strong>illa</strong></span> <span class='ocrx_word' id='word_1_758' title='bbox 3023 4696 3259 4752; x_wconf 85' lang='lat' dir='ltr'><strong>societas</strong></span> <span class='ocrx_word' id='word_1_759' title='bbox 3306 4693 3597 4749; x_wconf 68' lang='lat' dir='ltr'><strong>diabolica</strong></span> <span class='ocrx_word' id='word_1_760' title='bbox 3622 4708 3751 4750; x_wconf 85' lang='lat' dir='ltr'><strong>oon-</strong></span> 
     </span>
    </p>
   </div>
   <div class='ocr_carea' id='block_1_105' title="bbox 2163 4782 3751 4859">
    <p class='ocr_par' dir='ltr' id='par_1_105' title="bbox 2163 4782 3751 4859">
     <span class='ocr_line' id='line_1_105' title="bbox 2163 4782 3751 4859; baseline -0.004 -16"><span class='ocrx_word' id='word_1_761' title='bbox 2163 4787 2478 4859; x_wconf 88' lang='lat' dir='ltr'><strong>spirationis</strong></span> <span class='ocrx_word' id='word_1_762' title='bbox 2526 4787 2583 4842; x_wconf 88' lang='lat' dir='ltr'><strong>in</strong></span> <span class='ocrx_word' id='word_1_763' title='bbox 2631 4801 2797 4841; x_wconf 87' lang='lat' dir='ltr'><strong>unum</strong></span> <span class='ocrx_word' id='word_1_764' title='bbox 2857 4794 2979 4840; x_wconf 79' lang='lat' dir='ltr'><strong>arte</strong></span> <span class='ocrx_word' id='word_1_765' title='bbox 3027 4782 3258 4840; x_wconf 71' lang='lat' dir='ltr'><strong>conflata</strong></span> <span class='ocrx_word' id='word_1_766' title='bbox 3286 4821 3302 4848; x_wconf 89' lang='lat'><strong>,</strong></span> <span class='ocrx_word' id='word_1_767' title='bbox 3351 4782 3422 4837; x_wconf 78' lang='lat' dir='ltr'><strong>ad</strong></span> <span class='ocrx_word' id='word_1_768' title='bbox 3457 4783 3751 4838; x_wconf 81' lang='lat' dir='ltr'><strong>adventum</strong></span> 
     </span>
    </p>
   </div>
   <div class='ocr_carea' id='block_1_106' title="bbox 2167 4873 3751 4950">
    <p class='ocr_par' dir='ltr' id='par_1_106' title="bbox 2167 4873 3751 4950">
     <span class='ocr_line' id='line_1_106' title="bbox 2167 4873 3751 4950; baseline -0.005 -15"><span class='ocrx_word' id='word_1_769' title='bbox 2167 4879 2367 4936; x_wconf 85' lang='lat' dir='ltr'><strong>Christi</strong></span> <span class='ocrx_word' id='word_1_770' title='bbox 2408 4880 2644 4950; x_wconf 82' lang='lat' dir='ltr'><strong>quodam</strong></span> <span class='ocrx_word' id='word_1_771' title='bbox 2669 4878 2820 4933; x_wconf 86' lang='lat' dir='ltr'><strong>velut</strong></span> <span class='ocrx_word' id='word_1_772' title='bbox 2842 4877 3037 4933; x_wconf 89' lang='lat' dir='ltr'><strong>malleo</strong></span> <span class='ocrx_word' id='word_1_773' title='bbox 3072 4873 3365 4932; x_wconf 61' lang='lat' dir='ltr'><strong>salutifera</strong></span> <span class='ocrx_word' id='word_1_774' title='bbox 3387 4873 3751 4945; x_wconf 88' lang='lat' dir='ltr'><strong>correptionis</strong></span> 
     </span>
    </p>
   </div>
   <div class='ocr_carea' id='block_1_107' title="bbox 2164 4965 3753 5041">
    <p class='ocr_par' dir='ltr' id='par_1_107' title="bbox 2164 4965 3753 5041">
     <span class='ocr_line' id='line_1_107' title="bbox 2164 4965 3753 5041; baseline -0.004 -15"><span class='ocrx_word' id='word_1_775' title='bbox 2164 4980 2357 5026; x_wconf 77' lang='lat' dir='ltr'><strong>extusa</strong></span> <span class='ocrx_word' id='word_1_776' title='bbox 2394 4979 2565 5040; x_wconf 85' lang='lat' dir='ltr'><strong>atque</strong></span> <span class='ocrx_word' id='word_1_777' title='bbox 2605 4985 2639 5025; x_wconf 89' lang='lat' dir='ltr'><strong>a</strong></span> <span class='ocrx_word' id='word_1_778' title='bbox 2669 4968 2864 5041; x_wconf 78' lang='lat' dir='ltr'><strong>rigoris</strong></span> <span class='ocrx_word' id='word_1_779' title='bbox 2898 4968 2982 5025; x_wconf 89' lang='lat' dir='ltr'><strong>sui</strong></span> <span class='ocrx_word' id='word_1_780' title='bbox 3025 4966 3226 5024; x_wconf 81' lang='lat' dir='ltr'><strong>duritia</strong></span> <span class='ocrx_word' id='word_1_781' title='bbox 3272 4965 3446 5020; x_wconf 84' lang='lat' dir='ltr'><strong>divini</strong></span> <span class='ocrx_word' id='word_1_782' title='bbox 3489 4967 3648 5021; x_wconf 87' lang='lat' dir='ltr'><strong>verbi</strong></span> <span class='ocrx_word' id='word_1_783' title='bbox 3674 4973 3753 5020; x_wconf 79' lang='lat' dir='ltr'><strong>est</strong></span> 
     </span>
    </p>
   </div>
   <div class='ocr_carea' id='block_1_108' title="bbox 2165 5058 3751 5129">
    <p class='ocr_par' dir='ltr' id='par_1_108' title="bbox 2165 5058 3751 5129">
     <span class='ocr_line' id='line_1_108' title="bbox 2165 5058 3751 5129; baseline -0.006 -10"><span class='ocrx_word' id='word_1_784' title='bbox 2165 5065 2369 5119; x_wconf 77' lang='lat' dir='ltr'><strong>virtute</strong></span> <span class='ocrx_word' id='word_1_785' title='bbox 2395 5063 2652 5120; x_wconf 78' lang='lat' dir='ltr'><strong>contrita.</strong></span> <span class='ocrx_word' id='word_1_786' title='bbox 2697 5061 2779 5115; x_wconf 86' lang='lat' dir='ltr'><strong>Ad</strong></span> <span class='ocrx_word' id='word_1_787' title='bbox 2808 5060 3031 5116; x_wconf 83' lang='lat' dir='ltr'><strong>verbum</strong></span> <span class='ocrx_word' id='word_1_788' title='bbox 3075 5058 3339 5129; x_wconf 82' lang='lat' dir='ltr'><strong>siquidem</strong></span> <span class='ocrx_word' id='word_1_789' title='bbox 3364 5059 3624 5113; x_wconf 73' lang='lat' dir='ltr'><strong>veritatis</strong></span> <span class='ocrx_word' id='word_1_790' title='bbox 3665 5073 3751 5113; x_wconf 80' lang='lat' dir='ltr'><strong>sa-</strong></span> 
     </span>
    </p>
   </div>
   <div class='ocr_carea' id='block_1_109' title="bbox 2164 5150 3751 5224">
    <p class='ocr_par' dir='ltr' id='par_1_109' title="bbox 2164 5150 3751 5224">
     <span class='ocr_line' id='line_1_109' title="bbox 2164 5150 3751 5224; baseline -0.006 -13"><span class='ocrx_word' id='word_1_791' title='bbox 2164 5156 2397 5213; x_wconf 84' lang='lat' dir='ltr'><strong>lubriter</strong></span> <span class='ocrx_word' id='word_1_792' title='bbox 2438 5155 2870 5221; x_wconf 81' lang='lat' dir='ltr'><strong>comminuitur,</strong></span> <span class='ocrx_word' id='word_1_793' title='bbox 2907 5169 3029 5224; x_wconf 67' lang='lat' dir='ltr'><strong>qua:</strong></span> <span class='ocrx_word' id='word_1_794' title='bbox 3080 5151 3223 5207; x_wconf 84' lang='lat' dir='ltr'><strong>male</strong></span> <span class='ocrx_word' id='word_1_795' title='bbox 3270 5150 3493 5221; x_wconf 78' lang='lat' dir='ltr'><strong>integra</strong></span> <span class='ocrx_word' id='word_1_796' title='bbox 3546 5150 3603 5204; x_wconf 90' lang='lat' dir='ltr'><strong>in</strong></span> <span class='ocrx_word' id='word_1_797' title='bbox 3640 5164 3751 5203; x_wconf 64' lang='grc' dir='ltr'><strong>ἰιι-</strong></span> 
     </span>
    </p>
   </div>
   <div class='ocr_carea' id='block_1_110' title="bbox 2165 5242 3748 5319">
    <p class='ocr_par' dir='ltr' id='par_1_110' title="bbox 2165 5242 3748 5319">
     <span class='ocr_line' id='line_1_110' title="bbox 2165 5242 3748 5319; baseline -0.008 -14"><span class='ocrx_word' id='word_1_798' title='bbox 2165 5249 2369 5319; x_wconf 70' lang='lat' dir='ltr'><strong>perhite</strong></span> <span class='ocrx_word' id='word_1_799' title='bbox 2421 5263 2534 5305; x_wconf 77' lang='lat' dir='ltr'><strong>sua:</strong></span> <span class='ocrx_word' id='word_1_800' title='bbox 2575 5246 2748 5303; x_wconf 87' lang='lat' dir='ltr'><strong>forma</strong></span> <span class='ocrx_word' id='word_1_801' title='bbox 2797 5243 3192 5300; x_wconf 85' lang='lat' dir='ltr'><strong>insensibiliter</strong></span> <span class='ocrx_word' id='word_1_802' title='bbox 3240 5252 3392 5297; x_wconf 83' lang='lat' dir='ltr'><strong>stare</strong></span> <span class='ocrx_word' id='word_1_803' title='bbox 3440 5242 3748 5297; x_wconf 83' lang='lat' dir='ltr'><strong>videbatur.</strong></span> 
     </span>
    </p>
   </div>
  </div>
