3950 5344
163 278 269 339 537

1598 288 1829 347 δεηΜο
1877 289 1965 346 VI.

3322 286 3433 359 ἅτε

162 400 262 455 teri
317 400 489 457 fontis
539 415 760 457 necesse
813 408 898 456 est
950 400 1218 458 abluatur.
1269 401 1439 469 Quem
1495 403 1740 473 protinus
1770 407 1818 465 Α
1846 415 2139 459 auctorem.
2171 402 2237 459 Et
2281 404 2374 474 qui
2412 413 2536 461 tunc
2580 405 2758 462 sidera
2795 409 2947 465 radio
2988 410 3221 467 fortasse
3257 421 3426 467 nota-

160 492 426 546 lsraelita:
477 492 698 557 bibunt,
745 492 872 561 quia
911 493 1085 547 sancti
1138 494 1517 563 praedicatores
1567 494 1743 548 Evan-

160 584 308 652 gelii,
345 584 439 653 qui
468 599 593 639 vere
636 584 892 639 Israelita:
938 593 1083 648 sunt,
1114 601 1247 655 quos
1293 585 1359 638 ad
1408 585 1742 641 Dominicum

158 689 406 741 corpus,
464 675 604 744 quod
652 684 737 729 est
791 675 1074 740 Ecclesia,
1135 674 1504 739 transferunt,
1542 675 1595 729 in
1645 690 1743 729 sua

158 767 410 821 membra
434 767 773 836 suscipiendo
797 768 952 837 quasi
983 768 1215 822 bibendo
1237 776 1580 822 convertunt.
1596 766 1743 833 Quo-

157 872 282 911 rum
316 856 573 911 videlicet
600 856 965 911 lsraelitarum
998 858 1171 927 primo
1201 857 1401 911 dictum
1432 865 1514 912 est
1540 874 1552 910 :
1591 876 1610 909 ι
1637 856 1747 911 Ma-

158 957 248 1003 cta
294 956 354 1003 et
407 950 673 1003 manduca
725 948 860 1018 (Act.
896 954 982 1017 x);
1032 967 1048 999 ι
1090 950 1229 1017 quod
1282 950 1613 1004 tantumdem
1663 959 1748 1004 est

159 1054 224 1095 ac
262 1040 307 1094 si
352 1040 629 1095 diceretur
671 1057 683 1094 :
735 1058 751 1091 ι
794 1039 962 1104 Tere,
1016 1049 1071 1095 et
1122 1040 1263 1095 bibe.
1304 1060 1323 1093 ι
1372 1040 1484 1106 Sic,
1529 1041 1611 1096 sic
1657 1040 1745 1097 ille

160 1130 365 1184 vitulus
395 1146 492 1200 per
528 1132 702 1201 ignem
734 1130 855 1195 zeli,
910 1138 967 1185 et
997 1132 1169 1185 aciem
1198 1130 1347 1185 verbi
1371 1170 1387 1195 ,
1440 1145 1744 1200 aquamque

161 1220 511 1289 baptismatis
535 1221 603 1275 ab
631 1222 711 1278 eis
756 1221 936 1290 potius
966 1220 1255 1290 absorptus
1282 1228 1363 1275 est
1402 1235 1539 1289 quos
1574 1235 1743 1275 cona-

164 1323 249 1369 tus
273 1324 360 1368 est
386 1316 678 1369 absorbere
706 1333 719 1369 :
756 1315 806 1368 in
851 1327 946 1369 eos
976 1314 1089 1383 ipse
1131 1312 1451 1376 trauslusus,
1473 1321 1576 1377 est,
1608 1327 1749 1382 quos

165 1403 219 1458 in
253 1418 381 1470 sua,
408 1404 511 1460 hoc
538 1414 622 1460 est
648 1404 943 1471 diabolica,
968 1414 1267 1459 tentaverat
1298 1403 1535 1458 membra
1570 1411 1747 1459 trans-

162 1494 331 1550 ferre.

232 1587 622 1643 Verumtamen
665 1588 790 1658 quia
823 1586 1034 1659 Moyses
1079 1603 1184 1641 non
1219 1588 1272 1642 in
1301 1587 1402 1643 hoc
1434 1596 1631 1643 metam
1659 1588 1745 1643 ul-

167 1677 326 1732 tionis
358 1678 498 1742 tixit,
531 1688 589 1731 ut
621 1679 820 1733 idolum
854 1679 1116 1733 duntaxat
1154 1678 1489 1747 infringeret,
1519 1681 1613 1735 sed
1659 1680 1744 1734 in-

1847 505 2017 560 verat,
2069 512 2211 551 nunc
2262 498 2384 553 caeli
2437 499 2740 554 machinam
2792 516 2915 556 cum
2967 503 3237 559 sideribus
3285 504 3427 559 volvi

1845 586 2271 655 gratulabundus
2298 598 2559 657 aspectat.
2610 589 2874 646 Nimirum
2926 594 3015 662 qui
3050 594 3200 662 prius
3248 595 3428 649 fuerat

1843 678 2192 747 philosophus
2228 681 2499 745 veritatis,
2540 696 2839 739 conversus
2865 685 2932 738 ad
2963 686 3246 739 Dominum
3290 702 3432 756 prm-

1846 768 2058 822 dicator
2096 769 2202 839 32
2250 769 2429 824 factus
2467 781 2553 825 est
2596 773 2873 838 veritatis;
2930 776 3119 830 tertius
3158 776 3362 829 scilicet
3398 791 3428 831 a

1847 855 2002 911 beato
2030 857 2188 912 Petro
2224 859 2467 928 apostolo
2499 860 2550 913 in
2594 862 2786 917 ordine
2819 862 3193 932 discipulatus,
3236 867 3429 920 tertius

1842 948 2006 1002 etiam
2031 948 2380 1004 nihilominus
2407 967 2438 1004 a
2462 951 2621 1006 beato
2645 954 2940 1023 Apollinari
2966 957 3016 1009 in
3052 972 3179 1011 arce
3214 956 3431 1027 pontifi-

1843 1049 2021 1095 catus.
2050 1041 2115 1095 Et
2143 1057 2500 1111 personarum
2548 1046 2767 1113 quidem
2805 1047 2940 1101 ordo
2984 1048 3301 1116 productus,
3335 1048 3429 1101 sed

1844 1131 2033 1185 eadem
2066 1131 2186 1209 fidei
2218 1134 2444 1202 puritas,
2470 1148 2589 1202 qua:
2611 1148 2677 1187 ex
2716 1136 2829 1205 ipso
2852 1152 3062 1190 summo
3090 1146 3146 1191 et
3178 1137 3427 1206 originali

1842 1220 1991 1277 fonte
2019 1233 2380 1292 processerat,
2411 1238 2507 1293 per
2534 1225 2795 1280 devexam
2827 1226 2964 1280 alvei
3006 1230 3202 1281 seriem
3236 1230 3432 1281 decur-

1840 1314 2016 1369 rebat.
2041 1311 2174 1367 Nam
2211 1329 2241 1367 a
2272 1314 2491 1369 Christo
2538 1314 2593 1368 in
2634 1315 2880 1379 Petrum,
2908 1332 2937 1369 a
2977 1315 3141 1371 Petro
3174 1318 3227 1371 in
3267 1317 3433 1386 Apol-

1842 1402 2097 1469 linarem,
2120 1405 2189 1459 ab
2219 1406 2518 1475 Apollinari
2550 1408 2601 1461 in
2634 1407 3018 1461 Eleuchadium
3051 1408 3288 1463 emlestis
3316 1410 3431 1463 elo-

1844 1492 1955 1560 quii
2010 1493 2209 1547 ﬂuvius
2249 1497 2554 1560 emanavit;
2594 1506 2653 1551 ut
2688 1497 2818 1551 illud
2868 1497 3169 1552 Psalntistze
3224 1513 3429 1567 praeco-

1846 1584 1994 1638 nium
2044 1584 2409 1653 impleretur:
2464 1606 2483 1638 ι
2537 1588 2638 1654 Qui
2692 1589 2894 1642 emittit
2948 1589 3223 1657 eloquium
3276 1605 3433 1643 suum

1849 1683 2026 1737 terrae,
2054 1675 2315 1731 velociter
2356 1679 2529 1732 currit
2558 1694 2739 1733 sermo
2767 1680 2886 1748 eius
2916 1678 3092 1749 (Paul.
3142 1682 3367 1751 cum).
3410 1700 3428 1732 ο

164 1784 323 1837 super
367 1770 581 1823 addidit
630 1778 689 1823 ut
743 1779 797 1825 et
849 1770 1036 1839 viginti
1091 1770 1193 1825 tria
1245 1770 1409 1823 millia
1460 1771 1735 1825 hominum
1772 1766 1814 1825 Β
1844 1765 1989 1819 Beati
2021 1766 2253 1836 denique
2290 1768 2530 1823 cultores
2559 1779 2611 1824 et
2653 1768 2932 1837 adjutores
2963 1770 3191 1836 Christi,
3224 1771 3434 1840 Apolti-

166 1860 486 1923 trucidaret,
525 1861 751 1930 mystice
781 1861 983 1924 docuit,
1028 1876 1365 1929 nequaquam
1401 1861 1671 1926 sufficere,
1696 1862 1741 1915 si

164 1953 230 2007 ab
282 1952 607 2006 idololatriae
661 1952 835 2015 cultu,
884 1952 966 2007 vel
1021 1954 1284 2021 pravitate
1340 1952 1461 2006 vita:
1512 1952 1743 2021 quisque

165 2045 515 2109 convertitur,
571 2044 674 2099 nisi
731 2054 785 2098 et
832 2044 1051 2112 prepria
1107 2043 1235 2098 vitia
1293 2044 1479 2115 gladio
1521 2044 1745 2114 spiritus

166 2134 497 2188 manilii-are
544 2142 790 2189 conetur.
825 2133 979 2190 Unde
1009 2144 1062 2188 et
1098 2134 1421 2204 praedicator
1452 2135 1699 2205 egregius
1725 2148 1748 2188 ι

176 2244 194 2276 ι
229 2226 579 2289 Mortificate,
618 2227 817 2296 inquit,
847 2227 1090 2281 membra
1118 2238 1323 2292 vestra,
1350 2242 1470 2296 quae
1501 2236 1625 2282 sunt
1654 2242 1745 2281 su-

165 2332 258 2384 per
289 2326 515 2381 terram,
541 2315 978 2382 fornicationem,
1003 2318 1423 2383 immunditiam,
1449 2317 1747 2382 luxuriam,

166 2407 658 2476 concupiscentiam
692 2407 888 2461 malam
917 2416 973 2463 et
996 2409 1303 2473 avaritiam,
1330 2423 1449 2478 qua:
1470 2416 1553 2463 est
1578 2406 1747 2462 idolu-

165 2517 282 2555 rum
305 2502 544 2556 servitus
596 2500 741 2569 (Col.
785 2503 892 2571 tit).
934 2520 954 2553 ›
988 2502 1053 2556 Et
1101 2504 1396 2557 notandum
1429 2503 1553 2572 quia
1604 2502 1746 2556 sicut

165 2595 251 2650 hic
277 2595 406 2649 vitia
441 2596 683 2649 membra
722 2583 906 2650 nostra
956 2610 1077 2650 esse
1126 2594 1400 2658 dicuntur,
1438 2597 1511 2650 ita
1552 2605 1608 2651 et
1639 2597 1746 2651 illic

165 2689 252 2758 qui
278 2688 551 2759 perempti
583 2696 729 2751 sunt,
757 2704 882 2744 cum
911 2688 1353 2744 interfectoribus
1385 2688 1499 2742 suis
1528 2689 1746 2757 propin-

163 2782 387 2850 quitatis
410 2781 814 2836 necessitudine
833 2779 1226 2849 iungebantur,
1242 2780 1379 2835 sicut
1406 2796 1503 2850 per
1524 2779 1742 2848 Moysen

164 2872 366 2925 dictum
422 2882 556 2926 est:
599 2889 617 2922 ι
673 2870 796 2925 llaec
848 2871 981 2925 dicit
1026 2871 1287 2925 Dominus
1340 2871 1481 2925 Dens
1534 2868 1741 2923 Israel:

164 2962 330 3018 Ponat
358 2966 442 3017 vir
472 2964 707 3033 gladium
741 2979 901 3033 super
933 2963 1108 3019 femur
1145 2980 1334 3031 suum;
1371 2964 1463 3027 ite,
1496 2973 1550 3017 et
1576 2963 1747 3017 redite

163 3051 228 3108 de
257 3065 413 3123 porta
455 3071 631 3123 usque
659 3056 714 3109 in
764 3064 969 3124 portam
1004 3072 1101 3125 per
1131 3056 1367 3111 medium
1417 3066 1741 3119 castrorum,

1848 1857 1999 1912 naris
2050 1866 2107 1913 et
2169 1859 2567 1925 Eleuchadius;
2630 1870 2785 1931 pater
2836 1862 3090 1917 videlicet
3139 1874 3192 1919 et
3247 1864 3433 1929 illius,

1845 1952 2106 2021 magister
2132 1961 2293 2022 atque
2319 1952 2637 2023 discipulus,
2660 1953 2822 2007 unius
2840 1954 3022 2021 operis
3048 1955 3432 2022 ministerium,

1844 2043 2025 2108 unius,
2055 2052 2113 2097 ut
2145 2044 2217 2099 ita
2241 2044 2457 2114 loquar,
2485 2046 2601 2115 agri
2626 2045 2875 2110 fundum,
2896 2048 3057 2101 unius
3080 2058 3435 2115 Susceperunt

1845 2133 2018 2188 vineae
2038 2135 2370 2190 colonatum.
2394 2136 2486 2191 llle
2516 2136 2799 2201 nimirum,
2824 2144 2881 2190 ut
2911 2138 3143 2191 obscura
3174 2138 3435 2192 silvarum

1844 2226 2115 2279 condensa
2132 2226 2468 2291 succideret;
2487 2226 2587 2280 iste
2599 2242 2729 2281 vero
2751 2236 2809 2280 ut
2825 2227 3071 2281 residuos
3090 2228 3435 2282 arbustorum

1848 2323 2069 2369 truncos
2094 2324 2149 2369 et
2180 2316 2610 2371 borrescentium
2643 2316 2887 2385 veprium
2917 2316 3135 2370 dumeta
3168 2315 3437 2371 radicitus

1848 2407 2199 2475 exstirparet.
2234 2406 2345 2470 Ille,
2376 2416 2434 2460 ut
2460 2415 2620 2461 acuto
2655 2406 2801 2460 verbi
2834 2420 3053 2459 vomere
3095 2406 3231 2457 dura
3266 2419 3433 2473 squa-

1850 2498 2012 2553 lentis
2040 2498 2240 2551 deserti
2276 2512 2398 2551 rura
2432 2497 2837 2566 proscinderet;
2866 2497 2967 2549 iste
3003 2508 3062 2548 ut
3085 2496 3442 2549 nihilominus

1846 2598 2049 2644 sanctm
2093 2589 2495 2658 prmdicationis
2546 2588 2760 2643 sarculo
2810 2590 3135 2643 tumentium
3177 2589 3437 2642 vitiorum

1846 2689 1970 2750 post
2017 2696 2137 2734 eum
2190 2680 2374 2748 glebas
2429 2679 2745 2750 etfringeret
2795 2690 2851 2734 et
2907 2682 3172 2735 bonorum
3211 2694 3440 2749 epernm

1847 2768 2096 2840 frugibus
2129 2769 2342 2824 novalia
2373 2769 2667 2839 diligenter
2701 2770 2918 2825 exculta
2950 2771 3194 2824 vestiret.
3229 2769 3345 2832 Ille,
3378 2776 3443 2821 ut

1847 2876 1971 2914 cum
2004 2860 2169 2914 Paulo
2200 2860 2503 2929 plantaret;
2556 2860 2658 2915 iste
2690 2870 2749 2915 ut
2775 2877 2899 2915 cum
2933 2860 3185 2929 Apolline
3234 2860 3441 2928 rigaret

1849 2950 1896 3019 (I
1922 2947 2044 3002 Cor.
2080 2948 2185 3019 ιιι).
2218 2949 2395 3017 Atque
2420 2957 2477 3001 ut
2516 2948 2678 3003 altius
2704 2959 2967 3018 repetam,
2991 2949 3082 3003 ille
3108 2964 3233 3003 cum
3260 2947 3443 3017 Moyse

1848 3041 2098 3111 populum
2126 3040 2331 3095 Domini
2361 3041 2533 3095 diviso
2562 3042 2695 3095 mari
2726 3040 2909 3095 Rubro
2934 3042 2987 3094 in
3012 3042 3226 3095 deserta
3252 3048 3437 3094 trans-

165 3155 217 3201 ct
238 3149 458 3203 occidat
481 3148 852 3217 unusquisque
881 3147 1202 3213 fratrem,et
1229 3150 1461 3205 amicum
1488 3158 1543 3202 et
1568 3148 1746 3218 proxi-

1851 3134 2033 3204 posuit
2066 3133 2267 3203 (Exod.
2304 3136 2443 3203 xlv);
2479 3133 2582 3188 iste
2612 3149 2734 3188 cum
2764 3131 2948 3198 Josne,
2977 3132 3235 3202 magistro
3258 3145 3445 3186 succe-

168 3256 312 3295 ntnm
348 3256 508 3294 suum
542 3239 737 3309 (Exod.
776 3238 971 3310 xxxii).
1014 3259 1032 3291 ι
1072 3239 1127 3294 Si
1155 3255 1316 3309 quem
1355 3254 1481 3309 ergn
1511 3239 1748 3294 delectat

165 3330 215 3384 in
268 3345 423 3383 arma
473 3344 805 3400 consurgere
834 3370 850 3395 ,
915 3330 1171 3401 quisquis
1211 3329 1431 3383 anhelat.
1490 3330 1748 3384 adversus

165 3420 401 3476 hostium
447 3436 654 3476 cuneos
699 3421 977 3485 dimicare,
1019 3430 1197 3476 vertat
1227 3436 1418 3475 manus
1449 3421 1503 3474 in
1547 3436 1646 3486 se,
1694 3428 1749 3474 et

164 3511 273 3567 illic
296 3511 482 3580 plures
521 3510 760 3567 inveniet
786 3512 1127 3567 adversarios
1153 3511 1575 3575 obtruncandos,
1610 3510 1749 3564 unde

164 3602 415 3657 videlicet
446 3611 568 3672 post
598 3602 879 3656 victoriam
913 3616 1021 3656 non
1060 3602 1347 3656 homicidae
1398 3603 1598 3656 tantum
1650 3615 1747 3655 no-

164 3707 286 3747 men
339 3693 629 3757 incurrat,
681 3692 775 3747 sed
832 3691 1104 3763 gloriosus
1149 3692 1332 3761 potius
1389 3692 1750 3760 triumphator

166 3793 450 3855 appareat,
476 3786 618 3839 unde
661 3795 809 3840 certe
847 3801 952 3839 non
999 3785 1296 3839 sanctuarii
1346 3794 1619 3839 mercatur
1655 3800 1751 3839 ex-

165 3874 305 3930 cludi
336 3875 749 3941 liminibus,sed
775 3891 1102 3931 consecratis
1124 3876 1475 3944 semetipsum
1503 3874 1747 3941 Domino,

164 3967 363 4021 divina:
386 3967 574 4037 gratia:
597 3966 1066 4022 benedictionibus
1090 3976 1373 4037 augeatur,
1394 3966 1534 4021 sicut
1562 3974 1613 4019 et
1644 3964 1750 4019 illis

165 4057 372 4111 dictum
414 4066 543 4112 est:
583 4075 603 4109 ι
641 4056 1032 4121 Consecrastis,
1066 4058 1263 4129 inquit,
1316 4074 1509 4111 manus
1541 4065 1749 4111 vestras

165 4148 327 4204 hodie
378 4149 628 4213 Domino,
675 4148 1044 4217 unusquisque
1084 4149 1136 4202 in
1189 4147 1297 4201 tilio
1341 4156 1395 4202 et
1422 4146 1590 4201 fratre
1627 4161 1747 4211 suo,

166 4249 224 4293 ut
261 4240 421 4293 detur
452 4239 604 4294 vobis
636 4239 942 4293 benedictio
975 4237 1186 4307 (lbid.).
1226 4257 1244 4289 ι
1279 4237 1432 4303 Quod
1478 4246 1655 4291 autem
1689 4237 1750 4303 ii,

167 4328 256 4395 qui
309 4327 437 4382 caesi
471 4336 629 4392 sunt,
657 4327 852 4398 viginti
892 4328 1002 4382 tria
1048 4327 1213 4382 millia
1263 4325 1430 4382 fuisse
1482 4326 1746 4392 referunt,

167 4434 426 4474 numerus
452 4420 617 4473 trium
651 4419 876 4474 milliutn
910 4428 1313 4489 peremptorum
1344 4418 1609 4488 triplicem
1642 4418 1750 4473 for-

168 4523 307 4562 mam
340 4509 542 4565 indicat
580 4518 950 4579 peccatorum.
984 4508 1154 4565 Omne
1206 4510 1404 4580 quippe
1443 4520 1744 4579 peccatum,

166 4611 259 4656 aut
286 4602 449 4667 facto,
474 4598 571 4655 aut
608 4602 801 4667 verbo,
848 4610 943 4655 aut
972 4601 1304 4672 cogitatione
1333 4601 1747 4656 committimus.

150 4692 273 4761 Sed
295 4693 548 4762 quoniam
588 4692 703 4747 illic
734 4700 790 4746 et
837 4692 1092 4747 denarius
1131 4708 1388 4747 numerus
1416 4693 1746 4763 geminatur,

170 4784 324 4837 datur
373 4783 603 4855 intelligi
635 4784 761 4853 quia
815 4784 956 4839 sicut
1002 4782 1327 4855 Decalogum
1359 4792 1749 4855 praecepturum

169 4872 320 4942 culpa
367 4874 591 4939 carnis,
648 4873 812 4927 simul
850 4882 905 4928 et
942 4873 1135 4926 animae
1168 4889 1394 4929 servare
1423 4871 1751 4940 contempsi-

174 4980 306 5027 mus,
337 4967 415 5022 sic
442 4967 616 5021 etiam
650 4964 930 5035 utriusque
958 4965 1386 5029 vitia,virtutum
1417 4966 1584 5020 armis
1610 4973 1751 5020 atte-

172 5070 287 5110 rere
311 5064 363 5110 et
408 5056 750 5112 mortiﬁcare
784 5056 1059 5112 debemus.

240 5148 425 5176 ηΛηΙιιλι-
461 5149 631 5176 ἷκτο-..ι
676 5147 1037 5176 ΠΙΑ--Αιυυιέηισ
1082 5154 1209 5176 ἰι-ω-
1256 5148 1606 5176 ..ιςξΙΑσ-Ασιι..υ-
1636 5164 1718 5176 ma-

1778 4467 1828 4528 D

1851 3226 2006 3289 dens,
2047 3224 2297 3279 eutndem
2330 3224 2582 3294 populum
2640 3224 2692 3277 in
2750 3232 2950 3278 terram
3005 3221 3446 3292 repromissionis

1846 3318 2057 3387 primus
2110 3317 2408 3369 introduxit
2456 3316 2593 3388 (los.
2652 3314 2766 3383 tv).
2828 3314 2922 3368 llle
2970 3314 3154 3367 docuit
3207 3310 3447 3381 qualiter

1842 3407 2143 3479 Egyptum
2179 3406 2343 3461 lsrael
2367 3406 2547 3461 accola
2575 3412 2887 3474 sperneret;
2920 3403 3020 3459 iste
3052 3417 3181 3457 vero
3207 3401 3447 3471 qualiter

1842 3508 2049 3555 terram
2074 3500 2227 3554 laetis
2267 3508 2321 3554 et
2354 3498 2527 3553 mellis
2568 3498 2828 3573 irriguum
2863 3494 3168 3549 distributis
3201 3494 3438 3547 invicem

1846 3593 2088 3649 sortibus
2119 3592 2441 3662 possideret.
2468 3591 2622 3644 Alter
2654 3589 2913 3642 nimirum
2965 3586 3101 3640 colla
3130 3585 3215 3639 'de
3258 3583 3447 3637 ferreo

1841 3684 1973 3754 jugo
2000 3682 2305 3737 Pharaonis
2341 3690 2626 3742 excutere,
2657 3678 2793 3732 alter
2820 3676 3104 3730 admonuit
3137 3673 3442 3743 triumpha-

1846 3775 2075 3830 tricibus
2120 3772 2325 3843 plantis
2348 3772 2593 3826 devictas
2624 3769 2861 3823 hostium
2901 3766 3118 3821 calcare
3164 3766 3433 3819 cervices.

1848 3867 2001 3921 Alter
2029 3864 2248 3918 edocuit
2275 3862 2559 3917 servitutis
2585 3858 2936 3929 opprobrium
2982 3871 3145 3926 quam
3179 3854 3436 3910 celeriter

1848 3956 2119 4029 fugerent,
2148 3955 2285 4009 alter
2324 3962 2505 4008 autem
2559 3952 2705 4023 ipsos
2732 3949 3000 4005 libertatis
3050 3947 3233 4002 titulos
3266 3960 3432 4016 quam

1850 4048 2165 4104 cautissime
2187 4046 2554 4101 custodirent.

1916 4143 2104 4212 Neque
2133 4157 2265 4196 vero
2295 4140 2627 4195 credendum
2651 4146 2755 4201 est,
2790 4136 2990 4191 fratres
3021 4135 3160 4201 mei,
3185 4133 3248 4187 B.
3286 4132 3445 4189 Eleu-

1851 4233 2146 4298 cbadium,
2200 4233 2327 4287 dum
2375 4232 2555 4286 adhuc
2596 4231 2837 4293 viveret,
2901 4228 3146 4298 martyrii
3199 4227 3453 4282 caruisse

1848 4323 2152 4389 laboribus,
2192 4324 2294 4378 etsi
2343 4338 2448 4377 non
2487 4321 2653 4377 fuerit
2690 4321 2955 4392 martyrio
3008 4326 3445 4373 consummatus.

1855 4414 2085 4470 Videbat
2126 4415 2382 4469 nimirum
2413 4413 2736 4484 gentilitatis
2781 4426 2953 4481 nuper
2992 4410 3279 4464 exstincta:
3310 4423 3445 4461 non-

1851 4506 2030 4561 nullas
2075 4507 2253 4561 adhuc
2280 4520 2566 4574 superesse
2593 4504 2882 4572 reliquias;
2916 4500 3134 4555 dolebat
3162 4500 3216 4552 iu
3247 4496 3449 4568 populo

1851 4602 1954 4657 sibi
1983 4600 2299 4664 commisso,
2326 4598 2405 4652 vel
2440 4609 2682 4652 extrema
2711 4593 3079 4665 superstitiosi
3110 4592 3247 4644 ritus
3277 4589 3447 4643 vesti—

1850 4695 1937 4765 gia
1968 4692 2316 4751 remansisse,
2344 4698 2507 4759 atque
2532 4691 2651 4743 ideo
2684 4689 2810 4743 licet
2854 4686 3301 4758 persequentium
3331 4697 3447 4736 ma-

1852 4800 1955 4841 nus
1985 4783 2190 4854 gladios
2221 4798 2330 4837 non
2359 4790 2629 4843 exererct,
2660 4779 3009 4834 cruciabatur
3038 4776 3219 4831 anima
3258 4781 3449 4829 sancta

1852 4875 1923 4947 pii
1943 4874 2041 4929 zeli
2059 4888 2120 4927 ac
2136 4883 2375 4943 paterna:
2394 4870 2789 4940 compassionis
2807 4866 3059 4923 incendio
3076 4872 3451 4922 concremata.

1858 4963 1997 5032 Quid
2024 4964 2167 5017 enim
2208 4962 2460 5033 prodest,
2486 4960 2530 5014 si
2560 4959 2856 5032 quisquam
2888 4956 3153 5011 catholiee
3187 4956 3376 5013 credat
3401 4958 3459 5006 et

1856 5054 2131 5128 gentiliter
2158 5053 2338 5107 vivat?
2367 5052 2475 5105 Aut
2504 5056 2787 5120 quomodo
2825 5045 3122 5104 credulitas
3150 5060 3303 5105 recta
3333 5054 3459 5098 cum

1856 5149 1961 5176 -.ξιι-
2003 5146 2290 5174 tun-sanna“!
2326 5142 2577 5172 l-m-nl:nn
2600 5142 2622 5170 θ
2659 5144 2815 5170 l‘--2.1
2846 5139 2985 5168 an:m
3034 5136 3179 5168 ἶιιιισιο
3244 5142 3284 5166 ,ξ
3336 5133 3465 5166 πιθα.
