3950 5344
517 167 625 226 539

1127 165 1187 221 S.
1229 163 1432 221 PETRI
1466 163 1750 221 DAMIANI
1781 163 1930 220 ΟΝ).
1967 162 2146 219 PARS
2184 165 2318 223 SEU
2359 165 2678 225 TOHUSII.
2719 196 2790 207 —
2826 165 3214 224 SERMONES.

3688 163 3781 222 540

515 290 639 353 pter
664 281 854 336 beatus
874 277 1112 350 pontifex
1137 279 1494 336 Eleuchaztius
1517 295 1622 335 non
1651 277 2100 334 contemnendum
2132 283 2176 342 Α
2207 288 2350 346 sunt,
2411 296 2516 335 non
2570 279 2796 335 ambire.
2848 279 3106 334 Praesenti
3157 262 3482 335 necessitati
3524 277 3782 338 hodierna

518 372 738 443 pertulit
781 372 832 426 in
867 371 979 440 ipsa
1012 371 1267 426 Ecclesiae
1318 387 1448 442 pace
1479 371 1826 442 martyrium,
1858 368 2098 439 quando-

518 463 735 533 quidem
761 470 815 516 ct
844 461 888 517 si
919 477 1025 515 non
1062 477 1184 517 cum
1227 463 1431 532 perﬁde
1454 461 1823 525 credentibus,
1851 460 1943 514 sed
1977 475 2103 530 per-

516 569 675 609 verse
715 553 1021 609 viventibus
1065 553 1494 608 iuftederabilcm
1539 554 1801 624 probatur
1849 551 2100 607 habuisse

513 645 852 712 conflictum,
883 663 1194 717 quanquam
1219 657 1273 702 et
1299 648 1352 702 in
1383 648 1504 702 ﬁdei
1531 647 1781 701 doctrina
1804 644 2101 702 desudasse

510 757 636 794 eum
693 756 802 794 non
856 742 977 795 sine
1030 740 1242 796 ratione
1298 741 1629 810 colligimus,
1678 755 1802 795 cum
1859 738 2099 793 omnium

518 828 823 886 Ravennati
854 833 1134 900 metmpoli
1164 833 1525 902 adjacentium
1556 831 1874 887 ditecesium
1912 830 2104 884 civita-

511 931 596 975 tes
631 931 685 977 et
711 923 926 991 oppida,
951 923 1056 993 33
1102 923 1279 978 nullos
1310 939 1448 994 pene
1488 925 1782 978 recondere
1831 930 2106 990 martyres

524 1030 884 1084 agnoscamus

596 1103 750 1160 Unde
779 1103 920 1159 beati
955 1103 1282 1174 Apollinaris
1332 1113 1532 1174 quanta
1565 1105 1758 1176 gloria,
1791 1112 1992 1174 qttanta
2038 1101 2108 1157 sit

521 1197 838 1254 excellentia
871 1199 1055 1252 mirari
1099 1199 1258 1268 digne
1303 1215 1408 1253 non
1443 1215 1748 1268 possumus,
1779 1198 1933 1267 cujus
1961 1212 2112 1251 mar-

523 1287 724 1358 tyrium
756 1303 878 1341 ctnn
909 1302 1005 1357 per
1035 1287 1220 1356 viginti
1250 1296 1305 1343 et
1360 1304 1551 1342 novem
1580 1304 1844 1342 annorum
1877 1287 2108 1357 spatium

521 1392 624 1446 per
652 1377 1067 1433 innumerabilia
1119 1378 1283 1432 fuerit
1311 1387 1581 1433 tormenta
1613 1380 1955 1448 productum,
1987 1387 2110 1432 tan-

528 1478 640 1523 tum
699 1467 846 1524 solus
876 1469 1174 1524 elaboravit
1220 1472 1360 1540 quod
1410 1470 1548 1524 alter
1591 1471 1881 1540 quispiam,
1931 1470 2022 1525 ubi
2056 1469 2110 1524 in

522 1560 654 1614 totis
704 1559 816 1615 fere
845 1561 951 1614 illis
986 1562 1232 1630 partibus
1281 1578 1377 1632 pro
1410 1564 1719 1616 testimonio
1750 1562 1872 1618 ﬁdei
1904 1561 2110 1632 potuis-

2203 386 2332 426 cura
2359 369 2609 436 suﬁiciat,
2633 385 2732 425 nec
2756 371 2897 427 diem
2925 371 3222 426 crastinum
3253 369 3645 426 sollicitudinis
3668 387 3787 427 rau-

2203 475 2301 516 cor
2325 461 2608 530 anticipet.
3164 510 3166 513 .

2274 551 2607 607 lsraeliticus
2636 565 2764 605 sane
2817 551 3068 622 populus,
3099 552 3238 607 sicut
3261 567 3418 607 sacra
3451 559 3692 606 testatur
3717 553 3790 606 bi-

2205 647 2395 713 storia,
2426 661 2548 701 cum
2573 659 2768 699 manna
2795 645 3094 716 colligeret,
3144 645 3484 700 scaturiebat
3519 644 3787 698 vermibus

2207 745 2369 805 atque
2422 735 2913 805 computrescebat,
2949 735 2992 788 si
3025 734 3149 804 quis
3186 734 3482 789 inﬁdeliter
3510 749 3704 802 agens,
3731 747 3788 786 ex

2206 840 2271 882 eo
2299 828 2351 882 in
2403 829 2699 882 crastinum
2747 837 3054 881 reservaret
3106 826 3304 897 (Exod.
3331 827 3467 896 xvi).
3509 824 3605 879 Sic
3641 823 3791 877 nimi-

2209 934 2328 973 rum
2359 919 2606 989 quisquis
2659 919 2852 974 ardore
2905 918 3218 988 cupiditatis
3265 932 3551 975 accensus.
3590 926 3646 969 ut
3687 925 3792 967 tan-

2208 1026 2372 1081 quam
2418 1010 2633 1079 corpori
2685 1025 2785 1064 suo
2836 1009 3095 1063 alimenta
3152 1009 3456 1080 provideat,
3517 1015 3786 1060 terrenam

2211 1103 2314 1159 sibi
2341 1102 2702 1158 substantiam
2736 1101 3098 1166 thczaurizat,
3149 1101 3275 1156 huic
3304 1100 3392 1154 ille
3420 1098 3630 1153 vermis
3653 1095 3795 1150 ebul-

2211 1194 2295 1259 lit,
2322 1193 2414 1263 qui
2466 1192 2856 1247 conscientiam
2895 1191 3084 1257 fodiat,
3113 1200 3169 1246 et
3211 1207 3410 1247 arcana
3443 1189 3689 1261 pectoris
3716 1205 3796 1242 ro-

2213 1289 2322 1345 dat.
2355 1288 2646 1342 Enimvero
2695 1286 2730 1340 ii
2779 1285 3199 1340 sollicitudinum
3241 1298 3478 1348 vermes,
3521 1280 3636 1353 34
3669 1295 3800 1350 quos

2215 1379 2443 1434 avaritia
2487 1386 2743 1447 generat,
2794 1376 2913 1431 illos
2957 1374 3135 1430 denuo
3181 1389 3395 1429 vermes
3449 1381 3650 1443 parant
3677 1409 3694 1435 ,
3737 1369 3802 1424 de

2215 1472 2416 1541 quibus
2459 1469 2721 1539 scriptum
2766 1476 2898 1523 est:
2955 1485 2975 1520 ι
3007 1468 3152 1539 Ignis
3205 1482 3392 1523 eorum
3453 1481 3563 1520 non
3603 1463 3801 1518 exstin-

2218 1573 2409 1633 guetur
2455 1572 2510 1618 et
2555 1563 2755 1618 vermis
2809 1577 2913 1617 non
2969 1561 3234 1615 morietur
3280 1559 3412 1630 (Isa.
3464 1559 3639 1626 nvi),
3674 1575 3692 1607 ι
3749 1564 3803 1609 ιιι

523 1659 613 1706 set
658 1652 1000 1716 occumbere,
1059 1669 1164 1708 non
1203 1654 1426 1708 invenit.
1477 1654 1534 1709 Si
1586 1655 1713 1725 quid
1747 1667 1925 1710 autem
1976 1654 2116 1710 forte
2149 1656 2189 1716 Β
2219 1658 2394 1728 ignem
2430 1655 2569 1724 ignis
2591 1653 2900 1723 cupiditatis
2929 1652 3193 1706 accendat
3221 1659 3274 1705 et
3302 1649 3506 1704 vermis
3527 1663 3596 1702 ex
3626 1659 3803 1700 verme

525 1744 813 1813 superfuit,
859 1744 1242 1816 discipulorum
1300 1746 1418 1816 ejus
1479 1747 1755 1801 successio
1806 1745 2114 1801 veneranda

517 1833 818 1908 “supplevit,
855 1834 996 1889 inter
1022 1851 1160 1904 quos
1200 1835 1452 1890 nimirum
1501 1837 1692 1892 beatus
1732 1837 2114 1903 Elcuchadius,

526 1923 677 1979 velut
727 1940 951 1978 aureum
993 1925 1142 1980 sidus
1187 1925 1400 1990 enituit,
1450 1935 1524 1990 et,
1568 1929 1723 1998 juxta
1768 1929 2003 1983 nominis
2033 1928 2114 1982 sui

525 2015 940 2087 etymologiam,
991 2017 1202 2086 paterni
1229 2019 1479 2074 candoris
1506 2029 1668 2090 atque
1695 2021 1996 2090 splendoris
2029 2022 2115 2075 in-

529 2107 730 2176 signia,
747 2117 805 2160 ut
828 2122 1016 2161 revera
1040 2107 1180 2163 ﬁlius
1202 2112 1518 2178 reportavit.
1543 2111 1902 2167 Eleuchadius
1922 2111 2120 2182 quippe

535 2196 745 2261 Graece,
773 2196 968 2251 Latine
1015 2198 1333 2269 intelligitur
1359 2201 1638 2255 candidus.
1669 2200 1778 2256 Nec
1828 2202 2117 2255 immerito.

529 2285 613 2342 Ex
648 2302 834 2342 eorum
865 2303 1056 2358 nempe
1087 2288 1261 2344 fuerat
1291 2305 1540 2356 numero,
1567 2292 1634 2347 de
1663 2291 1859 2361 quibus
1887 2292 2116 2347 dicitur:

538 2396 558 2429 ι
589 2377 812 2434 Candidi
849 2378 977 2434 facti
1021 2390 1150 2435 sunt
1197 2380 1438 2456 Νηρηὶ
1471 2382 1609 2452 ejus,
1642 2383 1978 2454 splendorem
2011 2384 2121 2440 Deo

531 2469 818 2536 dederunt,
855 2479 912 2526 et
960 2471 1100 2526 sicut
1128 2471 1211 2527 lac
1253 2473 1521 2544 coagulati
1570 2482 1696 2528 sunt
1725 2473 1941 2543 (Thren.
1967 2473 2063 2545 tv).
2099 2491 2117 2526 ι

531 2560 597 2617 Et
628 2560 797 2617 Jacob
833 2563 899 2618 de
927 2562 1146 2618 Christo
1175 2565 1243 2621 ad
1278 2565 1446 2620 tilium
1474 2583 1486 2619 :
1527 2585 1545 2616 ι
1574 2565 1920 2621 Pulchriores
1973 2575 2122 2632 sunt,

537 2652 740 2724 inquit,
782 2654 922 2710 oculi
975 2654 1093 2724 ejus
1123 2657 1272 2723 vino,
1321 2666 1376 2712 et
1406 2658 1595 2713 dentes
1625 2655 1740 2725 ejus
1769 2657 1906 2713 lacte
1934 2657 2122 2712 candi-

534 2744 715 2800 diores
747 2743 900 2816 (Gen.
940 2747 1110 2817 ηις).
1139 2766 1158 2799 ι
1194 2747 1350 2804 Oculi
1399 2763 1594 2818 nempe
1638 2747 1858 2813 Christi,
1895 2747 2122 2819 apostoli

533 2839 962 2909 etevangelistm
998 2851 1144 2904 sunt,
1202 2841 1294 2911 qui
1351 2841 1603 2896 universo
1653 2841 1866 2912 corpori
1923 2851 2124 2897 sancta:

535 2930 792 2986 Ecclesia:
821 2931 1002 2987 lumen
1048 2934 1329 3002 sapientia:
1360 2934 1750 3004 prtestiterunt,
1779 2949 2006 3002 quorum
2031 2934 2126 2988 do-

2224 1747 2500 1818 procedat.
2529 1745 2848 1815 Quanquam
2875 1754 2928 1798 et
2957 1743 3036 1798 sic
3061 1742 3240 1796 valeat
3268 1756 3376 1795 non
3404 1738 3798 1795 inconvenien-

2223 1848 2306 1895 ter
2337 1837 2577 1909 intelligi,
2635 1837 2758 1906 quia
2815 1836 2953 1890 sicut
2999 1835 3114 1904 ipse
3161 1833 3432 1894 Christus,
3491 1831 3586 1901 qui
3641 1829 3804 1884 dicit:

2229 1953 2246 1986 ι
2284 1935 2395 2002 Ego
2424 1948 2544 1986 sum
2596 1930 2818 1994 vermis,
2849 1937 2902 1982 et
2935 1943 3039 1982 non
3069 1928 3232 1981 homo
3261 1924 3435 1996 (Paul.
3469 1922 3610 1991 ut),
3650 1941 3667 1972 ι
3695 1935 3810 1989 pro-

2222 2025 2372 2079 venit
2401 2023 2522 2076 aliis
2559 2022 2612 2075 in
2651 2019 3134 2080 resurrectionem,
3170 2016 3243 2070 ita
3301 2013 3661 2069 nihilominus
3689 2027 3807 2064 ver-

2225 2117 2354 2170 bum
2409 2114 2526 2184 ejus
2579 2115 2638 2169 ﬁt
2693 2127 2890 2167 manna
2942 2109 3222 2180 mellisque
3264 2107 3492 2162 dulcedo
3548 2103 3809 2165 ﬁdelibus,

2225 2208 2531 2262 inﬁdelibus
2551 2215 2732 2260 autem
2767 2214 2821 2259 et
2843 2218 3004 2272 prave
3033 2200 3339 2255 viventibus
3361 2198 3567 2251 vermis
3596 2195 3676 2259 ﬁt,
3711 2210 3812 2249 ron

2223 2300 2473 2355 videlicet
2515 2297 2606 2369 qui
2653 2297 2890 2352 animam
2936 2293 3188 2349 reﬁciens
3235 2292 3366 2355 alat,
3407 2289 3502 2344 sed
3552 2288 3645 2359 qui
3691 2303 3790 2341 con

2225 2391 2510 2447 scientiam
2554 2387 2808 2444 terrendo
2835 2402 2897 2440 ac
2928 2384 3229 2440 minitando
3272 2382 3606 2436 remordeat.
3653 2378 3818 2433 Sexto

2227 2491 2410 2536 autem
2435 2481 2520 2535 die
2548 2478 2741 2549 duplex
2791 2490 3044 2530 mensura
3073 2473 3248 2544 colligi
3289 2470 3609 2540 jubebatur,
3657 2479 3715 2523 ut
3751 2483 3811 2522 ex

2225 2574 2366 2630 eoin
2394 2571 2690 2628 Sabbatum
2732 2569 2996 2623 medietas
3045 2573 3378 2620 servaretur.
3424 2561 3602 2616 Porro
3642 2571 3816 2614 autem

2227 2674 2380 2721 sexta
2424 2664 2540 2718 dies
2567 2702 2582 2728 ,
2627 2669 2782 2716 sexta
2826 2658 3010 2714 mundi
3059 2665 3188 2712 aetas
3232 2655 3572 2726 intelligitur,
3623 2653 3677 2706 in
3717 2669 3818 2722 qua

2230 2771 2374 2811 nunc
2403 2769 2610 2810 sumus.
2651 2753 2708 2807 In
2737 2753 2840 2807 hac
2885 2765 3014 2819 ergo
3059 2748 3145 2802 die
3186 2747 3406 2816 duplum
3457 2761 3557 2816 pro
3599 2757 3822 2800 venturo

2229 2843 2470 2901 Sabbatu
2493 2843 2699 2913 colligit
2723 2842 2813 2912 qui
2848 2854 2946 2910 pro
2971 2838 3154 2910 gloriae
3201 2836 3440 2892 caelestis
3466 2836 3696 2899 intuitu,
3736 2837 3814 2888 ubi

2229 2949 2426 3007 perpes
2453 2934 2750 2989 Sabbatum
2775 2940 2830 2986 et
2853 2946 2980 2985 vera
3005 2938 3091 2985 est
3130 2929 3367 2998 requies,
3395 2929 3626 2981 verbum
3659 2927 3749 2980 Dei
3770 2936 3820 2978 et

539 3017 737 3083 ctrina,
771 3019 898 3074 dum
953 3021 1187 3090 rigorem
1241 3033 1403 3093 atque
1456 3023 1709 3077 duritiam
1754 3023 1945 3091 prisca!
1993 3022 2128 3091 legis
2155 3015 2199 3076 C
2235 3025 2462 3080 auditet
2484 3023 2631 3077 facit.
2659 3022 2716 3076 In
2765 3023 2866 3076 hac
2911 3019 3132 3090 duplum
3177 3017 3422 3072 recondit
3466 3018 3648 3086 quiet
3693 3017 3818 3070 bene

539 3107 769 3172 emollit,
796 3111 1192 3180 quodammodo
1241 3113 1612 3168 austeritatem
1653 3113 1761 3167 vini
1791 3113 1988 3168 veteris
2037 3129 2130 3168 eo-

541 3215 663 3254 rum
695 3201 1044 3271 pulchritudo
1087 3204 1366 3274 prmcellit,
1396 3204 1706 3276 evangelica
1756 3205 1954 3274 quippe
1987 3219 2130 3274 prre-

545 3302 706 3361 cepta
735 3294 1011 3350 mandatis
1062 3295 1276 3350 Veteris
1307 3295 1642 3350 Testamenti
1680 3296 1834 3366 longe
1872 3295 2128 3350 suntcla-

548 3381 718 3436 riora.
758 3381 958 3438 Dentes
994 3399 1125 3439 vero
1178 3386 1350 3456 sancti
1407 3386 1788 3455 praedicatores
1841 3394 1987 3449 sunt,
2033 3385 2129 3455 qui

545 3479 839 3527 conversos
870 3474 1119 3530 homines
1142 3491 1172 3530 a
1201 3491 1491 3546 pravorum
1520 3478 1782 3532 societate
1832 3476 2130 3546 praecidunt

542 3577 746 3632 eosque
773 3565 824 3619 in
857 3566 1058 3620 Christi
1085 3583 1306 3638 corpus,
1338 3569 1479 3624 sicut
1516 3569 1764 3639 superius
1788 3569 1990 3623 dictum
2021 3576 2126 3634 est,

541 3657 696 3726 quasi
729 3658 1032 3713 mandendo
1067 3659 1360 3730 trajiciunt.
1395 3661 1562 3717 Porro
1592 3663 1811 3717 nomine
1839 3662 1996 3717 lactis
2028 3662 2128 3716 do-

543 3746 717 3800 ctrina
747 3745 878 3818 legis
924 3748 1185 3814 innuitur,
1210 3766 1331 3820 qum
1369 3752 1641 3806 carnalem
1691 3752 1944 3821 populum
1979 3750 2131 3806 lactis

541 3837 754 3906 poculo,
785 3847 1038 3908 tanquam
1069 3843 1323 3910 parvulos
1375 3843 1521 3897 alere
1565 3844 1870 3906 videbatur,
1899 3857 2128 3913 quorum

545 3927 801 3982 nimirum
831 3929 970 3986 lacte
1019 3934 1362 3988 candidiores
1401 3945 1528 3990 sunt
1575 3934 1826 3990 doctores
1857 3935 2128 4000 Ecclesiae,

547 4017 672 4084 quia
717 4017 911 4073 fortem
958 4029 1012 4074 et
1043 4022 1271 4077 solidum
1305 4025 1453 4078 verbi
1499 4025 1676 4079 cibmn
1708 4035 1763 4079 et
1812 4027 1910 4096 ipsi
1959 4040 2135 4080 come-

549 4105 684 4160 dunt
733 4116 790 4161 et
841 4108 962 4163 aliis
1011 4111 1250 4176 tradunt,
1295 4113 1362 4167 de
1398 4114 1595 4182 quibus
1619 4116 1684 4168 ad
1721 4115 2134 4172 lleln-zcosd’cit

547 4193 874 4262 Apostolus:
912 4215 929 4249 ε
980 4199 1347 4255 Perfectorum
1382 4213 1560 4257 autem
1599 4214 1684 4258 est
1726 4205 1930 4261 solidus
1981 4207 2133 4264 cibus

543 4284 732 4356 (Ilebr.
761 4289 834 4360 v).
866 4309 882 4342 ι
919 4291 983 4345 Ει
1009 4291 1145 4348 bene
1175 4294 1392 4349 candidi
1422 4311 1542 4350 esse
1585 4296 1838 4350 dicuntur
1883 4299 2132 4356 doctores

2234 3120 2388 3185 vivit,
2409 3128 2466 3175 et
2489 3118 2611 3173 aliis
2635 3116 2944 3186 exemplum
2965 3113 3157 3170 salutis
3179 3112 3420 3167 ostendit
3445 3127 3470 3177 ;-
3497 3111 3638 3174 sive,
3683 3109 3815 3181 quod

2233 3211 2542 3282 expeditius
2586 3218 2712 3274 est,
2760 3205 3028 3277 duplicem
3080 3218 3392 3260 mensuram
3438 3201 3687 3271 colligit,
3737 3201 3816 3269 qui

2235 3313 2444 3358 tantum
2467 3302 2519 3356 in
2545 3301 2682 3356 bona
2705 3299 3026 3370 Operatiune
3047 3296 3298 3360 desudat,
3325 3295 3472 3349 unde
3493 3304 3548 3349 et
3573 3293 3665 3348 hic
3691 3293 3818 3347 Con-

2233 3396 2392 3452 ditori
2416 3409 2514 3449 suo
2533 3392 2653 3462 ejus
2673 3393 2853 3446 anima
2884 3390 3116 3461 placeat,
3145 3396 3199 3442 et
3237 3401 3360 3442 cum
3388 3401 3454 3441 eo
3478 3385 3816 3454 postmodum

2231 3487 2623 3560 perpetualiter
2669 3485 2838 3538 vivat.
2897 3482 3050 3550 Quod
3101 3481 3265 3552 igitur
3313 3478 3684 3548 reponebatur
3731 3490 3822 3544 pro

2233 3582 2495 3645 Sabbato,
2539 3577 2812 3648 corrumpi
2855 3590 2962 3631 non
3005 3582 3244 3644 poterat,
3289 3571 3415 3642 quia
3461 3570 3606 3624 bona
3638 3582 3814 3637 opera.

2233 3691 2352 3746 qum.
2379 3691 2477 3746 pro
2512 3671 2787 3728 desiderio
2827 3683 3075 3739 supernae
3121 3666 3319 3737 quietis
3363 3664 3521 3728 ﬁunt,
3569 3671 3819 3733 perpetuo

2233 3765 2651 3836 permanebunt.
2678 3761 2791 3815 Non
2835 3775 2965 3829 ergo
3007 3757 3110 3811 illa:
3146 3765 3270 3810 sunt
3299 3753 3644 3808 cumulaudte
3687 3749 3819 3804 divi-

2241 3856 2350 3919 tiae,
2380 3868 2515 3923 quas
2541 3865 2725 3920 :erugo
2746 3849 3088 3910 demoliatur,
3134 3860 3272 3915 quas
3313 3844 3474 3897 tinea:
3517 3842 3815 3900 comedam,

2235 3952 2290 3999 et
2332 3959 2451 4014 quae
2491 3941 2755 3997 vermium
2803 3937 3135 4005 scaturigine
3181 3940 3631 4001 computrescant
3673 3927 3816 3999 (Luc.

2238 4038 2358 4107 xu),
2389 4051 2618 4106 quartnu
2645 4033 2856 4089 scilicet
2883 4045 2988 4085 non
3028 4029 3227 4083 liberos
3266 4039 3614 4096 possessores
3642 4023 3820 4076 beatus

2235 4129 2468 4185 lacubus
2492 4128 2818 4196 increpans:
2857 4140 2875 4173 ί
2912 4121 3143 4184 Divitim,
3171 4117 3365 4186 inquit,
3406 4125 3607 4168 vestrm
3649 4123 3821 4183 putre-

2237 4221 2392 4276 facta:
2416 4226 2561 4282 sunt,
2593 4216 2914 4270 vestimenta
2945 4220 3124 4267 vestra
3162 4225 3191 4262 a
3230 4207 3391 4262 tineis
3411 4213 3657 4261 eomesla
3681 4211 3817 4264 sunt,

2238 4326 2432 4366 aurum
2458 4320 2512 4365 et
2553 4315 2836 4376 argentum
2868 4311 3106 4358 vestrum
3154 4298 3503 4370 teruginavit,
3550 4305 3607 4350 et
3649 4307 3820 4363 aerugo

545 4378 821 4447 Ecclesiae,
855 4383 980 4451 quia
1009 4393 1062 4437 et
1092 4401 1121 4438 a
1170 4385 1454 4454 pravitatis
1481 4386 1689 4440 macula
1719 4386 1896 4453 liberi,
1927 4397 1979 4442 et
2005 4404 2121 4443 con.

2237 4415 2428 4457 eorum
2453 4399 2506 4452 in
2534 4394 2904 4451 testimonium
2933 4391 3090 4445 vobis
3135 4389 3241 4444 erit
3276 4397 3331 4442 et
3379 4385 3596 4440 ardebit
3639 4397 3821 4440 carnes

546 4473 746 4544 spicum
785 4477 1214 4532 conversationis
1245 4478 1496 4534 videntur
1526 4479 1781 4549 operibus
1805 4481 1958 4536 clari.
1992 4481 2134 4548 Qua-

543 4577 766 4638 propter
792 4569 1096 4623 cavemlum
1129 4579 1230 4630 est,
1259 4568 1458 4624 fratres
1497 4571 1624 4632 mei,
1671 4586 1738 4626 ne
1767 4588 1871 4641 qua
1921 4588 2020 4628 nos
2048 4572 2134 4627 vi-

545 4659 741 4713 tiorum
777 4659 1001 4731 uigredo
1038 4661 1351 4726 dedecoret,
1401 4663 1492 4731 qui
1525 4665 1788 4719 candidos
1833 4666 1886 4718 in
1929 4663 2135 4720 Christi

543 4754 736 4808 militia
785 4754 948 4809 duces
987 4755 1270 4810 habemus.
1303 4755 1612 4818 Periculose
1644 4757 1902 4811 nimirum
1952 4772 2131 4814 rerum

545 4847 756 4913 species
782 4845 1027 4911 ﬂuctuat,
1057 4849 1146 4902 ubi
1170 4864 1292 4902 cum
1324 4849 1550 4902 ducibus
1571 4849 1953 4918 subsequentis
1980 4864 2138 4903 exer-

545 4936 686 4990 citus
713 4937 938 5006 insignia
964 4953 1068 4992 non
1092 4939 1447 4994 concordant.
1475 4939 1624 4994 Beati
1668 4939 1931 5010 siquidem
1955 4949 2140 5010 patres

548 5023 720 5077 nostri
757 5034 1037 5092 prmnptos
1087 5042 1145 5081 se
1172 5027 1501 5081 exhibebant
1537 5029 1603 5081 ad
1661 5027 1982 5098 perferenda
2013 5044 2139 5098 sup-

548 5113 738 5184 plicia,
781 5128 880 5166 nos
933 5123 1113 5168 autem
1155 5117 1281 5169 dum
1316 5132 1344 5169 a
1378 5117 1626 5187 proximo
1672 5118 1940 5182 latdimur,
1989 5132 2138 5172 com-

551 5217 843 5273 pescamus
869 5201 1061 5255 saltem
1116 5205 1328 5259 animos
1359 5221 1387 5258 a
1417 5207 1674 5262 vindicta.
1707 5207 1916 5278 Moyses
1946 5221 2137 5276 nempe

553 5293 620 5344 ad
653 5292 874 5344 ultionis
907 5291 1164 5344 indicium
1187 5295 1524 5344 descendens
1569 5299 1634 5344 de
1671 5308 1852 5344 mnnm
1879 5308 2137 5344 mrnutns

2239 4504 2450 4549 vestras
2477 4492 2617 4546 sicut
2665 4487 2806 4559 ignis
2849 4484 2992 4556 (Jac.
3038 4485 3111 4554 v).
3143 4503 3161 4536 ι
3210 4481 3334 4535 lilas
3375 4479 3564 4548 igitur,
3611 4476 3817 4533 fratres.

2235 4586 2453 4641 divitias
2478 4589 2814 4652 appetamus,
2856 4593 2977 4647 qua:
3021 4591 3120 4630 nos
3162 4573 3393 4645 gemmis
3418 4587 3485 4626 ac
3520 4567 3823 4640 margaritis

2237 4677 2461 4730 valeant
2489 4673 2757 4726 adornare
2785 4669 3070 4730 virtut-um,
3117 4680 3237 4734 qua:
3275 4663 3342 4716 ad
3395 4661 3704 4716 caelestium
3733 4669 3820 4710 nos

2235 4766 2540 4838 provehant
2582 4759 2766 4814 titulos
2803 4757 3150 4828 dignitatum.
3201 4754 3350 4819 Quas
3393 4750 3647 4822 profecto
3696 4745 3801 4800 divi‘

2241 4861 2344 4916 tias
2372 4859 2611 4913 insinuat
2639 4855 2922 4926 propheta,
2968 4866 3090 4906 cum
3118 4849 3288 4902 dicit:
3321 4865 3340 4897 ι
3378 4846 3593 4899 Divitiae
3640 4839 3819 4897 salutis

2239 4950 2509 5020 sapientia
2535 4956 2590 5002 et
2612 4944 2884 5008 scientia;
2942 4943 3107 4996 timor
3153 4937 3366 4993 Domini
3421 4935 3540 5005 ipse
3582 4941 3668 4988 est
3716 4931 3820 4984 the-

2236 5057 2431 5098 saurus
2456 5039 2570 5108 ejus
2594 5037 2728 5108 (Ian.
2751 5035 2967 5102 xxxul).
2991 5053 3009 5085 ι

2313 5133 2425 5189 llas
2455 5132 2708 5187 nimirum
2746 5128 2963 5184 divitias
2987 5128 3177 5181 beatus
3215 5121 3586 5177 Eleuchadius
3635 5132 3820 5175 concu-

2243 5223 2402 5294 pivit,
2457 5236 2578 5276 cum
2622 5221 2687 5275 de
2727 5219 2987 5272 cathedra
3037 5231 3095 5270 se
3141 5212 3529 5284 philosophica!
3575 5209 3822 5265 doctrinae

2245 5313 2489 5344 Ammon“
2540 5326 2660 5344 nul-11
2695 5308 2924 5344 famul-om
2971 5305 3316 5344 nrmnnntm-ie
3345 5303 3547 5344 alvipnil
3607 5316 3726 5344 t‘llll]
3764 5299 3822 5344 de
