3950 5344
182 253 284 311 561

1640 237 1873 298 ΒΕΜΙΟ
1899 237 1982 295 Vl.

3347 243 3453 298 5H

183 361 432 420 stitionis
489 359 727 427 edocuit,
768 359 820 414 in
872 357 1257 416 ecciesiastiete
1302 356 1554 428 puritatis
1611 355 1772 410 disci-
1801 356 1848 414 Α
1879 354 2050 408 stiana
2080 362 2260 410 tamen
2307 354 2496 427 religio
2527 355 2754 411 necdum
2805 364 2921 411 erat
2951 355 3160 413 vivendi
3215 359 3456 418 moribus

185 456 330 524 plina
361 453 624 508 correxit.
667 451 816 507 Unde
859 465 957 520 per
1007 449 1226 519 Moysen
1277 449 1394 520 lege
1436 446 1768 509 decernitur,

183 555 242 599 ut
271 543 492 598 mulieri
519 543 659 598 bello
689 553 858 610 capue
886 551 940 594 et
973 541 1024 595 in
1057 539 1368 610 conjugium
1412 538 1632 592 victoris
1659 536 1772 589 ele-

185 643 309 697 cla},
361 633 614 701 corporis
659 630 1002 702 superfluitas
1049 631 1400 684 abscindatur
1431 646 1443 682 :
1479 647 1496 679 ι
1532 628 1661 695 Quae
1691 642 1775 680 ra-

185 726 295 787 det,
351 723 550 792 inquit,
586 721 886 780 caesariem,
934 729 989 774 et
1037 719 1389 774 circumcidet
1435 733 1664 785 ungues.
1721 725 1775 770 et

183 815 415 883 deponet
443 822 672 877 vestem,
705 813 757 866 in
789 829 894 882 qua
927 819 1082 880 capta
1125 818 1228 873 est,
1278 810 1474 864 sedens
1518 811 1572 863 in
1614 809 1774 863 domo

186 913 272 956 tua
317 901 473 956 flebit
517 909 723 971 patrem
770 911 825 955 et
876 910 1107 955 matrem
1156 914 1310 954 suam
1351 915 1460 954 uuo
1488 913 1694 964 mense,
1721 906 1774 953 et

183 1003 367 1062 postea
402 992 633 1046 intrabis
663 990 730 1044 ad
771 1005 890 1044 eam
917 987 1259 1057 dormiesque
1298 1003 1420 1043 cum
1452 988 1561 1048 illa,
1588 996 1643 1040 et
1673 987 1778 1041 erit

184 1100 318 1140 vxor
356 1094 452 1139 tua
505 1083 686 1154 (Deut.
738 1083 876 1147 xxi).
913 1101 931 1132 ι
980 1081 1188 1138 Mulieri
1241 1082 1442 1152 quippe
1494 1079 1775 1134 caesariem

183 1176 444 1236 radimus,
478 1189 601 1230 cum
635 1172 980 1228 rationabilis
1026 1173 1325 1242 disciplinae
1368 1186 1561 1227 sensus
1587 1183 1778 1240 super-

183 1269 316 1324 tinos
381 1278 754 1339 amputamus.
806 1266 1026 1337 Ungues
1072 1267 1235 1321 etiam
1291 1263 1772 1328 circumcidimus,

183 1377 302 1415 cum
337 1360 411 1414 ab
457 1377 522 1415 ea
575 1369 788 1414 mortua
838 1373 1069 1428 quaeque
1115 1357 1559 1426 superstitionum
1610 1367 1775 1424 opera

189 1454 536 1508 desecamus.
570 1452 701 1518 Qua:
723 1450 886 1505 etiam
910 1459 1115 1504 vestem
1154 1449 1445 1520 deponere,
1473 1448 1655 1517 inqua
1691 1452 1775 1500 est

181 1553 360 1613 capta,
410 1542 727 1613 praecipitur
775 1559 786 1594 :
845 1551 904 1597 ut
950 1541 1330 1610 superductam
1378 1539 1679 1594 fabularum
1721 1545 1775 1593 et

181 1634 557 1704 quorumlibet
599 1633 976 1703 figmentorum
1025 1630 1573 1701 exuat'superficiem
1600 1643 1665 1684 ac
1693 1641 1774 1682 so-

178 1725 341 1779 lidam
392 1740 541 1779 verae
595 1723 824 1777 rationis
869 1722 977 1793 35
1021 1721 1276 1777 exhibeat
1311 1720 1617 1776 veritatem.
1667 1717 1768 1773 Pa-
1799 1706 1848 1767 Β

183 1826 317 1871 trem
369 1830 504 1870 vero
540 1825 597 1870 et
649 1823 878 1869 matrem
907 1813 1088 1878 deflet,
1139 1813 1265 1882 quia
1315 1811 1616 1866 liberalium
1675 1825 1774 1864 au-

180 1922 362 1963 ctores
388 1909 592 1963 artium
632 1909 772 1963 inter
799 1917 1040 1964 mortuos
1062 1907 1287 1975 deputat
1313 1913 1368 1960 et
1387 1919 1482 1960 eos
1511 1904 1563 1958 in
1590 1917 1776 1958 errore

181 2002 411 2071 periisse
471 2001 854 2070 compatieudo
902 1999 1166 2069 deplorat.
1222 1996 1566 2053 Consuetudo
1597 2003 1775 2049 autem

184 2092 515 2145 feminarum
568 2099 655 2144 est
707 2105 804 2159 per
852 2101 1290 2158 unumquemque
1338 2100 1580 2141 mensem
1608 2099 1666 2139 se
1695 2082 1776 2137 sui

181 2185 460 2254 singuinis
488 2183 751 2237 effusione
779 2195 1028 2252 purgare.
1078 2178 1209 2232 Post
1235 2192 1474 2232 mensem
1503 2176 1684 2244 itaque
1708 2173 1776 2227 ad

182 2276 314 2329 hanc
348 2273 638 2328 mulierem
669 2271 874 2326 intrare
905 2267 1275 2340 praecipimur,
1303 2275 1364 2320 ut
1393 2275 1567 2320 artem
1598 2263 1778 2332 cujus-

179 2365 303 2420 libet
322 2343 643 2434 ilisciplinaa
671 2363 816 2416 omni
845 2359 1296 2429 superstitionum
1325 2357 1576 2426 contagio
1616 2354 1778 2410 defae-

179 2469 350 2512 catam
381 2457 554 2512 veluti
586 2457 640 2511 in
671 2453 980 2524 conjugium
1009 2451 1324 2514 sortiamur,
1371 2457 1642 2518 quatenus
1662 2447 1777 2517 jam

181 2550 475 2605 Israelitica
510 2548 653 2602 facta
687 2550 1084 2612 consequenter
1104 2541 1158 2595 in
1181 2541 1442 2596 Israelita:
1468 2539 1777 2609 conjuginm

181 2650 427 2698 transeat
480 2650 536 2697 et
591 2641 732 2695 bene
778 2635 1008 2692 fecunda
1064 2631 1385 2704 spiritualim
1417 2616 1639 2701 operum
1686 2644 1774 2684 so-

184 2734 356 2792 bolem
399 2731 617 2789 reddat.

247 2826 344 2881 Cui
401 2824 570 2880 etiam
606 2837 711 2878 non
767 2819 1031 2876 dissimile
1084 2825 1166 2874 est
1213 2816 1354 2888 quod
1389 2815 1530 2871 idem
1563 2815 1776 2886 Moyses

180 2916 476 2973 Israelitico
500 2913 698 2984 pepqu
724 2928 915 2967 aurum
948 2921 1003 2966 et
1031 2920 1316 2980 argentum
1355 2923 1478 2964 cum
1529 2907 1772 2961 vestibus

184 3009 251 3062 ab
277 3007 557 3078 Egyptiis
586 3003 823 3060 mutuari
873 3001 1130 3072 praecepit
1177 3000 1233 3054 in
1263 3015 1372 3069 quo
1423 2997 1688 3058 videlicet,
1718 3005 1776 3050 ut

187 3117 288 3154 non
336 3099 544 3154 diutius
571 3098 854 3157 immorer,
904 3093 1134 3164 mystice
1176 3104 1368 3145 aurum
1394 3098 1449 3144 et
1492 3096 1776 3158 argentum

183 3207 302 3244 cum
347 3189 601 3244 \estibus
631 3188 699 3241 ab
749 3185 1020 3257 Egyptiis
1073 3183 1327 3252 petimus,
1366 3179 1506 3234 unde
1552 3177 1778 3232 Domino

183 3283 598 3338 tabernaculum
632 3279 960 3335 fabricemus
987 3292 1108 3332 cum
1154 3275 1455 3329 mundanus
1503 3281 1688 3342 poetas
1713 3286 1778 3325 ac

180 3374 530 3445 philosophos
571 3372 825 3442 legimus,
876 3378 936 3423 ut
985 3369 1040 3422 in
1099 3366 1298 3421 divinis
1346 3364 1576 3432 eloquiis
1632 3361 1781 3414 lucu-

179 3466 372 3521 lentius
403 3463 674 3536 proficere
703 3461 1001 3516 valeamus.
1052 3459 1178 3513 Sive
1219 3457 1406 3520 etiam,
1456 3453 1597 3524 quod
1652 3467 1776 3523 per-

178 3560 446 3629 spicacius
477 3565 584 3622 est,
619 3571 810 3611 aurum
841 3562 896 3608 et
925 3561 1206 3622 argentum
1250 3548 1446 3603 animo:
1475 3554 1600 3601 sunt
1646 3559 1770 3611 pre-

181 3652 348 3715 tiosae,
373 3665 496 3720 quae
523 3664 646 3704 cum
698 3646 940 3701 vestibus
968 3641 1150 3707 simul,
1207 3640 1261 3696 id
1303 3648 1390 3693 est
1441 3637 1554 3692 suis
1583 3647 1774 3704 corpo-

179 3743 346 3804 ribus,
381 3739 579 3810 polialo
611 3737 707 3792 Dei
761 3751 822 3789 se
876 3732 1149 3803 copulant,
1181 3738 1240 3784 ut
1275 3729 1620 3783 tenebrosum
1670 3723 1775 3778 boc

176 3831 460 3894 saxulum,
498 3829 644 3883 velut
673 3827 970 3898 IEgyptum
1019 3825 1276 3879 deserant
1317 3828 1374 3874 et
1404 3827 1602 3873 terram
1651 3829 1776 3884 pro-

177 3927 397 3980 missam
453 3930 736 3992 perpetua:
785 3918 1061 3974 felicitatis
1111 3914 1411 3984 acquirunt.
1462 3909 1614 3976 Quod
1644 3922 1774 3977 ergo

177 4020 365 4072 beatus
396 4012 764 4070 Eleuchatlius
811 4019 1087 4066 mutuatus
1115 4017 1200 4062 cst
1227 4006 1294 4060 ab
1320 4001 1610 4074 Egyptiis,
1650 4014 1774 4069 pro-

176 4109 301 4166 fecit
342 4109 628 4173 lsraelitis,
670 4117 726 4162 et
760 4107 1094 4165 thesaurum,
1122 4115 1283 4171 quem
1323 4095 1612 4170 gentilitati
1643 4093 1770 4150 sub-

178 4203 361 4273 ripuit,
406 4209 612 4256 sanctae
659 4199 1000 4268 dispensator
1030 4189 1287 4248 Ecclesia:
1317 4187 1545 4243 fideliter
1575 4201 1769 4253 eroga-

179 4295 269 4345 vit.
297 4290 472 4359 Cujus
529 4289 753 4359 quidem
803 4293 954 4356 gesta
1004 4299 1110 4336 non
1157 4279 1498 4351 reperiuntur
1529 4275 1772 4344 apicibus

1874 447 2132 514 expolita.

1949 538 2012 592 Et
2068 554 2165 593 nos
2204 539 2412 608 itaque,
2459 540 2655 594 fratres
2707 539 3034 604 cbarissimi,
3083 542 3238 609 hujus
3282 543 3454 597 sancti

1874 630 2106 685 fervoris
2159 631 2435 685 imitemur
2469 631 2800 702 exemplum.
2853 631 3135 702 Nunquam
3170 634 3456 688 timeamus

1877 721 2011 776 illud
2063 723 2335 793 negotium
2387 733 2700 778 constanter
2741 739 2806 778 ac
2856 724 3180 779 fiducialiter
3213 725 3453 796 aggredi,

1875 811 1927 866 in
1955 827 2062 880 quo
2108 827 2206 866 nos
2259 827 2560 880 speremus,
2606 813 2721 868 sive
2774 829 2872 882 pro
2921 815 3116 868 divinis
3161 815 3455 883 obsequiis,

1875 903 1988 958 sive
2015 919 2112 973 pro
2150 904 2324 958 salute
2357 905 2610 968 fraterna,
2666 907 2932 974 pressuris
2962 915 3123 976 atque
3152 907 3461 961 adversita-

1876 993 2019 1047 tibus
2065 992 2302 1064 fatigari.
2343 993 2601 1065 Fugiatur
2645 997 2835 1061 honor,
2876 996 3070 1067 gloria,
3119 998 3320 1051 divitia:
3342 1013 3458 1052 em-

1874 1083 2066 1153 nisque
2095 1085 2331 1153 dignitas
2361 1085 2694 1154 temporalis.
2735 1085 2912 1139 Labor
2939 1088 3280 1154 obedientim,
3326 1103 3459 1158 pau-

1873 1176 2105 1245 pertatis
2153 1177 2422 1247 angustia,
2452 1187 2507 1231 et
2541 1177 2858 1247 inquietmlo
2887 1179 3170 1234 cbaritatis
3193 1197 3312 1249 (pne
3361 1196 3463 1234 nos

1849 1261 2127 1324 exerceat
2153 1278 2460 1339 appetatur.
2512 1269 2924 1338 Redemptorem
2965 1271 3163 1340 quippe
3210 1279 3456 1324 nostrum

1871 1360 2026 1431 plebs
2054 1359 2297 1423 Jttdaica,
2324 1376 2447 1415 cum
2477 1369 2625 1416 esset
2669 1361 2866 1415 satiata
2895 1361 2960 1416 de
2991 1361 3240 1430 panibus,
3279 1376 3462 1429 regem

1873 1450 2044 1504 voluit
2069 1451 2422 1516 constituere,
2455 1452 2571 1515 sed,
2602 1460 2834 1506 testante
2863 1451 3090 1515 Joanne,
3141 1467 3207 1505 ne
3237 1452 3461 1522 reperiri

1873 1542 2155 1612 potuisset,
2192 1541 2402 1612 aufugit
2430 1542 2482 1595 in
2513 1550 2749 1596 montem
2779 1541 2961 1612 (Joan.
2989 1542 3088 1608 vt).
3113 1539 3246 1595 Cum
3279 1549 3460 1595 autem

1875 1645 2212 1705 qna’reretur
2240 1635 2306 1688 ad
2328 1649 2571 1698 crucem,
2595 1633 2738 1686 ultro
2767 1648 2826 1686 se
2859 1647 2962 1685 non
3005 1631 3460 1700 cognoscentibus

1877 1727 2092 1792 obtulit,
2142 1727 2329 1782 dicens
2355 1743 2368 1780 :
2409 1745 2426 1778 ι
2455 1726 2628 1794 Quem
2655 1725 2942 1794 quaeritis?
2977 1744 2995 1776 ι
3026 1723 3232 1790 Quibus
3276 1724 3461 1793 utique

1875 1820 2291 1891 perhibentibus
2322 1836 2336 1873 :
2368 1837 2385 1870 ε
2415 1817 2599 1873 Jesum
2654 1817 2994 1871 Nazarenum
3031 1835 3049 1866 ι
3083 1830 3140 1869 se
3167 1830 3413 1884 quaerere
3443 1829 3458 1877 ;

1878 1913 2028 1966 illico
2059 1911 2366 1980 respondit:
2397 1929 2416 1961 ι
2445 1909 2557 1978 Ego
2579 1917 2696 1962 Sum
2735 1907 2915 1977 (Joau.
2945 1908 3124 1975 xvm).
3152 1926 3171 1957 ι
3211 1905 3349 1972 Quid
3379 1914 3464 1959 est

1877 2003 2023 2059 enim
2070 2001 2213 2071 quod
2248 2000 2511 2055 Mediator
2546 1997 2638 2052 Dei
2692 2004 2746 2051 et
2787 1997 3068 2050 hominum
3117 1995 3184 2048 ad
3237 2009 3462 2065 regnum

1876 2095 2278 2166 promoventqu
2303 2093 2498 2154 evasit,
2521 2089 2589 2144 ad
2621 2098 2853 2143 mortem
2902 2101 3033 2139 vero
3059 2101 3118 2140 se
3155 2085 3462 2138 ultroneum

1878 2186 2137 2254 qna-situs
2164 2183 2406 2253 ingessit,
2435 2181 2536 2235 nisi
2569 2188 2627 2234 ut
2656 2193 2754 2233 nos
2787 2179 3104 2231 admoneret
3125 2175 3238 2246 36
3275 2174 3462 2229 mundi

1879 2281 2039 2351 hujus
2067 2279 2296 2350 gloriam
2315 2277 2579 2339 devitarc,
2601 2272 2982 2329 tribulationes
3012 2278 3190 2324 autem
3213 2285 3309 2339 pro
3330 2269 3462 2335 Deo,

1877 2384 1934 2429 et
1965 2374 2210 2428 laborum
2268 2370 2626 2438 dolorumque
2655 2379 2941 2438 pressuras
2985 2361 3321 2420 cratulanter
3369 2376 3466 2416 ex-

1877 2472 2062 2535 petere
2083 2463 2107 2516 ἲ

1948 2553 2148 2608 Paulus
2177 2566 2390 2622 quoque
2420 2566 2542 2605 cum
2589 2556 2735 2603 esset
2780 2546 2969 2613 Mileti,
3025 2553 3081 2601 et
3105 2559 3296 2599 omnes
3330 2541 3465 2597 sibi-

1879 2653 1992 2701 met
2020 2645 2385 2716 obsequentes
2433 2657 2659 2712 seseque
2701 2638 3153 2694 afl‘ectuosissime
3182 2637 3466 2707 diligentes

1879 2737 2170 2808 aspiceret,
2225 2735 2296 2790 ita
2359 2742 2418 2788 ut
2461 2734 2636 2788 Lucas
2685 2732 2738 2786 in
2783 2731 2950 2786 Actus
2998 2726 3277 2798 apostolici
3326 2726 3467 2780 libro

1877 2825 2184 2896 perbibeat,
2215 2825 2340 2895 quia
2376 2824 2690 2879 discedente
2721 2819 2887 2874 Paulo
2938 2833 3164 2888 magnus
3189 2816 3346 2872 fletus
3387 2815 3465 2869 fa-

1879 2930 2002 2976 ctus
2045 2929 2128 2974 est
2171 2919 2438 2982 omnium,
2489 2927 2544 2971 et
2573 2914 2995 2986 procumbentes
3046 2925 3212 2979 super
3263 2909 3462 2964 collum

1880 3010 2021 3082 ejus,
2039 3011 2428 3067 osculabantur
2451 3024 2615 3075 eum;
2654 3008 2768 3077 ipse
2800 3015 2980 3060 tamen
3031 3002 3461 3073 Hierosolymam

1881 3120 2147 3177 passurus
2179 3113 2438 3171 tauquam
2466 3101 2784 3172 epulaturus
2807 3098 3118 3152 avidissime
3148 3093 3459 3156 festinabat,

1878 3198 2102 3254 dicens:
2140 3215 2158 3246 ς
2211 3195 2370 3258 Ecce,
2420 3194 2618 3262 inquit,
2677 3191 2930 3260 alligatus
2981 3187 3172 3257 spiritu
3229 3187 3364 3240 vado
3411 3185 3463 3236 in

1877 3287 2245 3350 Hierusalem,
2277 3301 2397 3356 qua:
2425 3285 2476 3339 in
2502 3300 2564 3339 ea
2590 3294 2815 3338 ventura
2850 3289 2977 3335 sunt
3023 3279 3152 3333 mihi
3183 3278 3464 3348 ignorans,

1875 3383 1984 3438 nisi
2023 3381 2166 3451 quod
2216 3379 2442 3450 spiritus
2469 3393 2566 3446 per
2605 3391 2796 3430 omnes
2840 3373 3086 3427 civitates
3131 3377 3469 3439 protestatur

1875 3475 2028 3538 mihi,
2065 3473 2250 3527 dicens
2283 3489 2294 3524 :
2324 3469 2594 3536 Quoniam
2627 3465 2861 3529 vincula,
2890 3473 2942 3519 et
2968 3461 3347 3517 tribulatioucs
3377 3472 3464 3512 me

1875 3573 2118 3626 manent,
2148 3564 2242 3618 sed
2281 3561 2415 3616 nibil
2453 3562 2644 3615 borum
2673 3572 2886 3621 vereor,
2920 3571 3019 3610 nec
3045 3554 3187 3608 facio
3222 3552 3461 3606 animam

1874 3674 2050 3714 meam
2080 3655 2459 3728 pretiosiorem
2509 3667 2668 3721 quam
2711 3664 2816 3712 me,
2873 3647 3163 3701 dummodo
3209 3658 3466 3699 consum-

1875 3766 2020 3807 mem
2047 3763 2267 3804 cursum
2323 3757 2504 3800 meum
2548 3750 2602 3796 et
2649 3738 3006 3793 ministerium
3037 3735 3179 3806 quod
3223 3733 3403 3803 accepi
3432 3747 3464 3788 a

1875 3843 2108 3899 Domino
2139 3880 2154 3905 ,
2214 3835 2492 3892 testificari
2542 3831 2896 3901 Evangelium
2953 3827 3140 3898 gratiae
3177 3826 3271 3880 Dei
3322 3824 3458 3892 (Act.

1875 3938 1987 4006 xx).
2017 3954 2034 3987 ι
2065 3935 2208 3989 Ecce
2235 3929 2467 3984 vallatus
2495 3926 2646 3980 turba
2683 3922 2927 3978 flentium
2957 3917 3180 3973 minime
3207 3914 3461 3981 flectitur,

1874 4025 2132 4083 delinitus
2159 4020 2385 4082 osculis,
2425 4015 2700 4072 blanditus
2746 4010 3022 4080 obsequiis
3062 4009 3130 4062 ad
3187 4009 3269 4062 sui
3303 4007 3465 4061 mise-

1875 4115 2166 4172 ricordiam
2196 4127 2300 4166 non
2327 4119 2594 4173 movetur,
2633 4103 2729 4160 sed
2752 4103 2904 4156 laetus
2932 4102 2998 4154 ad
3034 4100 3246 4154 vincula
3276 4108 3330 4152 et
3358 4107 3467 4151 tor-

1875 4214 2058 4262 menta
2095 4203 2321 4259 festinat
2369 4211 2627 4270 tanquam
2678 4197 2724 4252 si
2773 4195 2840 4248 ad
2886 4193 3126 4262 nuptiale
3156 4191 3464 4246 convivium

1873 4310 2178 4370 pransurus
2202 4292 2445 4348 accedat.

182 4384 403 4446 tradita,
449 4384 542 4436 sed
587 4395 693 4435 non
720 4379 838 4433 sine
883 4391 1048 4430 causa
1077 4381 1336 4464 vetustas,
1490 4367 1768 4424 baSilicam
1805 4367 1887 4464 θ’
1947 4388 2058 4444 Nos
2087 4387 2278 4450 etiam,
2325 4379 2685 4444 dilectissimi,
2731 4378 3066 4431 imitatorum
3119 4370 3321 4425 Cbristi
3374 4385 3464 4424 se—

180 4475 229 4529 in
257 4473 380 4543 ejus
410 4473 672 4528 honorem
705 4466 1032 4528 construxit,
1061 4463 1147 4517 vel
1177 4461 1295 4531 ejus
1342 4459 1549 4515 obitum
1581 4471 1772 4512 annua:

177 4564 546 4621 solemnitatis
593 4561 894 4617 honoribus
931 4556 1203 4612 dedicavit
1272 4551 1406 4606 Nam
1435 4559 1489 4604 et
1519 4547 1773 4604 nonnulla

183 4671 343 4726 super
392 4652 584 4708 Veteri
641 4666 706 4706 ac
759 4647 908 4703 Novo
956 4646 1328 4708 Testamento,
1358 4642 1472 4697 sive
1508 4640 1669 4694 etiam
1707 4637 1774 4693 de

178 4747 576 4812 incarnatione,
632 4743 718 4799 vel
767 4741 1017 4813 passione
1061 4736 1277 4793 Domini
1307 4734 1625 4805 perhibetur
1644 4745 1772 4784 exa-

179 4857 328 4897 rasse
355 4839 654 4898 volumina,
693 4851 816 4906 quae
863 4843 1042 4888 tamen
1088 4830 1416 4899 scriptorum
1445 4826 1774 4881 arbitramur

180 4933 448 4988 oblivione
510 4929 718 4985 deleta.
769 4925 1091 4994 Quanquam
1151 4929 1206 4974 et
1243 4920 1347 4976 hoc
1399 4919 1466 4973 ad
1500 4913 1776 4972 cumulum

184 5023 495 5077 meritorum
527 5021 650 5091 ejus
707 5016 980 5086 pertinere
1026 5027 1135 5068 non
1186 5009 1459 5064 immerito
1504 5005 1773 5068 videatur,

182 5117 317 5184 quod
371 5125 501 5170 tunc
545 5129 608 5168 se
668 5108 789 5164 fieri
821 5105 1094 5162 consensit
1128 5103 1461 5171 episcopum,
1517 5113 1640 5153 cum
1671 5095 1775 5151 Ec-

185 5206 391 5262 clesiam
441 5214 665 5274 egestas
720 5199 1074 5268 opprimeret,
1132 5202 1187 5247 et
1223 5192 1372 5246 rudis
1419 5191 1599 5246 adhuc
1652 5185 1775 5239 fidei

287 5301 317 5311 ob
583 5295 618 5312 I,
657 5300 804 5312 ,.-a..
889 5293 1046 5314 ιιι...-
1437 5279 1743 5314 ἓαιωῖηονοθ

1877 4490 2111 4554 quentes
2156 4475 2424 4546 exempla,
2479 4473 2752 4542 fugiamus
2802 4467 3092 4522 blanditias
3135 4464 3338 4528 saeculi,
3397 4460 3466 4515 ad

1877 4550 2106 4629 adversa
2145 4568 2396 4639 quaelibet
2421 4579 2520 4633 pro
2555 4563 2665 4616 Deo
2703 4557 3022 4630 perferenda
3059 4550 3285 4609 lumbos
3309 4568 3462 4607 men-

1879 4666 1952 4721 tis
1979 4671 2182 4717 nostrze
2230 4657 2464 4711 viriliter
2515 4653 2908 4721 accingamus;
2943 4655 2999 4702 et
3052 4646 3145 4714 qui
3184 4645 3253 4698 ad
3293 4645 3464 4698 baare-

1878 4760 2103 4815 ditatem
2146 4753 2404 4813 filiorum,
2442 4762 2565 4817 qua:
2600 4751 2684 4800 est
2725 4743 2776 4797 in
2814 4739 3012 4813 patria,
3068 4737 3358 4797 tendimus,
3413 4733 3467 4788 in

1878 4850 2074 4909 exsilio
2119 4843 2327 4917 positi,
2368 4851 2759 4897 conservorum
2809 4831 3035 4901 injurias
3089 4827 3470 4898 mquanimiter

1879 4942 2192 5000 toleremus,
2225 4944 2500 5006 quatenus
2540 4940 2810 5000 supernus
2853 4925 3131 4989 inspector
3181 4932 3237 4975 et
3267 4917 3473 4972 arbiter

1879 5040 2067 5090 noster
2099 5027 2453 5083 considerans
2495 5037 2597 5076 nos
2648 5033 2750 5088 pro
2794 5029 2905 5070 sua
2932 5010 3198 5079 jussionis
3250 5003 3480 5078 imperio

1878 5124 2104 5180 minime
2136 5119 2489 5182 reluctantes,
2514 5119 2720 5184 quanto
2763 5124 2906 5165 nunc
2951 5103 3224 5173 conspicit
3258 5112 3480 5170 oppres-

1880 5218 2054 5272 siores
2088 5215 2141 5268 in
2174 5227 2359 5281 poena,
2406 5219 2560 5267 tanto
2607 5204 2955 5278 postmodum
3003 5205 3316 5253 renumeret
3361 5190 3477 5281 feli:

2739 5307 2792 5316 ι--
2805 5313 2820 5315 η
2865 5288 3128 5316 haud“...
3161 5294 3344 5316 κεν-σαν
3387 5273 3474 5316 ΠΙΙί
