3946 5368
517 267 627 322 543

1128 386 1383 450 MART]
1395 390 1507 450 US.

522 485 674 546 XX.
697 484 980 546 Humilia
1009 485 1073 546 in
1107 486 1431 547 Dominica
1463 488 1845 548 Palmorum.

524 564 672 626 ΧΧ.
704 564 912 624 Sermo
946 565 1012 626 in
1059 566 1281 644 vigilia
1313 567 1378 630 S.
1421 567 1740 629 Benedicti
1778 567 2020 628 abbati:
2050 572 2105 626 et

607 644 1006 723 confessoris.

523 719 1023 782 XleHomilia
1063 721 1134 784 de
1177 722 1380 785 eodem
1412 725 1478 786 S.
1515 724 1847 786 Benedicto
1886 725 2102 787 abbate

606 808 661 859 et
696 808 1064 864 confcssore.

521 879 763 940 XXIV.
794 879 1002 941 Sermo
1042 884 1107 942 in
1140 883 1317 944 Cana
1355 883 1625 944 Domini.

523 957 740 1044 ΧΧΥ.⁸
765 959 975 1020 Sermo
1006 961 1068 1022 in
1099 963 1686 1044 Annuntiationcﬂ.
1723 963 1944 1027 Mariae
1978 963 2112 1026 Vir-

648 1055 793 1098 ιηιε.

648 1055 793 1098 mis.

523 1055 792 1198 Χὲξγιι.
824 1118 1036 1181 Sermo
1071 1119 1136 1180 in
1219 1123 1638 1184 esurrectione
1667 1124 1942 1186 Domini.

1268 1223 1374 1277 VII.

667 1325 894 1366 ιιοιιιιιιι
923 1327 976 1367 ιιι
1018 1327 1270 1368 ιιοιιιιιιελ
1313 1329 1619 1368 νλιιιλιιωι.
1653 1315 1744 1382 (xx
1774 1313 1966 1385 ιιΑιιτ.)

603 1416 624 1451 ι
652 1397 788 1454 Cum
840 1403 1327 1472 appropinquasset
1365 1402 1524 1459 Jesus
1576 1403 1968 1476 Hierosolymis
1997 1444 2013 1468 ,
2045 1412 2117 1459 oet

527 1492 772 1548 venisset
814 1493 1126 1566 Bethphage
1155 1497 1222 1550 ad
1257 1485 1495 1552 montem
1541 1496 1762 1563 Oliveti,
1804 1508 1931 1552 tunc
1963 1497 2115 1552 misit

527 1585 662 1639 duos
694 1583 762 1639 de
814 1585 1094 1656 discipulis
1141 1589 1275 1651 suis,
1307 1588 1499 1645 dicens
1544 1589 1624 1645 eis
1657 1607 1671 1642 :
1712 1589 1790 1644 Ite
1831 1590 1884 1644 in
1917 1591 2113 1645 castela-

523 1672 663 1737 lum,
690 1675 835 1744 quod
857 1686 1047 1756 contra
1078 1691 1174 1732 vos
1195 1688 1295 1736 est.
1327 1687 1432 1733 etc.
1465 1678 1682 1750 (Matth.
1715 1679 1852 1751 xxi).
1876 1699 1897 1732 ι

597 1764 866 1822 Passurus
928 1777 1121 1840 sponte
1163 1769 1424 1827 Dominus
1477 1788 1578 1844 pro
1628 1773 1803 1828 salute
1850 1775 2109 1840 humana,
2139 1757 2186 1818 Β

527 1866 865 1927 spontaneos
912 1863 980 1916 ad
1030 1861 1208 1917 locum
1267 1863 1536 1932 passionis
1589 1864 1820 1920 accedit.
1877 1866 1959 1919 Ad
2010 1867 2114 1920 hoc

527 1950 674 2004 venit
709 1950 761 2004 in
800 1953 1080 2019 mundum,
1112 1954 1177 2008 ad
1210 1954 1312 2010 hoc
1345 1965 1505 2010 natus
1529 1967 1636 2020 cst,
1669 1969 1725 2011 ut
1747 1972 1840 2011 sua
1863 1955 2114 2027 passione

523 2042 634 2112 37
683 2059 780 2099 nos
831 2045 1105 2101 liberaret.
1160 2045 1408 2102 Seieuter
1465 2048 1892 2119 Hierosolymam
1945 2047 2112 2112 venit,

525 2138 767 2191 scienter
809 2154 1004 2209 magna
1033 2139 1353 2210 populorum
1385 2150 1675 2198 comitatus
1701 2152 1920 2198 caterva
1964 2157 2119 2213 pom—

535 2243 668 2299 pose
737 2229 1011 2284 civitate‘m
1073 2232 1341 2297 intravit,
1388 2233 1440 2288 in
1495 2249 1599 2304 qua
1665 2234 1997 2300 tradendus,
2060 2235 2114 2289 in

531 2333 638 2387 qua
683 2320 1080 2390 crueiﬁgendus
1122 2329 1259 2378 erat.
1311 2323 1435 2380 llaec
1479 2333 1562 2380 est
1605 2323 1963 2390 Hierusalem,
1994 2341 2115 2396 qua:

529 2408 731 2463 occidit
780 2411 1071 2480 prophetas
1105 2421 1161 2467 et
1194 2412 1391 2483 lapidat
1425 2429 1520 2470 eos
1555 2415 1644 2484 qui
1695 2417 1762 2470 ad
1795 2429 1916 2470 eam
1967 2414 2116 2470 missi

530 2510 661 2554 sunt
714 2493 930 2570 (Matth.
977 2501 1155 2574 xxm).
1205 2503 1251 2559 0
1301 2503 1483 2558 infelix
1529 2505 1758 2570 civitas,
1797 2519 1958 2575 quam
2007 2504 2121 2576 gloo

534 2588 681 2644 riosa
745 2593 814 2645 de
862 2600 915 2647 te
963 2593 1279 2649 dicerentur
1307 2635 1323 2660 ,
1384 2595 1431 2650 si
1482 2597 1790 2652 venientem
1836 2596 2121 2652 Dominum

523 2683 884 2750 agnovisscs.
953 2685 997 2740 si
1066 2686 1115 2741 ei
1185 2687 1404 2758 cognito
1465 2687 1702 2742 debitam
1759 2687 2121 2744 reverentiam

532 2775 894 2832 exhibuisses.
948 2775 993 2833 Ο
1040 2779 1258 2845 misera,
1315 2795 1348 2835 ο
1401 2778 1620 2835 malitia:
1663 2795 1852 2834 errore
1895 2788 2120 2844 caecata,

530 2865 677 2918 venit
703 2866 772 2920 ad
808 2875 857 2921 te
885 2866 1138 2923 Salvator
1169 2879 1314 2935 tuus,
1341 2880 1398 2926 et
1428 2886 1536 2926 non
1565 2879 1748 2941 potes,
1777 2885 1875 2925 nec
1906 2870 1990 2923 vis
2031 2884 2127 2924 eo-

531 2968 794 3022 gnoscere
829 2973 973 3012 eum.
1021 2959 1179 3014 Venit
1211 2960 1324 3029 ipse
1367 2962 1432 3015 ad
1463 2961 1816 3027 salvandum;
1868 2970 1924 3016 tu
1976 2976 2118 3016 recc.

534 3045 712 3099 dendo
738 3047 955 3102 accedis
977 3048 1040 3102 ad
1069 3051 1403 3118 perdendum
1431 3066 1579 3106 ειιιιι.
1609 3051 1725 3122 Ipse
1751 3062 1906 3120 parat
1937 3053 2031 3106 tibi
2065 3060 2124 3106 ιιι

535 3143 740 3202 aegroto
778 3136 1042 3202 salutem;
1072 3149 1126 3194 et
1161 3149 1216 3194 tu
1261 3155 1422 3210 paras
1450 3142 1499 3196 ci
1536 3112 1699 3196 veluti
1734 3112 1835 3196 furi
1880 3157 2118 3197 crucem.
2149 3112 2195 3174 (ί

535 3226 648 3280 Cur
677 3236 728 3282 te
766 3237 913 3284 tanta
940 3231 1290 3287 tenebrarum
1323 3233 1500 3302 caligo
1527 3235 1822 3290 contexit?
1861 3234 1971 3290 Cur
2015 3251 2122 3290 non

536 3319 756 3382 recolis,
781 3323 925 3391 quod
952 3323 1155 3379 dictum
1187 3335 1270 3380 est
1297 3341 1394 3396 per
1414 3327 1731 3383 Zachariam
1761 3329 2076 3399 prophetam
2107 3347 2120 3382 :

544 3428 564 3460 ι
595 3407 710 3464 Noli
744 3411 954 3479 timere,
997 3413 1105 3468 ﬁlia
1137 3414 1292 3480 Sion,
1329 3431 1457 3472 ecce
1512 3432 1607 3473 rex
1659 3427 1782 3474 tuus
1829 3421 1978 3474 venit
2029 3421 2125 3477 tibi

533 3512 882 3570 mansuetus,
905 3505 1102 3560 sedens
1126 3521 1290 3576 super
1311 3507 1513 3577 pullum
1538 3508 1867 3580 subjugalisf?
1896 3530 1915 3564 ι
1939 3511 2126 3581 (Zach.

541 3593 646 3662 ιι.)
677 3593 816 3649 Ecce
864 3604 1106 3651 tantares
1137 3598 1348 3668 perdite
1386 3599 1616 3656 consilio
1655 3615 1738 3666 es,
1765 3602 1922 3657 times
1948 3617 2128 3672 regem

545 3691 696 3738 tmtm
728 3685 1026 3754 suscipere,
1065 3703 1132 3742 ne
1161 3703 1385 3758 regnum
1434 3675 1710 3744 terrenum
1743 3691 1981 3748 amittas.
2023 3691 2131 3750 Sed

544 3774 673 3829 dum
706 3775 879 3846 ipsum
933 3793 1038 3833 non
1068 3780 1286 3851 recipis,
1319 3797 1542 3853 regnum
1571 3784 1770 3853 perdis,
1801 3793 1855 3839 et
1893 3793 2129 3855 gentem.

537 3865 643 3926 ,νίς
668 3883 830 3922 unum
863 3869 1192 3938 interﬁcere,
1224 3887 1291 3926 ne
1315 3881 1426 3928 tota
1454 3889 1586 3944 gens
1615 3875 2002 3947 pereatann.
2029 3877 2130 3945 xu).

549 3953 655 4009 Sed
713 3958 839 4012 dum
889 3975 1054 4014 utinm
1121 3962 1402 4029 interﬁcis,
1459 3965 1533 4018 tui
1593 3973 1822 4036 pereunt
1874 3967 2134 4022 universi.

549 4042 782 4100 Pronule
805 4045 872 4100 de
903 4057 953 4102 te
987 4049 1125 4104 bene
1156 4051 1438 4106 dicendum
1465 4063 1550 4108 est
1579 4073 1590 4108 :
1630 4075 1646 4106 ι
1692 4053 1778 4109 Vae
1809 4057 1956 4126 genti
2007 4071 2136 4126 pec-

549 4137 766 4204 catr'ci,
818 4140 1014 4208 populo
1065 4143 1215 4212 gravi
1271 4143 1579 4213 iniquitate,
1632 4147 1824 4202 semini
1880 4162 2134 4217 nequam,
2178 4164 2183 4169 '

554 4228 679 4284 ﬁliis
727 4232 1024 4288 sceleratis.
1076 4233 1340 4291 Genimen
1395 4253 1455 4292 es
1505 4239 1834 4309 viperarum,
1873 4255 1995 4309 qua:
2030 4255 2136 4296 non

553 4321 657 4376 nisi
709 4321 920 4378 cﬂ‘ossis
971 4327 1234 4381 maternis
1287 4327 1550 4384 lateribus
1607 4331 2024 4397 oriuutansa.
2083 4349 2134 4398 I;

541 4413 744 4468 .Jlutth.
795 4430 888 4479 ιιι,
948 4432 1118 4482 xxm;
1176 4417 1304 4472 Luc.
1360 4422 1474 4484 tu);
1523 4441 1541 4473 ι
1601 4422 1681 4477 sic
1722 4432 1775 4477 tu
1819 4439 1924 4478 non
1979 4432 2140 4493 putas

1167 271 1225 328 s.
1265 250 1469 330 ιιετιιι
1509 273 1792 331 unum
1827 273 1976 330 ore.
2007 273 2201 331 mas
2231 275 2362 334 seu
2396 276 2633 336 renus
2652 277 2716 334 ιι.
2748 309 2818 322 -
2841 278 3230 339 εειιιιοκες.

3690 288 3793 344 διδ

2145 393 2184 451 Α
2215 387 2418 444 locari?
2445 391 2499 444 lu
2531 391 2631 446 hac
2661 399 2748 446 tua
2773 391 3180 461 deliberatione,
3213 394 3265 448 in
3303 394 3407 449 hoc
3436 402 3530 449 tuo
3574 399 3796 453 consilio

2211 481 2394 536 deﬁcit
2445 482 2670 552 spiritus
2725 500 2897 539 meus.
2950 486 3281 555 Compatior,
3334 486 3573 542 Domine
3627 487 3749 542 Jesu
3781 530 3795 554 ,

2207 588 2371 643 super
2398 576 2666 643 passionis
2689 585 2792 631 tua:
2815 577 3117 647 angustias.
3142 577 3440 633 Consilium
3462 577 3613 632 Petri
3639 581 3795 633 amici

2198 665 2286 719 tui
2315 665 2524 719 videtur
2553 666 2688 721 mihi
2709 667 2920 732 sedere,
2958 668 3048 746 qui
3083 668 3158 722 ait
3189 687 3202 722 :
3238 688 3257 720 ι
3292 669 3450 723 Absit
3499 685 3528 722 a
3581 677 3650 733 te,
3702 669 3801 721 Do-

2209 757 2379 822 mine,
2410 772 2754 827 nequaquam
2785 758 2876 812 ﬁet
2906 759 3007 814 hoc
3027 757 3243 829 (Matth.
3279 760 3414 830 3m).
3449 777 3468 810 ι
3502 757 3623 813 Non
3649 760 3797 811 decet

2209 849 2376 904 ﬁlium
2409 851 2501 905 Dei
2531 861 2760 907 mortem
2781 861 3019 921 gustare.
3045 852 3150 908 Sed
3177 852 3358 908 differt
3382 855 3486 908 hoc
3507 853 3791 908 consilium

2210 957 2238 996 a
2272 952 2382 1008 tuo,
2421 945 2514 1014 qui
2555 944 2797 1015 disponis
2825 955 3054 1000 mortem
3086 946 3290 1002 subire.
3335 947 3475 1014 Quid
3503 947 3678 1016 ergo?
3705 945 3799 1001 Pe-

2213 1034 2303 1097 tri,
2334 1050 2401 1088 an
2433 1033 2559 1091 Jesu
2588 1037 2874 1092 consilium
2905 1046 2988 1093 est
3035 1040 3364 1094 tenendum?
3390 1040 3558 1104 servi,
3607 1055 3674 1092 an
3705 1040 3796 1093 do-

2213 1125 2383 1180 mini?
2415 1126 2687 1198 discipuli,
2733 1143 2802 1182 an
2829 1125 3143 1200 ,magistri?
3183 1129 3287 1184 Sed
3329 1145 3435 1184 non
3489 1139 3576 1184 est
3613 1145 3798 1184 servus

2203 1217 2387 1286 major
2414 1218 2632 1273 domino
2657 1234 2778 1284 suo,
2817 1234 2916 1275 nec
2962 1219 3260 1290 discipulus
3283 1221 3495 1274 doctior
3535 1220 3796 1288 magistro

2209 1311 2396 1384 .(loan.
2425 1329 2552 1381 xm;
2601 1313 2792 1368 Matth.
2825 1331 2893 1380 x;
2927 1312 3054 1367 Luc.
3084 1315 3182 1384 vn).
3225 1314 3696 1385 Acquiescendum
3726 1322 3803 1366 est

2219 1403 2402 1472 itaque
2429 1404 2642 1460 Domini
2674 1414 2730 1459 et
2753 1405 2996 1476 magistri
3021 1404 3378 1475 eonsilio,qui
3405 1403 3642 1460 consilio
3663 1402 3804 1456 nullo

2217 1505 2373 1566 eget;
2416 1511 2485 1551 ne
2523 1497 2734 1551 dicatur
2777 1497 2906 1551 mihi
2955 1513 3076 1552 cum
3129 1497 3288 1553 Petro
3325 1515 3338 1551 :
3397 1516 3416 1549 ι
3456 1497 3609 1551 Vade
3639 1504 3802 1558 retro,

2220 1587 2442 1654 Satana,
2468 1603 2576 1644 non
2611 1589 2758 1658 sapis
2795 1603 2915 1659 quze
2946 1589 3038 1644 Dei
3069 1599 3194 1645 sunt
3218 1589 3438 1661 (Matth.
3471 1588 3609 1659 xvr).
3636 1581 3667 1641 ἰ
3707 1587 3803 1642 Νε-

2223 1680 2438 1736 sciebat
2465 1681 2609 1736 enim
2640 1681 2832 1736 Petrus
2859 1680 3134 1735 Christum
3179 1681 3512 1751 disposuisse
3547 1681 3618 1734 ab
3656 1679 3806 1734 initio

2217 1781 2281 1828 ut
2313 1782 2542 1828 mortem
2578 1781 2817 1828 nostram
2868 1772 3152 1827 moriendo
3181 1771 3488 1827 destrueret
3534 1779 3595 1825 et
3637 1771 3800 1822 vitam

2215 1864 2548 1932 resurgendo
2574 1871 2885 1934 repararet.

2220 2017 2223 2020 _
2287 1956 2440 2023 Quod
2473 1955 2846 2026 igitur'divina
2861 1955 3510 2026 sapientiadisposuerat,
3537 1953 3806 2022 sapienter

2215 2048 2380 2103 voluit
2408 2047 2724 2118 adimplere.
2753 2047 2949 2112 Voluit,
2966 2049 3262 2103 secundum
3288 2048 3607 2117 prophetica
3626 2047 3805 2106 verba.

2219 2141 2438 2195 humilis
2474 2150 2528 2195 et
2575 2156 2780 2211 pauper
2819 2141 3008 2196 sedere
3039 2155 3202 2210 super
3234 2141 3470 2204 asinam,
3520 2148 3574 2193 et
3624 2138 3810 2192 “ieru-

2221 2232 2389 2287 salem
2437 2233 2625 2288 venire
2670 2231 2862 2303 (lacis.
2896 2234 2995 2298 Ix),
3041 2233 3180 2287 sicut
3224 2231 3560 2299 evangelista
3613 2238 3808 2292 narrat,

2222 2324 2409 2380 dicens
2434 2341 2448 2380 :
2477 2341 2494 2376 ι
2523 2323 2658 2380 Cum
2682 2323 3335 2394 apprOpinquassetJesus
3361 2321 3810 2392 Hierosolymam,

2222 2423 2277 2470 et
2303 2417 2539 2472 venisset
2562 2416 2870 2487 Bethphage
2899 2417 2965 2470 ad
2991 2424 3227 2471 montem
3261 2414 3480 2478 Oiivcti,
3513 2423 3644 2468 tunc
3674 2413 3814 2466 misit

2223 2507 2358 2563 duos
2388 2523 2456 2564 ex
2485 2507 2767 2576 discipulis
2792 2506 2926 2571 suis,
2959 2506 3146 2561 dicens
3173 2505 3251 2560 eis
3279 2523 3292 2557 :
3329 2505 3404 2559 Ite
3433 2505 3487 2558 in
3512 2503 3820 2566 eat-stellumr

2225 2599 2369 2668 quod
2405 2607 2597 2651 contra
2636 2611 2732 2650 vos
2759 2596 2985 2667 38est,
3010 2605 3062 2651 et
3081 2595 3264 2650 statim
3296 2594 3587 2649 invenietis
3611 2594 3812 2647 asinam

2225 2687 2525 2758 alligatam.
2575 2696 2630 2743 et
2674 2687 2878 2758 pullum
2928 2702 3049 2741 cum
3103 2701 3192 2751 ea,
3241 2685 3433 2740 solvite
3461 2695 3520 2740 et
3572 2683 3851 2739 adducitc+

2227 2780 2363 2834 mihi
2397 2778 2613 2851 (Matth.
2646 2779 2782 2848 xxt).
2825 2796 2843 2831 ι
2889 2775 3182 2832 Castellum
3224 2775 3366 2830 istud
3423 2775 3666 2828 mundus
3713 2781 3809 2836 est,

2225 2872 2314 2942 qui
2353 2881 2545 2927 contra
2582 2871 2866 2925 Dominum
2922 2879 2978 2925 et
3028 2867 3319 2939 discipulos
3355 2866 3476 2936 ejus
3531 2867 3657 2925 fuit.
3716 2881 3812 2919 non

2226 2962 2400 3017 solum
2448 2963 2750 3033 opprobriis
2805 2969 2861 3016 et
2909 2961 3133 3032 ﬂagellis
3163 2975 3256 3016 eos
3294 2961 3700 3030 persequendo,
3731 2956 3812 3012 sed

2226 3055 2390 3108 etiam
2420 3053 2854 3109 crudelissimam
2906 3060 3133 3107 mortem
3190 3049 3491 3106 inferendo.
3531 3049 3688 3105 Unde
3719 3049 3813 3102 Do-

2228 3143 2408 3197 minus
2437 3161 2450 3196 :
2490 3160 2508 3193 ι
2549 3141 2606 3197 Si
2645 3142 2876 3196 mundus
2903 3156 2998 3196 vos
3027 3141 3160 3206 odit,
3192 3141 3387 3195 scitote
3412 3139 3542 3209 quia
3571 3154 3661 3192 me
3683 3139 3818 3209 prio-

2228 3250 2344 3290 rem
2405 3235 2559 3289 vobis
2622 3233 2750 3288 odio
2801 3234 3005 3289 habuit.
3058 3231 3115 3288 Si
3169 3231 3236 3286 de
3292 3231 3494 3284 mundo
3562 3230 3812 3290 fuissetis,

2215 3325 2485 3389 'nmndus,
2518 3325 2661 3395 quod
2700 3339 2856 3378 suum
2899 3335 3039 3388 erat,
3075 3321 3353 3390 diligeret;
3411 3319 3541 3390 quia
3589 3335 3721 3375 vero
3758 3319 3815 3372 de

2215 3419 2431 3472 "munde
2455 3434 2558 3471 non
2585 3419 2740 3482 estis,
2760 3416 2868 3471 sed
2902 3430 3004 3482 ego
3032 3415 3168 3485 elegi
3199 3430 3295 3469 vos
3330 3415 3396 3470 de
3429 3414 3658 3479 mundo,
3704 3429 3816 3484 pro-

2229 3517 2416 3579 pterea
2448 3508 2561 3562 odit
2591 3523 2687 3562 vos
2718 3509 2952 3561 mundus
2983 3506 3166 3577 (Joan.
3206 3506 3317 3574 xv).
3364 3522 3383 3556 ι
3577 3553 3582 3557 .

2306 3597 2410 3654 Per
2437 3598 2642 3652 asinam
2665 3606 2718 3652 et
2756 3597 2982 3668 pullum,
3013 3597 3104 3666 qui
3134 3607 3291 3651 erant
3319 3596 3370 3650 in
3399 3594 3632 3652 castello
3659 3594 3812 3664 ligati,

2233 3689 2541 3746 Judaeorum
2589 3689 2928 3761 signiﬁcatur
2953 3689 3178 3760 populus
3205 3697 3261 3743 et
3304 3688 3551 3759 gentilis,
3599 3701 3814 3757 quorum

2235 3796 2463 3856 uterque
2497 3794 2843 3856 peccatorum
2876 3783 3108 3838 vinculis
3136 3781 3467 3850 subiacebat.
3498 3781 3668 3834 Asina
3710 3779 3818 3833 sub-

2230 3878 2429 3952 jugalis
2459 3877 2741 3932 Judaicnm
2798 3875 3048 3948 populum
3097 3876 3273 3946 signat
3318 3875 3449 3943 jugo
3478 3873 3618 3944 legis
3647 3870 3818 3940 sulije--

2238 3953 2408 4028 ctum.
2438 3970 2620 4026 Pullus
2645 3969 2931 4025 lasciviens
2961 3978 3014 4022 et
3049 3965 3266 4023 eﬁ‘renis
3291 3967 3546 4038 gentilem
3579 3963 3816 4035 populum

2240 4071 2391 4118 notat
2421 4061 2717 4116 secutnlum
2769 4059 3036 4114 desideria
3077 4059 3259 4112 carnis
3288 4056 3683 4111 ambulantem.
3718 4053 3817 4106 Duo

2241 4154 2491 4224 discipuli
2546 4154 2693 4208 missi
2748 4153 2800 4208 in
2851 4152 3132 4207 castellum
3185 4153 3412 4205 duorum
3466 4158 3599 4203 sunt
3643 4147 3817 4201 Testa-

2242 4256 2548 4301 mentorum
2583 4245 2988 4316 praedicatores,
3036 4243 3248 4314 gemina
3300 4241 3509 4312 piarditi
3539 4239 3815 4298 charitate,

2243 4336 2335 4391 Dei
2368 4336 2577 4392 scilicet
2625 4344 2681 4390 et
2736 4335 2968 4407 proximi
3019 4335 3330 4396 dilectione,
3383 4332 3498 4387 sive
3551 4330 3746 4386 Petrus
3772 4337 3817 4380 et

2246 4428 2466 4493 Paulus,
2507 4443 2737 4498 quorum
2782 4442 2922 4481 lllllIS
2972 4428 3235 4497 gentium,
3278 4423 3416 4477 alter
3459 4421 3563 4475 fuit
3612 4427 3817 4489 aposto-

549 4505 802 4571 evadere,
833 4507 934 4560 nisi
976 4507 1151 4577 patris
1172 4508 1270 4574 tui,
1298 4510 1389 4578 qui
1419 4509 1546 4566 fecit
1575 4520 1646 4575 te,
1678 4511 1820 4566 latus
1859 4486 2134 4568 eruentes.
2169 4486 2218 4546 υ
2245 4519 2329 4575 lus
2364 4486 2693 4575 Judmorum.
2739 4518 2893 4574 Unde
2946 4486 3061 4588 ipse
3110 4486 3349 4571 Paulus:
3386 4533 3404 4566 ι
3441 4513 3546 4581 Qui
3576 4486 3818 4584 opet'alus

549 4595 795 4652 Crudelis
817 4607 1003 4667 partus
1029 4607 1132 4664 est,
1158 4609 1216 4654 et
1234 4602 1544 4660 enecandus
1571 4603 1665 4672 qui
1692 4613 1883 4658 enecat
1916 4604 2138 4672 parien-

551 4699 684 4746 tem.
713 4691 819 4746 Sed
843 4692 974 4762 quid
997 4693 1192 4748 attinet
1215 4695 1281 4748 ad
1305 4696 1640 4765 propositum
1670 4696 1886 4751 czecitas
1918 4693 2135 4752 Iudaeo-

549 4786 710 4838 rum?
729 4786 869 4840 Croci
900 4785 1140 4852 fuerunt,
1183 4788 1350 4844 duces
1380 4803 1648 4846 cmeorum
1681 4789 1898 4860 (Matth.
1925 4792 2039 4861 xv),
2082 4799 2137 4846 et

552 4874 673 4928 ideo
704 4875 939 4946 utrique,
968 4876 1022 4930 id
1043 4885 1128 4931 est
1151 4878 1423 4948 principes
1451 4892 1640 4934 eorum
1685 4886 1742 4934 et
1783 4878 2049 4949 juniores,
2078 4881 2131 4934 in

550 4964 762 5019 foveam
789 4966 1122 5022 ceciderunt.

624 5056 703 5109 De
731 5064 780 5111 te
803 5067 1006 5123 autem,
1033 5060 1256 5115 Domine
1278 5062 1425 5127 Jesu,
1443 5063 1732 5118 admiratio
1753 5071 1808 5118 et
1831 5063 2135 5133 compassio

554 5147 772 5194 crescit.
813 5145 1012 5194 Cnr'atl
1040 5147 1255 5194 Jllt'lmns
1284 5153 1450 5194 Vzlt‘iﬂ,
1485 5154 1574 5194 ηιιὶ
1605 5154 1800 5194 animm
1848 5162 1953 5194 tum
1998 5153 2136 5192 inci-

2244 4622 2326 4668 est
2356 4611 2544 4675 Petro,
2569 4609 2760 4680 inquit,
2786 4611 2838 4664 in
2861 4610 3184 4680 apostolatu,
3214 4617 3470 4677 operatus
3497 4612 3584 4659 est
3612 4613 3669 4657 et
3698 4599 3816 4655 mihi

2244 4703 2388 4758 inter
2417 4710 2605 4773 gentes
2650 4699 2853 4769 (σαῖσι.
2891 4700 2972 4772 ιι).
3013 4718 3034 4752 ι
3086 4699 3164 4754 Illi
3210 4698 3491 4753 solverunt
3542 4703 3817 4759 utrumque

2245 4797 2500 4868 pupulum
2532 4797 2601 4850 ab
2647 4795 2982 4850 inﬁdelitatis
3021 4808 3227 4859 errore,
3261 4799 3318 4845 et
3361 4791 3528 4844 verbo
3573 4790 3818 4859 praedica-

2246 4888 2406 4942 tionis
2434 4887 2704 4940 duxerunt
2726 4885 2793 4938 ad
2821 4885 2980 4939 ﬁdem
3010 4881 3136 4938 Iesu
3157 4881 3380 4937 Christi.
3409 4879 3672 4933 Dominus
3694 4877 3817 4931 sedit

2243 4990 2406 5046 super
2433 4990 2546 5038 eos,
2579 4973 2705 5044 quia
2739 4989 2804 5029 ex
2856 4973 2963 5027 ﬁde
3010 4987 3106 5027 sua
3148 4969 3473 5039 justiﬁcavit
3513 4967 3656 5032 illos,
3692 4967 3816 5019 sicut

2243 5069 2502 5136 scriptum
2535 5076 2620 5120 est
2658 5085 2671 5120 :
2713 5066 2905 5119 Anima
2938 5065 3069 5134 justi
3117 5064 3272 5118 sedes
3299 5072 3386 5117 est
3421 5062 3718 5132 sapientiae.
3753 5059 3814 5111 De

2338 5161 2524 5190 :uonnn
2571 5158 2955 5190 ἷηειῖηηηΙῖηιιΔ
2998 5156 3128 5190 ιηνῖΙ
3168 5153 3451 5190 Annclnlnc
3484 5171 3496 5183 ⁸
3550 5171 3568 5190 Ι
3615 5153 3689 5190 An
3729 5149 3805 5190 111-

2242 5161 2524 5192 ιιινιῖηοηηΛ
2571 5158 2955 5192 ἷηειῖηιυιιῖηηα
2998 5156 3128 5192 Iuv“
3168 5153 3451 5192 Annclnlnc
3484 5171 3496 5183 '
