3946 5368
202 276 305 336 545

1678 271 1807 329 SER
1816 271 1912 329 ΜΟ
1959 275 2086 331 ῊΙΙ.

3377 291 3486 349 546

201 363 412 457 dctum,
465 404 567 462 per
617 383 796 461 quam'
833 390 1144 460 designatur
1193 387 1480 443 confessio.
1531 387 1613 442 Ad
1657 387 1798 442 hanc
1827 394 1872 452 Α
1901 387 2146 456 pertulit,
2196 388 2249 443 in
2280 399 2670 460 superventura
2705 402 2882 450 autem
2933 396 3160 464 patriam
3207 397 3488 460 felicitatis

202 484 468 538 Dominus
513 484 677 544 venit,
717 482 842 551 quia
891 483 957 536 ad
999 480 1364 536 confitendum
1398 479 1558 533 corda
1607 494 1802 533 accen-

200 578 293 630 dit.
346 574 669 640 Castellum,
702 577 846 644 quod
874 583 956 629 est
997 583 1184 629 contra
1232 573 1516 627 Dominum
1575 581 1629 626 et
1680 574 1799 642 ejus

199 667 520 735 discipulos,
564 675 647 720 est
694 667 910 720 animus
953 665 1281 729 obstinatus,
1315 663 1548 734 propriae
1585 664 1797 718 deditus

199 757 490 811 voluntati.
525 757 638 811 Duo
672 756 917 826 discipuli
947 757 1014 809 ad
1046 771 1169 809 eum
1209 755 1359 810 missi
1396 765 1556 821 sunt,
1589 769 1712 824 spes
1741 764 1796 811 et

200 847 384 900 timor.
401 847 569 901 Asina
588 855 638 901 et
656 846 830 917 pullus
841 847 1063 918 alligati,
1082 846 1356 901 humilitas
1378 855 1434 901 et
1455 847 1789 918 simplicitas.

196 938 522 1009 llnjusmodi
570 921 714 994 enim
761 939 975 992 animus
1017 937 1306 1008 aliquando
1357 939 1503 992 novit
1547 939 1675 1009 quid
1721 940 1793 994 sit

197 1030 499 1096 humilitas,
532 1032 659 1101 quid
710 1029 1050 1100 simplicitas,
1099 1031 1326 1100 etquod
1376 1031 1791 1101 simpliciteret

194 1120 475 1174 humiliter
505 1121 574 1174 sit
603 1121 922 1186 vivendum;
967 1121 1060 1174 scd
1101 1119 1254 1189 quasi
1296 1120 1389 1174 e‘as
1414 1119 1596 1190 alligat
1619 1128 1669 1175 et
1699 1135 1789 1175 re-

193 1210 362 1280 ponil,
413 1209 544 1264 dum
592 1225 698 1265 non
753 1209 863 1263 vult
923 1224 1016 1264 eas
1071 1224 1234 1279 opere
1268 1223 1543 1264 exercere.
1595 1209 1788 1264 Terret

194 1302 333 1356 hunc
364 1301 554 1364 timor,
597 1301 686 1355 ubi
733 1315 761 1354 a
802 1300 944 1355 malo
991 1300 1298 1370 resipuerit,
1332 1301 1548 1356 minans
1575 1301 1623 1355 ei
1677 1312 1790 1356 tor-

189 1401 391 1445 menta.
423 1391 713 1445 Confortat
757 1407 880 1446 eum
916 1407 1061 1461 spes,
1109 1392 1154 1446 si
1203 1391 1536 1461 paenituerit,
1567 1393 1784 1462 prtemia

185 1483 515 1550 pollicendo.
559 1482 955 1554 Compungitur
997 1483 1081 1537 his
1139 1483 1346 1538 duobus
1391 1485 1624 1538 animus.
1667 1484 1786 1540 Sol-

185 1573 329 1626 vitur
355 1574 536 1640 asina,
583 1583 639 1628 et
686 1575 881 1645 pullus,
912 1590 1034 1629 cum
1073 1574 1288 1629 obviam
1328 1575 1556 1630 Domino
1604 1577 1786 1631 eundo

187 1662 528 1736 Betliphage,
561 1665 850 1721 confitetur
898 1682 956 1722 se
1002 1681 1276 1737 peccasse,
1309 1675 1364 1722 et
1414 1671 1684 1737 promittit
1723 1684 1784 1725 se

1899 488 2115 533 mterua!
2143 482 2454 548 perenniter
2483 493 2806 552 regnaturus
2853 485 3096 541 intravit.
3145 487 3204 543 lu
3256 491 3360 546 hac
3396 495 3487 548 die

1899 572 2253 626 mmrentibus
2277 574 2553 644 discipulis
2575 585 2967 632 momentanea:
2996 581 3282 635 succubuit
3307 582 3481 650 febri;

1897 657 1950 713 in
1983 660 2070 713 illa
2104 675 2233 716 vero
2271 665 2770 734 congratulantibus
2797 667 2918 722 cmli
2962 670 3252 726 virtutibus
3301 673 3485 742 gloriae

1895 749 2138 805 ctelestis
2169 753 2413 808 invectus
2434 765 2517 808 est
2545 755 2796 811 claritati.
2820 758 3075 829 Corporis
3099 761 3482 830 deposuitsar-

1894 840 2093 906 cinam,
2123 859 2243 897 mox
2272 843 2693 901 immortalitatis
2715 847 2935 903 indutus
2960 859 3044 905 est
3067 851 3257 905 stolam
3281 852 3478 923 (Gaiae.

1891 947 1929 986 ιι
1956 931 2100 986 Dial.
2129 950 2250 1004 cap.
2281 936 2394 1004 57).
2432 936 2530 990 Vili
2563 937 2892 996 decumbens
2933 941 3134 1006 cilicio,
3181 943 3321 996 inter
3348 961 3480 1013 pau-

1890 1037 2077 1077 corum
2105 1022 2494 1094 discipulorum
2543 1043 2736 1082 manus
2774 1030 3023 1098 spiritum
3071 1032 3331 1099 reddidit;
3379 1035 3476 1090 sed

1889 1129 2011 1168 mox
2045 1129 2142 1184 per
2161 1117 2304 1170 viam
2352 1117 2529 1187 palliis
2566 1127 2792 1172 stratam
2835 1119 3278 1193 lampadibusque
3319 1141 3478 1180 coru-

1887 1219 2034 1259 scam
2060 1206 2624 1263 ad‘innumerabilium
2651 1211 2968 1280 angelorum
2995 1211 3222 1268 laetabile
3251 1229 3476 1272 censor-

1889 1296 2020 1350 tium
2051 1297 2371 1366 pervolavit.
2423 1299 2528 1353 Sed
2567 1298 2696 1369 quid
2730 1301 2927 1354 mirum
2955 1302 3002 1355 si
3031 1301 3268 1357 caelestis
3310 1304 3476 1360 curia:

1845 1399 2106 1443 'senalor
2157 1389 2380 1460 insignis
2434 1400 2557 1460 post
2602 1389 2816 1445 felicem
2875 1391 3104 1456 obitum,
3161 1394 3474 1464 angelorum

1885 1482 2040 1552 petiit
2097 1485 2511 1539 contubernium
2543 1525 2559 1550 ,
2612 1486 3048 1556 quandoquidem
3097 1497 3153 1542 et
3209 1489 3261 1542 in
3308 1504 3476 1546 came

1887 1577 2063 1632 adhuc
2092 1578 2427 1647 corruptibili
2456 1579 3014 1643 constitutus,eorum
3042 1591 3151 1636 tam
3179 1598 3321 1653 sepe
3347 1600 3474 1654 pro-

1888 1667 2085 1721 meruit
2134 1667 2395 1722 familiare
2433 1669 2794 1738 colloquium?
2844 1670 2997 1734 Nam,
3044 1682 3104 1726 ut
3147 1674 3213 1728 de
3259 1677 3473 1733 caeteri:

185 1753 442 1823 deinceps
476 1755 757 1810 humiliter
779 1765 834 1810 et
878 1757 1199 1826 simpliciter
1249 1758 1542 1813 victurum.
1590 1759 1657 1813 Et
1699 1761 1777 1815 sic
1811 1755 1852 1812 Β
1881 1758 2094 1822 sileam,
2128 1774 2313 1822 unum,
2348 1760 2490 1828 quod
2521 1776 2740 1814 sacrum
2784 1771 2951 1831 atque
2993 1765 3291 1820 veridicum
3337 1766 3472 1823 Gre-

184 1846 268 1914 qui
302 1847 460 1915 prius
489 1857 612 1902 erat
661 1847 939 1901 castellum
985 1848 1204 1912 diaboli,
1246 1847 1478 1904 efficitur
1512 1850 1642 1904 urbs
1671 1849 1781 1903 for-

181 1938 434 1992 titudinis
463 1947 666 1993 nostra:
686 1938 848 2005 Sion;
885 1938 1135 1994 Salva-tur
1154 1940 1379 2009 ponitur
1402 1940 1453 1994 in
1478 1956 1539 1995 ea
1569 1956 1775 2006 murus,

183 2041 234 2085 et
262 2032 608 2087 antemurale
639 2031 775 2104 (Isa.
804 2034 976 2105 xxvi).
1007 2031 1189 2086 Murus
1206 2032 1480 2088 humilitas
1502 2042 1607 2096 est,
1633 2045 1781 2088 ante-

182 2124 388 2178 murale
430 2127 715 2195 patientia.

250 2214 614 2285 Egrediamur
661 2217 842 2287 igitur,
901 2216 1228 2283 charissimi,
1282 2217 1494 2273 obviam
1549 2219 1776 2275 Domino

180 2302 526 2378 Bethphage,
558 2307 869 2379 compuncti
901 2308 1092 2364 timore
1119 2323 1299 2379 pinna:
1332 2318 1388 2364 et
1419 2324 1513 2379 spe
1539 2312 1776 2369 caelestis

177 2396 300 2451 vita:
328 2397 553 2464 ﬁrmati,
585 2399 894 2456 confitendo
923 2409 1140 2470 peccata
1170 2401 1464 2466 humiliter,
1492 2412 1546 2457 et
1571 2404 1776 2474 simpli-

177 2489 310 2544 citer
339 2491 694 2556 ambulando,
739 2491 1028 2547 substratis
1054 2495 1297 2548 vestibus
1332 2504 1534 2550 nostrae
1574 2513 1772 2552 carna-

177 2581 360 2650 litatis,
389 2594 448 2638 ut
477 2585 530 2638 in
561 2587 718 2641 nobis
744 2586 996 2657 dignetur
1032 2588 1219 2643 sedere
1258 2587 1540 2650 Dominus,
1590 2601 1646 2646 et
1675 2608 1774 2648 nos

177 2691 359 2732 secum
389 2677 444 2731 in
475 2677 754 2734 caelestem
795 2678 1128 2734 llierusalem
1172 2680 1538 2738 introducere.
1575 2683 1768 2739 Amen.

699 2793 810 2864 39
847 2792 1079 2850 SERMO
1122 2795 1250 2850 Vill.

243 2899 294 2938 IN
324 2899 529 2939 YIGILIA
563 2901 608 2941 8.
649 2901 928 3029 Βεδεοξετι
961 2903 1185 3029 ΔΒΒΔἘΙΒ
1219 2905 1290 2944 ΕΤ
1328 2904 1696 2947 CONFESSORIS.

843 2973 908 3010 XX
950 2973 1116 3012 MART.

843 2973 908 3010 XX
950 2973 1116 3012 MART.

243 3045 478 3116 Yigi‘lias
510 3047 712 3118 egregii
755 3046 1100 3113 confessoris,
1141 3049 1283 3103 beati
1314 3051 1561 3106 videlicet
1600 3051 1768 3107 Bene-

174 3136 324 3200 dicti,
360 3137 562 3191 l'ratres
590 3137 919 3204 cbarissimi,
952 3138 1110 3193 hodie
1133 3139 1384 3206 colimus,
1422 3158 1644 3197 necesse
1681 3153 1766 3198 est

172 3233 230 3279 ut
253 3227 321 3279 ad
351 3226 680 3281 celebranda
713 3227 1077 3284 solemnitatis
1091 3228 1205 3296 ejus
1229 3231 1458 3303 insignia
1485 3245 1765 3304 promptos

172 3317 384 3371 animos
414 3333 801 3388 pra-paremus.
841 3318 960 3374 Jam
1007 3321 1188 3392 itaque
1225 3323 1564 3393 Splendorem
1603 3336 1764 3382 tanta:

171 3408 536 3463 selemnitatis
577 3424 728 3464 meus
753 3410 940 3464 devota
974 3413 1261 3481 concipiat,
1295 3413 1360 3467 ad
1401 3417 1658 3472 excubias
1705 3433 1764 3472 se

169 3494 270 3563 pia:
296 3497 577 3550 servitutis
605 3497 870 3565 accingat,
913 3515 977 3553 ac
1003 3499 1216 3555 ﬂamma
1249 3503 1415 3558 divini
1443 3507 1646 3560 amoris
1676 3521 1765 3560 so-

170 3584 263 3640 lito
292 3585 592 3643 ferventius
629 3589 939 3644 incalescat.
983 3590 1196 3663 Scopis,
1239 3593 1391 3663 juxta
1420 3597 1762 3650 consuetudi-

170 3693 316 3741 nem,
359 3680 656 3734 mundatur
680 3680 945 3748 Ecclesia,
975 3698 1072 3753 per
1096 3685 1362 3739 sinceram
1391 3701 1603 3756 quoque
1631 3702 1762 3741 con-

170 3771 457 3828 fessionem
490 3775 808 3845 purificetur
855 3793 884 3830 a
926 3793 1105 3848 prava:
1156 3779 1502 3849 cogitationis
1541 3779 1761 3850 pulvere

168 3866 528 3920 conscientia.
558 3866 939 3937 Przeparanlur
974 3867 1285 3934 luminaria,
1331 3868 1556 3923 diversa:
1601 3884 1761 3923 orna-

167 3971 474 4013 mentorum
505 3959 715 4029 species
743 3962 1148 4032 appenduutur;
1201 3961 1253 4015 in
1292 3963 1602 4030 pectoribus
1632 3980 1761 4033 quo-

166 4066 267 4120 que
298 4051 524 4112 nostris,
555 4051 738 4106 divina
770 4052 1030 4123 largiente
1063 4052 1370 4117 clementia,
1403 4053 1547 4106 varia
1579 4055 1763 4126 dispo-

167 4153 364 4196 nantur
398 4151 720 4196 ornamenta
765 4144 1022 4198 virtutum
1068 4160 1082 4197 ;
1131 4143 1317 4213 sicque
1368 4143 1572 4214 pharus
1618 4134 1774 4202 inte—-

166 4232 322 4287 rioris
363 4232 551 4302 templi
601 4242 734 4303 quot
784 4233 888 4303 piis
932 4234 1123 4289 studiis
1175 4233 1330 4304 quasi
1382 4242 1460 4288 tot
1515 4237 1756 4292 coruscis

165 4322 506 4394 lampadibus
528 4325 875 4379 accendatur.
913 4325 1183 4378 Debemus
1212 4325 1374 4394 igitur
1409 4324 1570 4380 hodie
1596 4328 1754 4385 beato

166 4417 298 4481 viro,
352 4415 500 4470 velut
549 4417 861 4486 aegrotanti,
913 4415 1015 4484 piis
1042 4415 1341 4470 visceribus
1392 4417 1645 4486 compati,
1694 4429 1755 4473 ut

166 4524 280 4564 cras
308 4510 508 4563 merito
538 4511 814 4561 valeamus
863 4507 926 4562 de
957 4509 1328 4578 assumptione
1376 4507 1492 4576 ejus
1534 4524 1656 4563 cum
1689 4526 1752 4565 eo

162 4607 362 4674 pariter
390 4603 634 4676 gloriari.
667 4601 819 4656 Sicut
844 4610 896 4656 et
927 4602 992 4656 de
1017 4600 1378 4671 Redemptore
1411 4613 1596 4656 nostro
1620 4602 1754 4657 dicit

162 4696 489 4765 Apostolus:
530 4716 547 4746 ι
589 4694 728 4761 Quia
759 4693 801 4748 si
835 4693 1222 4747 commorimur
1260 4701 1313 4746 et
1361 4694 1748 4760 convivemus;

163 4789 206 4842 si
253 4790 619 4859 compatiumr
646 4827 661 4850 ,
711 4794 766 4840 et
812 4784 1270 4854 conregnabimus
1307 4783 1391 4854 (ΙΙ
1428 4783 1562 4838 Tim.
1595 4785 1677 4855 ιι).
1727 4805 1745 4838 ι

164 4881 294 4936 llinc
319 4898 532 4936 rursum
559 4880 639 4934 ait
666 4897 678 4933 :
721 4896 738 4930 ‹
776 4879 831 4933 Si
854 4878 1203 4949 complantati
1235 4878 1360 4933 facti
1388 4895 1574 4934 sumus
1601 4880 1751 4935 simi-

166 4975 365 5030 litudini
395 4975 594 5030 mortis
625 4973 768 5043 ejus,
817 4971 973 5028 simul
1021 4983 1074 5027 et
1105 4973 1519 5028 resurrectionis
1547 4974 1750 5032 erimus

164 5067 321 5137 (Rom.
365 5078 465 5140 rx).
507 5089 525 5120 ι
567 5065 726 5133 Quod
755 5081 880 5138 ergo
929 5066 1196 5122 debemus
1239 5067 1402 5135 capiti
1451 5065 1746 5127 electorum

163 5163 383 5218 omnium
417 5159 672 5222 Christo,
707 5155 956 5213 debemus
1005 5163 1062 5209 et
1111 5170 1268 5210 servo
1309 5157 1425 5228 ejus
1456 5161 1751 5219 venerabili

162 5251 467 5316 Benedicto;
504 5249 790 5313 nimirum,
842 5260 898 5304 ut
942 5248 1342 5317 compatiamur
1371 5248 1744 5319 a‘gritudinem

1883 1852 2088 1919 got-iani
2130 1853 2252 1923 styli
2281 1851 2413 1923 fugit
2441 1854 2752 1920 articulum,
2777 1857 3035 1910 'cbaritati
3059 1868 3254 1913 vestra:
3289 1861 3472 1915 celan-

1881 1940 2007 1994 dum
2031 1955 2151 1995 esse
2177 1957 2282 1995 non
2314 1943 2572 1997 arbitror.

1954 2031 2118 2087 l’lane
2151 2048 2271 2086 cum
2303 2033 2386 2087 vir
2407 2033 2499 2089 Dei
2527 2035 2850 2091 Benedictus
2874 2037 2929 2092 in
2965 2030 3107 2104 loco,
3139 2041 3231 2110 qui
3265 2040 3466 2097 Subla-

1879 2137 1978 2177 cus
2007 2124 2223 2190 dicitur,
2269 2127 2596 2181 constructis
2636 2128 3061 2201 circumquaque
3113 2135 3465 2191 monasteriis

1879 2216 2152 2272 solitarius
2180 2217 2420 2288 degeret,
2454 2217 2715 2274 divinitus
2755 2229 2840 2274 est
2887 2223 3192 2278 admonitus
3235 2234 3294 2280 ut
3345 2226 3467 2282 loco

1877 2309 2096 2363 cederet
2139 2319 2507 2381 castrumque,
2553 2311 2696 2381 quod
2727 2310 2982 2367 Casinum
3009 2314 3231 2382 dicitur,
3269 2333 3468 2389 prope-

1877 2408 2045 2453 raret.
2083 2398 2229 2454 lllico
2258 2400 2342 2453 vir
2387 2411 2608 2455 sanctus
2661 2403 2868 2472 absque
2913 2405 3203 2476 cujuslibet
3252 2402 3468 2464 comitis

1876 2489 2225 2555 adminiculo,
2257 2491 2402 2546 solus
2433 2501 2493 2546 ut
2516 2502 2657 2558 erat,
2688 2494 2787 2548 iter
2813 2497 3041 2564 arripuit
3076 2507 3132 2552 et
3162 2515 3259 2567 per
3307 2500 3466 2569 quin-

1875 2585 2132 2652 quaginta
2168 2581 2281 2636 fere
2305 2597 2560 2652 passuum
2593 2584 2759 2639 millia
2799 2587 3074 2655 gradiens,
3119 2588 3319 2654 locum,
3353 2606 3463 2659 quo

1875 2677 2189 2742 vocabatur,
2219 2676 2422 2730 invisit.
2477 2675 2582 2732 Sed
2625 2693 2750 2733 cum
2795 2694 2893 2748 per
2935 2681 3112 2751 ignota
3160 2681 3276 2736 loca
3317 2682 3464 2738 solus

1873 2766 2049 2821 viator
2074 2768 2369 2831 incederet,
2401 2768 2708 2839 ubicunque
2745 2770 2945 2825 bivium
2978 2775 3318 2838 occurrebat,
3352 2773 3461 2828 duo

1873 2861 2118 2930 protinus
2136 2859 2363 2929 juvenes
2408 2860 2733 2916 videbantur
2772 2863 3051 2932 assistere,
3097 2867 3186 2936 qui
3221 2867 3320 2921 sibi
3352 2882 3461 2937 quo

1871 2967 2090 3022 gressus
2139 2952 2372 3022 dirigere
2409 2951 2638 3006 debebat
2673 2952 2996 3008 indicarent.
3050 2955 3153 3020 Qui
3205 2957 3460 3011 nimirum

1871 3043 1981 3116 40
2011 3043 2258 3112 juvenes,
2313 3044 2404 3114 qui
2458 3043 2548 3098 alii
2580 3053 2707 3098 sunt
2759 3046 3040 3109 credendi,
3094 3047 3194 3102 nisi
3227 3047 3458 3116 angelici

1795 3108 1839 3170 (ἶ
1869 3108 2092 3203 spiritus
2136 3136 2200 3188 ad
2242 3108 2416 3188 sancti
2469 3135 2572 3188 viri
2631 3137 2935 3190 custodiam
2983 3138 3262 3206 deputati?
3304 3108 3460 3204 “Quid

1871 3234 2050 3278 autem
2085 3225 2279 3278 mirum
2310 3224 2353 3278 si
2401 3223 2602 3292 angeli,
2647 3234 2960 3280 sanctorum
2990 3226 3242 3280 videlicet
3285 3227 3462 3282 homi-

1868 3330 1996 3384 num
2026 3324 2313 3377 amatores,
2335 3315 2440 3370 iter
2468 3315 2787 3382 edocebant,
2817 3331 2886 3371 ne
2903 3316 2984 3369 vir
3003 3327 3225 3372 sanctus
3243 3329 3458 3372 erraret

1867 3419 1989 3459 cum
2021 3415 2076 3459 et
2095 3405 2250 3459 bruta
2275 3405 2526 3459 animalia
2567 3409 2684 3475 ejus
2723 3407 2946 3476 vestigia
2983 3418 3358 3478 sequerentur,
3387 3423 3456 3464 ne

1865 3495 2012 3549 solus
2051 3495 2261 3550 abiret?
2287 3496 2421 3550 Nam
2466 3505 2578 3551 tres
2603 3500 2751 3550 corvi
2782 3512 2879 3566 per
2907 3512 3120 3552 omnem
3151 3500 3289 3552 viam
3319 3499 3456 3553 indi-

1865 3585 2011 3639 vidui
2036 3587 2136 3640 sibi
2166 3587 2391 3640 comites
2415 3586 2652 3652 fuerunt,
2677 3587 2796 3656 ejus
2825 3587 3038 3641 assidue
3071 3587 3297 3657 vestigia
3328 3603 3453 3658 pro-

1863 3666 2178 3746 sequentes;
2235 3675 2502 3746 hodieque
2543 3678 2596 3730 in
2639 3678 2798 3738 silva,
2833 3693 2954 3746 qua:
2992 3677 3290 3732 venerabili
3337 3693 3451 3732 mo-

1863 3771 2105 3826 nasterio
2128 3770 2309 3826 Casini
2342 3770 2540 3824 montis
2579 3771 2808 3839 adjacet,
2839 3771 2966 3834 duo,
3000 3771 3133 3834 sive,
3159 3779 3218 3824 ut
3241 3771 3448 3837 ferunt,

1865 3873 1976 3919 tres
1999 3865 2146 3918 corvi
2179 3878 2357 3918 annua
2381 3876 2596 3933 semper
2624 3862 2959 3918 revolutione
2988 3863 3290 3928 nidificant,
3312 3879 3450 3933 quos

1863 3955 2060 4010 abillis
2084 3955 2288 4024 antiqui
2322 3953 2582 4024 temporis
2627 3953 2806 4008 corvis
2837 3953 3074 4008 nonnulli
3113 3955 3328 4024 prodire
3355 3970 3450 4024 per

1861 4045 2138 4101 traducem
2166 4035 2416 4102 [seminis
2463 4057 2798 4102 asseverant.
2853 4048 2921 4102 Et
2968 4064 3153 4104 revera
3208 4052 3448 4120 qumidie

1861 4139 2176 4194 monasterii
2209 4136 2415 4194 foribus
2442 4139 2717 4205 advolant,
2761 4149 2820 4194 ut
2849 4140 3203 4209 crocitantes,
3247 4152 3302 4197 et
3331 4142 3447 4197 alas

1859 4242 1924 4281 ac
1955 4237 2130 4284 rostra
2163 4228 2483 4300 pandentes,
2519 4230 2735 4284 solitam
2764 4243 2968 4297 escam,
3013 4232 3161 4285 velut
3205 4233 3445 4287 debitum

1858 4335 2078 4376 censum
2106 4334 2174 4375 ex
2205 4329 2430 4376 vetustte
2465 4322 2821 4390 possessionis
2845 4321 2971 4389 jure
3009 4323 3324 4392 deposcant.
3354 4325 3443 4390 Et,

1856 4412 2135 4466 utclarius
2181 4412 2488 4468 innotescat
2531 4428 2693 4483 quam
2744 4414 2970 4484 pervigil
3011 4430 3175 4484 super
3225 4417 3443 4471 beatum

1859 4505 2033 4557 virum
2088 4501 2270 4558 divina
2312 4506 2483 4574 gratia
2515 4507 2905 4569 coruscaverit,
2948 4515 3172 4561 sanctus
3222 4507 3442 4576 quidam

1859 4596 1942 4649 vir
1972 4597 2024 4649 in
2050 4596 2295 4666 praedicti
2324 4596 2504 4650 Casini
2535 4598 2735 4650 montis
2767 4606 2892 4651 tunc
2927 4611 3052 4650 arce
3075 4598 3441 4669 degebat,cui

1857 4686 2036 4740 divina
2061 4701 2192 4740 voce
2214 4693 2538 4755 przeceptum
2564 4695 2649 4741 est
2675 4697 2732 4741 ut
2761 4688 3092 4744 abscederet.
3123 4690 3322 4760 aliique
3351 4691 3443 4758 qui

1857 4793 2030 4832 novus
2058 4776 2330 4832 habitator
2357 4777 2640 4831 accederet
2665 4778 2839 4833 locum
2861 4779 3032 4832 daret.
3052 4779 3183 4842 Haec
3205 4782 3362 4854 plane
3379 4780 3447 4832 de

1855 4869 2023 4924 Marci
2053 4869 2294 4939 ejusdem
2315 4869 2563 4924 videlicet
2593 4871 2736 4926 beati
2764 4870 3040 4925 Benedicti
3075 4873 3337 4948 discipuli
3364 4885 3456 4924 ve-

1856 4970 2019 5018 nusto
2044 4963 2284 5017 carmine
2321 4963 2429 5033 jam
2452 4960 2852 5027 delluravimus,
2877 4961 3005 5030 quia
3047 4963 3106 5018 in
3161 4962 3468 5029 veneranda

1855 5054 2205 5124 Gregoriana:
2229 5055 2464 5110 historia:
2484 5052 2627 5106 serie
2652 5057 2872 5110 minimc
2911 5056 3272 5123 reperimus,

1931 5142 2112 5214 Nuper
2135 5146 2302 5199 etiam
2323 5147 2472 5216 juxta
2506 5142 2792 5211 praefatum
2822 5141 3004 5198 Casini
3041 5158 3285 5215 mgnus
3306 5152 3486 5199 emno-

1855 5237 2032 5300 bium,
2071 5237 2203 5291 satis
2248 5238 2460 5307 insigne
2494 5236 2818 5295 miraculum
2859 5235 3139 5308 contigit,
3208 5238 3351 5321 quod
3390 5242 3493 5330 non

1898 5333 1910 5348 ι
1939 5346 1944 5347 γ
1995 5344 2030 5348 γ,
2065 5330 2174 5348 n-_,-
2231 5346 2240 5347 κ
2335 5331 2364 5348 1⁵
2389 5343 2486 5348 ﬂ”-
2537 5329 2574 5348 ,Ξ
2619 5345 2629 5347 -
2669 5335 2680 5348 ι
2743 5335 2755 5346 υ
2882 5329 2963 5348 ~--€
2995 5344 3022 5348 --
3055 5330 3067 5347 9
3243 5340 3274 5348 -.
3345 5329 3412 5348 -..Ι
3445 5332 3495 5348 III
