3946 5368
478 207 582 263 647

481 419 582 471 dus
631 416 769 486 ignei
819 416 1084 470 caumatis
1129 415 1414 470 ardoribus
1463 422 1747 478 aestuaret,
1796 413 1903 476 die,
1955 425 2061 480 qua

480 507 853 577 praediximus,
883 507 1122 561 rusticus
1157 507 1400 576 quidam,
1440 515 1500 558 ut
1539 508 1732 560 uberes
1772 510 2064 574 proventus

485 599 598 652 suis
621 597 902 652 novalibus
925 597 1255 666 provideret,
1273 607 1556 667 postquam
1580 604 1790 664 segetes
1815 593 2062 658 messuit,

482 703 605 740 mox
635 687 877 756 stipulas,
911 702 1030 755 qua:
1056 695 1450 748 remanserant,
1483 685 1609 756 igne
1631 684 1925 738 succendit.
1960 682 2065 736 Be-

481 787 639 846 pente
669 793 795 831 vero
817 778 1029 830 ﬂamma
1057 776 1307 840 saeviens,
1326 785 1434 830 tota
1461 777 1697 846 undique
1720 790 1910 829 versus
1936 787 2064 826 arva

481 868 762 936 corripuit,
795 879 848 921 et
873 884 992 923 .non
1023 879 1275 923 contenta
1314 867 1589 937 palearum
1621 865 1834 930 culmis,
1877 865 1968 917 sed
2011 873 2068 918 et

482 957 669 1021 silvas,
724 967 778 1011 et
825 958 993 1013 saltus
1042 968 1096 1012 et
1153 974 1379 1028 qumque
1417 957 1636 1012 fuerant
1671 957 1848 1020 obvia,
1897 954 2069 1024 globis

481 1048 788 1104 furentibus
833 1049 1200 1120 conﬂagravit.
1235 1049 1480 1119 Cumque
1527 1049 1596 1102 ad
1648 1048 1701 1102 id
1753 1057 2067 1118 perventum

482 1150 659 1205 esset,
709 1149 767 1193 ut
812 1141 1064 1210 qnwlibet
1113 1140 1411 1209 adjacentia
1467 1139 1800 1194 monasterio
1847 1135 2067 1205 jamjam

482 1246 619 1299 pene
654 1231 794 1300 ignis
829 1230 1006 1302 lingua
1049 1233 1431 1301 prolamberet,
1485 1239 1540 1282 et
1572 1247 1677 1284 non
1729 1229 1838 1300 jam
1875 1228 2070 1282 dubius

483 1320 602 1376 loco
651 1331 838 1375 sancto
905 1322 1156 1375 interitus
1207 1322 1542 1385 immineret,
1593 1320 1772 1374 subito
1819 1319 1871 1373 in
1927 1317 2070 1371 aeris

485 1411 738 1466 vastitate
785 1412 1048 1466 nubecula
1081 1413 1262 1467 brevis
1307 1412 1460 1468 valde
1509 1421 1563 1466 et
1613 1412 1770 1466 exilis
1800 1411 2066 1480 apparuit,

485 1517 720 1571 moxque
748 1502 1006 1572 paulatim
1053 1504 1105 1557 in
1152 1504 1414 1573 ampliora
1449 1519 1509 1558 se
1551 1503 1856 1573 porrigens.
1907 1515 2071 1571 supra

490 1603 665 1649 totum
719 1609 776 1648 se
823 1596 1058 1665 undique
1093 1598 1406 1651 monasterii
1457 1597 1746 1651 circuitum
1803 1594 2068 1649 dilatavit.

1162 206 1222 264 S.
1259 206 1462 262 PETRI
1491 203 1775 261 DAMIALVI
1799 203 1950 260 OPP.
1990 198 2172 258 PARS
2211 198 2338 256 SEU
2368 197 2681 255 TOMUSII.
2715 229 2783 237 ——
2813 197 3203 254 SERMONES.

478 339 585 394 que
611 321 787 377 omnis
817 321 970 376 tellus
995 331 1288 386 aresceret,
1315 331 1365 377 et
1399 321 1694 376 ferventius
1722 319 1883 375 solito
1905 334 2056 372 mun-
2088 319 2137 380 Α

3646 197 3748 255 548

2234 313 2291 367 In
2343 313 2538 382 vigiliis
2586 311 2781 382 quippe
2810 312 2968 367 debet
3016 313 3318 368 celebrator
3359 312 3547 384 afﬂigi,
3602 317 3747 370 utin

2164 402 2502 458 solemnitate
2528 401 2702 456 valeat
2745 402 3022 473 gratulari.
3059 403 3210 458 Nunc
3238 404 3420 472 itaque
3452 405 3598 460 illius
3627 407 3752 460 ulti-

2164 512 2266 551 ma:
2316 497 2750 561 resurrectionis,
2812 498 2923 552 veri
2975 498 3184 553 scilicet
3237 499 3480 564 Paschm,
3538 501 3750 569 vigilias

2165 586 2411 649 colimus,
2441 585 2488 638 si
2513 585 2813 640 voluntates
2842 587 3087 655 proprias
3117 586 3448 657 frangamus,
3481 589 3525 640 si
3572 593 3750 644 ramis

2166 675 2426 746 impetum
2458 675 2812 739 refrenemus,
2845 677 2888 730 si
2919 676 3274 746 cogitationes
3302 692 3500 745 pravas
3527 693 3558 729 a
3589 683 3751 733 corde

2167 767 2513 837 repellamus,
2553 781 2768 821 crucem
2806 777 2929 836 post
2970 767 3178 833 Jesum,
3229 771 3598 839 nosmetipsos
3625 769 3754 824 aﬂli-

2167 861 2358 930 gendo,
2413 859 2582 924 corde
2641 857 2968 926 bajulemus,
3021 861 3065 914 si
3133 861 3367 930 denique
3437 863 3755 917 studeamns

2167 950 2560 1006 otfendentibus
2584 965 2829 1019 parcere,
2864 951 3229 1022 indigentibus
3252 954 3569 1017 subvenire,
3606 955 3751 1009 veri-

2167 1051 2332 1097 tatem
2361 1056 2456 1096 ore
2487 1042 2751 1112 proferre,
2781 1044 3103 1098 eharitatem
3133 1060 3237 1098 non
3293 1045 3475 1100 ﬁctam
3508 1046 3563 1099 in
3597 1051 3756 1102 corde

2169 1147 2424 1188 scrvare:
2460 1134 2504 1187 si
2535 1149 2638 1188 non
2676 1149 2930 1188 vacemus
2975 1134 3190 1198 fabulis,
3226 1151 3331 1190 non
3364 1137 3550 1191 verbis
3579 1139 3757 1192 inten-

2170 1223 2360 1278 damus
2382 1223 2593 1287 otiosis,
2619 1240 2724 1278 non
2755 1236 2970 1280 terrena
3001 1227 3252 1295 quaelibet
3282 1229 3758 1298 concupiscamus,

2175 1328 2281 1368 non
2314 1315 2544 1383 negotiis
2573 1314 2922 1370 saxularibus
2951 1330 3050 1370 nos
3086 1317 3454 1384 implicemus;
3502 1319 3545 1372 si
3598 1335 3761 1389 puras

2171 1413 2225 1458 et
2246 1405 2488 1474 quotidie
2507 1404 2617 1459 Deo
2640 1405 2868 1459 mundas
2897 1407 3210 1461 stmleamus
3238 1409 3517 1462 orationes
3538 1409 3756 1476 oﬂerre,

2173 1497 2215 1552 si
2254 1498 2476 1552 verbum
2535 1497 2626 1552 Dei
2659 1507 2771 1552 toto
2815 1497 2998 1553 cordis
3046 1497 3239 1553 affectu
3283 1500 3494 1570 jngiter
3533 1501 3765 1557 delectet

2174 1589 2362 1644 audire
2399 1600 2456 1643 ut
2500 1588 2748 1645 Christus
2786 1591 3042 1644 audiatur
3085 1591 3138 1645 in
3167 1591 3369 1662 lingua,
3403 1592 3658 1648 Christus
3685 1595 3762 1648 vi-

488 1683 627 1750 Quid
659 1683 820 1738 verba
849 1684 1050 1739 diutius
1077 1686 1426 1754 protraham?
1463 1686 1508 1742 Ο
1556 1686 1930 1740 inenarrabilis
1977 1699 2071 1738 su-
2106 1689 2148 1747 Β
2178 1681 2371 1734 deatur
2397 1681 2449 1734 in
2478 1681 2612 1746 vita,
2643 1680 2897 1736 Christus
2929 1681 2979 1736 in
3008 1681 3192 1746 corde,
3226 1681 3482 1738 Christus
3526 1686 3579 1737 in
3613 1699 3761 1739 voce.

488 1788 669 1844 pernae
695 1775 912 1830 virtutis
947 1776 1186 1846 potentia
1218 1777 1231 1830 !
1257 1791 1290 1830 ο
1323 1791 1596 1845 nunquam
1628 1775 1885 1830 deﬁciens
1914 1788 2074 1843 super

489 1865 691 1920 electos
719 1881 848 1921 suos
876 1867 1053 1920 divina
1081 1866 1357 1921 custodia!
1391 1866 1646 1921 Protinus
1677 1881 1797 1921 sese
1827 1865 1998 1919 nubes
2022 1864 2074 1918 in

489 1956 794 2026 largissima
851 1956 1142 2012 imbrifera:
1194 1959 1554 2012 inundationis
1605 1957 1804 2011 fluenta
1835 1954 2076 2018 resolvit,

492 2046 627 2099 adeo
672 2055 729 2099 ut
759 2062 864 2100 non
897 2047 1054 2101 modo
1098 2047 1310 2102 voracis
1340 2047 1572 2101 incendii
1600 2046 1846 2099 ﬂammas
1873 2044 2079 2098 exstin-

491 2147 700 2208 gueret,
731 2140 824 2193 sed
851 2147 906 2192 et
933 2154 1148 2194 onmem
1173 2139 1344 2194 sancti
1367 2139 1466 2193 loci
1497 2139 1781 2193 circuitum
1811 2138 2080 2207 prolluena

493 2230 628 2282 tium
658 2230 1018 2298 procellarum
1049 2231 1284 2300 copiosis
1324 2229 1769 2284 inundationibus
1807 2230 2075 2299 irrigarct.

491 2318 583 2382 Et,
623 2331 776 2374 utne
804 2321 926 2390 quis
967 2322 1208 2391 ambigat
1253 2323 1452 2377 nubem
1503 2321 1645 2376 illam
1697 2321 1905 2375 meritis
1935 2319 2078 2376 beati

491 2408 768 2465 Benedicti
832 2410 1000 2465 fuisse
1047 2411 1333 2481 prolatam,
1380 2420 1541 2479 atque
1589 2412 1655 2464 ad
1693 2411 1864 2466 solam
1906 2410 2080 2465 sancti

493 2499 597 2556 loci
654 2502 770 2572 ejus
826 2503 1154 2571 processisse
1212 2503 1537 2568 custodiam,
1587 2518 1710 2557 cum
1783 2511 1894 2555 tota
1957 2499 2079 2554 cwli

493 2591 702 2660 sphaera
734 2595 993 2648 continua
1022 2594 1262 2664 undique
1291 2595 1586 2649 serenitate
1615 2593 1965 2658 claresceret,
2003 2593 2082 2648 sic

493 2700 552 2740 se
577 2685 644 2739 ad
679 2686 990 2741 monasterii
1022 2702 1332 2743 mensuram
1375 2688 1546 2742 nubes
1589 2687 1679 2741 illa
1715 2687 1978 2748 cohibuit,
2025 2693 2082 2739 ut

496 2778 726 2831 ubertim
770 2779 987 2848 quidem
1019 2779 1222 2834 sanctis
1252 2779 1495 2835 aediﬁciis
1525 2779 1826 2848 adjaceutia
1855 2794 2082 2849 qumque

495 2867 863 2936 perfunderet,
919 2871 986 2924 ad
1037 2870 1264 2923 ﬁnitima
1315 2886 1444 2925 vero
1471 2880 1524 2925 et
1552 2873 1805 2925 continua
1833 2871 2085 2940 quaelibet

496 2957 614 3012 loca
645 2959 861 3028 penitus
884 2974 990 3013 non
1018 2960 1270 3014 stillaret.
1301 2961 1434 3015 Nam
1455 2972 1507 3016 et
1531 2962 1607 3026 hi,
1640 2962 1731 3031 qui
1761 2963 1826 3016 de
1856 2962 2083 3017 vicinio-

498 3050 650 3104 ribus
695 3050 826 3103 locis
867 3050 932 3103 ad
985 3053 1371 3122 protegendum
1427 3055 1814 3107 monasterium
1847 3052 2083 3121 undique
2115 3040 2160 3102 C

499 3142 864 3205 conﬂuebant,
891 3142 1230 3196 mirabantur
1278 3157 1338 3197 sc
1394 3143 1574 3198 subito
1621 3141 1727 3214 41
1785 3142 2080 3208 madeﬁeri,

500 3249 623 3288 cum
667 3243 890 3288 eatenus
921 3234 1121 3289 fuerint
1142 3250 1248 3290 nou
1290 3235 1463 3306 aquis,
1497 3235 1589 3290 sed
1619 3235 1906 3291 sudoribus
1938 3235 2084 3290 tabe-

500 3324 652 3381 farti.

572 3419 745 3484 Quam
777 3417 986 3473 ﬁrmam
1031 3435 1162 3489 ergo
1196 3418 1466 3485 fiduciam,
1498 3418 1698 3476 fratres
1722 3417 1856 3484 inci,
1887 3420 1939 3473 in
1973 3428 2081 3477 tam

500 3524 723 3567 Strenuo
751 3523 912 3582 atque
953 3515 1199 3586 pervigili
1231 3531 1518 3585 possumus
1561 3515 1759 3570 habere
1809 3516 2078 3585 patrono!

499 3603 603 3668 Qui
633 3605 778 3658 enim
809 3605 1082 3659 szevientis
1110 3605 1341 3660 incendii
1373 3605 1616 3662 ﬂammas
1642 3621 1672 3660 «ι
1704 3605 1886 3660 vilium
1917 3606 2087 3676 ligno-

503 3711 624 3752 rum
684 3698 766 3753 vel
824 3697 1060 3768 lapidum
1107 3698 1532 3768 conﬂagratione
1579 3699 1872 3769 prohibuit,
1923 3713 2084 3768 quam

504 3788 684 3844 valido
739 3799 991 3859 putamus
1045 3789 1246 3844 auxilio
1285 3791 1496 3844 animas
1527 3800 1741 3845 nostras
1791 3790 1858 3843 ad
1900 3789 2090 3859 imagi-

505 3895 628 3935 nem
660 3881 750 3935 Dei
785 3881 956 3936 factas
993 3883 1060 3936 ab
1101 3882 1447 3936 :estuantinm
1478 3883 1729 3936 vitiorum
1766 3883 1961 3936 ardore
1997 3884 2091 3935 deo

504 3969 718 4024 fendetl
784 3971 988 4025 Nubem
1038 3972 1224 4035 movit,
1261 3972 1462 4025 imbres
1505 3973 1798 4040 expressit,
1845 3969 2089 4024 ﬂammas

504 4062 784 4124 exstinxit,
830 4062 1116 4116 mdiﬁcium
1149 4063 1415 4116 liberavit.
1455 4061 1535 4116 Tn
1568 4077 1802 4132 quoque,
1833 4063 1874 4116 si
1903 4063 2088 4116 incen-

509 4157 615 4209 tiva
645 4154 883 4208 libidinis
914 4155 966 4208 in
997 4155 1102 4208 tuis
1146 4155 1446 4209 visceribus
1480 4163 1732 4216 aestuant,
1763 4155 1806 4208 si
1835 4153 2088 4224 templum

506 4246 580 4300 tui
614 4245 849 4316 pectoris
903 4245 1155 4299 invadere
1191 4244 1462 4298 titillando
1509 4245 1662 4313 quasi
1697 4243 1983 4299 lambendo
2013 4241 2092 4298 fe-

506 4340 734 4401 stinant,
785 4346 839 4391 et
870 4337 955 4391 his
1002 4335 1228 4391 forsitan
1276 4337 1457 4390 anima
1503 4344 1606 4403 tua,
1646 4334 1900 4390 ariditate
1941 4335 2090 4390 tabe-

2177 1771 2469 1826 Enimvero
2511 1773 2757 1842 quisquis
2791 1773 2906 1827 hiec
2940 1773 3226 1842 diligenter
3249 1775 3528 1838 observat,
3562 1775 3652 1829 ille
3680 1790 3769 1830 ve-

2179 1865 2382 1919 raciter
2421 1873 2638 1918 mterna:
2671 1864 2982 1920 festivitatis
3021 1864 3237 1936 vigilias
3272 1867 3539 1922 celebrat.
3575 1868 3638 1921 Et
3679 1871 3768 1937 qui

2179 1956 2338 2011 modo
2374 1970 2497 2010 cum
2531 1954 2748 2010 Christo
2787 1969 2911 2010 sese
2939 1955 3270 2010 humiliando
3299 1958 3619 2024 mortiﬁcat,
3649 1974 3768 2013 cum

2179 2062 2245 2103 eo
2275 2048 2433 2102 simul
2463 2063 2684 2102 necesse
2714 2057 2818 2115 cst,
2861 2058 3179 2120 consumpta
3219 2065 3448 2120 prorsus
3472 2053 3626 2106 omni
3655 2067 3772 2106 cor-

2180 2142 2450 2212 ruptione,
2485 2152 2750 2213 resurgat.

2252 2235 2361 2290 Has
2419 2236 2600 2306 igitur,
2654 2235 2854 2291 fratres
2903 2236 3232 2301 charissimi,
3289 2252 3509 2306 semper
3558 2237 3770 2304 vigilias

2181 2327 2552 2392 celebremus;
2584 2328 2649 2380 ad
2684 2330 3068 2398 capessendam
3100 2329 3241 2383 illius
3288 2339 3512 2382 mternm
3542 2328 3772 2382 felicita-

2184 2415 2253 2470 tis
2278 2417 2502 2485 gloﬁam
2531 2426 2641 2472 tota
2665 2419 2890 2488 spiritus
2913 2421 3136 2475 intentio
3163 2420 3449 2489 dirigatur,
3480 2431 3768 2490 quatenus,

2183 2507 2306 2563 dum
2343 2510 2646 2580 lmjusmodi
2681 2513 2988 2583 peragendo
3033 2512 3264 2583 vigilias,
3314 2511 3500 2567 Jesum
3558 2528 3772 2581 semper

2183 2601 2476 2670 aSpicitnus
2500 2602 2552 2656 in
2580 2618 2740 2657 cruce
2764 2606 3108 2673 pendentem,
3137 2605 3387 2660 emndem
3421 2605 3768 2674 postmodum

2185 2689 2325 2745 inter
2357 2692 2468 2760 ipsa
2497 2694 2849 2764 contemplari
2881 2695 3145 2749 solemnia
3176 2709 3487 2750 mercamur
3512 2696 3567 2747 in
3598 2705 3774 2763 pater.

2186 2797 2269 2835 na:
2293 2781 2477 2851 gloriae
2515 2783 2800 2854 majestate
2825 2795 3163 2856 regnantem.
3216 2783 3318 2852 Qui
3363 2800 3488 2838 cum
3521 2783 3688 2839 Patre
3720 2792 3773 2837 ct

2188 2872 2394 2942 Spiritu
2458 2883 2647 2928 sancto
2683 2873 2817 2929 vivit
2859 2884 2914 2931 et
2963 2885 3155 2946 regnat
3210 2889 3306 2946 per
3342 2874 3524 2930 omnia
3579 2871 3771 2928 ssecula

2191 2965 2536 3020 seculorum.
2564 2964 2758 3020 Amen.

2932 3055 3022 3112 1X.

2212 3148 2322 3222 42
2361 3165 2579 3205 ιιοιιιιιιι
2619 3166 2685 3205 λι)
2725 3167 2974 3206 uosonsu
3013 3166 3084 3206 ετ
3124 3166 3335 3206 ωυυειι
3373 3165 3423 3205 s.
3467 3166 3751 3205 sexenicri

2418 3235 2639 3276 BABATIS
2676 3237 2746 3276 ετ
2785 3236 3148 3277 CONFESSORIS.
3191 3235 3310 3291 tm
3354 3223 3564 3288 IART.)

2261 3314 2406 3369 Dixit
2451 3314 2634 3369 Simon
2690 3313 2883 3369 Petrus
2938 3316 3007 3368 ad
3047 3314 3232 3370 Jewm
3274 3332 3292 3369 :
3330 3314 3465 3368 Ecce
3519 3331 3615 3366 nos
3661 3314 3777 3366 relic

2184 3407 2392 3476 quimus
2417 3407 2590 3460 omnia
2617 3415 2665 3460 et
2705 3407 2866 3460 secuti
2895 3423 3076 3461 sumus
3109 3415 3176 3472 te,
3226 3414 3332 3460 etc.
3363 3404 3596 3476 (Matth.
3638 3420 3775 3473 xui.

2259 3499 2315 3554 ιιι
2350 3499 2509 3567 hujus
2537 3499 2710 3569 patris
2756 3499 2924 3553 nostri
2969 3499 3241 3568 prmcipua
3272 3497 3618 3552 solemnitate
3649 3498 3778 3550 totis

2187 3599 2332 3647 esset
2386 3591 2594 3645 viribus
2653 3589 3100 3654 incumbendum,
3163 3590 3265 3644 nisi
3331 3589 3528 3644 nobilis
3595 3589 3777 3658 lingua

2188 3681 2433 3750 Gregorii
2464 3690 2632 3735 totum
2658 3681 2774 3750 ejus
2806 3681 3145 3735 itinerarium
3195 3695 3446 3734 sermone
3491 3682 3777 3750 magniﬁco

2189 3771 2492 3842 collegisset
2515 3770 2573 3840 (Ι.
2590 3787 2604 3824 ι
2621 3771 2760 3824 Dial.
2779 3787 2872 3842 per
2885 3772 3099 3837 totum).
3126 3771 3200 3825 Ita
3216 3771 3361 3825 enim
3387 3779 3545 3826 actus
3567 3772 3704 3838 ejus,
3729 3778 3778 3822 et

2193 3863 2356 3916 vitam
2398 3862 2654 3917 undantis
2684 3863 2881 3931 eloquii
2919 3861 3171 3917 claritate
3199 3861 3464 3930 depinxit,
3490 3872 3549 3914 ut
3588 3872 3643 3915 et
3672 3871 3778 3930 sty-

2192 3951 2274 4007 lus
2317 3953 2709 4007 sententiarum
2757 3953 3036 4020 majestate
3085 3952 3362 4016 scintillet,
3393 3960 3450 4005 et
3501 3951 3779 4004 sententias

2191 4047 2330 4119 stylo
2382 4047 2660 4101 reluceant
2708 4045 2946 4100 clariori.
2998 4047 3077 4100 Ex
3131 4045 3425 4099 abundanti
3481 4044 3648 4113 igitur
3678 4053 3774 4105 est,

2193 4145 2314 4206 post
2365 4151 2548 4190 vocem
2595 4135 2726 4188 tanti
2749 4135 2850 4189 viri
2880 4135 3082 4204 aliquid
3103 4135 3324 4200 addere,
3359 4139 3409 4188 in
3446 4135 3603 4204 cujus
3635 4150 3777 4188 com-

2193 4227 2476 4296 paratione
2507 4241 2604 4280 nos
2627 4241 2730 4279 non
2772 4225 2944 4280 solntn
2979 4225 3368 4294 ineloquentes,
3394 4224 3488 4278 sed
3529 4235 3582 4278 et
3612 4235 3778 4279 mutos

2197 4337 2318 4375 esse
2374 4336 2478 4374 non
2545 4320 2876 4387 ignoramus.
2931 4317 3043 4372 Hoc
3110 4327 3292 4371 tamen
3357 4318 3535 4372 solum
3588 4317 3778 4371 dixisse

506 4443 666 4483 scens
690 4400 744 4482 εί
774 4427 981 4497 torpida
1011 4441 1116 4480 ηοη
1153 4425 1402 4492 resultat,
1436 4434 1561 4496 pete
1591 4400 1953 4495 jacrymamm
1992 4424 2093 4478 im-
2117 4400 2171 4461 D
2205 4413 2455 4477 suﬂiciat,
2505 4413 2628 4481 quia
2679 4411 2827 4465 solus
2855 4411 2954 4465 iste
2986 4410 3270 4464 militarem
3319 4425 3544 4464 manum
3575 4409 3779 4463 excelso

506 4516 681 4581 brcm,
715 4515 894 4587 ﬂagita
915 4517 1133 4570 contriti
1161 4515 1342 4570 cordis
1369 4515 1702 4570 salutiferam
1727 4515 2096 4584 compunctio-

509 4622 659 4671 nem,
695 4622 814 4676 qua:
841 4607 1092 4662 videlicet
1144 4607 1398 4661 duritiem
1433 4607 1507 4661 tui
1536 4605 1685 4661 saxei
1715 4606 1894 4661 cordis
1920 4606 2091 4660 emol-

507 4699 634 4766 liat;
667 4704 856 4770 sicque
879 4716 1032 4754 mens
1067 4701 1214 4754 arida
1246 4701 1314 4754 ad
1357 4699 1708 4769 proferendas
1733 4711 1942 4770 segetes
1967 4699 2094 4754 boni

507 4792 688 4859 operis
721 4793 1033 4853 revirescat,
1069 4801 1126 4844 nt
1169 4789 1263 4844 flat
1307 4790 1426 4854 tibi,
1473 4792 1616 4860 quod
1647 4806 1741 4860 per
1775 4789 2093 4859 prophetam

510 4881 771 4936 Dominus
819 4882 1055 4951 loquitur
1089 4897 1103 4936 :
1140 4901 1157 4932 ι
1192 4883 1328 4945 Erit,
1359 4883 1555 4952 inquit,
1583 4883 1764 4936 anima
1801 4893 1912 4947 tua,
1956 4884 2096 4938 sicut

511 4970 702 5024 hortus
749 4972 1000 5040 irriguus.
1057 4980 1113 5026 et
1160 4973 1300 5027 sient
1350 4971 1490 5037 fons,
1535 4972 1620 5026 cui
1682 4987 1786 5026 non
1841 4970 2097 5026 deﬁciunt

511 5074 666 5126 aqua:
696 5058 842 5121 (Isa.
899 5063 1082 5128 Lvm).
1110 5080 1128 5111 ι
1181 5061 1312 5116 Illud
1359 5064 1546 5123 etiam,
1588 5062 1730 5130 quod
1777 5060 1903 5115 alibi
1949 5061 2097 5116 Scri-

513 5159 672 5219 ptura
699 5147 869 5201 dicit:
905 5167 922 5197 ι
955 5150 1088 5202 Cum
1119 5159 1170 5203 te
1198 5163 1570 5221 consumptum
1605 5151 1900 5220 putaveris,
1937 5151 2092 5220 quasi

515 5241 708 5296 lucifer
747 5240 941 5293 orici-is
994 5240 1114 5308 (Job
1168 5245 1310 5309 x0.»
1362 5244 1454 5298 Sic
1503 5245 1706 5312 itaque,
1757 5243 2093 5299 dilectissimi

518 5331 714 5368 rl'nll'nc
739 5331 841 5368 ῐὶὶρί
895 5340 1204 5368 εαεηιιητιιιηι
1229 5334 1538 5368 ΩΙΙιᾸοσιιηηα
1565 5336 1840 5368 nnlnlsrnnn
1865 5335 2069 5368 “ininde

2198 4503 2434 4573 Principi
2469 4502 2681 4557 cmteris
2713 4501 3076 4555 abundantius
3104 4501 3474 4570 prmsentahit,
3523 4511 3580 4553 et
3611 4514 3780 4552 mona-

2199 4597 2424 4650 chorum
2474 4594 2685 4657 turmis,
2717 4593 3036 4661 angelorum
3089 4609 3239 4646 more
3267 4593 3594 4655 viventibus,
3629 4591 3780 4645 c0310-

2200 4702 2318 4740 rnm
2364 4683 2676 4755 adimplebit
2727 4684 2946 4752 palatia.
3003 4683 3174 4751 Quam
3206 4684 3370 4752 igitur
3416 4682 3689 4754 refulgens
3733 4691 3776 4735 et

2200 4777 2511 4848 splendidus
2588 4776 2744 4830 miles
2795 4777 2993 4831 astabit
3069 4777 3418 4846 imperatorio
3494 4774 3774 4836 tribunali,

2202 4870 2389 4940 plenus
2422 4868 2648 4923 inﬁnitis
2687 4869 2991 4930 virtutibus,
3022 4867 3326 4938 agminibus
3370 4867 3668 4920 innumeris
3696 4881 3777 4918 co-

2204 4965 2450 5026 mitatus,
2507 4961 2852 5016 consiliarius
2883 4961 3046 5030 regis,
3077 4960 3274 5029 jndicis
3316 4961 3548 5024 amicus,
3601 4960 3776 5012 unicus

2205 5054 2376 5108 hostis
2410 5053 2648 5124 antiqui!

2277 5143 2349 5197 De
2389 5157 2454 5196 eo
2505 5143 2682 5212 plane,
2743 5155 2972 5209 eumque
3013 5141 3362 5209 sequentibus
3412 5139 3553 5192 dixit
3603 5139 3774 5192 Simon

2203 5235 2395 5290 Petrus
2443 5235 2509 5289 ad
2560 5234 2742 5287 .Iesum
2777 5251 2789 5285 :
2829 5253 2845 5283 ι
2882 5233 3020 5286 Ecce
3076 5248 3171 5285 nos
3237 5231 3558 5300 reliquimus
3611 5231 3776 5286 omnia

2205 5327 2396 5368 Ιῖιηιήι
2445 5327 2559 5368 nvi
2619 5345 2636 5368 ι
2679 5327 2856 5368 Διιιίρςι
2888 5342 3111 5368 ηιεηνςιις
3155 5323 3520 5368 nnnfaimlntin
3554 5325 3777 5368 Simnnis
