3946 5368
162 174 270 232 549

1617 166 1849 224 SERMO
1888 166 1978 222 IX.

3335 175 3440 234 550

157 284 430 355 Loquitur
451 296 580 352 ergo
608 279 916 336 obedientia
941 294 1062 334 cum
1092 279 1282 344 salute,
1311 280 1435 350 quia
1459 281 1587 335 solis
1607 281 1739 335 obe-
1777 289 1820 344 Λ
1853 279 2033 334 facere
2083 278 2412 334 voluntatem
2465 295 2636 347 suam,
2691 282 2784 337 sed
2849 280 2966 352 eius
3022 285 3114 353 qui
3161 286 3308 342 misit
3364 289 3431 343 il-

157 377 435 434 dieutibus
472 384 670 429 aeterna
723 373 872 427 salus
914 373 1257 438 haseditario
1281 373 1404 443 jure
1431 374 1679 436 debetur,
1706 373 1750 427 si

158 478 340 522 tamen
377 466 448 520 ibi
474 467 545 520 sit
585 464 797 524 Petrus,
832 463 882 516 id
909 471 1010 527 est,
1043 462 1088 516 si
1111 463 1414 516 obedientia
1442 479 1548 516 non
1582 463 1749 516 vacil-

155 562 255 624 let,
301 569 398 612 aut
448 558 663 619 titubet,
708 555 800 610 sed
834 553 1054 608 fundata
1097 555 1166 608 sit
1215 570 1376 622 supra
1421 555 1630 608 firmam
1662 569 1752 624 pe-

154 668 326 712 tram.
353 655 424 709 Et
452 656 579 723 quid
604 652 722 706 ait?
774 671 791 702 ι
825 651 962 704 Ecce
990 665 1087 704 nos
1133 648 1451 719 reliquimus
1479 649 1658 702 omnia
1698 658 1752 703 et

155 749 332 804 secuti
385 762 579 802 sunms
612 754 683 798 te.
721 762 738 794 ι
775 742 1029 797 Soleuine
1081 743 1327 805 verbum,
1384 756 1578 810 magna
1627 757 1752 809 pro-

153 841 369 900 missio,
423 852 556 906 opus
588 844 856 898 sanctum,
887 833 1107 902 dignum
1158 832 1556 895 benedictione,
1591 831 1750 885 relin-

153 944 323 1000 quere
344 929 527 981 omnia
560 935 614 980 et
637 925 786 992 sequi
817 923 1113 978 Christum.
1154 920 1276 975 [late
1303 930 1430 974 sunt
1462 922 1624 974 verba
1654 937 1751 976 vo-

152 1021 407 1075 luntaria:
451 1017 794 1089 persuasoria
855 1015 1221 1086 paupertatis,
1262 1030 1383 1083 quae
1421 1015 1749 1070 monasteria

153 1120 481 1182 genuerunt,
530 1126 650 1179 qua:
713 1109 948 1162 claustra
1008 1107 1331 1171 monachis,
1402 1107 1748 1162 anactioretis

152 1205 318 1260 silvas
338 1204 610 1272 cupiosius
637 1200 998 1272 repleverunt.
1031 1200 1155 1254 llzec
1193 1199 1337 1254 enim
1381 1208 1507 1254 sunt
1533 1200 1598 1254 de
1624 1201 1749 1269 qui-

151 1293 250 1346 bus
281 1293 469 1362 psallit
502 1291 774 1345 Ecclesia:
816 1309 832 1340 ι
855 1289 1086 1358 Propter
1129 1290 1291 1342 verba
1326 1288 1593 1342 labiornm
1633 1299 1751 1342 tuo-

152 1398 271 1435 rum
300 1396 406 1452 ego
437 1380 702 1435 custodivi
736 1379 848 1433 vias
901 1379 1063 1433 duras
1099 1376 1293 1448 (Psal.
1331 1379 1462 1445 xvi).
1498 1398 1515 1431 ι
1554 1377 1750 1432 Perce-

151 1485 309 1544 ptura
343 1473 585 1543 requiem
628 1488 728 1542 pro
783 1471 989 1536 labore,
1017 1485 1117 1540 pro
1149 1479 1464 1539 paupertate
1507 1470 1744 1535 divitias,

152 1577 248 1631 pro
309 1562 659 1616 tribulatione
717 1561 1040 1615 mercedem.
1099 1560 1349 1630 Magnum
1409 1575 1596 1614 revera
1663 1569 1746 1614 est

1855 369 1964 424 lum
1995 371 2154 440 (Jonn
2188 373 2283 441 vi).

1925 460 2225 532 Sequitur:
2273 482 2293 515 ι
2329 463 2468 530 Quid
2507 480 2641 535 ergo
2683 468 2787 522 erit
2829 467 3053 524 nobis?»
3093 469 3213 524 Jam
3255 473 3435 527 omnia

1853 553 2073 622 reliquit
2105 553 2317 619 Petrus,
2359 557 2472 625 jam
2505 573 2608 610 non
2633 559 2807 612 solum
2845 562 3108 629 sequitur.
3147 563 3238 618 sed
3265 573 3319 617 et
3349 564 3445 618 ditt

1853 654 2070 696 secutus
2093 653 2203 704 est;
2236 653 2290 698 et
2325 662 2467 700 nunc
2498 648 2729 716 primunt
2761 649 3057 721 interrogat
3085 653 3340 722 quidnam
3369 655 3442 708 sit

1852 743 2194 802 accepturus.
2221 734 2357 800 Quid
2387 747 2490 799 est,
2518 737 2709 792 Petre?
2729 738 2916 793 Nonne
2937 742 3297 796 obedientiam
3325 758 3445 813 pro-

1852 826 2046 880 misisti
2081 828 2131 880 iu
2163 829 2311 882 auris
2362 831 2656 893 auditione,
2691 847 2796 884 non
2838 832 2891 885 in
2921 834 3063 900 pacti
3121 837 3440 889 conventio-

1852 916 1950 969 ne?
1978 915 2087 974 Sed
2107 919 2290 972 audite
2315 917 2426 986 jam
2458 919 2586 987 quid
2622 919 2876 989 loquatur
2905 922 3163 978 Dominus
3197 925 3354 989 Deus,
3385 934 3442 979 et

1851 1009 2115 1063 attendite
2139 1025 2288 1078 spem
2327 1011 2379 1064 in
2420 1027 2523 1079 qua
2557 1015 2756 1066 mundo
2783 1013 3077 1068 fluctuante
3104 1031 3324 1085 sperare
3347 1017 3442 1072 de-

1851 1097 2040 1154 bemus
2072 1114 2087 1153 :
2129 1119 2146 1151 ι
2179 1100 2350 1156 Amen
2381 1102 2500 1156 dico
2529 1104 2682 1157 vobis
2708 1107 2848 1172 quod
2881 1121 2997 1169 vos,
3024 1108 3114 1175 qui
3144 1109 3440 1178 reliquistis

1849 1192 2030 1245 omnia
2056 1201 2112 1246 et
2135 1193 2306 1246 secuti
2348 1194 2481 1247 estis
2516 1210 2620 1258 me,
2656 1195 2709 1248 in
2739 1199 3168 1266 regeneratioue,
3198 1215 3319 1252 cum
3349 1216 3438 1254 se-

1851 1279 1992 1334 derit
2025 1281 2165 1336 filius
2204 1281 2438 1336 hominis
2469 1283 2518 1337 in
2550 1284 2676 1338 sede
2703 1287 3001 1354 maiestatis
3028 1301 3156 1350 sum,
3181 1288 3441 1344 sedebitis

1848 1380 1904 1427 et
1926 1386 2020 1426 vos
2038 1357 2345 1442 iudicantes
2377 1373 2594 1444 (Matth.
2627 1375 2762 1446 xix).
2786 1395 2802 1428 ι
2835 1376 3045 1431 lniinita
3073 1394 3292 1448 prorsus
3320 1379 3440 1433 dul-

1849 1465 1983 1519 cedo
2003 1465 2410 1520 uiiserationum
2441 1464 2651 1520 Domini
2688 1467 2833 1521 circa
2863 1484 3128 1538 pauperes
3159 1485 3313 1534 suos;
3339 1484 3438 1526 uec

1850 1554 1971 1610 illos
2003 1555 2262 1625 relinquit
2300 1557 2354 1610 in
2403 1567 2596 1622 morte,
2625 1573 2724 1627 pro
2756 1560 2950 1628 quibus
2999 1561 3160 1615 morti
3198 1563 3435 1632 seipsum

151 1653 464 1721 relinquere
509 1652 717 1713 omnia,
759 1653 852 1705 sed
887 1648 1060 1717 majus
1109 1649 1386 1704 Christum
1417 1649 1588 1720 sequi,
1623 1665 1744 1702 cum
1778 1651 1820 1710 Β
1848 1650 2096 1718 exposuit
2129 1657 2182 1702 et
2232 1649 2535 1703 tormentis.
2574 1667 2594 1700 ‹
2634 1649 2768 1714 Vos,
2839 1650 3014 1718 inquit
3039 1691 3053 1714 ,
3114 1653 3206 1720 qui
3259 1652 3430 1707 secuti

152 1744 353 1797 multos
379 1744 564 1797 omnia
599 1742 906 1812 reliquisse,
938 1756 1039 1795 nec
1066 1740 1343 1795 Christum
1371 1752 1584 1795 secutos
1613 1741 1746 1796 fuis-

153 1849 208 1889 se
238 1834 504 1904 legamus.
541 1832 654 1888 lloc
679 1848 835 1903 Opus,
872 1832 960 1886 hic
993 1831 1142 1886 labor
1175 1839 1279 1896 est,
1313 1831 1398 1885 hic
1425 1831 1614 1887 salutis
1644 1832 1746 1886 liu-

153 1941 326 1980 manze
366 1941 579 1980 summa
632 1924 910 1988 consistit;
969 1937 1069 1977 nec
1126 1922 1402 1976 Christum
1459 1939 1746 1992 possumus

153 2019 326 2088 sequi,
355 2018 456 2072 nisi
481 2017 663 2070 omnia
695 2015 1083 2086 relinquamus,
1109 2016 1233 2084 quia
1259 2013 1497 2069 exsultat
1519 2025 1572 2067 ut
1597 2017 1746 2086 gigas

154 2109 216 2161 ad
255 2107 582 2162 curreudam
633 2108 772 2160 viam
803 2106 975 2174 (Paul.
1011 2108 1186 2175 xviii),
1237 2113 1290 2159 et
1334 2114 1590 2160 oneratus
1622 2122 1744 2160 eum

153 2200 302 2266 sequi
331 2215 438 2252 non
476 2207 676 2268 potest.
705 2196 872 2251 Nemo
901 2211 1024 2250 cum
1057 2195 1287 2249 sarcinis
1313 2203 1518 2256 enatat,
1549 2196 1622 2248 ait
1659 2194 1746 2250 ille

154 2291 453 2359 disciplina:
502 2289 781 2345 smeularis
823 2296 1012 2342 orator
1052 2302 1210 2355 quem
1264 2285 1455 2356 linguae
1494 2286 1745 2343 nobilitas

153 2389 204 2434 et
233 2380 574 2451 profunditas
600 2395 794 2434 sensus
819 2377 1154 2448 paupertatis
1179 2377 1410 2431 amicum
1443 2378 1744 2433 constituit.

153 2469 344 2526 Merito
390 2471 647 2540 relinquit
689 2470 869 2524 omnia
915 2470 1007 2538 qui
1040 2469 1283 2538 sequitur
1331 2484 1479 2532 eum,
1516 2469 1608 2538 qui
1663 2478 1748 2525 est

154 2577 317 2632 super
343 2563 550 2624 omnia,
605 2561 867 2630 quoniam
899 2559 1216 2614 suilicientia
1255 2568 1440 2613 nostra
1471 2574 1533 2613 ex
1567 2573 1632 2613 eo
1665 2568 1747 2614 est

155 2653 254 2723 (II
306 2653 432 2707 Cor.
485 2651 625 2722 ut),
681 2661 736 2707 et
792 2651 898 2706 erit
959 2649 1100 2705 Deus
1153 2649 1333 2705 omnia
1394 2648 1448 2702 in
1497 2648 1747 2704 omnibus

155 2743 302 2814 (Col.
337 2742 465 2812 ιιι).

220 2835 384 2896 Ecce,
436 2832 635 2903 inquit,
679 2847 778 2888 nos
816 2832 1133 2902 reliquimus
1179 2829 1383 2894 omnia,
1427 2844 1532 2884 non
1571 2828 1744 2884 solum

156 2923 442 2979 facultates
481 2923 689 2987 mundi,
718 2923 811 2976 sed
851 2930 906 2976 et
947 2923 1111 2976 animi
1140 2935 1353 2991 quoque
1379 2920 1740 2988 cupiditatis:

1851 1739 1984 1794 estis
2012 1754 2118 1805 me,
2143 1740 2196 1793 iit
2227 1741 2658 1810 rcgeneratione,
2681 1756 2802 1793 cum
2831 1742 3029 1796 sederit
3063 1742 3230 1798 Filius
3259 1743 3434 1797 homi-

1847 1830 1932 1884 nis
1963 1831 2014 1884 in
2038 1831 2165 1885 sede
2195 1832 2493 1902 majestatis
2528 1847 2660 1894 suae,
2705 1833 2960 1886 sedebitis
2995 1845 3048 1888 et
3079 1835 3434 1901 vosjudican-

1848 1930 1950 1976 tes.
1984 1941 2001 1972 ι
2046 1921 2183 1988 Quid
2221 1931 2302 1977 est
2343 1924 2443 1976 hoc
2470 1922 2614 1976 aliud
2660 1923 2863 1984 dicere,
2894 1923 2996 1977 nisi
3028 1924 3435 1993 conseQuetuiui

1849 2028 2010 2081 quem
2053 2013 2362 2078 sequimini,
2394 2013 2438 2065 si
2463 2023 2642 2067 tamen
2685 2015 3098 2082 pet-sequimini,
3136 2015 3272 2069 sient
3297 2015 3436 2069 scri—

1847 2113 1998 2172 ptum
2029 2112 2112 2157 est
2145 2118 2158 2156 :
2190 2121 2208 2153 ι
2241 2102 2456 2172 luquire
2488 2118 2673 2172 pacem
2696 2144 2710 2168 ,
2761 2114 2815 2158 et
2863 2119 3185 2174 persequere
3232 2104 3424 2159 eam?»

1849 2192 2022 2265 (Psal.
2082 2194 2297 2265 xum).
2332 2194 2421 2250 Sic
2456 2211 2586 2265 ergo
2624 2197 2824 2250 currite
2866 2204 2924 2250 ιιι
2967 2196 3439 2266 comprehendatis

1849 2285 1900 2357 (I
1924 2286 2047 2341 Cor.
2080 2289 2178 2359 ix),
2221 2304 2322 2342 nec
2359 2288 2510 2358 prius
2541 2289 2782 2342 residere
2821 2286 2998 2342 velitis
3036 2304 3198 2358 quam
3243 2290 3439 2343 seden~

1853 2386 1958 2431 tem
1986 2380 2400 2448 appreheudatis
2423 2388 2476 2433 et
2500 2379 2815 2433 ntereamiui
2842 2379 3154 2434 consedere.
3182 2379 3435 2434 Exsulta—

1848 2469 1925 2521 ιιι
1958 2477 2014 2520 ιιι
2060 2469 2211 2537 gigas
2241 2469 2306 2521 ad
2347 2470 2665 2524 cnrrendam
2705 2470 2846 2522 viam
2885 2467 3058 2540 (l’snl.
3090 2471 3286 2538 xviii);
3322 2479 3434 2523 toto

1849 2556 2032 2626 utique
2061 2564 2300 2625 tempore
2328 2573 2435 2626 quo
2462 2558 2513 2611 iu
2547 2559 2706 2612 terris
2741 2558 2887 2612 visus
2915 2567 2998 2613 est
3031 2568 3234 2633 etcum
3262 2559 3436 2614 homi-

1847 2649 2005 2704 nibus
2035 2659 2387 2704 conversatus
2427 2648 2683 2722 (Baruclt.
2718 2650 2831 2722 ut);
2865 2667 2965 2706 nec
3007 2653 3230 2715 resedit,
3262 2652 3435 2707 donec

1848 2743 1914 2796 ad
1951 2758 2076 2796 eum
2128 2744 2439 2812 perveniret
2468 2758 2628 2812 quem
2665 2744 2776 2812 ipse
2807 2744 3086 2798 constituit
3128 2743 3330 2800 laboris
3379 2753 3436 2800 et

1850 2833 2085 2888 tristitia:
2134 2832 2319 2898 linem,
2366 2851 2384 2883 ι
2417 2833 2588 2887 tristis
2631 2841 2743 2897 est,
2774 2833 3053 2903 inquiens,
3087 2834 3265 2888 anima
3314 2849 3435 2889 mea

1847 2940 2018 2996 usque
2044 2926 2110 2979 ad
2137 2934 2367 2980 mortem
2401 2924 2618 2994 (Matth.
2658 2926 2832 2997 sxw).
2868 2946 2886 2977 ι
2921 2927 3060 2998 Ergo
3087 2943 3207 2982 cum
3236 2928 3438 2983 sederit

158 3031 332 3086 neque
361 3016 507 3069 enim
547 3014 804 3084 relinquit
855 3014 1058 3077 omnia,
1113 3013 1204 3082 qui
1251 3011 1474 3066 retinuit
1520 3010 1601 3064 vel
1643 3009 1746 3065 sei-
1774 3005 1818 3067 C
1853 3017 1993 3072 lilius
2017 3017 2249 3071 hominis
2283 3017 2337 3070 in
2366 3017 2495 3071 sede
2541 3015 2864 3085 maiestatis,
2894 3020 2984 3088 qui
3011 3018 3162 3088 prius
3203 3021 3353 3074 stetit
3380 3019 3435 3074 iu

155 3123 342 3177 psum;
374 3107 484 3160 imo
510 3119 638 3159 tero
669 3103 800 3158 nihil
824 3106 1045 3176 prodest
1068 3101 1174 3174 43
1205 3102 1323 3156 sine
1347 3101 1527 3171 seipse
1553 3109 1748 3155 caetera

159 3197 465 3266 reliquisse,
511 3197 946 3266 quandoquidem
1015 3195 1220 3249 nullum
1279 3193 1424 3246 aliud
1475 3209 1612 3246 onus
1669 3200 1751 3246 est

153 3289 372 3358 gravius
406 3288 612 3342 homini
643 3303 805 3356 quam
853 3288 1014 3340 homo
1063 3286 1196 3356 ipse.
1227 3283 1360 3350 Quis
1389 3283 1532 3338 enim
1566 3293 1750 3353 tyran-

153 3393 253 3433 nus
307 3377 606 3440 crudelior,
664 3392 784 3446 qua:
836 3373 1034 3429 suavior
1064 3383 1308 3444 potestas
1349 3373 1550 3426 homini
1583 3389 1747 3442 quam

153 3470 390 3526 hominis
446 3470 614 3539 ipsius
642 3469 934 3524 voluntas?
985 3466 1266 3536 Nunquam
1299 3466 1398 3521 sub
1433 3481 1493 3520 ea
1538 3468 1751 3538 requie-

154 3577 328 3627 scere,
360 3577 637 3632 nunquam
688 3562 882 3616 sedere
908 3560 1053 3623 licet,
1086 3569 1141 3614 ct
1181 3575 1289 3628 quo
1336 3559 1567 3627 amplius
1600 3569 1650 3613 te
1682 3560 1749 3613 ad

154 3653 515 3708 obedientium
545 3653 648 3707 sibi
704 3651 918 3705 noverit
964 3649 1198 3720 fatigari,
1242 3664 1308 3704 eo
1369 3650 1538 3718 magis
1570 3658 1747 3720 urget,

156 3746 379 3815 instigat
403 3754 461 3801 et
503 3754 694 3799 onerat
723 3744 940 3814 pietatis
969 3743 1276 3806 immemor,
1317 3743 1750 3797 misericordiam

157 3838 424 3890 nesciens.
452 3834 562 3890 Hoc
587 3835 730 3888 enim
757 3836 1030 3905 proprium
1057 3834 1271 3904 propria
1296 3833 1543 3888 voluntas
1567 3833 1748 3890 habet.

157 3937 210 3979 ιιι
245 3943 355 3996 quo
393 3928 659 3980 obedicns
685 3927 1024 3980 obedientior
1055 3924 1216 3978 fuerit.
1264 3925 1392 3989 sibi,
1427 3939 1492 3977 eo
1519 3923 1751 3993 amplius

158 4031 272 4070 eum
300 4018 700 4073 crudelioribns
724 4017 949 4071 vinculis
975 4017 1317 4070 interneCIat.
1338 4015 1462 4069 Sola
1487 4014 1747 4085 diligitur,

159 4124 274 4164 cum
325 4111 442 4165 sola
503 4111 665 4181 digna
721 4111 792 4163 sit
844 4110 989 4174 odio,
1047 4109 1368 4179 principium
1428 4108 1745 4175 iniquitatis,

161 4202 348 4256 mortis
377 4203 600 4268 inlusio,
635 4201 936 4257 destructio
976 4216 1167 4272 magna
1201 4202 1478 4254 virtutum.
1518 4220 1534 4250 ι
1558 4198 1750 4256 Venite

159 4308 304 4364 ergo,
349 4296 443 4365 qui
486 4295 747 4349 laboratis
791 4290 845 4349 et
883 4294 1088 4348 onerati
1119 4293 1272 4359 estis,
1322 4313 1340 4344 ι
1405 4293 1472 4346 ad
1520 4307 1748 4346 onerum

1852 3107 2369 3179 iguominiosissitno
2401 3108 2662 3178 supplicio
2691 3108 2871 3162 crucis
2898 3109 3262 3180 interrogatus
3297 3125 3434 3164 con—

1852 3197 2087 3254 tumeliis
2134 3199 2338 3269 pariter
2382 3207 2436 3252 et
2472 3207 2764 3264 tormento,
2805 3200 3062 3254 sedebitis
3096 3210 3151 3254 et
3174 3216 3270 3256 vos
3289 3199 3438 3268 judi-

1851 3301 2059 3357 cantes,
2093 3305 2122 3343 a
2155 3289 2348 3358 quibus
2380 3305 2522 3344 nunc
2553 3290 2816 3359 judicium
2852 3291 3061 3360 incipit,
3093 3291 3183 3359 qui
3215 3292 3438 3346 ntiniuze

1849 3381 1989 3437 datis
2030 3383 2270 3453 requiem
2302 3383 2454 3436 vobis
2484 3383 2642 3450 ipsis,
2687 3398 2783 3436 cur
2809 3392 2862 3437 et
2913 3382 2999 3436 ille
3033 3398 3137 3436 non
3161 3381 3432 3448 judicare,

1851 3477 1942 3528 sed
1976 3473 2234 3542 judicari,
2265 3489 2363 3527 nec
2409 3474 2705 3528 ministrari
2751 3475 2919 3538 venit,
2960 3474 3052 3528 sed
3084 3474 3437 3527 ministrare?

1853 3563 2070 3634 (ΜαιιΙι.
2125 3564 2258 3632 xx.)
2293 3563 2405 3617 lllie
2448 3579 2574 3618 vere
2619 3564 2884 3618 sedebunt
2937 3565 3094 3619 sedes
3138 3565 3190 3617 in
3232 3563 3438 3631 judicio

1851 3653 2223 3727 (Psal.cxx1).
2279 3655 2446 3709 Filius
2495 3655 2640 3709 enim
2681 3656 2772 3709 Dei
2827 3654 3077 3709 Salvator
3122 3655 3436 3710 indivisibili

1852 3755 2167 3799 naturarum
2202 3745 2428 3808 unitate,
2461 3747 2756 3799 secundum
2788 3746 2928 3815 quod
2963 3747 3103 3799 Deus
3130 3755 3232 3808 est,
3283 3746 3437 3800 sedet

1850 3833 1959 3907 Μ
1981 3852 2008 3887 a
2037 3835 2243 3892 dextris
2272 3834 2361 3890 Dei
2395 3832 2570 3906 (Psal.
2591 3836 2730 3904 etx);
2756 3827 3051 3890 secundum
3082 3836 3224 3906 quod
3248 3835 3430 3900 homo,

1852 3929 2062 3982 assistit
2093 3943 2232 3982 nunc
2287 3927 2458 3982 vultui
2494 3928 2585 3982 Dei
2631 3945 2726 3999 pro
2782 3930 2936 3986 nobis
2965 3930 3153 4000 (Hebr.
3194 3934 3304 4002 ix);
3335 3945 3436 3986 nec

1852 4019 1952 4074 erit
1982 4021 2028 4074 ei
2069 4019 2241 4072 sessio
2284 4019 2650 4088 triumphalis,
2701 4020 2873 4075 donec
2904 4022 2972 4075 sit
3004 4022 3143 4075 Deus
3175 4022 3358 4074 omnia
3383 4020 3438 4074 in

1852 4109 2125 4174 omnibus,
2161 4109 2210 4163 id
2240 4119 2345 4172 est,
2378 4124 2577 4179 corpus
2627 4110 2792 4178 capiti
2825 4119 2970 4164 tanta
3003 4128 3134 4181 pace
3169 4111 3433 4183 jungatur

1851 4209 1910 4254 ιιι
1939 4201 2108 4254 simus
2151 4200 2198 4254 ei
2255 4199 2481 4264 similes,
2515 4199 2615 4255 etsi
2674 4217 2778 4256 non
2826 4217 3002 4272 pares.
3055 4203 3245 4256 Adhuc
3285 4203 3431 4256 enim

1854 4304 2080 4364 negatur
2106 4309 2136 4346 a
2169 4291 2390 4358 Iudaeis,
2421 4309 2450 4346 a
2483 4291 2734 4362 gentibus
2754 4295 3139 4356 subsannatur,
3169 4292 3439 4346 laceratur

160 4363 478 4451 levatorem,
509 4397 563 4441 et
607 4386 656 4441 ei
703 4401 835 4440 voce
864 4394 916 4440 et
948 4400 1111 4455 opere
1150 4384 1502 4454 respondete:
1558 4402 1575 4435 ι
1613 4384 1749 4438 Ecce
1779 4363 1826 4420 ί)
1855 4363 2252 4450 ειὺίιιωιθιὶρίε,
2282 4401 2310 4438 a
2341 4385 2492 4440 falsis
2521 4385 2849 4440 Christianis
2880 4387 3118 4455 graviter
3155 4386 3435 4455 impugna-

160 4493 253 4534 nos
298 4479 619 4549 reliquimus
651 4479 853 4542 omnia,
905 4490 959 4532 et
1015 4478 1188 4532 secuti
1227 4493 1413 4531 sumus
1437 4487 1487 4530 te
1533 4476 1748 4547 (Matth.

160 4570 263 4638 XI).
306 4589 324 4620 ι
355 4572 611 4634 Attende,
645 4571 770 4639 quia
819 4569 970 4633 olim,
1003 4569 1318 4638 priusquam
1353 4569 1586 4623 Verbum
1618 4584 1748 4623 caro

161 4663 331 4729 iicret,
370 4674 425 4720 et
455 4666 733 4720 habitaret
766 4665 816 4718 in
868 4665 1022 4720 nobis
1049 4665 1229 4736 (Joan.
1274 4666 1340 4734 ι),
1388 4664 1752 4735 sequebantur

149 4754 346 4836 ‘Patres
396 4759 603 4827 antiqui
669 4759 926 4827 temporis
982 4761 1173 4824 Deum,
1213 4761 1312 4813 soli
1364 4759 1572 4830 Spiritui
1637 4759 1752 4815 solo

165 4848 348 4916 Spiritu
380 4848 742 4902 adluerentes.
771 4847 920 4904 Nunc
951 4863 1081 4901 vero
1102 4850 1408 4918 sequendus
1437 4848 1598 4903 etiam
1628 4866 1749 4904 cor-

165 4951 290 5004 pore
336 4944 437 5003 cst,
480 4938 621 4990 adeo
677 4946 754 5001 ut,
814 4955 933 4992 cum
975 4939 1216 5007 prcedicti
1277 4940 1464 4993 Patres
1523 4940 1751 4996 terrenis

170 5025 405 5096 lcgantur
460 5028 775 5082 abundasse
811 5030 1039 5091 divitiis,
1098 5029 1162 5082 de
1218 5041 1414 5084 cmtero
1465 5031 1569 5083 nisi
1629 5034 1750 5102 quis

169 5117 560 5171 renuntiaverit
586 5117 832 5171 omnibus
856 5134 976 5189 quae
1013 5117 1254 5186 possidet
1291 5135 1392 5172 non
1431 5119 1604 5188 possit
1630 5136 1749 5176 esse

170 5209 454 5280 discipulus
494 5208 620 5277 ejus
652 5206 800 5276 (Luc.
852 5212 990 5280 xiv),
1037 5208 1147 5276 qui,
1205 5225 1328 5264 cum
1373 5211 1527 5263 dives
1580 5221 1746 5277 esset,

169 5313 254 5365 pro
285 5302 440 5356 nobis
475 5299 661 5353 factus
707 5308 785 5351 est
832 5315 1038 5368 pauper
1085 5297 1167 5368 (ll
1201 5299 1322 5353 Cor.
1374 5299 1517 5368 vui).
1565 5299 1748 5356 Retia-

1852 4489 1969 4545 tur;
2001 4488 2054 4533 et
2083 4489 2136 4532 ιιι
2182 4494 2305 4533 eum
2352 4490 2508 4549 putas
2553 4480 2792 4534 residere
2818 4481 3080 4546 quietum,
3126 4493 3226 4533 nec
3264 4489 3440 4532 atten-

1851 4561 1978 4630 dere
2006 4576 2362 4644 superborum
2387 4575 2596 4639 oculos,
2624 4573 3037 4645 malignantium
3070 4573 3324 4642 impetus.
3358 4586 3444 4623 re-

1849 4665 2551 4737 pugnantiumvoluntates?
2581 4665 2685 4719 Sed
2723 4667 2774 4720 in
2801 4665 3214 4732 regeneratioie
3237 4660 3447 4716 sedebit

1851 4774 1972 4813 cum
2010 4757 2344 4823 sedentibus,
2384 4770 2506 4812 cum
2538 4772 2635 4810 nos
2661 4758 2716 4811 in
2752 4754 3191 4813 sincerissiu'tum
3219 4754 3448 4808 nitorem

1855 4847 1911 4903 in
1957 4857 2188 4915 utraque
2220 4847 2518 4904 substantia
2555 4848 2990 4919 repurgabiutur,
3031 4854 3084 4898 et
3135 4849 3276 4917 ipse,
3306 4841 3455 4897 devi—

1856 4940 1956 4993 ctis
1992 4938 2253 5004 inimicis,
2285 4955 2405 4993 cum
2437 4937 2623 4991 amicis
2655 4939 2884 4994 intrabit
2916 4933 3249 5002 inglorium.
3282 4937 3460 5003 Auge-

1854 5030 1936 5084 los
1957 5029 2270 5087 hominibus
2295 5031 2500 5084 unitate
2541 5033 2878 5099 sempiterna
2913 5027 3210 5097 counietss,
3234 5037 3286 5081 et
3315 5027 3465 5078 dant-

1853 5138 1919 5177 na
1946 5121 2116 5175 beatzc
2148 5124 2453 5177 resarciens
2484 5122 2743 5178 civitatis.
2778 5121 2892 5176 Hoc
2933 5129 3120 5173 autem
3167 5134 3334 5178 totttm
3365 5114 3470 5168 ετὶι

1854 5211 1909 5265 in
1936 5213 2368 5280 regeneratione.
2409 5210 2570 5264 Beata
2618 5211 2720 5268 ista
2767 5209 3153 5281 regeneratio,
3191 5224 3309 5282 qua:
3358 5215 3468 5258 ter-

1857 5317 1971 5357 ram
2002 5304 2285 5358 renovabit
2315 5312 2370 5357 et
2394 5303 2610 5368 coelum,
2645 5308 2956 5368 terrigenas
2999 5302 3279 5359 cmlicolis
3309 5295 3474 5349 Rede-
