3946 5368
471 215 581 276 5’31

1143 207 1204 275 Si
1222 208 1435 273 PETRI
1481 214 1764 272 DAMlA-Nl
1815 212 1970 269 OPP.
2011 207 2188 264 PARS
2219 207 2348 264 SEU
2386 206 2623 264 TUMUS
2657 206 2719 261 ll.
2748 238 2813 246 ——
2846 205 3236 264 SERMONES.

3637 215 3732 270 553

479 337 927 399 regenerationem
958 327 1025 383 Et
1060 328 1111 382 in
1137 327 1488 398 generatione
1533 325 1773 393 quidem,
1803 335 1962 390 quam
1987 334 2054 374 ex
2083 327 2126 380 Α
2158 317 2471 386 figmentum
2521 326 2767 370 nostrum
2798 318 2969 383 (Prol.
3001 321 3122 387 cn),
3172 320 3426 388 quoniam
3467 321 3734 385 dilationis

480 421 660 473 radice
689 419 873 472 vitiata
905 418 1299 481 contrahimus,
1327 431 1526 486 corpus
1556 413 1912 476 mortalitate,
1936 410 2053 465 ani-

478 525 564 568 ma
599 518 774 563 autem
797 509 1080 577 iniquitate
1108 508 1362 578 repletur.
1391 506 1452 560 ln
1484 503 1896 576 regeneratione
1923 516 2054 556 vero

474 600 834 669 baptismatis,
863 600 949 654 nhi
993 615 1090 653 nos
1117 606 1330 667 oportet
1357 595 1504 650 nasci
1529 597 1706 650 denuo
1735 592 1919 664 (Joan.
1948 592 2054 659 nt),

474 693 667 744 animm
717 691 933 758 quidem
994 699 1254 758 purgatur
1307 688 1588 758 iniquitas,
1651 685 1745 739 sed
1810 682 2056 753 corporis

475 780 780 840 mortalitas
827 796 933 836 non
981 780 1240 834 aufertur.
1293 777 1607 833 Necessaria
1655 784 1738 831 est
1783 791 1912 845 ergo
1952 773 2056 828 alia

477 872 833 940 regeneratio,
891 873 1004 927 sive
1039 871 1394 934 resurrectio,
1446 869 1501 924 in
1556 885 1661 938 qua
1715 868 2058 938 reperientur

475 961 638 1014 etiam
670 977 900 1030 corpora
932 961 1268 1032 configurata
1307 961 1518 1030 corpori
1551 959 1815 1015 claritatis
1854 959 2056 1014 Christi

465 1050 642 1123 μηιιι.
675 1054 784 1121 ιιι),
811 1053 855 1105 si
901 1061 1076 1107 tamen
1124 1051 1290 1106 corda
1321 1051 1472 1120 prius
1524 1050 1728 1105 fuerint
1766 1049 2057 1104 reformata

474 1143 545 1198 ad
612 1143 1080 1197 mansuetudinem
1127 1150 1183 1196 et
1235 1140 1596 1195 humilitatem
1665 1141 1844 1196 cordis
1891 1139 2059 1209 ipsius

474 1234 699 1288 Christi.
727 1234 878 1290 Unde
899 1243 950 1289 et
980 1236 1194 1299 beatus,
1224 1234 1315 1303 qui
1359 1231 1519 1286 habet
1547 1239 1755 1300 partem
1783 1230 1836 1284 in
1870 1245 2056 1284 resur-

477 1325 718 1379 rectione
754 1325 932 1394 prima
970 1325 1154 1394 (Apoc.
1201 1323 1317 1393 xx),
1357 1337 1456 1392 pro
1487 1335 1552 1375 eo
1593 1320 1780 1391 utique
1806 1319 2057 1388 quoniam

477 1413 692 1482 futurus
735 1424 814 1470 est
844 1413 1118 1484 particeps
1149 1420 1202 1468 et
1236 1412 1510 1466 secundae.
1536 1410 1593 1464 ln
1616 1410 1718 1464 hac
1750 1422 1880 1480 ergo
1909 1422 2063 1480 rege-

476 1504 755 1562 neratione
782 1519 904 1559 cum
936 1503 1145 1558 sederit
1186 1502 1327 1556 filius
1351 1501 1604 1564 hominis,
1633 1509 1740 1556 etc.

549 1590 662 1647 Hoc
691 1602 774 1648 est
798 1592 940 1662 quod
976 1591 1082 1645 alio
1106 1591 1164 1646 in
1196 1592 1312 1647 loco
1341 1589 1621 1660 Scriptura
1644 1589 1893 1660 loquens,
1925 1607 1942 1640 ι
1961 1603 2060 1658 pro

2157 419 2338 457 moras
2387 403 2800 472 pusillanitnitas
2829 414 3012 504 nostra
3065 421 3172 460 non
3205 408 3478 475 sustinet;
3520 412 3734 484 ideoque

2157 493 2491 563 benignitate
2544 509 2639 548 sua
2672 494 2796 549 huic
2825 493 3041 566 quoque
3065 497 3246 552 obviat
3297 499 3636 570 cogitationi,
3683 515 3734 560 et

2157 585 2394 639 occurrit
2422 585 2587 638 etiam
2619 600 2686 639 ex
2730 585 2832 640 hac
2877 599 3063 656 parte,
3117 588 3344 643 dicens:
3387 609 3405 642 ι
3446 591 3516 645 Et
3544 597 3735 663 omnis,

2157 677 2248 747 qui
2302 676 2580 746 reliquerit
2635 680 2874 745 domum,
2915 689 3010 734 aut
3043 693 3272 750 patrem,
3330 694 3429 738 aut
3485 695 3734 753 matrem,

2158 777 2250 822 aut
2278 767 2524 833 fratrem,
2553 777 2646 824 aut
2673 785 2913 834 uxorem,
2971 781 3062 826 aut
3091 788 3273 842 agros,
3323 785 3417 829 aut
3452 775 3594 831 ﬁlios
3617 794 3734 847 pro-

2159 867 2278 931 pter
2331 874 2526 915 nomen
2568 875 2770 924 meum,
2827 863 3134 931 centuplum
3166 865 3432 933 accipiet,
3490 875 3547 921 et
3572 868 3736 923 vitant

2158 960 2416 1006 aeternam
2447 951 2740 1020 possidebit
2768 951 2979 1020 (Matth.
3013 956 3148 1024 xix).
3187 974 3205 1007 ι
3238 977 3255 1008 ι
3286 955 3638 1012 Obstructum
3662 971 3742 1016 est

2157 1053 2308 1098 certe
2336 1058 2400 1099 os
2443 1042 2778 1112 loquentium
2816 1045 2997 1116 iniqua
3036 1046 3210 1118 (Paul.
3259 1051 3415 1119 uti).
3465 1069 3485 1102 ι
3517 1049 3740 1122 Jamque

2161 1132 2560 1189 confundantur
2627 1150 2819 1190 omnes
2882 1136 3064 1206 iniqua
3124 1151 3344 1210 agentes
3410 1157 3740 1213 supervacue

2161 1222 2330 1297 (Paul.
2395 1225 2567 1298 χειν).
2630 1225 2902 1282 Habemus
2955 1228 3099 1283 enim
3143 1231 3564 1299 promissionem
3625 1235 3741 1291 vita:

2162 1315 2345 1383 hujus,
2389 1331 2507 1385 qua:
2547 1333 2690 1373 nunc
2717 1325 2819 1383 est,
2851 1319 3054 1388 pariter
3079 1328 3136 1374 et
3179 1319 3370 1376 futurae
3399 1322 3450 1394 (Ι
3482 1323 3618 1378 Tim.
3647 1331 3741 1395 tv),

2161 1406 2612 1478 manifestumque
2643 1418 2726 1463 est
2768 1412 3049 1478 praesentis
3077 1413 3332 1482 temporis
3361 1428 3484 1468 esse
3510 1417 3774 1485 centupli'

2161 1499 2572 1569 promissionem
2603 1515 2666 1555 ex
2717 1516 2781 1556 eo
2812 1502 3064 1556 nimirum
3106 1504 3247 1572 quod
3293 1506 3542 1576 sequitur
3567 1525 3589 1560 ε
3636 1527 3652 1556 ι
3685 1507 3744 1560 Et

2163 1590 2325 1644 vitam
2356 1599 2615 1644 mlernam
2648 1591 2966 1661 possidebit.
3000 1612 3023 1645 -ι
3061 1591 3166 1647 Sed
3211 1610 3280 1649 ne
3305 1595 3434 1664 quis
3461 1594 3743 1650 obstinatis

475 1684 812 1749 confusione,
863 1683 1057 1753 inquit,
1091 1682 1284 1754 duplici
1307 1690 1362 1738 et
1383 1682 1581 1736 rubore
1608 1679 1904 1734 laudabunt
1934 1696 2059 1750 par-
2092 1689 2136 1749 Β
2165 1678 2537 1734 dissimulandi
2591 1679 2741 1735 locus
2775 1690 3072 1747 remaneat,
3121 1684 3260 1738 vado
3289 1685 3354 1737 ad
3387 1684 3741 1756 Evangeliutn

477 1787 583 1830 tem
620 1793 771 1830 suam
797 1776 948 1847 .(Iaa.
989 1777 1130 1845 ιιι).
1167 1795 1185 1828 ι
1237 1774 1352 1828 Duo
1379 1774 1520 1828 enim
1571 1757 1732 1826 habet
1776 1780 2060 1842 paupertas

475 1866 814 1934 sequentium
846 1867 1155 1932 Dominum,
1195 1863 1538 1919 aluit-tionem
1565 1863 1812 1918 videlicet
1857 1871 1913 1916 et
1941 1864 2058 1917 vili-

476 1962 664 2009 tatem.
683 1953 842 2009 -Unde
866 1955 1136 2024 Propheta
1165 1972 1178 2008 :
1226 1971 1250 2005 ι
1280 1954 1433 2018 Vide,
1465 1953 1662 2022 inquit,
1687 1941 2060 2007 humilitatem

477 2060 654 2099 meant
704 2054 759 2099 et
805 2045 1044 2098 laborem
1093 2059 1272 2102 meum
1305 2042 1478 2114 (Ρδαι.
1511 2044 1679 2113 utv).
1712 2061 1730 2093 ι
1769 2041 2060 2112 Propterea

477 2138 642 2207 igitur
681 2139 733 2192 in
785 2147 931 2193 terra
975 2155 1068 2194 sua
1107 2138 1337 2208 duplicia
1379 2138 1729 2208 possidebunt
1757 2137 1892 2208 (lsa.
1927 2137 2056 2209 ut),

476 2238 537 2282 ut
575 2245 672 2297 pro
710 2229 914 2284 vilitate
941 2231 1009 2284 sit
1057 2230 1231 2286 honor
1275 2229 1580 2299 iudiciariae
1610 2229 1914 2301 potestatis,
1963 2244 2061 2299 pro

476 2317 763 2375 alllictione
794 2321 1132 2388 refrigerium
1165 2320 1544 2391 plaeidissimar.
1570 2320 1848 2376 sessionis.
1881 2319 2064 2386 Quan-

477 2411 545 2465 do
571 2411 734 2480 igitur
777 2411 1084 2467 sedehiuius
1118 2427 1234 2476 nos,
1266 2428 1496 2482 quorum
1543 2413 1700 2466 modo
1725 2427 1822 2466 nec
1845 2426 2060 2480 corpus,

476 2516 578 2556 nec
625 2503 803 2557 anima
863 2504 1039 2569 sedet,
1099 2503 1153 2558 in
1199 2504 1394 2574 quibus
1444 2506 1687 2559 sedatum
1733 2502 1886 2567 nihil,
1928 2501 2062 2556 nihil

475 2594 737 2662 quietum,
771 2594 903 2649 nihil
951 2595 1002 2649 in
1035 2595 1223 2650 eodem
1267 2605 1412 2649 statu
1458 2595 1785 2665 permanet?
1836 2594 2062 2660 Quando

475 2682 829 2738 liberabimur
862 2685 928 2738 ab
959 2685 1327 2754 inquietudine
1349 2685 1669 2740 mobilitatis
1704 2683 1903 2756 hujus?
1933 2684 2062 2740 Cor-

475 2788 577 2844 pus
627 2773 770 2828 enim
817 2784 1060 2828 nostrum
1104 2775 1294 2831 sedere
1366 2791 1470 2828 non
1527 2776 1876 2844 permittitur,
1939 2791 2062 2829 cum

476 2861 608 2916 illttd
633 2863 896 2933 impediat
939 2876 996 2919 et
1033 2866 1316 2935 prmsentis
1344 2879 1536 2919 sensus
1580 2864 1780 2919 doloris
1805 2875 1859 2918 ct
1886 2863 2060 2918 futura

477 2954 672 3008 mortis
710 2955 977 3018 anxietas,
1027 2955 1281 3025 quoniam
1329 2955 1583 3026 passibile
1615 2964 1698 3010 est
1733 2965 1785 3011 et
1816 2956 2060 3010 mortale.

2165 1774 2460 1826 secundum
2497 1771 2766 1836 Marcum,
2813 1773 2902 1827 ubi
2931 1783 3116 1843 aperte
3147 1774 3457 1830 declaratur
3492 1777 3745 1847 temporis

2169 1861 2328 1931 hujus
2383 1876 2502 1916 esse
2557 1863 2794 1934 ceutupli
2825 1865 3264 1934 promissionem.
3313 1865 3405 1920 Ait
3466 1868 3617 1922 enim
3652 1870 3747 1923 Do.

2165 1950 2385 2006 minus:
2421 1969 2439 2002 ι
2471 1949 2640 2006 Nemo
2667 1963 2766 2019 est,
2804 1954 2894 2023 qui
2940 1954 3218 2025 reliquerit
3246 1966 3480 2026 patrem,
3515 1967 3613 2011 aut
3643 1974 3748 2012 ma-

2163 2047 2325 2105 trem,
2356 2048 2450 2094 aut
2490 2040 2658 2107 ﬁlios,
2701 2051 2794 2096 aut
2831 2058 2988 2112 agros
3032 2054 3252 2113 propter
3300 2061 3388 2100 me
3431 2055 3490 2100 et
3535 2058 3749 2117 propter

2165 2131 2537 2204 Evangelium,
2568 2134 2658 2203 qui
2696 2149 2798 2188 non
2826 2135 3058 2205 accipiat
3079 2136 3282 2190 centies
3313 2145 3526 2192 tantum
3559 2152 3575 2203 ;
3614 2152 3749 2192 nunc

2165 2221 2218 2276 in
2255 2223 2357 2278 hoc
2394 2232 2632 2294 tempore
2659 2225 2846 2280 domos
2866 2266 2881 2289 ,
2905 2235 2962 2280 et
2995 2226 3209 2290 fratres,
3250 2246 3272 2280 ι
3303 2235 3409 2282 etc.
3441 2227 3644 2298 (Marc.
3677 2229 3746 2298 ι).

2167 2315 2252 2378 Et,
2313 2325 2376 2368 ut
2407 2316 2576 2384 magis
2614 2317 2914 2381 tniremini,
2971 2332 3069 2371 nec
3119 2318 3538 2387 promissionem
3591 2319 3748 2383 hanc,

2167 2403 2291 2460 licet
2319 2405 2478 2475 hujus
2509 2409 2578 2460 sit
2631 2407 2904 2476 temporis,
2957 2407 3202 2462 exhiberi
3245 2410 3311 2464 de
3365 2411 3750 2479 temporalibus

2164 2497 2464 2562 mstimetis,
2498 2498 2737 2552 additum
2767 2508 2891 2554 est:
2937 2515 3058 2554 cum
3087 2503 3579 2572 persccutionibns.
3615 2505 3750 2572 Quid

2165 2592 2308 2647 enim
2339 2593 2391 2645 in
2421 2593 2797 2662 persecutione
2823 2595 2987 2663 positi
3039 2603 3265 2650 terrente
3288 2596 3609 2650 substantia:
3631 2612 3749 2651 san-

2167 2683 2238 2737 cti
2293 2689 2563 2752 martyres
2614 2694 2963 2754 acceperunt,
3016 2686 3230 2755 quando
3285 2693 3338 2740 et
3370 2687 3485 2756 ipsa
3539 2703 3750 2758 quoque

2167 2781 2310 2826 terra
2349 2771 2627 2828 beatorum
2660 2789 2950 2843 corporum
2999 2775 3124 2830 data
3155 2785 3242 2830 est
3270 2777 3324 2830 in
3355 2793 3552 2833 manus
3583 2779 3750 2833 homi-

2164 2877 2293 2914 num
2351 2860 2681 2932 impiorum?
2732 2863 2883 2930 Quod
2935 2879 3064 2935 ergo
3111 2865 3244 2920 dicit
3295 2867 3507 2922 centies
3541 2876 3746 2922 tantum

2168 2952 2376 3016 domos,
2412 2963 2502 3007 aut
2533 2954 2751 3018 fratres,
2787 2966 2920 3021 etc.,
2953 2956 3173 3032 minime
3201 2959 3500 3012 secundum
3529 2974 3750 3014 carnem

479 3041 585 3096 Sed
609 3050 662 3095 et
685 3043 904 3113 spiritus
932 3044 1044 3113 ipse
1072 3044 1271 3099 nullam
1295 3045 1458 3100 habet
1494 3045 1736 3114 requiem
1768 3048 1837 3100 ob
1875 3061 2064 3117 exspe-
2091 3039 2137 3100 C
2171 3041 2390 3112 intelligi
2422 3058 2602 3112 posse,
2636 3043 2720 3098 vel
2773 3060 2840 3100 ex
2873 3061 2938 3100 eo
2970 3046 3316 3102 manifestum
3341 3058 3427 3102 cst
3457 3051 3602 3120 quod
3627 3067 3752 3104 ccu-

477 3131 767 3187 ctationem
791 3132 902 3202 spei
925 3141 982 3188 et
1016 3133 1224 3188 timoris
1259 3133 1698 3188 sollicitudinem.
1741 3135 1856 3189 Erit
1885 3146 2065 3191 autem

477 3236 600 3277 cum
632 3223 808 3277 anima
845 3224 1153 3293 requiescet
1183 3224 1234 3278 in
1284 3239 1377 3295 spe
1421 3225 1768 3296 singulariter
1798 3228 2065 3281 constitu-

479 3320 534 3366 ta
588 3311 760 3382 (Psal.
815 3313 923 3380 tv);
969 3313 1138 3368 libera
1177 3313 1396 3384 quidem
1454 3329 1484 3368 a
1540 3309 1925 3379 sollicitudine,
1970 3316 2066 3372 sed

479 3417 586 3456 non
625 3402 692 3456 ah
729 3405 1152 3473 exspectatione.
1184 3403 1305 3459 Fiet
1333 3413 1512 3460 autem
1545 3407 1647 3460 hoc
1688 3417 1812 3476 post
1838 3415 2065 3462 mortem

480 3494 685 3559 carnis,
717 3494 810 3548 sed
837 3503 964 3548 ante
1009 3494 1148 3549 diem
1174 3493 1385 3563 judicii.
1414 3495 1471 3549 ln
1503 3496 1591 3550 die
1614 3506 1794 3551 autem
1825 3496 1913 3551 illa
1942 3513 2066 3552 cum

477 3583 681 3636 sederit
723 3582 862 3637 filius
909 3583 1164 3649 hominis,
1218 3584 1461 3655 perfecte
1515 3595 1568 3640 et
1598 3601 1664 3640 ex
1715 3587 1862 3642 omni
1911 3597 2068 3657 parte

482 3672 812 3736 sedebimus,
841 3676 964 3745 quia
982 3691 1078 3730 nec
1105 3691 1301 3744 corpus
1325 3676 1525 3731 doloris
1550 3692 1708 3732 sensu
1739 3679 2063 3746 turbabitur,

483 3778 584 3818 nec
654 3763 965 3819 anxiabitur
1007 3766 1200 3820 timore
1253 3766 1463 3831 mortis,
1522 3767 1968 3836 impassibilitatis
2015 3779 2071 3825 et

485 3855 913 3911 immortalitatis
966 3857 1166 3929 duplici
1219 3859 1355 3912 stola
1391 3858 1751 3929 gloriﬁcatum
1807 3860 2071 3932 liberique

486 3947 710 4010 erimus,
760 3949 902 4016 quod
958 3948 1024 4002 ad
1063 3947 1297 4003 animam
1345 3949 1601 4019 pertinet,
1657 3951 1724 4005 ab
1783 3961 2065 4022 exspecta—

489 4034 635 4088 tione
661 4043 715 4089 et
741 4037 1104 4092 sollicitudine
1129 4040 1401 4104 universa,
1421 4040 1553 4093 nihil
1580 4041 1757 4095 minus
1787 4041 2067 4111 habentes,

490 4125 625 4179 nihil
658 4127 910 4197 deinceps
961 4129 1186 4196 periculi
1218 4139 1542 4194 metuentes,
1574 4130 1626 4183 in
1679 4132 2069 4200 perfectissima

491 4217 783 4270 securitate
809 4226 862 4271 et
889 4219 1232 4272 securissima
1283 4219 1632 4288 perfectione.
1666 4241 1683 4270 ι
1719 4221 2020 4289 Sedebitis,
2047 4243 2066 4276 ι

484 4306 596 4382 45
629 4307 700 4361 ait
727 4307 1005 4372 Dominus,
1037 4309 1112 4363 ait
1141 4306 1373 4363 Veritas.
1401 4308 1672 4365 Solemnis
1701 4311 1888 4376 sessio,
1919 4323 2072 4384 grata

2169 3142 2278 3186 tum
2318 3143 2519 3189 matres
2550 3137 2748 3205 accipit
2791 3152 2970 3193 nemo.
3021 3138 3139 3194 Jam
3177 3155 3326 3203 vero,
3379 3141 3424 3194 si
3475 3156 3576 3210 pro
3603 3159 3751 3197 com-

2167 3223 2534 3280 municatione
2589 3228 2992 3296 possessionum
3023 3238 3077 3283 et
3106 3229 3410 3285 animorum
3440 3231 3749 3302 aﬂ'eetimte,

2166 3327 2284 3382 quae
2315 3315 2453 3369 inter
2481 3315 2682 3372 electos
2721 3329 2824 3384 est,
2875 3321 3284 3389 promissionem
3311 3324 3457 3380 hanc
3505 3326 3752 3381 volumus

2169 3401 2490 3473 intelligere,
2524 3405 2792 3475 aliquibus
2833 3409 3072 3477 quidem,
3104 3411 3199 3466 sed
3238 3427 3345 3466 non
3377 3416 3636 3470 omnibus
3665 3432 3752 3486 po-

2170 3495 2297 3548 terit
2336 3497 2649 3552 convenire.
2687 3499 2981 3554 Nonnullos
3008 3503 3150 3556 enim
3184 3513 3501 3560 sanctorum
3537 3517 3753 3563 terrena

2169 3588 2272 3642 hac
2295 3597 2348 3642 et
2377 3589 2612 3644 humana
2649 3592 3022 3648 consolatione
3079 3596 3326 3652 novimus
3376 3601 3644 3656 caruisse.
3696 3601 3753 3657 lu

2168 3679 2330 3734 corde
2360 3695 2489 3752 ergo
2515 3689 2572 3735 et
2625 3683 2678 3736 in
2727 3683 2946 3738 homine
2977 3685 3218 3740 interiori
3250 3689 3566 3759 centuplum
3614 3692 3752 3747 istud

2170 3785 2383 3837 quaeras
2408 3787 2631 3827 necesse
2655 3783 2757 3837 est,
2795 3785 2852 3828 ut
2879 3776 3079 3832 habeas
3107 3795 3251 3835 nunc
3271 3783 3489 3850 quidem
3518 3783 3753 3840 fructum

2173 3867 2321 3914 tuum
2337 3862 2388 3916 in
2415 3863 2918 3933 sanctificatiouem,
2938 3867 3096 3924 finem
3117 3886 3248 3925 vero
3273 3871 3442 3924 vitam
3468 3882 3754 3929 sternam.

2241 3951 2343 4018 Qui
2374 3966 2504 4022 ergo
2534 3956 2773 4010 nondum
2805 3959 3110 4026 centuplum
3138 3971 3483 4032 acceperunt,
3514 3975 3755 4018 scruten-

2173 4049 2260 4095 tur
2280 4043 2452 4097 corda
2481 4059 2608 4110 sua,
2667 4055 2722 4100 ct
2753 4048 3002 4102 universa
3038 4066 3291 4105 manuum
3320 4067 3544 4107 suarum
3584 4057 3753 4109 studia

2173 4131 2457 4202 diligenter
2483 4137 2814 4203 examiueut,
2873 4155 2974 4194 nec
3025 4141 3246 4196 dubium
3297 4144 3428 4212 quin
3479 4145 3754 4200 inveniant

2175 4224 2427 4294 angulum
2467 4234 2522 4280 et
2571 4226 2962 4294 diversorium,
2994 4233 3137 4301 quod
3175 4231 3426 4289 Salvator
3453 4252 3558 4292 non
3591 4239 3750 4292 novit.

2177 4313 2282 4368 Sed
2314 4315 2496 4384 vulpes
2550 4316 2731 4373 foveas
2791 4320 3010 4385 habent,
3061 4333 3117 4378 et
3173 4324 3421 4382 volucres
3447 4328 3573 4382 cmli
3607 4329 3754 4384 nidos

487 4397 665 4467 quies,
697 4397 852 4468 plena
890 4396 1227 4452 snllicieutia.
1263 4418 1279 4450 ι
1306 4398 1424 4453 Filii
1458 4400 1760 4465 hominum,
1795 4416 2073 4473 usquequo
2102 4389 2150 4446 Ῐ)
2178 4401 2327 4474 (Luc.
2360 4405 2460 4473 ix).
2495 4405 2660 4476 Magis
2685 4419 2867 4463 autem
2903 4410 3199 4480 perfectius
3223 4415 3534 4485 relinquant
3555 4420 3751 4484 omnia,

491 4492 637 4562 gravi
670 4491 854 4554 corde,
911 4497 967 4543 nt
995 4491 1121 4558 quid
1169 4489 1391 4562 diligitis
1418 4492 1712 4546 vanitatem
1743 4500 1797 4546 et
1835 4493 2076 4562 qumritis

493 4577 875 4633 mendacium?
905 4599 923 4630 ι
956 4577 1128 4650 (Psal.
1161 4580 1256 4651 tv.)
1296 4579 1535 4636 Gloriam
1565 4580 1730 4647 enim,
1759 4597 1878 4651 qua:
1909 4583 1974 4638 ab
2001 4583 2079 4638 in-

492 4670 664 4724 vicem
706 4679 810 4735 est,
869 4672 1132 4741 qumritis,
1185 4687 1378 4726 vanam
1413 4673 1597 4743 utique
1628 4681 1682 4727 et
1735 4675 2072 4744 mendacem,

492 4760 746 4827 quoniam
778 4762 898 4814 vani
925 4761 1012 4815 lilii
1043 4762 1344 4828 hominum,
1373 4764 1660 4818 mendaces
1682 4764 1776 4818 lilii
1799 4765 2072 4821 hominum

495 4848 668 4920 (Paul.
701 4853 832 4922 ιχι),
890 4863 943 4907 et
990 4853 1252 4923 gloriam,
1311 4870 1430 4924 quze
1460 4870 1488 4907 a
1521 4855 1635 4910 solo
1665 4857 1772 4910 Deo
1811 4867 1912 4923 est,
1974 4875 2079 4913 non

498 4943 682 5006 vultis,
713 4945 937 5013 glcriam
969 4945 1084 5000 sine
1117 4948 1278 5002 dubio
1310 4956 1615 5002 manentem
1645 4959 1698 5003 et
1737 4965 1940 5003 veram.
1984 4951 2082 5005 Mi-

497 5031 607 5083 seri
633 5041 686 5084 et
709 5031 1066 5097 miserabiles,
1115 5036 1204 5103 qni
1233 5053 1332 5106 pro
1358 5037 1506 5091 brevi
1549 5037 1820 5107 voluptate
1873 5049 2080 5095 torren-

2177 4514 2282 4554 non
2311 4511 2556 4569 quaerant
2583 4518 2703 4572 qum
2743 4520 2836 4558 sua
2870 4516 3016 4569 sunt,
3049 4508 3185 4561 nihil
3215 4510 3316 4563 sibi
3355 4513 3650 4574 retineant,
3681 4514 3753 4567 ni-

2178 4587 2250 4642 hil
2292 4588 2429 4643 aliis.
2467 4591 2605 4644 Sunt
2661 4593 2804 4647 enim
2835 4594 3079 4666 plerique
3132 4600 3244 4668 qui,
3303 4598 3433 4654 licet
3483 4605 3752 4672 propriam

2177 4681 2554 4737 exaltationem
2580 4683 3013 4756 voluptatemque
3034 4691 3164 4744 satis
3189 4691 3516 4760 despiciant,
3545 4697 3756 4766 propin-

2175 4773 2298 4840 quis
2330 4783 2504 4827 tamen
2539 4773 2649 4846 ἧς
2687 4777 2798 4830 suis
2827 4778 3220 4852 quodammodo
3247 4784 3485 4837 retinent
3510 4788 3651 4852 quod
3679 4787 3756 4841 de-

2181 4863 2413 4919 buerant
2467 4866 2770 4935 reliquisse,
2823 4869 3115 4939 incongrua
3155 4872 3522 4930 sollieiludine
3559 4889 3614 4932 et
3640 4879 3754 4933 reli-

2182 4954 2325 5022 gioni
2380 4957 2652 5010 contraria
2688 4973 2786 5026 pro
2840 4960 2918 5013 eis
2964 4961 3146 5030 utique
3177 4961 3508 5020 laborantes.
3566 4968 3754 5035 Quanti

2179 5043 2323 5098 enim
2356 5047 2760 5108 monachorum,
2800 5050 2924 5103 dmn
2957 5053 3268 5108 parentibus
3310 5056 3426 5108 suis
3457 5057 3580 5108 nlus
3625 5058 3753 5108 iusto
