3946 5368
151 278 263 336 553

1661 273 1901 327 SERMO
1943 271 1981 325 Χ
1995 311 2010 324 .

3342 291 3446 347 εει

151 394 356 462 inquit,
391 392 620 461 accipiet
648 400 704 447 ct
727 393 893 447 vitam
917 400 1178 448 cternam
1207 392 1503 462 possidebit
1535 388 1749 462 (Matth.
1782 393 1827 452 Α
1858 405 1954 459 per
1982 390 2230 446 universa
2258 389 2376 460 ejus
2412 393 2621 449 viscera
2650 395 2907 454 vitiorum
2939 403 3178 457 omnium
3209 420 3273 460 ac
3301 423 3447 462 mm-

150 486 294 553 xu).
330 503 348 534 ι
383 481 516 537 Illud
542 485 685 537 enim
718 484 770 538 in
816 483 902 537 via
934 483 1198 554 accipitur
1226 484 1292 539 ad
1328 483 1621 548 solatium;
1670 483 1757 537 illa

152 593 289 632 vero
316 579 386 634 ad
414 579 806 634 beatitudinem
836 580 891 635 in
919 580 1094 648 patria
1117 579 1485 650 possidebitur
1526 578 1577 632 in
1603 587 1756 632 teter-

154 686 309 722 num.
359 669 468 724 Sed
511 671 641 740 quid
688 679 772 725 est
809 671 1123 742 centupium
1157 671 1332 734 istud,
1378 670 1480 725 nisi
1512 669 1760 724 consola-

152 762 357 825 tiones,
404 760 855 832 visitationesque
894 763 1227 834 etprimitiac
1266 762 1514 833 spiritus,
1556 762 1645 831 qui
1673 775 1759 815 suo

149 865 254 918 per
300 851 408 906 mel
463 851 638 907 dulcis
671 864 785 917 est,
835 853 942 908 nisi
993 852 1362 908 testimonium
1413 852 1760 908 conscientia:

149 953 383 1010 instra,
424 946 528 1001 nisi
578 946 721 1011 laeta,
766 945 1532 1016 etjucundissimajustorum
1563 958 1758 1013 exspe-

148 1038 349 1103 etalio,
400 1038 507 1093 nisi
562 1039 821 1095 memoria
857 1038 1203 1093 abundantia:
1239 1038 1525 1093 suavitatis
1555 1037 1670 1101 Dei,
1701 1045 1761 1092 et

153 1143 354 1200 magna
392 1145 523 1185 vere
552 1129 837 1186 multitudo
861 1129 1163 1186 dulcedinis
1186 1131 1326 1202 ejus,
1355 1145 1517 1201 quam
1544 1146 1642 1184 nec
1659 1146 1758 1185 ex-

148 1223 349 1292 pertis,
387 1238 614 1279 necesse
641 1233 726 1279 est
754 1224 966 1290 dicere,
1015 1239 1115 1279 nec
1143 1224 1436 1296 inerpertis
1483 1222 1759 1296 [inexper-

151 1311 268 1386 tus]
303 1313 413 1370 illis
445 1315 629 1370 verbis
680 1315 990 1385 exprimere
1036 1314 1325 1384 quisquam
1378 1313 1606 1384 potest?
1639 1311 1755 1366 Non

153 1413 337 1475 pater,
363 1421 476 1460 non
509 1414 706 1472 mater,
739 1421 845 1460 non
875 1405 1088 1469 domus,
1122 1419 1228 1460 non
1255 1417 1408 1476 ager,
1444 1419 1551 1459 non
1579 1404 1755 1466 cibus,

154 1507 248 1550 aut
275 1497 467 1562 vestis,
496 1514 602 1552 non
635 1497 870 1568 denique
900 1506 1177 1552 terrenum
1213 1497 1451 1566 aliquid,
1507 1505 1599 1549 aut
1630 1511 1758 1549 cor-

151 1587 364 1656 porale,
404 1588 500 1643 sed
542 1587 700 1658 plane
729 1588 816 1643 his
864 1587 1119 1642 omnibus
1153 1586 1547 1654 delectabilius,
1595 1603 1760 1658 super

156 1679 276 1734 haec
305 1681 494 1734 omnia
521 1681 732 1736 dulcius
758 1691 920 1752 atque
945 1681 1236 1752 jucundius
1259 1689 1362 1736 est.

1862 481 1983 538 talis
2010 485 2373 556 corruptionis
2404 502 2608 541 venena
2641 487 2872 545 diﬂ’udit.
2913 492 3111 548 Contra
3147 495 3249 552 hoc
3283 497 3452 569 igitur

1861 572 2059 628 lethale
2089 574 2240 630 virus
2265 576 2563 632 antidotum
2586 579 2946 636 aCbristiano
2965 585 3162 654 populo
3186 588 3446 652 sumitur,

1859 679 1956 735 per
1981 667 2122 737 quod
2147 666 2444 737 spiritualis
2467 670 2638 724 morbi
2667 672 2976 741 pestilentia
3003 675 3296 734 salubriter
3315 695 3445 736 evo-

1862 766 2063 813 matur.
2098 757 2271 826 Hujus
2311 760 2434 814 novi
2480 764 2808 818 sacramenti
2841 765 3046 822 virtute
3099 767 3446 835 fermentum,

1860 845 1987 901 illttd
2042 845 2234 921 [illico]
2279 851 2652 907 condemnatus
2685 857 2970 912 vetustatis
3009 859 3351 929 expcllimus,
3383 875 3449 918 ut

1859 937 1925 992 de
1953 939 2216 994 servitute
2244 941 2312 994 ad
2337 940 2644 997 libertatem
2673 944 2894 1014 spiritus
2923 959 2978 1003 et
3018 951 3084 1004 ad
3119 967 3259 1007 nova
3290 968 3447 1025 rege-

1860 1029 2160 1086 nerationis
2192 1045 2381 1102 azyma
2408 1041 2769 1092 transeamus.

1930 1118 2104 1175 Hodie
2159 1136 2374 1176 sacrum
2431 1123 2668 1179 chrisma
2719 1127 3023 1195 conﬁcitur,
3087 1146 3183 1200 per
3218 1137 3362 1203 quod
3396 1137 3450 1192 in

1857 1208 2016 1265 nobis
2043 1211 2284 1266 omnium
2314 1211 2622 1269 caelestium
2663 1216 3052 1274 charismatum
3083 1226 3315 1279 sanctilii
3336 1228 3452 1280 atio

1855 1297 2214 1354 conﬁrmatur
2267 1302 2647 1376 [designatur].
2698 1304 2813 1361 Hoc
2856 1308 3106 1365 videlicet
3159 1313 3286 1368 illud
3325 1332 3449 1372 esse

1858 1402 2265 1448 sacrosanctum
2293 1395 2532 1449 chrisma
2563 1399 2927 1468 cognoscitur,
2960 1405 3102 1472 quod
3149 1421 3253 1460 non
3296 1424 3383 1462 mo
3404 1412 3456 1462 ‘.o

1858 1487 2203 1552 sacerdotes,
2255 1503 2408 1559 rcges
2431 1500 2602 1560 atque
2634 1493 2925 1562 prophetas
2983 1498 3137 1550 unxit
3185 1499 3234 1553 in
3272 1499 3457 1556 Veteri

1859 1577 2231 1642 Testamento,
2258 1581 2357 1635 sed
2388 1581 2550 1636 etiam
2581 1593 2798 1638 sanctos
2839 1588 3132 1656 apostolos,
3188 1603 3457 1663 martyres

1859 1680 1914 1726 et
1963 1671 2302 1728 confessores
2358 1675 2720 1730 sanetilicavit
2772 1679 2822 1731 in
2871 1677 3040 1734 Novo.
3095 1683 3262 1738 llodie
3301 1685 3453 1756 [hoc]

221 1769 326 1825 Cui
377 1786 508 1828 vero
547 1772 626 1827 sic
646 1772 958 1842 specialiter
979 1781 1126 1826 totus
1155 1771 1480 1842 evangelica:
1504 1769 1754 1826 lectionis

1862 1764 2021 1818 etiam
2069 1779 2168 1820 nos
2197 1764 2320 1820 oleo
2375 1767 2573 1821 divinae
2625 1768 2848 1823 virtutis
2905 1770 3240 1841 iuungimnr,
3297 1755 3356 1830 ut
3395 1755 3452 1830 in

150 1875 423 1918 excursus
457 1865 729 1931 assignari
777 1872 979 1936 potest,
1039 1863 1495 1934 quemadmodum
1528 1864 1667 1934 patri
1701 1873 1757 1917 et

153 1953 420 2023 magistro
470 1963 657 2009 nostro
709 1955 869 2011 beato
919 1956 1258 2010 Benedicto?
1312 1955 1412 2011 Hic
1458 1971 1487 2010 a
1520 1958 1756 2026 pueritia

157 2045 422 2099 mundum
453 2060 580 2100 cum
611 2045 744 2101 ﬂore
773 2045 1012 2116 reliquit,
1044 2057 1100 2102 et
1135 2056 1443 2102 currentem
1479 2048 1756 2103 Christum

153 2150 322 2190 cursu
352 2137 697 2206 rapidissimo
725 2148 944 2193 secutus
971 2148 1092 2203 est,
1142 2153 1242 2192 nec
1292 2139 1534 2203 destitit,
1586 2138 1759 2194 donec

162 2238 614 2298 consequeretur.
649 2229 783 2297 Quis
813 2231 954 2284 inter
976 2229 1284 2298 iudicantes
1307 2230 1593 2284 sublimius
1613 2228 1760 2298 judi-

153 2318 349 2371 cabit?
388 2317 522 2385 Quis
565 2319 639 2374 ita
691 2321 1011 2390 centuplum
1063 2320 1116 2374 in
1167 2321 1268 2375 hac
1309 2321 1419 2375 vita
1470 2321 1758 2391 percepit?

157 2408 290 2475 Quis
315 2409 482 2463 vitam
511 2419 770 2464 aeternam
801 2411 1089 2482 gloriosius
1122 2412 1462 2480 possidebit?
1493 2412 1623 2480 Ejus
1659 2414 1759 2482 igi-

158 2509 250 2552 tur
281 2501 675 2556 intercessione
702 2516 812 2556 suae
848 2502 1036 2572 gratiae
1077 2501 1381 2573 largitatem
1413 2502 1481 2556 ad
1518 2517 1758 2571 prasen-

158 2590 227 2643 tis
258 2590 384 2643 vita:
411 2591 841 2646 consolationem
872 2600 928 2646 et
957 2601 1176 2646 teter-na:
1213 2593 1631 2662 possessionem,
1665 2609 1760 2649 no-

158 2680 241 2733 bis
278 2681 670 2736 administrare
715 2683 988 2764 dignetur,
1025 2683 1116 2752 qui
1141 2683 1310 2748 venit,
1356 2692 1415 2736 ut
1458 2684 1626 2738 vitam
1657 2685 1756 2738 ha-

157 2771 422 2839 beamus,
487 2782 544 2829 et
590 2782 650 2828 ut
695 2773 1059 2830 abundantius
1114 2776 1411 2832 habeamus
1448 2775 1630 2845 (loan.
1677 2777 1756 2847 χ),

154 2861 316 2918 Jesus
347 2863 600 2921 Christus
645 2866 902 2922 Dominus
929 2877 1151 2932 noster,
1207 2867 1297 2938 qui
1325 2877 1411 2923 est
1435 2867 1758 2923 benedictus

161 2957 216 3009 in
247 2958 471 3012 saecula.
505 2959 698 3013 Amen.

791 3051 1024 3108 suane
1063 3053 1129 3108 χ.
1475 3127 1487 3131 _

521 3161 572 3199 IN
604 3161 763 3200 casa
796 3161 1002 3200 Domst.
1035 3155 1187 3217 (χχιιι
1215 3149 1408 3218 mar.)

231 3231 426 3298 Hodie,
485 3233 682 3289 fratres
720 3237 1050 3304 charissimi,
1100 3238 1226 3292 dum
1265 3253 1434 3294 unum
1466 3239 1760 3295 Dominiea:

159 3324 422 3380 solemnia
478 3327 840 3394 celebramus,
872 3331 1106 3400 plurima
1158 3333 1418 3388 virtutum
1453 3335 1757 3390 caelestium

163 3424 507 3470 sacramenta
540 3418 851 3473 recolimus.
902 3420 1075 3475 Hodie
1102 3438 1332 3491 namque
1358 3422 1613 3479 Salvator
1663 3439 1758 3478 no-

163 3515 291 3569 ster,
333 3507 428 3576 qtti
461 3518 624 3577 caput
673 3520 757 3564 est
799 3512 1140 3582 angelorum,
1177 3514 1304 3566 dum
1334 3514 1447 3568 suis
1477 3514 1758 3585 discipulis

167 3596 388 3667 vestigia
417 3600 590 3664 tersit,
617 3616 761 3656 verte
785 3603 936 3657 nobis
961 3600 1282 3660 humilitatis
1305 3607 1612 3676 exemplum
1648 3625 1756 3660 ina-

158 3684 358 3741 vnifcste
383 3692 685 3758 proposuit,
731 3702 787 3746 ut
814 3695 954 3762 quod
989 3696 1248 3764 impendit
1277 3697 1538 3752 Dominus
1581 3697 1754 3752 famu-

162 3775 248 3840 lis,
284 3779 429 3832 scrvi
476 3795 584 3835 non
637 3783 998 3855 dedignentur
1038 3786 1297 3841 exhibere
1347 3790 1648 3854 conservis,
1703 3802 1758 3844 et

163 3869 336 3937 pulvis
386 3887 494 3926 non
549 3874 780 3944 deneget
824 3878 1054 3947 pulveri,
1111 3880 1252 3948 quod
1304 3881 1402 3936 sibi
1458 3899 1755 3954 congruere

163 3970 324 4015 tanta;-
362 3963 534 4016 visum
573 3974 657 4018 est
708 3967 996 4036 majestati.
1056 3969 1156 4025 Ubi
1205 3986 1328 4025 cum
1381 3972 1572 4028 Petrus
1597 3973 1755 4029 obse-

158 4050 347 4116 quium
397 4054 678 4123 suscipere
709 4059 903 4112 summi
931 4058 1116 4133 [tanti]
1161 4061 1512 4132 Praeceptoris
1543 4066 1753 4120 abnue-

161 4153 265 4204 ret,
293 4152 352 4197 et
397 4143 488 4196 ille
513 4145 692 4200 minas
726 4149 1070 4218 repulsionis,
1119 4153 1222 4206 nisi
1253 4169 1309 4208 se
1337 4154 1502 4210 lavari
1528 4159 1754 4226 permit-

163 4241 318 4298 teret,
371 4235 668 4290 intentaret
706 4240 1054 4296 tremefactus
1105 4244 1319 4300 tandem
1358 4256 1412 4299 et
1455 4246 1755 4304 insistentis

161 4325 390 4395 imperio
427 4331 677 4398 protinus
726 4335 1077 4402 acquiescens
1117 4339 1230 4393 ait:
1290 4359 1306 4390 ι
1343 4340 1591 4406 Ι)οιιίἰηο,
1643 4360 1750 4398 non

164 4425 370 4472 tantum
407 4421 568 4488 pedes
621 4439 795 4490 meos,
850 4428 943 4480 sed
971 4437 1025 4482 et
1056 4445 1246 4485 manus
1274 4441 1327 4486 et
1354 4443 1516 4503 caput
1563 4434 1744 4504 (Joau.

161 4513 298 4584 sm).
338 4531 359 4565 ι
413 4514 471 4569 lu
519 4516 723 4585 quibus
777 4518 962 4588 utique
1005 4523 1180 4577 verbis
1225 4526 1416 4580 beatus
1460 4526 1747 4597 Apostolus

161 4620 318 4673 Opera
367 4617 574 4671 nostra,
637 4608 799 4662 simul
853 4621 906 4664 et
941 4612 1318 4683 cogitationes,
1368 4625 1488 4671 uta
1522 4617 1747 4674 Domino

159 4696 512 4764 parilicentur
553 4709 720 4769 atque
775 4704 1138 4768 mundentur,
1199 4707 1446 4779 indigere
1495 4711 1744 4780 signavit.

163 4785 436 4857 Siquidem
465 4791 722 4846 manibus
759 4804 1047 4860 operatur,
1083 4798 1440 4866 cogitationes
1471 4810 1650 4853 autem
1681 4813 1747 4854 ex

162 4890 358 4941 mente,
388 4897 507 4950 qua:
530 4893 698 4952 caput
721 4891 807 4937 est
857 4885 1136 4943 interioris
1162 4889 1422 4957 hominis,
1457 4891 1744 4960 proferun-

161 4978 261 5022 tur.
310 4969 414 5042 47
445 4971 582 5028 Vera
639 4989 772 5043 ergo
823 4990 887 5031 ac
931 4978 1172 5048 perfecta
1218 4982 1469 5054 purgatio
1497 4993 1582 5038 est
1626 5000 1745 5039 cum

163 5060 305 5118 Deus
329 5068 674 5136 omnipotens
703 5084 811 5123 non
845 5071 1019 5127 solum
1066 5089 1229 5142 opera
1258 5086 1442 5132 nostra
1472 5078 1668 5134 munda
1697 5089 1750 5133 cl.

164 5150 498 5212 immaculata
530 5159 800 5224 custodit,
825 5165 918 5218 sed
946 5165 1113 5219 etiam
1160 5181 1363 5234 pravas
1389 5169 1749 5240 cogitationes

161 5257 195 5296 a
220 5248 465 5304 cordibus
492 5252 702 5306 nostris
726 5257 897 5310 sancti
924 5257 1161 5326 Spiritus
1191 5259 1463 5317 inlusione
1492 5255 1720 5332 repellit.

240 5335 392 5362 ιι,.,ιε-
441 5341 475 5362 ο
519 5341 700 5362 ι..Α...
745 5351 788 5362 .,
928 5349 940 5360 .

1859 1855 2154 1922 spiritualis
2184 1857 2448 1925 palaestrae
2477 1859 2774 1913 certamine
2828 1859 3182 1916 colluctantes
3221 1864 3286 1917 de
3312 1866 3444 1920 sub-

1859 1945 1999 1999 actis
2023 1954 2186 2015 atque
2223 1947 2490 2000 convictis
2515 1947 2760 2002 hostibus
2783 1949 3200 2020 triumphemus.
3235 1952 3310 2006 De
3337 1971 3448 2024 quo

1860 2039 2114 2092 nimirum
2145 2039 2266 2094 oleo
2297 2040 2560 2109 propheta
2586 2040 2757 2096 dicit:
2793 2059 2814 2093 ι
2843 2041 3250 2111 Computrescet
3265 2043 3454 2116 jngntn

1860 2146 1890 2184 a
1921 2130 2062 2186 facie
2099 2131 2204 2188 olei
2231 2132 2390 2204 (lani.
2430 2133 2505 2202 .v).
2536 2152 2554 2184 ι
2613 2131 2789 2199 Nam,
2837 2150 2956 2190 cum
2987 2151 3087 2206 per
3132 2137 3236 2191 hoc
3284 2137 3456 2194 divini

1857 2225 2174 2281 chrismatis
2223 2234 2632 2281 sacramentum
2694 2226 2963 2283 libertatis
3021 2231 3177 2284 nobis
3229 2230 3456 2301 spiritus

1863 2315 2124 2380 redditur,
2177 2316 2456 2370 servitutis
2481 2316 2724 2386 antiqua:
2767 2313 2956 2387 iugum
3002 2317 3057 2371 in
3109 2319 3455 2388 putredincm

1844 2420 2081 2460 necesse
2136 2416 2219 2460 est
2251 2407 2550 2476 redigatur.
2609 2406 2726 2462 Hoc
2776 2407 3098 2476 mysterium
3136 2411 3453 2465 chrismatis

1861 2497 2122 2566 propheta
2167 2498 2333 2551 David
2387 2497 2755 2552 indubitanter
2800 2498 3041 2568 agnovit,
3092 2516 3215 2554 cum
3270 2501 3462 2561 νιιιιιιε⁵

1857 2597 2047 2643 nostro
2077 2588 2128 2641 in
2158 2588 2278 2642 oleo
2303 2588 2686 2644 exhilarandos
2703 2603 2822 2644 esse
2845 2590 3084 2644 cantavit
3106 2589 3280 2661 (Psat.
3309 2595 3428 2656 cmi
3453 2621 3462 2646 ι

1860 2676 2148 2732 Enimvero
2185 2694 2307 2731 cum
2339 2679 2522 2732 mundi
2561 2679 2790 2733 crimina
2829 2680 3033 2735 diluvio
3064 2683 3428 2750 quondamex
3464 2719 3470 2736 .

1859 2768 2141 2837 piarentur
2162 2768 2334 2824 eﬂ‘uso
2357 2768 2510 2840 (Cen.
2543 2771 2636 2840 vn)
2665 2787 2680 2835 ;
2722 2771 2888 2826 futuri
2927 2775 3168 2829 muneris
3193 2777 3453 2836 columba.

1861 2860 2264 2916 similitudinem
2291 2863 2542 2930 praetulit,
2575 2878 2696 2917 eum
2719 2863 2875 2918 olivae
2899 2879 3049 2921 ramo
3074 2881 3261 2936 pacem
3293 2871 3458 2924 terris

1859 2952 2127 3006 redditam
2177 2953 2465 3007 nuntiavit.
2519 2955 2609 3008 Ait
2653 2955 2797 3010 enim
2831 2955 3153 3025 Scriptura:
3193 2977 3210 3006 ‹
3241 2958 3451 3028 Exspe-

1857 3045 2021 3099 etatis
2073 3051 2254 3100 autem
2288 3045 2428 3100 ultra
2476 3055 2680 3116 septem
2732 3047 2923 3102 diebus
2958 3047 3096 3108 aliis,
3135 3065 3347 3104 rursum
3375 3052 3463 3106 di-

1789 3123 1834 3186 C
1868 3136 2013 3190 misit
2048 3135 2159 3190 Noe
2182 3136 2486 3192 columbam
2534 3152 2602 3192 ex
2629 3152 2778 3193 arca.
2821 3139 2892 3192 At
2921 3137 3007 3192 illa
3047 3140 3192 3194 venit
3227 3141 3292 3194 ad
3328 3158 3460 3198 ent-

1861 3229 1926 3283 ad
1960 3243 2262 3299 vesperam,
2304 3239 2526 3300 portans
2555 3245 2764 3285 ramum
2795 3230 2952 3284 oliva:
2982 3231 3284 3287 virentibus
3310 3231 3452 3287 foliis

1864 3321 1913 3374 in
1943 3337 2038 3377 ore
2067 3337 2164 3376 suo
2196 3319 2348 3392 (Cen.
2385 3323 2524 3386 vin).
2567 3342 2584 3373 ι
2631 3323 2686 3377 1η
2719 3323 3011 3378 emissione
3045 3339 3106 3379 ac
3144 3327 3455 3379 reversione

1861 3412 2124 3468 columbae
2155 3416 2497 3484 soptcnarius
2527 3431 2786 3469 numerus
2814 3416 3054 3484 ponitur,
3085 3417 3208 3486 quia
3240 3431 3450 3487 ερρεθιιι

1859 3522 1978 3562 esse
2004 3506 2188 3577 procul
2239 3507 2405 3561 dubio
2451 3509 2626 3561 sancti
2659 3506 2895 3576 Spiritus
2929 3509 3066 3561 dona
3123 3521 3445 3564 noscuntur.

1862 3599 2177 3669 Vespcrtina
2216 3614 2346 3654 vero
2380 3599 2509 3655 hora
2540 3603 2609 3652 ad
2638 3614 2820 3652 arcam
2846 3598 3092 3652 columba
3134 3600 3448 3661 revertitur.

1859 3690 1983 3758 quia
2014 3688 2248 3759 Spiritus
2277 3698 2514 3748 sanctus,
2548 3689 2640 3758 qui
2669 3689 2721 3743 in
2758 3689 2942 3742 mundi
2993 3688 3262 3758 principio
3309 3691 3449 3746 fcre-

1857 3782 2015 3836 batur
2045 3797 2207 3851 super
2232 3778 2568 3851 aquas((£en.
2597 3780 2659 3849 ι),
2677 3778 2788 3849 jam
2813 3789 3226 3848 vesperascente
3249 3782 3452 3836 secuit)

1857 3882 2099 3928 sanctam
2133 3872 2360 3942 replevit
2391 3871 2715 3926 Ecclesium.

1929 3963 2008 4017 Ad
2057 3963 2160 4017 hoc
2205 3961 2369 4016 etiam
2420 3960 2589 4016 divini
2639 3959 2951 4016 chrismatis
2997 3961 3228 4030 pertinet
3265 3979 3454 4020 sacra-

1860 4063 2123 4117 mentum,
2175 4054 2319 4123 quod
2357 4053 2702 4122 omnipotens
2739 4051 2882 4106 Deus
2917 4052 3081 4124 lioysi
3114 4051 3318 4109 famulo
3345 4071 3446 4110 suo

1861 4145 2174 4200 mandatum
2205 4145 2372 4210 dedit,
2406 4151 2658 4200 utAaron
2682 4143 2906 4199 fratrem
2943 4161 3097 4199 suum
3131 4162 3272 4216 aqua
3301 4150 3452 4218 prius

1856 4238 2126 4304 ablueret,
2185 4239 2380 4293 deinde
2435 4254 2530 4308 per
2588 4237 2913 4294 inlusionem
2976 4237 3136 4306 hujus
3191 4243 3452 4310 unguenti

1859 4329 2212 4385 constitueret
2254 4328 2592 4384 sacerdotem
2622 4347 2639 4380 ;
2677 4347 2695 4378 ‹
2735 4329 2940 4386 Aaron.
2972 4329 3161 4398 inquit,
3215 4339 3271 4384 et
3308 4330 3451 4386 filios

1858 4423 1976 4494 ejus
2005 4437 2174 4492 unges
2225 4421 2697 4489 sanetilicabisque
2728 4435 2846 4484 eos,
2898 4431 2956 4473 ut
2984 4418 3289 4474 sacerdotio
3325 4421 3449 4476 fitn-

1853 4525 2052 4588 gantur
2083 4517 2234 4570 mihi.
2261 4514 2412 4568 Filiis
2434 4527 2648 4583 quoque
2687 4513 2853 4567 lsrael
2887 4513 3034 4566 dices
3075 4527 3089 4568 :
3131 4511 3241 4568 Hoc
3265 4511 3444 4568 oleum

1855 4609 2124 4666 unctionis
2152 4616 2397 4662 sanctum
2430 4607 2536 4659 erit
2569 4604 2702 4660 mihi
2735 4604 2788 4657 in
2819 4606 3197 4674 generationes
3234 4613 3449 4660 vestras

1856 4700 2054 4771 (EI-0d.
2090 4697 2241 4766 xxx).
2284 4716 2300 4746 ι
2347 4695 2517 4750 Porro
2567 4704 2776 4761 autem,
2815 4695 2960 4750 sicut
2997 4694 3110 4764 jam
3143 4693 3326 4752 ablato
3355 4714 3452 4768 per

1855 4789 2116 4846 diluvium
2145 4787 2364 4852 mundo,
2390 4802 2510 4840 cum
2544 4785 2701 4840 oliva:
2729 4786 2972 4841 ratnovad
2999 4801 3180 4842 arcam
3205 4788 3453 4844 columba

1860 4881 2179 4940 revertitur,
2215 4879 2295 4934 sic
2322 4877 2486 4933 etiam
2535 4878 2714 4930 Aaron
2749 4893 2892 4950 aqua
2923 4875 3074 4946 prius
3109 4879 3324 4934 ablutus
3354 4891 3461 4942 est,

1853 4974 2050 5032 deinde
2080 4971 2374 5026 chrismate
2403 4976 2720 5040 perunctus,
2759 4979 2818 5027 ut
2848 4967 2914 5022 ad
2939 4969 3304 5026 sacerdotium
3331 4987 3460 5040 pto-

1857 5072 2186 5126 moveretur.
2235 5059 2328 5117 Sic
2357 5059 2522 5117 etiam
2546 5073 2689 5113 nunc
2737 5059 2978 5138 quilibet
2999 5059 3067 5115 ad
3097 5064 3468 5133 regeneratu-

1859 5163 1945 5218 .-.is
1971 5155 2198 5228 gratiam
2251 5154 2480 5208 veniens
2509 5150 2659 5222 prius
2713 5153 2878 5214 sacri
2926 5151 3267 5220 baptismatis
3313 5151 3481 5206 undis

1860 5247 2218 5316 immergitur,
2266 5254 2328 5298 ut
2376 5242 2726 5316 postmodum
2797 5243 2958 5306 divini
3007 5244 3316 5302 chrismatis
3364 5240 3484 5315 48

1896 5348 1999 5362 Α---.
2023 5338 2114 5362 ...ῘΑ
2163 5336 2514 5362 Ληαισιῖε-..Αοοι-
2591 5333 2732 5362 11111..
2809 5347 3049 5362 -..μία-ΛΑ
3096 5336 3266 5362 λιιι-ιν..
3339 5328 3482 5362 ιιιιιιι.

1956 5348 1999 5362 ..Ι
2023 5338 2114 5362 ...ῘΑ
2163 5336 2514 5362 Ληαισιῖε-..Αοοι-
2591 5333 2732 5362 11111..
