3946 5368
496 286 603 342 555

1106 281 1163 335 S.
1207 279 1410 336 PETRI
1454 278 1737 336 DAMIANI
1778 279 1927 334 OPP.
1977 276 2156 334 PARS
2193 276 2324 334 SEU
2352 280 2588 337 TOMUS
2626 281 2688 337 ll.
2719 265 2801 324 :-
2840 264 3239 340 SERMONES:

3646 266 3652 273 ’
3672 286 3775 344 558

495 395 673 453 oleinn
704 405 974 461 sanctum,
1023 405 1356 467 unguentum
1388 395 1747 464 compositum
1786 410 1950 465 opere
1988 407 2087 447 un-
2119 399 2162 457 Α
2192 395 2330 464 gina:
2351 398 2525 453 sancti
2550 396 2786 467 Spiritus
2807 398 2929 455 oleo
2975 410 3104 455 sunt
3128 399 3379 457 condita.
3418 399 3534 475 49
3579 396 3776 470 ρυπηο

494 487 787 561 guentarii,
837 495 893 542 et
935 499 1104 556 unges
1130 499 1197 543 eo
1233 483 1643 543 tabernaculqu
1684 483 1998 547 testimonii,
2031 492 2085 537 et

494 598 681 640 arcam
737 580 1049 637 testamenti
1103 593 1459 651 mensamque
1511 592 1634 634 cum
1690 577 1911 632 basibus
1949 575 2085 639 suis,

495 671 883 728 candelabrum
906 678 960 725 et
983 669 1235 725 utensilia
1262 667 1401 738 ejus,
1420 668 1612 723 altaria
1644 665 2012 739 thymiamatis
2033 674 2087 720 et

497 762 822 825 holocausti,
853 771 908 818 et
932 762 1242 818 universam
1276 759 1696 830 supellectilem,
1727 773 1850 828 quae
1877 757 1944 812 ad
1973 755 2089 811 cul—

492 866 607 911 tum
633 869 820 911 eorum
842 853 1099 926 pertinet,
1126 853 1598 924 sanctitlcabisque
1618 851 1825 916 omnia,
1848 858 1904 905 et
1925 858 2090 905 erunt

494 948 698 1004 Sancta
746 955 1097 1015 sanctorum;
1161 946 1253 1018 qui
1289 945 1524 1017 tetigerit
1552 960 1618 1000 ea
1658 943 2091 1001 sanctiﬁcabitur

496 1036 697 1109 (Exod.
738 1038 892 1109 xxx).
926 1054 946 1091 ι
981 1036 1265 1109 Mysticum
1289 1037 1474 1107 itaque
1504 1035 1763 1100 chrisma,
1793 1034 1937 1106 quod
1959 1042 2091 1090 tunc

495 1130 856 1188 consecrabat
892 1129 1300 1187 tabernaculum
1326 1130 1380 1185 in
1427 1128 1672 1196 deserto,
1711 1143 1857 1184 nunc
1902 1125 2090 1183 Eccle-

492 1224 632 1279 siam
663 1224 715 1278 in
745 1238 887 1279 novo
945 1222 1253 1283 sanctificat
1314 1229 1659 1278 testamento.
1719 1219 1875 1288 Quod
1919 1218 2088 1275 etiam

492 1322 898 1371 sacramentum
940 1321 1067 1368 tunc
1095 1312 1316 1369 uberius
1342 1322 1395 1369 et
1425 1312 1694 1391 copiosius
1728 1311 1944 1367 videtur
1981 1309 2085 1364 im-

494 1404 720 1475 pletum,
774 1420 897 1460 cum
931 1404 1263 1475 Redemptor
1286 1413 1475 1460 noster
1517 1404 1585 1460 de
1627 1402 1888 1460 Iordanis
1928 1401 2090 1457 undis

494 1496 800 1566 baptizatus
851 1495 1009 1561 rxiit,
1060 1503 1116 1550 et
1161 1494 1365 1565 apertis
1404 1494 1557 1551 cmlis
1585 1494 1834 1565 protinus
1864 1494 1916 1548 in
1962 1507 2087 1548 eum

495 1588 732 1657 Spiritus
759 1596 981 1642 sanctus
1006 1586 1061 1640 in
1090 1585 1353 1641 columbae
1375 1585 1553 1655 specie
1575 1583 1856 1641 manifesta
1880 1583 2087 1640 visione

494 1679 810 1745 descendit,
861 1691 1096 1747 moxque
1136 1693 1240 1733 vos
1266 1675 1447 1732 Patris
1482 1676 1773 1732 intonans:
1812 1694 1831 1727 ι
1858 1674 1959 1730 Hic
1980 1682 2086 1738 est,

2188 487 2376 543 obrem
2421 496 2477 543 et
2508 488 2561 542 in
2589 486 2729 543 libro
2761 486 2982 545 Numeri
3010 490 3240 561 legitur:
3294 509 3315 543 ε
3345 489 3482 561 Quia
3513 493 3778 549 circuibat

2189 577 2436 651 populus,
2473 586 2529 635 et
2568 578 2828 648 colligens
2875 594 3076 636 manna
3106 580 3395 652 frangebat
3432 582 3612 650 mola,
3666 584 3778 641 sive

2193 668 2432 725 terrebat
2455 669 2509 724 in
2534 669 2814 737 mortario,
2854 685 3097 741 eoquens
3128 672 3181 729 in
3207 673 3337 739 olla,
3376 684 3433 730 et
3465 674 3684 732 faciens
3707 690 3776 733 ex

2188 775 2256 818 eo
2282 761 2511 818 tortulas
2531 762 2741 834 saporis
2761 764 2919 834 quasi
2944 766 3103 836 panis
3122 765 3288 822 oleati
3310 768 3330 838 (
3339 766 3392 821 Ν
3396 784 3509 823 am.
3544 769 3667 838 xr)._

2259 853 2429 911 Porro
2476 863 2657 911 autem
2687 856 2843 926 quasi
2888 872 2988 928 per
3024 858 3193 915 multa
3225 859 3278 915 in
3310 859 3540 917 cellario
3560 860 3777 917 Domini

2192 950 2333 1006 dolia
2358 950 2644 1007 transitum
2666 950 2976 1020 habuimus,
3007 963 3067 1009 ut
3090 955 3156 1010 ad
3183 956 3357 1012 solum
3380 957 3648 1023 oleatum,
3670 959 3781 1013 vcl-

2191 1050 2250 1095 nt
2272 1041 2378 1097 olei
2423 1040 2703 1098 vasculum
2730 1043 3017 1111 pervenire
3069 1060 3374 1119 possemus.
3405 1046 3605 1104 Manna
3632 1048 3781 1104 deni-

2191 1145 2320 1202 que,
2347 1146 2456 1201 quo
2493 1130 2649 1202 plebs
2675 1132 2890 1189 vivebat
2914 1133 3236 1204 Israelitica,
3276 1152 3494 1194 sacrum
3524 1138 3778 1209 designa-

2190 1222 2285 1278 bat
2347 1221 2643 1293 eloquium,
2700 1238 2810 1294 quo
2866 1226 3107 1281 nutritur
3155 1235 3211 1282 et
3262 1237 3546 1301 vegetatur
3594 1229 3780 1300 religio

2190 1311 2523 1368 Christiana.
2558 1312 2713 1380 Quod
2736 1314 2924 1384 utique
2944 1317 3214 1373 veraciter
3238 1317 3478 1374 oleatum
3517 1328 3628 1384 est,
3656 1319 3777 1389 quia

2192 1402 2421 1474 mystica
2469 1403 2644 1458 sancti
2697 1401 2934 1473 Spiritus
2976 1414 3058 1460 est
3104 1406 3362 1485 unctione
3400 1423 3775 1479 conspersum.

2191 1491 2497 1565 Notandum
2531 1505 2662 1547 vero
2704 1494 2830 1563 quia
2862 1493 3025 1550 idem
3078 1512 3300 1562 manna,
3350 1498 3496 1568 quod
3543 1499 3599 1553 in
3646 1497 3778 1553 libro

2190 1588 2412 1645 Numeri
2442 1580 2641 1645 dicitur
2664 1588 2926 1656 oleatum,
2958 1589 3013 1644 in
3040 1589 3229 1646 Exodo
3279 1591 3476 1664 legitur
3506 1608 3620 1649 non
3650 1592 3777 1658 olei,

2188 1683 2286 1738 sed
2316 1681 2495 1738 mellis
2530 1682 2710 1753 potius
2755 1680 3011 1738 habuisse
3041 1698 3293 1754 saporem
3331 1702 3345 1737 :
3384 1704 3402 1736 r
3439 1682 3668 1750 Gustus,
3700 1686 3779 1739 in-

493 1774 690 1843 inqnit,
723 1770 895 1828 Filius
931 1785 1085 1829 meus
1114 1769 1362 1834 dilectus,
1396 1770 1449 1824 in
1480 1782 1589 1839 quo
1620 1767 1754 1823 mihi
1779 1765 2081 1839 complacui
2115 1753 2160 1815 Β
2189 1778 2332 1852 quit,
2351 1775 2470 1852 gius
2490 1787 2609 1832 erat
2631 1776 2785 1849 quasi
2808 1778 3001 1834 simila;
3030 1753 3153 1836 ουέη
3174 1779 3335 1836 mene
3358 1779 3560 1851 (Exod,
3591 1785 3722 1852 ιη),
3754 1800 3774 1834 .

495 1866 713 1938 (Matth.
744 1866 850 1935 Ill).
880 1885 899 1918 ι
935 1864 1093 1920 llunc
1121 1879 1243 1920 esse
1276 1863 1562 1935 perspicue
1589 1862 1970 1935 comprobans,
1999 1862 2088 1918 cui

484 1958 661 2017 David
687 1958 816 2015 olim
862 1958 1051 2013 eodem
1083 1955 1290 2027 Spiritu
1337 1954 1599 2015 edoctus.
1654 1956 1877 2011 aiebat:
1920 1972 1938 2006 ι
1976 1953 2089 2010 Un-

489 2052 573 2106 xit
609 2059 661 2107 te
704 2048 964 2107 Dominus
1000 2049 1143 2104 Deus
1193 2057 1318 2103 tuus
1375 2047 1497 2103 oleo
1547 2046 1748 2103 latitia:
1792 2061 1905 2117 pra:
1953 2059 2088 2101 con-

493 2145 733 2203 sortibus
766 2144 872 2199 tuis
920 2140 1094 2215 (Psal.
1131 2139 1300 2211 xuv).
1339 2159 1358 2194 ι
1398 2139 1476 2194 Ex
1525 2138 1617 2195 illo
1648 2153 1783 2196 sane
1811 2146 1939 2195 tunc
1966 2136 2090 2208 Spi-

475 2236 625 2301 Iritu,
677 2234 770 2304 qui
822 2241 1067 2288 nostrum
1096 2246 1313 2303 quoque
1342 2233 1580 2289 chrisma
1609 2234 1751 2289 mine
1777 2239 2087 2295 consecrat,

493 2336 701 2382 tantam
726 2326 985 2382 virtutem
1027 2340 1290 2395 aquarum
1325 2326 1567 2381 Omnium
1591 2336 1785 2381 natura
1816 2324 2087 2396 concepit.

478 2428 555 2474 ut
583 2419 636 2473 in
664 2418 1073 2489 quibuscunque
1098 2417 1389 2473 fluentibus
1437 2417 1540 2473 sub
1580 2416 1923 2488 professione
1971 2416 2086 2473 dei-

494 2510 610 2568 ἣρω
632 2510 916 2566 Trinitatis
939 2508 1242 2564 abluendus
1271 2507 1643 2580 immergatur,
1683 2507 1905 2578 plenum
1928 2516 2091 2577 atque

492 2603 795 2675 perfectum
828 2618 979 2659 nova:
1012 2600 1440 2674 regenerationis
1477 2586 1802 2673 mysterium
1831 2599 2091 2656 divinitus

492 2698 801 2769 impleatur.

561 2787 676 2846 lloc
725 2797 974 2843 nostrum
1018 2786 1254 2843 chrisma
1299 2784 1431 2841 illud
1484 2784 1650 2842 etiam
1699 2783 1879 2841 oleum
1913 2782 2091 2855 typice

488 2882 839 2952 designabat,
868 2895 975 2949 quo
1000 2878 1262 2934 Dominus
1292 2879 1347 2933 in
1389 2876 1739 2934 tabernaculo
1767 2883 1975 2947 septem
2003 2873 2089 2929 lu-

488 2988 688 3027 cernas
734 2971 946 3042 impleri
998 2986 1063 3025 ac
1087 2969 1293 3041 iugiter
1335 2971 1530 3026 ardere
1564 2969 1838 3041 praecepit.
1894 2986 1914 3018 ι
1949 2967 2089 3022 Prae-

494 3065 634 3134 cipe,
678 3064 873 3134 inquit,
909 3062 1034 3118 filiis
1077 3062 1260 3127 Israel,
1309 3070 1367 3116 ut
1399 3059 1630 3117 afferant
1676 3059 1773 3115 tibi
1802 3058 1983 3115 oleum
2018 3057 2089 3113 de

2191 1844 2570 1953 Quidtlam’est
2589 1844 2733 1941 quod
2763 1870 3044 1943 angelicas
3087 1871 3179 1928 ille
3220 1844 3375 1931 cibus
3401 1873 3557 1944 prius
3582 1844 3780 1928 dicitur

2191 1951 2371 2020 mellis
2418 1952 2733 2020 exhibuisse
2776 1962 3139 2031 dulcedinem,
3190 1974 3246 2020 et
3288 1964 3641 2036 postmodum
3672 1980 3777 2019 non

2191 2055 2388 2123 mellis,
2413 2054 2509 2111 sed
2534 2054 2639 2111 olei
2670 2053 2969 2126 pmbuisse
2996 2056 3342 2123 suavitatem,
3368 2056 3475 2112 nisi
3498 2056 3649 2127 quod
3678 2055 3778 2110 lie-

2188 2144 2441 2216 demptor
2461 2153 2648 2201 noster
2668 2159 2945 2201 sacrarum
2968 2146 3212 2203 omnium
3237 2156 3430 2203 auctor
3455 2155 3510 2202 et
3529 2145 3780 2202 conditor

2193 2237 2623 2308 Seripturarum,
2654 2250 2818 2307 quem
2845 2236 3096 2293 videlicet
3125 2236 3252 2293 illud
3281 2252 3480 2293 manna
3509 2236 3781 2307 principa-

2193 2327 2319 2384 liter
2348 2326 2637 2398 iigurabat,
2662 2335 2717 2383 et
2743 2336 2871 2383 ante
2903 2327 3236 2399 passionem,
3269 2328 3421 2383 velut
3463 2325 3572 2382 mel
3601 2326 3780 2381 dulce-

2191 2422 2372 2476 dinem
2403 2420 2647 2476 exhibuit
2673 2420 3086 2485 miraculorum,
3133 2429 3188 2476 et
3228 2430 3347 2491 post
3394 2420 3777 2476 ascensionem

2194 2525 2344 2568 suam
2378 2519 2636 2582 tanquam
2663 2510 2863 2578 oleum,
2892 2512 2943 2566 in
2974 2512 3268 2583 discipulos
3295 2527 3425 2567 suos
3440 2510 3637 2567 eﬂ'udit
3663 2511 3779 2581 Spi-

2192 2604 2358 2660 ritum
2385 2605 2672 2661 sanctum?
2698 2604 2836 2674 (Act.
2858 2622 2874 2660 ι
2897 2614 2952 2660 et
2974 2604 3058 2675 ιι.)
3077 2604 3209 2659 Nam
3240 2604 3397 2673 quasi
3429 2602 3613 2660 mellis
3632 2602 3778 2658 vide-

2193 2703 2282 2749 tur
2312 2694 2628 2765 propinasse
2654 2694 3015 2760 dulcedinem,
3046 2692 3173 2750 dum
3219 2693 3390 2763 signis
3418 2704 3591 2763 atque
3611 2694 3777 2747 virtu-

2194 2786 2338 2841 tibus
2362 2786 2702 2850 coruscavit;
2725 2785 2831 2841 olei
2851 2799 2980 2840 vero
3011 2794 3138 2841 tunc
3178 2783 3505 2840 suavitatem
3540 2782 3775 2847 dedisse,

2193 2892 2316 2935 cum
2348 2878 2402 2932 in
2428 2876 2702 2949 apostolos
2728 2890 2856 2932 suos
2883 2877 3057 2932 sancti
3088 2874 3327 2947 Spiritus
3349 2873 3620 2945 paracleti
3642 2872 3777 2928 dona

2193 2969 2422 3028 diil‘udit.
2466 2969 2637 3037 Quem
2680 2968 2934 3025 videlicet
2984 2969 3228 3024 ordinem
3280 2968 3495 3040 Moyses
3544 2980 3780 3037 congrue

2198 3063 2387 3127 tenuit,
2404 3077 2528 3118 eum
2553 3062 2605 3116 in
2631 3060 3048 3115 Deuteronomio
3071 3060 3137 3116 de
3161 3069 3337 3131 petra,
3354 3074 3478 3130 qnze
3499 3066 3558 3113 et
3581 3057 3776 3112 nihilo-

493 3156 653 3211 olivis
707 3155 1055 3227 purissimum
1090 3170 1156 3209 ac
1188 3153 1427 3208 lucidum
1469 3153 1536 3207 ad
1565 3150 1970 3207 concinnandas
2005 3148 2087 3202 lu-
2113 3130 2159 3192 (ἶ
2192 3154 2371 3208 minus
2411 3166 2606 3205 manna
2633 3159 2772 3215 erat,
2804 3150 2981 3221 typice
3029 3130 3341 3206 decantavit
3375 3166 3390 3203 :
3422 3167 3441 3201 ι
3472 3146 3776 3211 Suxerunt,

470 3262 688 3303 cernas
719 3246 922 3318 jngiter
946 3253 1099 3300 extra
1132 3244 1310 3299 velum
1334 3243 1625 3300 testimonii
1658 3242 1710 3297 in
1741 3240 2089 3297 tabernaculo

488 3337 737 3402 foederis,
783 3345 1053 3408 ponetque
1107 3350 1201 3391 cas
1251 3338 1430 3389 Aaron
1479 3349 1509 3388 a
1549 3347 1774 3404 vespere
1826 3344 1997 3401 usque
2033 3330 2086 3384 in

491 3443 655 3483 mane
679 3442 861 3483 coram
886 3426 1140 3491 Domino,
1180 3425 1327 3481 cultu
1370 3423 1583 3495 rituque
1611 3430 1873 3494 perpetuo
1902 3421 1956 3477 in
1995 3434 2087 3491 ge-

490 3518 870 3575 nerationibus
900 3516 1095 3574 vestris
1147 3530 1311 3589 super
1353 3514 1742 3572 candelabrum
1793 3512 2087 3587 mundissi-

471 3627 642 3666 mum
700 3621 936 3682 ponetur
984 3624 1199 3681 semper
1236 3611 1289 3665 in
1339 3616 1628 3680 conspectu
1674 3607 1886 3663 Domini
1940 3605 2083 3677 (lxv.

493 3703 665 3768 xxiv).
702 3721 720 3754 ι
773 3700 913 3769 Quid
941 3708 1120 3757 autem
1159 3709 1506 3773 perseptem
1549 3700 1800 3755 lucernas
1828 3698 1883 3753 in
1912 3696 2087 3752 taber-

463 3793 711 3861 'naculo,
754 3793 857 3848 nisi
911 3801 1118 3864 septem
1166 3792 1546 3862 significantur
1578 3790 1837 3848 Ecclesia:
1881 3790 1935 3844 in
1979 3804 2086 3845 uno

490 3886 691 3957 populo
715 3884 1068 3942 Christiano?
1113 3887 1168 3940 in
1200 3885 1399 3956 quibus
1432 3884 1689 3939 nimirum
1727 3881 1905 3937 oleum
1923 3878 2084 3949 jube-

493 3990 586 4033 tur
618 3972 1405 4048 indesinenterarderm'quia
1445 3977 1497 4030 in
1535 3974 1622 4030 his
1649 3973 1863 4029 sincera
1897 3970 2082 4027 chari-

472 4080 603 4134 -tas,
633 4085 753 4139 quae
776 4084 872 4139 per
894 4069 1156 4141 Spiritum
1190 4078 1435 4125 sanctum
1464 4068 1649 4134 datur,
1692 4065 1891 4137 gemini
1921 4064 2085 4120 debet

460 5160 472 5180 '
499 5178 716 5202 ornt-nm
747 5163 1153 5204 Qnrinlnrswnm
1181 5162 1373 5206 rnhuln
1405 5165 1733 5208 nnnJiIInInr

496 4158 702 4213 amoris
735 4157 858 4228 igne
883 4158 1209 4222 fervescere,
1260 4168 1316 4212 et
1362 4157 1528 4212 claris
1576 4167 1739 4227 atque
1777 4155 2086 4226 conspicuis

497 4262 715 4318 semper
736 4244 990 4318 operibus
1024 4262 1340 4303 coruscare.
1392 4247 1498 4303 Sed
1530 4262 1651 4302 cum
1698 4261 1804 4301 una
1839 4247 1912 4303 sit
1954 4260 2083 4317 pro-

494 4343 583 4399 cul
615 4342 782 4399 dubio
817 4342 1110 4410 catholica,
1159 4343 1484 4399 universalis
1512 4342 1775 4408 Ecclesia,
1809 4343 1953 4399 sicut
1988 4358 2086 4413 per

495 4433 844 4490 Salomonem
894 4431 1135 4489 dicitur:
1185 4453 1203 4485 ‹
1243 4432 1357 4490 Una
1409 4440 1492 4490 est
1520 4433 1769 4489 columba
1809 4447 1950 4499 mea,
1978 4448 2081 4489 una

494 4524 773 4597 genitricis
800 4538 913 4580 suae
933 4521 1110 4595 (Cant.
1137 4524 1212 4596 vr)
1241 4541 1255 4590 ;
1287 4543 1305 4575 ο
1338 4523 1469 4595 quid
1507 4532 1611 4592 est,
1641 4522 1786 4594 quod
1818 4523 1871 4579 in
1910 4524 2080 4580 sacris

492 4617 725 4690 eloquiis
766 4625 973 4689 septem
1004 4630 1124 4673 esse
1161 4615 1471 4673 referuntur
1496 4616 1771 4684 Ecclesiae,
1804 4617 1907 4674 nisi
1934 4617 2081 4687 quia,

493 4724 616 4780 quae
640 4722 748 4764 una
781 4715 865 4763 est
900 4720 1001 4778 per
1031 4706 1295 4762 unitatem
1345 4706 1490 4773 fidei,
1522 4706 1854 4778 septiformis
1880 4715 1966 4763 est
1990 4720 2085 4777 per

496 4800 720 4857 totidem
751 4801 888 4856 dona
918 4799 1155 4871 Spiritus
1184 4800 1403 4856 sancti?
1432 4800 1526 4857 lite
1552 4811 1681 4857 sunt
1704 4801 1847 4857 enim
1880 4811 2085 4872 septem

456 4930 459 4937 ι
496 4896 603 4950 illa:
625 4893 899 4959 mulieres,
936 4908 1056 4962 qua:
1078 4890 1234 4961 juxta
1279 4894 1555 4962 prophetae
1586 4894 1898 4949 vaticinium
1931 4906 2086 4948 acce-

497 4999 628 5054 pere
677 4985 854 5038 virum
906 4997 1075 5037 unum
1104 4981 1409 5055 ‘(flsai.‘1v).
1452 4981 1545 5037 Vir
1591 4991 1771 5037 autem
1826 4982 2081 5039 Ecclesiae

498 5074 767 5127 Christus.
799 5073 912 5128 Hoc
940 5073 1098 5143 plane
1144 5074 1317 5136 sancti
1350 5073 1587 5142 Spiritus
1623 5071 1743 5129 oleo
1771 5082 1966 5129 cuncta
1994 5089 2082 5129 sa-

1785 5175 1840 5208 nt
1870 5167 2086 5210 anima-

2190 3245 2387 3315 inquit,
2420 3244 2524 3299 mel
2551 3243 2617 3299 de
2647 3253 2798 3313 petra
2844 3252 2899 3298 et
2927 3242 3108 3297 oleum
3136 3243 3203 3298 de
3225 3242 3379 3297 firma
3412 3252 3573 3313 petra
3599 3240 3771 3315 (Deut.

2189 3335 2387 3405 sun).
2429 3352 2447 3385 ›
2480 3332 2554 3388 De
2583 3332 2685 3388 hoc
2727 3332 2971 3403 mystica:
3018 3332 3288 3388 unctionis
3315 3330 3438 3387 oleo
3470 3346 3689 3401 sponsa
3715 3330 3777 3384 ad

2189 3439 2448 3496 Sponsum
2489 3424 2623 3478 dicit
2675 3423 2728 3478 in
2769 3422 3056 3478 Canticis:
3096 3442 3114 3474 ι
3172 3420 3521 3494 Unguentum
3550 3421 3776 3477 eﬂusnm

2189 3531 2386 3570 nomen
2412 3524 2562 3569 tuum
2592 3512 2771 3586 (Cant.
2795 3513 2857 3585 l).
2891 3533 2908 3567 ι
2936 3513 3277 3585 Unguentum
3301 3513 3525 3583 quidem
3548 3511 3776 3569 effusum

2188 3607 2372 3677 sponsi
2431 3621 2628 3662 nomen
2685 3604 2971 3670 asseritur,
3027 3605 3154 3676 quia
3213 3605 3355 3660 sicut
3398 3620 3430 3658 a
3480 3604 3778 3659 chrismate

2186 3699 2459 3767 Christus,
2503 3699 2576 3753 ita
2623 3705 3023 3767 consequenter
3053 3712 3084 3751 a
3119 3696 3340 3753 Christo
3385 3695 3596 3752 dicitur
3629 3695 3780 3752 Chri-

2188 3795 2419 3851 suanus.
2661 3839 2664 3842 .

2257 3884 2395 3952 Quia
2450 3884 2634 3956 igitur,
2663 3882 3025 3947 dilectissimi,
3079 3898 3176 3953 per
3215 3882 3445 3953 gratiam
3474 3878 3781 3936 Salvatoris

2189 3979 2358 4034 nostri
2400 3976 2516 4045 jam
2568 3975 2725 4045 lntjus
2752 3974 3066 4031 chrismatis
3099 3974 3441 4045 percepimus
3465 3987 3780 4028 sacramen-

2189 4083 2324 4133 tum,
2356 4070 2485 4140 quia
2511 4069 2625 4140 jam
2669 4068 2831 4139 regia:
2861 4067 3143 4139 dignitatis
3164 4079 3481 4137 expressum
3535 4061 3784 4134 praeferi-

2187 4178 2308 4217 mus
2339 4160 2390 4215 in
2451 4159 2629 4215 fronte
2670 4157 3030 4229 signaculum,
3059 4156 3374 4212 Studeamus
3413 4156 3487 4210 ita
3521 4153 3781 4211 nobiliter

2186 4256 2375 4310 vivere
2406 4263 2466 4308 ut
2516 4251 2862 4308 conversatio
2907 4258 3091 4306 nostra
3138 4259 3248 4304 tam
3300 4248 3504 4304 divinis
3558 4255 3780 4316 tamque

2188 4344 2491 4416 magnificis
2541 4340 2815 4414 mysteriis
2845 4341 3023 4396 valeat
3072 4337 3429 4395 concordare.
3468 4335 3585 4393 Nos
3634 4335 3777 4391 enim

2190 4452 2401 4501 sumus,
2449 4435 2646 4507 quibus
2690 4449 2785 4505 per
2837 4434 3071 4504 primum
3124 4429 3492 4501 apostolorum
3529 4428 3777 4485 dicitur:

2196 4547 2214 4580 ι
2260 4527 2367 4584 Vos
2414 4542 2583 4598 genus
2640 4525 2893 4589 electum,
2957 4522 3138 4594 regale
3191 4520 3585 4585 sacerdotium,
3649 4531 3779 4588 gens

2193 4628 2398 4679 sancta.
2416 4617 2647 4689 populus
2660 4615 3058 4687 acquisitionis,
3079 4622 3138 4669 ut
3160 4614 3414 4668 virtutem
3432 4610 3771 4667 annuntietis

2190 4714 2309 4784 ejus
2330 4714 2424 4785 qui
2454 4713 2520 4769 de
2539 4712 2779 4769 tenebris
2796 4728 2889 4770 vos
2917 4710 3134 4768 vocavit
3160 4709 3214 4763 in
3243 4704 3572 4762 admirabile
3591 4704 3776 4759 lumen

2193 4827 2349 4871 suum
2380 4807 2432 4881 (1
2461 4809 2605 4864 Patr.
2631 4808 2715 4879 ιι).
2754 4827 2773 4862 ι
2805 4808 2870 4863 Et
2925 4814 3074 4862 certe
3118 4806 3251 4860 satis
3292 4801 3532 4874 ignobile
3568 4809 3658 4856 est
3679 4798 3778 4854 sub

2195 4903 2449 4958 vitiorum
2477 4899 2774 4957 carnalium
2831 4899 3013 4953 vivere
3065 4895 3345 4957 servitute,
3392 4893 3511 4963 qui,
3540 4891 3655 4945 Deo
3683 4904 3777 4943 nos

2190 4996 2501 5065 adoptante,
2521 4991 2654 5061 regii
2670 4990 2983 5065 gobtinemus
3006 4987 3221 5061 generis
3245 4986 3592 5057 dignitatem.
3612 4981 3776 5036 Nimis

2190 5096 2345 5156 turpe
2370 5092 2454 5140 est
2508 5093 2569 5137 ut
2621 5092 2853 5138 terrenze
2883 5082 3055 5136 simus
3106 5075 3562 5147 concupiscentiae
3588 5072 3771 5134 dediti,

2189 5174 2277 5210 ηιιῖ
2306 5182 2354 5210 nl
2390 5173 2485 5210 “ai
2514 5186 2770 5210 vnnqmnr
2803 5171 2894 5210 ﬁlii
2947 5180 3000 5210 Μ
3030 5171 3095 5210 ηδ
3123 5168 3473 5210 nhlinpndam
3499 5165 3770 5210 οωιοκιρω
