3946 5368
119 205 221 262 ΞΠ

1575 201 1811 261 SERMO
1853 203 1940 259 XI.
2401 234 2416 245 ι
2445 235 2452 239 -
3307 209 3413 268 558

119 338 273 376 amor
297 319 883 385 terrenassnbstautim,
899 319 982 375 vel
1009 317 1274 374 illecebra:
1299 316 1535 374 carnalis
1553 317 1787 376 ενοι-,Α
1814 315 1930 370 larii
1976 313 2072 387 Π..
2097 316 2399 393 stellarum]
2441 317 2612 390 ignes,
2653 318 2824 376 solent
2871 319 3082 391 loquor,
3131 321 3316 378 lunam
3348 336 3408 381 et

120 423 216 467 tat.
244 413 560 485 Dirigamus
588 414 734 478 fidei,
765 430 830 468 ac
851 413 1152 468 devotionis
1184 422 1384 468 nostra!
1409 411 1597 468 oculos
1621 428 1717 483 per

117 515 352 559 stratam
398 503 533 572 jam,
586 506 850 576 nobisque
896 506 1225 575 propositam
1251 505 1393 560 viam
1421 506 1622 571 crucis,
1659 515 1720 561 ut

118 611 216 665 per
265 610 390 650 eam
448 595 730 650 inoffensis
784 598 1059 666 gressibus
1108 598 1436 660 incedentes,
1481 598 1546 651 ad
1595 612 1718 653 eum

78 741 92 752 ,
119 700 437 740 mereamur
487 685 596 756 50
639 687 924 758 attingere,
954 688 1045 757 qui
1094 696 1284 743 auctor
1305 698 1358 743 et
1394 699 1720 758 provocator

118 786 200 832 est
246 777 314 831 ad
346 777 574 848 gloriam
603 779 1039 832 resurrectionis.
1074 778 1177 846 Qui
1228 794 1350 833 eum
1403 781 1513 835 Deo
1557 779 1720 837 Patre

118 879 174 924 et
196 868 410 938 Spiritu
435 879 628 924 sancto
643 871 773 925 vivit
793 880 844 926 et
869 872 1125 942 regnatin
1151 871 1345 926 szeenla
1373 872 1716 928 saeculorum.

118 966 318 1019 Amen.
769 993 774 1000 ι

697 1058 728 1090 ⁴
775 1054 1007 1111 SERMO
1059 1055 1144 1110 XI.

188 1166 258 1204 D2
310 1164 746 1206 ANNUNTIATIONE
789 1163 1118 1202 BEATISSHIE
1162 1164 1397 1206 VIRGINIS
1434 1165 1640 1204 κλιιιε.
1698 1179 1706 1190 ο

725 1222 856 1291 (xxv
915 1225 1108 1288 nam.)

187 1334 502 1399 Exsultate,
534 1334 756 1397 fratres,
785 1335 838 1388 in
864 1335 1116 1399 Domino,
1140 1336 1265 1406 quia
1291 1335 1358 1390 de
1381 1335 1597 1390 domina
1623 1335 1715 1390 illa

117 1440 302 1480 sermo
325 1427 591 1492 succedit,
621 1441 741 1496 quae
782 1426 1109 1496 singularem
1140 1427 1194 1480 in
1223 1415 1483 1482 cordibus
1510 1429 1715 1483 nostris

120 1517 221 1570 sibi
265 1518 508 1572 vindicat
548 1517 931 1588 principatum.
957 1517 1084 1573 Haec
1113 1529 1216 1580 est,
1247 1519 1312 1573 ad
1337 1518 1492 1587 cujus
1519 1535 1713 1574 nomen

120 1623 320 1676 corpus
347 1608 629 1662 humiliter
657 1608 948 1672 inclinatis,
1000 1608 1154 1677 cujus
1198 1609 1350 1662 horis
1404 1620 1714 1662 reverenter

1821 409 2024 472 stellas,
2076 419 2131 466 et
2182 411 2349 466 multa
2407 414 2510 468 sibi
2577 415 2818 470 detracta
2881 414 3102 470 luminis
3155 415 3406 474 claritate

1820 502 2136 568 multantur,
2163 512 2304 560 terra
2331 506 3404 570 maledicitur,eondemnaturbominum

1819 593 2114 658 successio,
2167 612 2185 646 ι
2233 603 2290 648 et
2318 595 2495 649 omnis
2546 605 2820 662 creatura,
2860 598 3012 667 juxta
3062 599 3404 669 Apostolum,

1820 687 2158 757 ingemiscit;
2213 699 2268 745 et
2317 692 2550 764 parturit
2598 692 2778 761 (Rom.
2832 693 2940 764 tu),
2979 714 2996 746 ι
3050 694 3216 752 Tacet
3262 696 3405 751 Deus

1818 779 2178 849 omnipotens,
2203 789 2258 835 et
2279 781 2534 836 ordinans
2585 783 2703 852 ejus
2727 782 2829 854 51
2859 784 3245 855 omnipotentia
3273 795 3394 840 tan-

1820 875 1950 922 tam
1974 869 2281 924 dissimulat
2309 870 2704 928 confusionem.
2735 872 2977 930 Tandem
3023 877 3266 932 nascitur
3291 877 3404 932 Ma-

1818 959 1922 1023 ria,
1969 969 2024 1015 et
2073 962 2140 1016 ad
2199 962 2414 1017 nubilos
2447 979 2619 1018 annos
2649 965 2932 1034 egrediens
2973 969 3204 1038 speciem
3232 969 3407 1025 induit

1818 1053 2139 1124 speciosam,
2173 1071 2292 1125 qute
2316 1057 2491 1126 ipsum
2527 1058 2733 1114 alliciat
2781 1060 2971 1125 Deum,
3024 1070 3079 1116 et
3108 1062 3403 1120 divinitatis

1817 1144 2004 1199 oculos
2033 1145 2086 1200 in
2114 1161 2174 1201 se
2197 1155 2506 1202 convertat.
2541 1146 2669 1203 Vide
2699 1150 2828 1218 quid
2860 1150 2983 1203 inde
3015 1152 3156 1205 dicat
3188 1153 3273 1206 ille
3297 1171 3405 1210 non

1817 1238 2075 1292 minimus
2114 1239 2428 1308 explorator
2467 1249 2803 1296 secretorum
2838 1241 2928 1297 Dei
2961 1261 2974 1296 :
3015 1261 3032 1293 ι
3067 1243 3227 1308 Audi,
3270 1245 3402 1310 filia,

1815 1335 1872 1382 et
1899 1327 2041 1391 vide,
2074 1336 2128 1384 et
2153 1328 2354 1383 inclina
2387 1345 2576 1385 aurem
2603 1339 2769 1393 tuam,
2803 1342 2858 1386 et
2881 1332 3202 1388 obliviscere
3233 1350 3404 1404 popu-

1816 1415 1929 1471 lum
1976 1425 2147 1483 tuum,
2176 1427 2232 1473 et
2275 1418 2496 1473 domum
2542 1420 2716 1490 patris
2749 1421 2846 1476 tui.
2877 1422 2942 1475 Et
2975 1424 3282 1494 concupivit
3309 1439 3405 1480 rex

1817 1507 2068 1564 decorem
2125 1518 2298 1576 tuum,
2354 1511 2610 1580 quoniam
2663 1513 2778 1582 ipse
2829 1521 2912 1568 est
2968 1514 3229 1570 Dominus
3266 1516 3407 1572 Deus

1818 1607 1943 1655 tuus
1969 1598 2140 1670 (Paul.
2189 1603 2357 1672 xttv).
2398 1621 2416 1654 ι
2452 1602 2738 1658 Germinat
2767 1604 2936 1674 igitur
2965 1605 3113 1676 virga
3141 1603 3295 1662 Jesse
3335 1607 3407 1664 de

124 1699 411 1764 assistitis,
443 1701 599 1768 cujus
628 1700 945 1754 memoriam
968 1698 1166 1768 jugiter
1188 1700 1559 1770 frequentatis.
1594 1700 1709 1755 llzuc

1825 1699 2066 1746 tortuosa
2093 1691 2273 1747 radice
2295 1693 2511 1761 generis
2542 1693 2856 1757 humani,et
2877 1695 2942 1750 de
2961 1697 3407 1766 patriarcharum
3441 1715 3445 1722 ί

119 1797 222 1852 est,
254 1804 376 1856 qua:
401 1790 597 1843 vestris
621 1787 904 1844 affectibus
935 1791 1177 1845 suaviter
1210 1791 1551 1856 indulcescit,
1583 1791 1713 1861 quia

120 1893 319 1948 magna
377 1879 672 1935 multitudo
725 1881 1027 1936 dulcedinis
1080 1883 1216 1954 ejus.
1278 1883 1513 1953 Spiritus
1570 1884 1713 1939 enim

121 1968 240 2035 ejus
268 1985 436 2041 super
484 1970 589 2024 mel
617 1971 820 2036 dulcis;
855 1973 907 2026 in
937 1988 1042 2042 qua
1084 1974 1257 2029 dulcis
1283 1975 1561 2040 Dominus,
1591 1992 1713 2031 cum

120 2063 266 2116 omni
312 2079 409 2117 sna
458 2063 744 2139 dulcedine
776 2068 1105 2136 supervenit.
1153 2067 1289 2122 Cum
1333 2068 1479 2122 enim
1529 2068 1717 2124 fecerit

120 2153 262 2206 Deus
286 2154 467 2208 omnia
492 2170 656 2224 Opera
681 2170 775 2210 sua
823 2156 976 2211 valde
1024 2158 1161 2212 bona
1195 2155 1348 2229 (Gen.
1379 2159 1442 2229 ι).
1476 2161 1576 2214 hoc
1605 2176 1715 2214 me-

119 2244 223 2299 lius
269 2246 418 2309 fecit,
477 2263 807 2303 consecrans
838 2249 940 2304 sibi
974 2250 1026 2303 in
1067 2264 1130 2304 ea
1180 2251 1582 2306 reclinatorium
1610 2269 1713 2306 au-

121 2353 294 2398 reum,
324 2338 377 2390 in
410 2354 516 2407 qua
548 2339 661 2392 sola
709 2354 768 2394 se
817 2348 938 2408 post
983 2340 1246 2394 tumultus
1297 2341 1611 2411 angelorum
1660 2351 1716 2398 et

121 2430 408 2484 hominum
458 2431 770 2494 reclinaret,
819 2439 873 2485 et
903 2432 1142 2500 requiem
1174 2433 1461 2488 inveniret.
1494 2433 1606 2488 lloe
1632 2444 1714 2489 est

125 2524 267 2592 quod
314 2534 513 2578 natura
571 2525 823 2589 miratur,
875 2535 1155 2580 reveretur
1200 2527 1444 2596 angelus,
1492 2537 1716 2581 veretur

121 2615 308 2677 homo,
351 2616 618 2684 stupescit
671 2615 890 2681 cadum,
945 2617 1201 2671 extremit
1252 2629 1419 2681 terra,
1472 2618 1714 2674 infernus

118 2705 401 2760 exhorret.
427 2706 483 2761 In
517 2707 676 2778 hujus
708 2716 864 2762 utero
894 2708 1152 2778 majestas
1197 2707 1461 2761 Altissimi
1494 2709 1713 2764 mirabi-

117 2795 242 2851 liter
270 2796 588 2867 liquefacta.
640 2798 781 2853 sicut
827 2799 984 2868 adipe
1012 2807 1065 2852 et
1114 2799 1438 2868 pinguedine
1489 2799 1714 2869 replevit

121 2898 320 2952 terras,
369 2889 570 2943 infudit
600 2889 788 2951 caelos,
821 2889 1030 2943 inferna
1058 2890 1338 2958 respersit.
1391 2889 1487 2944 llic
1521 2891 1713 2944 exina-

122 2979 260 3032 nivit
289 2980 644 3048 semetipsum
675 2977 896 3050 (Philip.
932 2981 990 3050 ιι)
1026 2980 1271 3035 excelsus
1300 2989 1355 3035 et
1395 2982 1710 3046 immensus,

1819 1783 2013 1837 arbore
2066 1783 2120 1836 in
2169 1782 2510 1839 altitudinem
2552 1794 2608 1840 et
2656 1787 3034 1842 rectitudinem
3085 1803 3406 1858 erumpens.

1816 1888 2037 1928 omnem
2071 1874 2285 1945 ignorat
2329 1877 2713 1942 nodositatem,
2741 1878 2973 1934 filiorum
3004 1878 3092 1951 [{.,
3129 1879 3406 1955 foliorum]

1820 1965 2074 2020 tenebras
2104 1967 2296 2031 nescit,
2344 1965 2627 2024 fructuosa
2657 1969 2750 2042 [ιζ.
2790 1970 3148 2044 infructuosa]
3180 1989 3400 2044 quaeun

1819 2071 1923 2111 non
1965 2057 2148 2112 habet.
2197 2058 2358 2115 Videt
2382 2068 2436 2115 et
2465 2061 2623 2116 ardet
2654 2063 2741 2116 ille
2775 2063 3066 2120 vehemens
3093 2076 3320 2131 amator,
3355 2076 3406 2122 et

1821 2157 1990 2204 totum
2039 2150 2446 2218 epithalamium
2479 2152 2533 2206 in
2562 2151 2811 2209 laudibus
2851 2155 2967 2224 ejus
3006 2157 3274 2221 decantat,
3315 2159 3406 2212 ubi

1818 2240 2104 2296 manifeste
2132 2257 2361 2313 sponsus
2387 2243 2661 2300 inducitur
2692 2247 2911 2315 spirans
2960 2263 3202 2304 amorem
3231 2249 3407 2305 sinccv
3441 2267 3444 2270 '

1823 2331 2122 2399 rissimum,
2140 2348 2240 2388 nec
2263 2333 2405 2388 ultra
2435 2334 2620 2390 valens
2636 2335 2988 2392 dissimulare
3003 2339 3146 2408 quod
3177 2340 3405 2410 patitur.

1817 2423 2092 2477 Evocatur
2151 2426 2334 2479 statim
2391 2427 2634 2493 caelestis
2673 2428 2760 2480 ille
2808 2440 3127 2497 conventus,
3170 2441 3222 2486 et
3248 2430 3403 2500 juxta

1816 2516 2135 2584 prophetam
2194 2515 2296 2572 init
2357 2517 2499 2572 Deus
2549 2519 2856 2585 consilium,
2913 2522 3058 2592 cogit
3111 2523 3404 2576 concilium

1817 2604 1972 2675 (laci.
2006 2610 2139 2676 xvt),
2171 2607 2300 2661 facit
2327 2623 2633 2672 sermonem
2657 2625 2782 2666 cum
2811 2611 3018 2682 angelis
3039 2613 3104 2667 de
3128 2622 3404 2668 restaura-

1818 2697 1963 2751 tione
1989 2712 2202 2765 eorum,
2237 2700 2302 2756 de
2327 2702 2698 2779 redemptione
2732 2703 3036 2771 hominum,
3063 2706 3130 2761 de
3157 2707 3405 2767 elemett-v

1815 2795 1994 2842 torum
2019 2791 2394 2857 renovatione,
2419 2807 2483 2854 ac
2505 2793 2610 2849 illis
2633 2797 2977 2865 stupentibus
3000 2807 3050 2852 et
3082 2799 3406 2854 mirantibus

1817 2893 1928 2947 pra:
1983 2880 2200 2950 gaudio,
2249 2881 2317 2936 de
2369 2884 2530 2940 modo
2558 2883 2968 2957 redemptionis.
3020 2887 3088 2942 Et
3125 2891 3309 2945 statim
3335 2889 3405 2945 de

1816 2969 2074 3026 thesauro
2103 2972 2405 3030 divinitatis
2452 2974 2638 3032 Maria:
2681 2993 2879 3034 nomen
2911 2980 3198 3049 evolvitur,
3221 2991 3276 3037 et
3308 2997 3409 3054 per

119 3085 433 3124 mensuram
475 3049 697 3134 bonam,
727 3078 780 3124 et
807 3049 1108 3125 confertam
1140 3080 1194 3126 et
1227 3073 1549 3142 coagitatam
1584 3074 1709 3127 tnit-
1741 3049 1784 3109 (ἶ
1819 3057 2012 3129 ipsum:
2041 3072 2096 3117 ει
2119 3063 2172 3117 ίη
2200 3064 2335 3134 ipsa.
2366 3076 2420 3122 ει
2455 3066 2522 3123 de
2561 3069 2697 3139 ipsa:
2732 3081 2784 3126 θῑ
2809 3088 2930 3128 cum
2962 3073 3074 3143 ipsa
3109 3081 3276 3129 ιοιιηη
3302 3075 3406 3130 hoc

119 3167 238 3213 tens
264 3159 316 3212 in
343 3159 522 3213 sinum
553 3170 798 3214 nostrum
819 3159 970 3230 (Luc.
1005 3160 1100 3230 vt).
1127 3160 1224 3216 llic
1239 3162 1436 3216 divinis
1463 3163 1710 3217 manibus

118 3258 319 3304 unctus
351 3258 434 3303 est
460 3249 583 3304 oleo
609 3251 830 3313 laetitixe,
877 3260 932 3306 et
977 3253 1120 3306 sicut
1164 3253 1234 3308 ab
1275 3253 1446 3308 altare
1477 3255 1527 3307 in
1559 3270 1708 3308 sum-

116 3355 264 3392 mum
298 3339 610 3408 pontificem
637 3353 1011 3398 consecratus.
1043 3343 1117 3398 De
1141 3343 1244 3399 hoc
1268 3344 1426 3398 altari
1460 3346 1526 3398 ad
1554 3361 1705 3398 aram

115 3429 299 3485 crucis
330 3433 636 3486 ascendens
685 3435 903 3504 proprio
944 3451 1137 3491 cruore
1193 3445 1452 3507 tanquam
1483 3437 1709 3494 alterius

115 3521 333 3589 generis
361 3521 482 3576 oleo
509 3521 781 3592 perfusus,
825 3523 938 3594 jam
983 3541 1089 3580 non
1123 3527 1297 3581 solum
1333 3538 1706 3590 consecratus,

115 3613 209 3667 sed
234 3623 290 3668 et
318 3630 672 3681 eonsccraus,
693 3625 862 3670 totum
889 3632 1089 3687 corpus
1121 3618 1385 3673 machinte
1417 3619 1707 3674 tnandialis

121 3702 345 3774 largiori
375 3705 632 3776 ligamine
660 3707 950 3778 copulavit.
995 3709 1252 3765 Facessat
1284 3710 1448 3780 igitur
1481 3727 1706 3777 mmror,

117 3793 346 3849 tristitia
379 3795 576 3866 fugiat,
609 3797 920 3852 eliminetur
978 3799 1153 3866 dolor,
1193 3815 1384 3855 raneor
1429 3801 1704 3869 abscedat,

111 3895 170 3938 ut
197 3885 363 3940 liceat
392 3902 588 3941 vacare
617 3897 671 3941 et
703 3889 886 3944 videre
915 3905 1038 3944 eum
1075 3890 1258 3961 Moyse
1279 3891 1539 3947 visionem
1567 3893 1707 3949 hanc

112 3977 376 4045 grandem
409 3976 608 4048 (Exod.
641 3978 746 4050 tu),
800 3981 1033 4050 qualiter
1084 3983 1223 4037 Deus
1277 3983 1330 4036 in
1385 3985 1486 4039 hoc
1519 3994 1707 4041 ventre

111 4067 485 4136 concipiatur,
532 4069 835 4139 decipiatur
891 4071 1158 4136 diabolus,
1203 4074 1498 4142 recipiatur
1529 4075 1705 4144 perdi-

113 4164 248 4219 tum,
273 4157 573 4212 indebitnm
604 4161 922 4229 accipiatttr.
941 4161 1136 4216 Totum
1163 4179 1248 4219 me
1276 4167 1442 4219 trahit
1467 4165 1702 4232 affectio,

111 4248 204 4300 sed
231 4251 417 4303 oratio
439 4250 644 4316 deficit,
675 4261 728 4305 et
754 4253 902 4306 dives
925 4255 1180 4322 cogitatio
1208 4257 1354 4310 vocis
1387 4269 1705 4339 paupertate

110 4337 490 4393 confunditur.
518 4338 753 4395 Fervent
786 4342 1065 4406 interiora,
1090 4353 1144 4398 et
1175 4346 1227 4398 in
1263 4337 1522 4402 undosant
1553 4349 1702 4403 ebul-

1814 3151 2126 3209 faciendum
2151 3158 2482 3226 decernitur,
2501 3171 2560 3216 ut
2579 3163 2717 3218 sicut
2746 3165 2986 3222 sine'illo
3015 3167 3146 3222 nihil
3176 3167 3405 3234 factum,

1816 3243 1891 3298 ita
1922 3245 2040 3303 sine
2064 3247 2152 3301 illa
2183 3249 2316 3304 nihil
2345 3251 2607 3308 refectum
2642 3254 2734 3310 sit.
2764 3255 3021 3312 Traditur
3054 3258 3277 3329 epistola
3301 3257 3406 3314 Ga-

1817 3337 1996 3403 brieli,
2046 3339 2099 3394 in
2151 3356 2257 3411 qua
2303 3342 2558 3399 salutatio
2612 3343 2868 3416 Virginis,
2927 3349 3231 3405 incarnatio
3290 3350 3401 3406 Ile~

1815 3429 2141 3507 demptoris,
2174 3433 2364 3511 modus
2413 3435 2822 3506 redemptionis,
2882 3440 3161 3510 plenitudo
3190 3443 3396 3512 gratiae,

1815 3519 2002 3591 gloria:
2025 3524 2362 3594 magnitudo,
2394 3529 2681 3584 multitudo
2712 3530 2911 3587 laetitiae
2934 3535 3268 3590 continetur.

1887 3613 2084 3670 Missus
2127 3625 2210 3671 est
2251 3631 2379 3688 ergo
2407 3620 2629 3691 angelus
2654 3622 2876 3679 Gabriel
2909 3641 2938 3679 a
2972 3627 3080 3682 Deo
3111 3629 3178 3684 ad
3229 3630 3401 3701 Virgi-

1817 3723 1962 3772 nem,
1995 3725 2136 3779 qute,
2164 3721 2450 3781 postquam
2487 3714 2536 3770 ei
2589 3713 2802 3772 loeutus
2855 3726 2956 3781 est,
3006 3723 3173 3776 sensit
3227 3722 3396 3780 Deum

1817 3799 1930 3854 suis
1961 3799 2205 3869 illapsum
2234 3804 2554 3874 visceribus,
2609 3807 3058 3881 majestatemque
3108 3813 3250 3870 illius
3289 3817 3403 3871 vir-

1815 3893 2011 3962 ginalis
2033 3897 2241 3952 ventris
2265 3898 2530 3954 brevitate
2551 3901 2862 3957 conclusam
2883 3903 3034 3975 (Luc.
3063 3907 3122 3976 l).
3143 3907 3186 3964 0
3211 3918 3402 3966 venter

1816 3985 2065 4043 diﬂ'usior
2093 3989 2270 4055 ctelis,
2308 3993 2468 4048 terris
2517 3995 2771 4064 amplior,
2818 3999 3068 4068 capacior
3096 4001 3400 4067 elementis.

1815 4078 1906 4148 qui
1941 4087 2110 4134 totum
2141 4081 2346 4138 claudit
2373 4085 2554 4140 omnia
2588 4087 3023 4156 coneludentem,
3049 4098 3102 4147 in
3131 4111 3236 4164 quo
3261 4096 3402 4152 Dens

1815 4168 2000 4238 gloriae
2027 4172 2341 4229 reclinatur.
2371 4175 2610 4248 Denique
2631 4189 2687 4235 et
2715 4182 3074 4252 archangelus
3088 4186 3195 4240 ait:
3220 4205 3236 4237 ι
3261 4187 3396 4252 Ave,

1815 4260 1988 4327 gratia
2021 4261 2204 4330 plena,
2242 4264 2504 4322 Dominus
2536 4278 2712 4324 tecum
2755 4270 2946 4342 (lbid.)
2981 4290 2993 4324 :
3027 4293 3045 4324 ι
3075 4275 3200 4343 quia
3233 4291 3260 4328 a
3292 4277 3403 4332 Deo

1815 4349 2042 4406 electam
2071 4365 2132 4409 et
2159 4357 2524 4424 prmelectam,
2559 4369 2724 4415 totam
2744 4375 2864 4416 eam
2890 4372 3142 4432 rapturus
3163 4377 3278 4421 erat
3297 4368 3398 4422 διιί

113 4429 250 4483 liunt
301 4431 644 4488 altitudinem
668 4475 682 4498 ,
738 4436 832 4490 sed
886 4435 1155 4508 f'rigiditas
1213 4437 1409 4510 linguae
1461 4442 1706 4499 cumulos
1737 4413 1786 4473 ο
1817 4442 2051 4513 Spiritus
2077 4413 2297 4503 sanctus
2323 4457 2377 4503 et
2399 4451 2711 4523 ctelestibus
2737 4413 3094 4523 insignitiirus
3113 4471 3403 4514 ornamen-

112 4521 405 4596 refrigerat
432 4529 789 4585 exundantes.

183 4614 325 4682 Quid
347 4625 451 4683 est,
479 4619 834 4676 beatissima?
859 4621 1112 4693 Nunquid
1141 4625 1212 4678 ita
1246 4627 1446 4682 sensim
1479 4629 1706 4683 tacitur-

114 4719 216 4760 nus
244 4707 610 4775 obdormiam,
635 4719 697 4764 ut
731 4711 802 4766 ibi
832 4711 1014 4768 mutus
1045 4715 1168 4782 sim,
1200 4716 1289 4770 ubi
1317 4718 1494 4772 omnis
1526 4717 1703 4788 loqui-

119 4802 205 4848 tur
257 4800 558 4853 creatura?
613 4798 1003 4859 Verumtamen
1063 4820 1168 4859 non
1223 4811 1431 4876 tacebo,
1485 4817 1542 4864 et
1596 4824 1702 4866 non

122 4887 411 4955 quiescam,
440 4891 617 4946 donec
649 4895 956 4962 egrediatur
975 4905 1036 4948 ut
1057 4896 1311 4965 splendor
1339 4904 1521 4956 vultus
1555 4910 1701 4969 tuus,

122 4985 171 5028 et
197 4991 371 5033 sermo
403 4981 471 5034 de
499 4991 551 5033 te
577 4993 893 5052 conceptus,
925 4985 969 5038 si
1022 5001 1127 5039 non
1178 4996 1236 5042 ut
1260 4989 1484 5060 lampas,
1509 4991 1700 5049 saltem

124 5071 419 5126 utscintilla
452 5071 785 5126 accendatur
805 5075 959 5144 (Isai.
987 5075 1139 5144 exn).
1168 5077 1344 5134 Movet
1375 5096 1482 5145 me,
1505 5079 1698 5150 fateor,

118 5164 245 5229 quod
267 5164 629 5233 permittente
651 5157 758 5217 Deo
780 5176 1007 5234 peccant
1033 5168 1384 5226 rationabiles
1411 5181 1698 5242 creaturae,

114 5263 161 5306 et
190 5257 370 5309 multis
396 5269 678 5308 annorum
709 5247 943 5313 millibus
975 5266 1084 5308 tam
1131 5252 1374 5316 caelestia
1405 5278 1566 5331 quam
1595 5275 1702 5320 ter-

534 5361 602 5368 .-...
631 5355 763 5368 βίη..-
801 5351 841 5368 .⁹
867 5351 878 5368 Ι
971 5358 1082 5368 -ι--..

1819 4533 2054 4590 ιὶε.‹];ιιιι
2079 4539 2449 4593 consecranda
2481 4549 2600 4595 erat
2660 4541 2714 4595 iu
2746 4542 2922 4598 locum
2965 4545 3279 4614 voluptatis,
3333 4551 3403 4604 de

1762 4652 1766 4656 ~
1811 4639 1923 4694 quo
1951 4624 2074 4680 fons
2101 4626 2189 4680 ille
2221 4629 2451 4685 debebat
2481 4631 2794 4696 ascendere,
2827 4633 2918 4702 qui
2951 4635 3260 4693 universam
3291 4650 3405 4696 ter-

1814 4733 1889 4772 rae
1915 4717 2256 4787 superﬁciem
2285 4721 2548 4792 irrigaret-
2565 4721 2718 4792 (Gen.
2755 4727 2837 4796 tt).

1886 4810 2032 4866 Satis
2063 4812 2167 4865 huc
2197 4829 2370 4885 usque
2398 4815 2698 4884 sparsimus
2725 4817 2913 4879 verba,
2936 4827 2990 4872 et
3017 4821 3264 4886 volaticis
3286 4841 3408 4884 ser-

1815 4903 2067 4957 monibus
2089 4903 2306 4962 diversa
2344 4907 2879 4979 pmseminavimus:
2919 4923 3066 4966 nunc
3091 4913 3414 4980 insistamus

1814 4994 1921 5061 hic,
1952 4995 1995 5049 si
2028 4993 2168 5049 forte
2192 4997 2401 5070 aliquid
2424 4998 2643 5068 dignum
2683 5005 2888 5060 elicere
2907 4998 3210 5063 valeamus.
3240 5026 3257 5060 t
3284 5008 3418 5070 Flu-

1811 5089 1951 5150 vius,
1979 5087 2055 5140 ait
2088 5084 2404 5157 Scriptura,
2431 5091 2819 5160 egrediebatur
2874 5091 2942 5146 de
2970 5090 3092 5150 loco
3118 5101 3422 5172 voluptatis

1811 5181 1874 5232 ad
1922 5177 2252 5248 irrigandam
2312 5184 2621 5243 universam
2681 5183 3034 5263 superficiem
3083 5199 3283 5250 terrae:
3321 5202 3424 5268 qui

1813 5271 1934 5323 inde
1962 5268 2220 5324 dividitur
2276 5276 2337 5334 in
2397 5282 2625 5344 quatuor
2679 5283 2862 5354 capita
2895 5274 3109 5350 (Ibid).
3152 5304 3169 5336 ι
3203 5285 3428 5348 Fluvios
