  <div class='ocr_page' id='page_1' title='image "/cluster/home/n/w/nwhite01/storage/ocr_20150623/144/hvd.32044010574010/286.png"; bbox 0 0 3946 5368; ppageno 0'>
   <div class='ocr_carea' id='block_1_1' title="bbox 167 248 1088 343">
    <p class='ocr_par' dir='ltr' id='par_1_1' title="bbox 167 248 1088 343">
     <span class='ocr_line' id='line_1_1' title="bbox 167 248 1088 343; baseline 0.002 -2"><span class='ocrx_word' id='word_1_1' title='bbox 167 285 267 343; x_wconf 70' lang='grc' dir='ltr'><strong>εει</strong></span> <span class='ocrx_word' id='word_1_2' title='bbox 566 291 706 326; x_wconf 52' lang='grc' dir='ltr'><strong>«ος</strong></span> <span class='ocrx_word' id='word_1_3' title='bbox 874 270 889 281; x_wconf 84' lang='grc'><strong>’</strong></span> <span class='ocrx_word' id='word_1_4' title='bbox 1068 248 1088 290; x_wconf 79' lang='grc'><em>¹</em></span> 
     </span>
    </p>
   </div>
   <div class='ocr_carea' id='block_1_2' title="bbox 1691 277 2049 339">
    <p class='ocr_par' dir='ltr' id='par_1_2' title="bbox 1691 277 2049 339">
     <span class='ocr_line' id='line_1_2' title="bbox 1691 277 2049 339; baseline 0.008 -4"><span class='ocrx_word' id='word_1_5' title='bbox 1691 277 1921 339; x_wconf 75' lang='lat' dir='ltr'><strong>SLRMU</strong></span> <span class='ocrx_word' id='word_1_6' title='bbox 1963 280 2049 338; x_wconf 76' lang='lat' dir='ltr'><strong>XI.</strong></span> 
     </span>
    </p>
   </div>
   <div class='ocr_carea' id='block_1_3' title="bbox 3350 286 3454 347">
    <p class='ocr_par' dir='ltr' id='par_1_3' title="bbox 3350 286 3454 347">
     <span class='ocr_line' id='line_1_3' title="bbox 3350 286 3454 347; baseline 0.077 -8"><span class='ocrx_word' id='word_1_7' title='bbox 3350 286 3454 347; x_wconf 65' lang='lat'><strong>363</strong></span> 
     </span>
    </p>
   </div>
   <div class='ocr_carea' id='block_1_4' title="bbox 167 394 3453 471">
    <p class='ocr_par' dir='ltr' id='par_1_4' title="bbox 167 394 3453 471">
     <span class='ocr_line' id='line_1_4' title="bbox 167 394 3453 471; baseline 0 -18"><span class='ocrx_word' id='word_1_8' title='bbox 167 400 255 453; x_wconf 85' lang='lat' dir='ltr'><strong>dis</strong></span> <span class='ocrx_word' id='word_1_9' title='bbox 283 397 449 454; x_wconf 88' lang='lat' dir='ltr'><strong>nobis</strong></span> <span class='ocrx_word' id='word_1_10' title='bbox 478 408 643 453; x_wconf 80' lang='lat' dir='ltr'><strong>restat</strong></span> <span class='ocrx_word' id='word_1_11' title='bbox 672 406 773 453; x_wconf 70' lang='lat' dir='ltr'><strong>vta.</strong></span> <span class='ocrx_word' id='word_1_12' title='bbox 820 400 878 454; x_wconf 82' lang='lat' dir='ltr'><strong>1n</strong></span> <span class='ocrx_word' id='word_1_13' title='bbox 922 399 1357 462; x_wconf 72' lang='lat' dir='ltr'><strong>admirationem,</strong></span> <span class='ocrx_word' id='word_1_14' title='bbox 1387 414 1491 468; x_wconf 80' lang='lat' dir='ltr'><strong>qua</strong></span> <span class='ocrx_word' id='word_1_15' title='bbox 1530 405 1639 451; x_wconf 86' lang='lat' dir='ltr'><strong>tota</strong></span> <span class='ocrx_word' id='word_1_16' title='bbox 1665 398 1761 449; x_wconf 85' lang='lat' dir='ltr'><strong>oh—</strong></span> <span class='ocrx_word' id='word_1_17' title='bbox 1792 397 1843 458; x_wconf 70' lang='grc' dir='ltr'><strong>Δ</strong></span> <span class='ocrx_word' id='word_1_18' title='bbox 1870 398 2043 468; x_wconf 84' lang='lat' dir='ltr'><strong>gulari</strong></span> <span class='ocrx_word' id='word_1_19' title='bbox 2087 410 2241 470; x_wconf 85' lang='lat' dir='ltr'><strong>partu</strong></span> <span class='ocrx_word' id='word_1_20' title='bbox 2272 400 2525 459; x_wconf 86' lang='lat' dir='ltr'><strong>divinitas</strong></span> <span class='ocrx_word' id='word_1_21' title='bbox 2568 400 2858 457; x_wconf 83' lang='lat' dir='ltr'><strong>humanata</strong></span> <span class='ocrx_word' id='word_1_22' title='bbox 2890 394 3131 471; x_wconf 57' lang='lat' dir='ltr'><strong>sigillat.</strong></span> <span class='ocrx_word' id='word_1_23' title='bbox 3163 400 3263 456; x_wconf 78' lang='lat' dir='ltr'><strong>Ubi</strong></span> <span class='ocrx_word' id='word_1_24' title='bbox 3310 418 3453 454; x_wconf 79' lang='lat' dir='ltr'><strong>nune.</strong></span> 
     </span>
    </p>
   </div>
   <div class='ocr_carea' id='block_1_5' title="bbox 168 486 1767 561">
    <p class='ocr_par' dir='ltr' id='par_1_5' title="bbox 168 486 1767 561">
     <span class='ocr_line' id='line_1_5' title="bbox 168 486 1767 561; baseline 0 -20"><span class='ocrx_word' id='word_1_25' title='bbox 168 498 352 559; x_wconf 72' lang='lat' dir='ltr'><strong>siupet</strong></span> <span class='ocrx_word' id='word_1_26' title='bbox 404 489 493 544; x_wconf 90' lang='lat' dir='ltr'><strong>illa</strong></span> <span class='ocrx_word' id='word_1_27' title='bbox 541 489 752 561; x_wconf 80' lang='lat' dir='ltr'><strong>dignior</strong></span> <span class='ocrx_word' id='word_1_28' title='bbox 796 500 1050 546; x_wconf 82' lang='lat' dir='ltr'><strong>creatura</strong></span> <span class='ocrx_word' id='word_1_29' title='bbox 1094 490 1160 545; x_wconf 89' lang='lat' dir='ltr'><strong>de</strong></span> <span class='ocrx_word' id='word_1_30' title='bbox 1193 487 1467 544; x_wconf 74' lang='lat' dir='ltr'><strong>Creatoris</strong></span> <span class='ocrx_word' id='word_1_31' title='bbox 1507 486 1678 558; x_wconf 78' lang='lat' dir='ltr'><strong>gloria</strong></span> <span class='ocrx_word' id='word_1_32' title='bbox 1711 496 1767 543; x_wconf 92' lang='lat' dir='ltr'><strong>et</strong></span> 
     </span>
    </p>
   </div>
   <div class='ocr_carea' id='block_1_6' title="bbox 166 581 1762 653">
    <p class='ocr_par' dir='ltr' id='par_1_6' title="bbox 166 581 1762 653">
     <span class='ocr_line' id='line_1_6' title="bbox 166 581 1762 653; baseline -0.001 -18"><span class='ocrx_word' id='word_1_33' title='bbox 166 582 364 653; x_wconf 68' lang='lat' dir='ltr'><strong>gloria:</strong></span> <span class='ocrx_word' id='word_1_34' title='bbox 388 582 617 637; x_wconf 87' lang='lat' dir='ltr'><strong>ratione.</strong></span> <span class='ocrx_word' id='word_1_35' title='bbox 641 582 699 636; x_wconf 91' lang='lat' dir='ltr'><strong>ln</strong></span> <span class='ocrx_word' id='word_1_36' title='bbox 722 582 1036 651; x_wconf 90' lang='lat' dir='ltr'><strong>puritatem,</strong></span> <span class='ocrx_word' id='word_1_37' title='bbox 1063 581 1188 651; x_wconf 83' lang='lat' dir='ltr'><strong>quia</strong></span> <span class='ocrx_word' id='word_1_38' title='bbox 1212 596 1316 635; x_wconf 92' lang='lat' dir='ltr'><strong>non</strong></span> <span class='ocrx_word' id='word_1_39' title='bbox 1343 581 1396 635; x_wconf 95' lang='lat' dir='ltr'><strong>in</strong></span> <span class='ocrx_word' id='word_1_40' title='bbox 1419 594 1546 634; x_wconf 87' lang='lat' dir='ltr'><strong>vase</strong></span> <span class='ocrx_word' id='word_1_41' title='bbox 1570 586 1762 642; x_wconf 85' lang='lat' dir='ltr'><strong>testeo,</strong></span> 
     </span>
    </p>
   </div>
   <div class='ocr_carea' id='block_1_7' title="bbox 168 667 1767 739">
    <p class='ocr_par' dir='ltr' id='par_1_7' title="bbox 168 667 1767 739">
     <span class='ocr_line' id='line_1_7' title="bbox 168 667 1767 739; baseline -0.002 -18"><span class='ocrx_word' id='word_1_42' title='bbox 168 668 257 725; x_wconf 90' lang='lat' dir='ltr'><strong>vel</strong></span> <span class='ocrx_word' id='word_1_43' title='bbox 300 668 600 737; x_wconf 83' lang='lat' dir='ltr'><strong>fragilitate</strong></span> <span class='ocrx_word' id='word_1_44' title='bbox 629 668 1018 739; x_wconf 79' lang='lat' dir='ltr'><strong>complexionis</strong></span> <span class='ocrx_word' id='word_1_45' title='bbox 1048 670 1299 723; x_wconf 68' lang='lat' dir='ltr'><strong>humanae</strong></span> <span class='ocrx_word' id='word_1_46' title='bbox 1337 667 1526 722; x_wconf 87' lang='lat' dir='ltr'><strong>bibunt</strong></span> <span class='ocrx_word' id='word_1_47' title='bbox 1553 667 1619 721; x_wconf 90' lang='lat' dir='ltr'><strong>de</strong></span> <span class='ocrx_word' id='word_1_48' title='bbox 1656 675 1767 719; x_wconf 86' lang='lat' dir='ltr'><strong>tor-</strong></span> 
     </span>
    </p>
   </div>
   <div class='ocr_carea' id='block_1_8' title="bbox 167 757 1767 830">
    <p class='ocr_par' dir='ltr' id='par_1_8' title="bbox 167 757 1767 830">
     <span class='ocr_line' id='line_1_8' title="bbox 167 757 1767 830; baseline -0.001 -16"><span class='ocrx_word' id='word_1_49' title='bbox 167 770 327 817; x_wconf 87' lang='lat' dir='ltr'><strong>rente</strong></span> <span class='ocrx_word' id='word_1_50' title='bbox 379 760 708 830; x_wconf 87' lang='lat' dir='ltr'><strong>voluptatis,</strong></span> <span class='ocrx_word' id='word_1_51' title='bbox 766 761 857 814; x_wconf 90' lang='lat' dir='ltr'><strong>sed</strong></span> <span class='ocrx_word' id='word_1_52' title='bbox 913 770 1123 815; x_wconf 88' lang='lat' dir='ltr'><strong>remoto</strong></span> <span class='ocrx_word' id='word_1_53' title='bbox 1172 758 1460 822; x_wconf 87' lang='lat' dir='ltr'><strong>velamine,</strong></span> <span class='ocrx_word' id='word_1_54' title='bbox 1510 757 1767 814; x_wconf 81' lang='lat' dir='ltr'><strong>hauriunt</strong></span> 
     </span>
    </p>
   </div>
   <div class='ocr_carea' id='block_1_9' title="bbox 167 846 1765 921">
    <p class='ocr_par' dir='ltr' id='par_1_9' title="bbox 167 846 1765 921">
     <span class='ocr_line' id='line_1_9' title="bbox 167 846 1765 921; baseline 0 -19"><span class='ocrx_word' id='word_1_55' title='bbox 167 866 345 919; x_wconf 85' lang='lat' dir='ltr'><strong>aquas</strong></span> <span class='ocrx_word' id='word_1_56' title='bbox 377 849 432 903; x_wconf 92' lang='lat' dir='ltr'><strong>in</strong></span> <span class='ocrx_word' id='word_1_57' title='bbox 462 850 659 921; x_wconf 90' lang='lat' dir='ltr'><strong>gaudio</strong></span> <span class='ocrx_word' id='word_1_58' title='bbox 688 850 754 903; x_wconf 88' lang='lat' dir='ltr'><strong>de</strong></span> <span class='ocrx_word' id='word_1_59' title='bbox 784 848 1022 905; x_wconf 88' lang='lat' dir='ltr'><strong>fontibus</strong></span> <span class='ocrx_word' id='word_1_60' title='bbox 1054 848 1351 903; x_wconf 88' lang='lat' dir='ltr'><strong>Salvatoris</strong></span> <span class='ocrx_word' id='word_1_61' title='bbox 1374 846 1531 919; x_wconf 85' lang='lat' dir='ltr'><strong>(lsai.</strong></span> <span class='ocrx_word' id='word_1_62' title='bbox 1556 848 1675 917; x_wconf 79' lang='lat' dir='ltr'><strong>xu).</strong></span> <span class='ocrx_word' id='word_1_63' title='bbox 1709 847 1765 902; x_wconf 87' lang='lat' dir='ltr'><strong>In</strong></span> 
     </span>
    </p>
   </div>
   <div class='ocr_carea' id='block_1_10' title="bbox 168 940 1765 1012">
    <p class='ocr_par' dir='ltr' id='par_1_10' title="bbox 168 940 1765 1012">
     <span class='ocr_line' id='line_1_10' title="bbox 168 940 1765 1012; baseline 0 -16"><span class='ocrx_word' id='word_1_64' title='bbox 168 942 508 1008; x_wconf 86' lang='lat' dir='ltr'><strong>satietatem,</strong></span> <span class='ocrx_word' id='word_1_65' title='bbox 541 942 666 1012; x_wconf 86' lang='lat' dir='ltr'><strong>quia</strong></span> <span class='ocrx_word' id='word_1_66' title='bbox 692 951 747 996; x_wconf 90' lang='lat' dir='ltr'><strong>et</strong></span> <span class='ocrx_word' id='word_1_67' title='bbox 777 942 822 996; x_wconf 88' lang='lat' dir='ltr'><strong>si</strong></span> <span class='ocrx_word' id='word_1_68' title='bbox 852 942 905 996; x_wconf 91' lang='lat' dir='ltr'><strong>in</strong></span> <span class='ocrx_word' id='word_1_69' title='bbox 939 957 1062 996; x_wconf 91' lang='lat' dir='ltr'><strong>eum</strong></span> <span class='ocrx_word' id='word_1_70' title='bbox 1100 940 1412 997; x_wconf 87' lang='lat' dir='ltr'><strong>desiderant</strong></span> <span class='ocrx_word' id='word_1_71' title='bbox 1438 942 1765 1012; x_wconf 85' lang='lat' dir='ltr'><strong>prospicere,</strong></span> 
     </span>
    </p>
   </div>
   <div class='ocr_carea' id='block_1_11' title="bbox 172 1033 1769 1095">
    <p class='ocr_par' dir='ltr' id='par_1_11' title="bbox 172 1033 1769 1095">
     <span class='ocr_line' id='line_1_11' title="bbox 172 1033 1769 1095; baseline 0 -7"><span class='ocrx_word' id='word_1_72' title='bbox 172 1044 357 1088; x_wconf 87' lang='lat' dir='ltr'><strong>tamen</strong></span> <span class='ocrx_word' id='word_1_73' title='bbox 406 1050 515 1089; x_wconf 92' lang='lat' dir='ltr'><strong>non</strong></span> <span class='ocrx_word' id='word_1_74' title='bbox 559 1034 887 1090; x_wconf 82' lang='lat' dir='ltr'><strong>desiderium</strong></span> <span class='ocrx_word' id='word_1_75' title='bbox 924 1035 1323 1095; x_wconf 90' lang='lat' dir='ltr'><strong>necessitatem,</strong></span> <span class='ocrx_word' id='word_1_76' title='bbox 1357 1033 1440 1089; x_wconf 89' lang='lat' dir='ltr'><strong>vel</strong></span> <span class='ocrx_word' id='word_1_77' title='bbox 1471 1034 1769 1089; x_wconf 77' lang='lat' dir='ltr'><strong>necessitas</strong></span> 
     </span>
    </p>
   </div>
   <div class='ocr_carea' id='block_1_12' title="bbox 169 1125 1768 1196">
    <p class='ocr_par' dir='ltr' id='par_1_12' title="bbox 169 1125 1768 1196">
     <span class='ocr_line' id='line_1_12' title="bbox 169 1125 1768 1196; baseline 0.003 -20"><span class='ocrx_word' id='word_1_78' title='bbox 169 1125 449 1180; x_wconf 86' lang='lat' dir='ltr'><strong>miseriam</strong></span> <span class='ocrx_word' id='word_1_79' title='bbox 485 1125 711 1190; x_wconf 87' lang='lat' dir='ltr'><strong>inducit,</strong></span> <span class='ocrx_word' id='word_1_80' title='bbox 744 1125 838 1179; x_wconf 89' lang='lat' dir='ltr'><strong>sed</strong></span> <span class='ocrx_word' id='word_1_81' title='bbox 882 1126 1201 1181; x_wconf 90' lang='lat' dir='ltr'><strong>mirabiliori</strong></span> <span class='ocrx_word' id='word_1_82' title='bbox 1234 1126 1407 1189; x_wconf 90' lang='lat' dir='ltr'><strong>modo,</strong></span> <span class='ocrx_word' id='word_1_83' title='bbox 1456 1136 1511 1181; x_wconf 91' lang='lat' dir='ltr'><strong>et</strong></span> <span class='ocrx_word' id='word_1_84' title='bbox 1556 1142 1768 1196; x_wconf 85' lang='lat' dir='ltr'><strong>semper</strong></span> 
     </span>
    </p>
   </div>
   <div class='ocr_carea' id='block_1_13' title="bbox 169 1217 1767 1291">
    <p class='ocr_par' dir='ltr' id='par_1_13' title="bbox 169 1217 1767 1291">
     <span class='ocr_line' id='line_1_13' title="bbox 169 1217 1767 1291; baseline 0.003 -20"><span class='ocrx_word' id='word_1_85' title='bbox 169 1217 512 1284; x_wconf 66' lang='lat' dir='ltr'><strong>desiderant,</strong></span> <span class='ocrx_word' id='word_1_86' title='bbox 538 1228 596 1273; x_wconf 92' lang='lat' dir='ltr'><strong>ut</strong></span> <span class='ocrx_word' id='word_1_87' title='bbox 618 1235 832 1289; x_wconf 82' lang='lat' dir='ltr'><strong>semper</strong></span> <span class='ocrx_word' id='word_1_88' title='bbox 855 1220 1141 1285; x_wconf 86' lang='lat' dir='ltr'><strong>satientur,</strong></span> <span class='ocrx_word' id='word_1_89' title='bbox 1168 1228 1222 1275; x_wconf 92' lang='lat' dir='ltr'><strong>et</strong></span> <span class='ocrx_word' id='word_1_90' title='bbox 1243 1235 1457 1291; x_wconf 78' lang='lat' dir='ltr'><strong>semper</strong></span> <span class='ocrx_word' id='word_1_91' title='bbox 1479 1221 1767 1284; x_wconf 87' lang='lat' dir='ltr'><strong>satiantur.</strong></span> 
     </span>
    </p>
   </div>
   <div class='ocr_carea' id='block_1_14' title="bbox 170 1311 1769 1385">
    <p class='ocr_par' dir='ltr' id='par_1_14' title="bbox 170 1311 1769 1385">
     <span class='ocr_line' id='line_1_14' title="bbox 170 1311 1769 1385; baseline 0.004 -22"><span class='ocrx_word' id='word_1_92' title='bbox 170 1321 229 1364; x_wconf 91' lang='lat' dir='ltr'><strong>ut</strong></span> <span class='ocrx_word' id='word_1_93' title='bbox 274 1326 497 1381; x_wconf 78' lang='lat' dir='ltr'><strong>semper</strong></span> <span class='ocrx_word' id='word_1_94' title='bbox 528 1313 857 1367; x_wconf 85' lang='lat' dir='ltr'><strong>desiderent.</strong></span> <span class='ocrx_word' id='word_1_95' title='bbox 893 1311 950 1366; x_wconf 87' lang='lat' dir='ltr'><strong>In</strong></span> <span class='ocrx_word' id='word_1_96' title='bbox 997 1314 1368 1379; x_wconf 83' lang='lat' dir='ltr'><strong>securitatem,</strong></span> <span class='ocrx_word' id='word_1_97' title='bbox 1411 1316 1536 1385; x_wconf 85' lang='lat' dir='ltr'><strong>quia</strong></span> <span class='ocrx_word' id='word_1_98' title='bbox 1577 1316 1643 1371; x_wconf 91' lang='lat' dir='ltr'><strong>de</strong></span> <span class='ocrx_word' id='word_1_99' title='bbox 1672 1332 1769 1371; x_wconf 88' lang='lat' dir='ltr'><strong>sua</strong></span> 
     </span>
    </p>
   </div>
   <div class='ocr_carea' id='block_1_15' title="bbox 171 1400 1769 1475">
    <p class='ocr_par' dir='ltr' id='par_1_15' title="bbox 171 1400 1769 1475">
     <span class='ocr_line' id='line_1_15' title="bbox 171 1400 1769 1475; baseline 0.003 -20"><span class='ocrx_word' id='word_1_100' title='bbox 171 1400 473 1455; x_wconf 83' lang='lat' dir='ltr'><strong>stabilitate</strong></span> <span class='ocrx_word' id='word_1_101' title='bbox 514 1404 672 1467; x_wconf 88' lang='lat' dir='ltr'><strong>certi,</strong></span> <span class='ocrx_word' id='word_1_102' title='bbox 722 1403 1049 1471; x_wconf 77' lang='lat' dir='ltr'><strong>perennibus</strong></span> <span class='ocrx_word' id='word_1_103' title='bbox 1096 1403 1305 1472; x_wconf 75' lang='lat' dir='ltr'><strong>gaudiis</strong></span> <span class='ocrx_word' id='word_1_104' title='bbox 1353 1404 1769 1475; x_wconf 88' lang='lat' dir='ltr'><strong>immerguntur,</strong></span> 
     </span>
    </p>
   </div>
   <div class='ocr_carea' id='block_1_16' title="bbox 171 1496 1771 1568">
    <p class='ocr_par' dir='ltr' id='par_1_16' title="bbox 171 1496 1771 1568">
     <span class='ocr_line' id='line_1_16' title="bbox 171 1496 1771 1568; baseline 0.001 -18"><span class='ocrx_word' id='word_1_105' title='bbox 171 1503 558 1563; x_wconf 74' lang='lat' dir='ltr'><strong>exspectantes</strong></span> <span class='ocrx_word' id='word_1_106' title='bbox 586 1496 798 1549; x_wconf 78' lang='lat' dir='ltr'><strong>beatam</strong></span> <span class='ocrx_word' id='word_1_107' title='bbox 830 1512 1001 1565; x_wconf 83' lang='lat' dir='ltr'><strong>spem,</strong></span> <span class='ocrx_word' id='word_1_108' title='bbox 1032 1506 1090 1550; x_wconf 91' lang='lat' dir='ltr'><strong>et</strong></span> <span class='ocrx_word' id='word_1_109' title='bbox 1123 1496 1413 1551; x_wconf 84' lang='lat' dir='ltr'><strong>adventum</strong></span> <span class='ocrx_word' id='word_1_110' title='bbox 1444 1497 1629 1568; x_wconf 70' lang='lat' dir='ltr'><strong>gloria:</strong></span> <span class='ocrx_word' id='word_1_111' title='bbox 1658 1514 1771 1551; x_wconf 86' lang='lat' dir='ltr'><strong>ma-</strong></span> 
     </span>
    </p>
   </div>
   <div class='ocr_carea' id='block_1_17' title="bbox 172 1584 1771 1657">
    <p class='ocr_par' dir='ltr' id='par_1_17' title="bbox 172 1584 1771 1657">
     <span class='ocr_line' id='line_1_17' title="bbox 172 1584 1771 1657; baseline 0.004 -20"><span class='ocrx_word' id='word_1_112' title='bbox 172 1586 260 1657; x_wconf 81' lang='lat' dir='ltr'><strong>gni</strong></span> <span class='ocrx_word' id='word_1_113' title='bbox 314 1584 408 1639; x_wconf 85' lang='lat' dir='ltr'><strong>Dei</strong></span> <span class='ocrx_word' id='word_1_114' title='bbox 458 1584 591 1654; x_wconf 81' lang='lat' dir='ltr'><strong>(Tit.</strong></span> <span class='ocrx_word' id='word_1_115' title='bbox 622 1588 705 1655; x_wconf 84' lang='grc' dir='ltr'>ιι),</span> <span class='ocrx_word' id='word_1_116' title='bbox 738 1586 956 1655; x_wconf 88' lang='lat' dir='ltr'><strong>quando</strong></span> <span class='ocrx_word' id='word_1_117' title='bbox 1001 1586 1093 1640; x_wconf 84' lang='lat' dir='ltr'><strong>fiet</strong></span> <span class='ocrx_word' id='word_1_118' title='bbox 1140 1602 1304 1641; x_wconf 89' lang='lat' dir='ltr'><strong>unum</strong></span> <span class='ocrx_word' id='word_1_119' title='bbox 1348 1587 1488 1641; x_wconf 87' lang='lat' dir='ltr'><strong>ovile</strong></span> <span class='ocrx_word' id='word_1_120' title='bbox 1533 1597 1587 1641; x_wconf 91' lang='lat' dir='ltr'><strong>et</strong></span> <span class='ocrx_word' id='word_1_121' title='bbox 1632 1604 1771 1643; x_wconf 89' lang='lat' dir='ltr'><strong>unus</strong></span> 
     </span>
    </p>
   </div>
   <div class='ocr_carea' id='block_1_18' title="bbox 172 1676 1767 1749">
    <p class='ocr_par' dir='ltr' id='par_1_18' title="bbox 172 1676 1767 1749">
     <span class='ocr_line' id='line_1_18' title="bbox 172 1676 1767 1749; baseline 0.004 -18"><span class='ocrx_word' id='word_1_122' title='bbox 172 1687 363 1747; x_wconf 86' lang='lat' dir='ltr'><strong>pastor</strong></span> <span class='ocrx_word' id='word_1_123' title='bbox 403 1676 588 1748; x_wconf 75' lang='lat' dir='ltr'><strong>(Joan.</strong></span> <span class='ocrx_word' id='word_1_124' title='bbox 628 1678 709 1747; x_wconf 83' lang='lat'><strong>.\),</strong></span> <span class='ocrx_word' id='word_1_125' title='bbox 753 1688 808 1734; x_wconf 87' lang='lat' dir='ltr'><strong>et</strong></span> <span class='ocrx_word' id='word_1_126' title='bbox 848 1694 1080 1749; x_wconf 89' lang='lat' dir='ltr'><strong>superna</strong></span> <span class='ocrx_word' id='word_1_127' title='bbox 1124 1680 1210 1734; x_wconf 90' lang='lat' dir='ltr'><strong>illa</strong></span> <span class='ocrx_word' id='word_1_128' title='bbox 1255 1680 1593 1737; x_wconf 87' lang='lat' dir='ltr'><strong>Hierusalem</strong></span> <span class='ocrx_word' id='word_1_129' title='bbox 1633 1698 1767 1738; x_wconf 85' lang='lat' dir='ltr'><strong>con-</strong></span> 
     </span>
    </p>
   </div>
   <div class='ocr_carea' id='block_1_19' title="bbox 172 1769 1773 1842">
    <p class='ocr_par' dir='ltr' id='par_1_19' title="bbox 172 1769 1773 1842">
     <span class='ocr_line' id='line_1_19' title="bbox 172 1769 1773 1842; baseline 0.005 -22"><span class='ocrx_word' id='word_1_130' title='bbox 172 1769 541 1822; x_wconf 88' lang='lat' dir='ltr'><strong>summahitur</strong></span> <span class='ocrx_word' id='word_1_131' title='bbox 578 1769 629 1823; x_wconf 91' lang='lat' dir='ltr'><strong>in</strong></span> <span class='ocrx_word' id='word_1_132' title='bbox 676 1770 927 1839; x_wconf 87' lang='lat' dir='ltr'><strong>idipsum.</strong></span> <span class='ocrx_word' id='word_1_133' title='bbox 960 1769 1051 1825; x_wconf 89' lang='lat' dir='ltr'><strong>Sic</strong></span> <span class='ocrx_word' id='word_1_134' title='bbox 1092 1770 1266 1826; x_wconf 90' lang='lat' dir='ltr'><strong>influit</strong></span> <span class='ocrx_word' id='word_1_135' title='bbox 1309 1771 1773 1842; x_wconf 76' lang='lat' dir='ltr'><strong>ﬂuviusiste-per</strong></span> 
     </span>
    </p>
   </div>
   <div class='ocr_carea' id='block_1_20' title="bbox 174 1857 1774 1933">
    <p class='ocr_par' dir='ltr' id='par_1_20' title="bbox 174 1857 1774 1933">
     <span class='ocr_line' id='line_1_20' title="bbox 174 1857 1774 1933; baseline 0.005 -23"><span class='ocrx_word' id='word_1_136' title='bbox 174 1859 451 1927; x_wconf 85' lang='lat' dir='ltr'><strong>angelicas</strong></span> <span class='ocrx_word' id='word_1_137' title='bbox 476 1857 741 1914; x_wconf 74' lang='lat' dir='ltr'><strong>officinas.</strong></span> <span class='ocrx_word' id='word_1_138' title='bbox 774 1859 880 1915; x_wconf 90' lang='lat' dir='ltr'><strong>Sed</strong></span> <span class='ocrx_word' id='word_1_139' title='bbox 909 1862 1022 1915; x_wconf 79' lang='lat' dir='ltr'><strong>litec</strong></span> <span class='ocrx_word' id='word_1_140' title='bbox 1053 1863 1233 1917; x_wconf 89' lang='lat' dir='ltr'><strong>omnia</strong></span> <span class='ocrx_word' id='word_1_141' title='bbox 1262 1863 1393 1919; x_wconf 88' lang='lat' dir='ltr'><strong>fides</strong></span> <span class='ocrx_word' id='word_1_142' title='bbox 1413 1864 1576 1933; x_wconf 83' lang='lat' dir='ltr'><strong>capit,</strong></span> <span class='ocrx_word' id='word_1_143' title='bbox 1598 1865 1774 1920; x_wconf 79' lang='lat' dir='ltr'><strong>nescit</strong></span> 
     </span>
    </p>
   </div>
   <div class='ocr_carea' id='block_1_21' title="bbox 176 1948 1775 2018">
    <p class='ocr_par' dir='ltr' id='par_1_21' title="bbox 176 1948 1775 2018">
     <span class='ocr_line' id='line_1_21' title="bbox 176 1948 1775 2018; baseline 0.008 -19"><span class='ocrx_word' id='word_1_144' title='bbox 176 1948 338 2013; x_wconf 80' lang='lat' dir='ltr'><strong>ratio,</strong></span> <span class='ocrx_word' id='word_1_145' title='bbox 370 1948 677 2004; x_wconf 90' lang='lat' dir='ltr'><strong>intellectus</strong></span> <span class='ocrx_word' id='word_1_146' title='bbox 708 1950 919 2018; x_wconf 82' lang='lat' dir='ltr'><strong>ignorat</strong></span> <span class='ocrx_word' id='word_1_147' title='bbox 954 1952 1243 2008; x_wconf 91' lang='lat' dir='ltr'><strong>humanus.</strong></span> <span class='ocrx_word' id='word_1_148' title='bbox 1273 1954 1397 2009; x_wconf 60' lang='lat' dir='ltr'><strong>Hice</strong></span> <span class='ocrx_word' id='word_1_149' title='bbox 1425 1968 1550 2009; x_wconf 85' lang='lat' dir='ltr'><strong>sunt</strong></span> <span class='ocrx_word' id='word_1_150' title='bbox 1576 1954 1775 2012; x_wconf 79' lang='lat' dir='ltr'><strong>fortas-</strong></span> 
     </span>
    </p>
   </div>
   <div class='ocr_carea' id='block_1_22' title="bbox 178 2042 1775 2117">
    <p class='ocr_par' dir='ltr' id='par_1_22' title="bbox 178 2042 1775 2117">
     <span class='ocr_line' id='line_1_22' title="bbox 178 2042 1775 2117; baseline 0.004 -19"><span class='ocrx_word' id='word_1_151' title='bbox 178 2044 255 2098; x_wconf 81' lang='lat' dir='ltr'><strong>sis</strong></span> <span class='ocrx_word' id='word_1_152' title='bbox 288 2042 378 2096; x_wconf 64' lang='lat' dir='ltr'><strong>illa</strong></span> <span class='ocrx_word' id='word_1_153' title='bbox 410 2053 668 2111; x_wconf 88' lang='lat' dir='ltr'><strong>quatuor,</strong></span> <span class='ocrx_word' id='word_1_154' title='bbox 708 2060 827 2112; x_wconf 70' lang='lat' dir='ltr'><strong>qua:</strong></span> <span class='ocrx_word' id='word_1_155' title='bbox 862 2060 956 2099; x_wconf 88' lang='lat' dir='ltr'><strong>vas</strong></span> <span class='ocrx_word' id='word_1_156' title='bbox 991 2045 1268 2101; x_wconf 92' lang='lat' dir='ltr'><strong>electionis</strong></span> <span class='ocrx_word' id='word_1_157' title='bbox 1311 2045 1450 2102; x_wconf 78' lang='lat' dir='ltr'><strong>felici</strong></span> <span class='ocrx_word' id='word_1_158' title='bbox 1484 2057 1775 2117; x_wconf 82' lang='lat' dir='ltr'><strong>quaterna-</strong></span> 
     </span>
    </p>
   </div>
   <div class='ocr_carea' id='block_1_23' title="bbox 180 2135 1772 2205">
    <p class='ocr_par' dir='ltr' id='par_1_23' title="bbox 180 2135 1772 2205">
     <span class='ocr_line' id='line_1_23' title="bbox 180 2135 1772 2205; baseline 0.006 -17"><span class='ocrx_word' id='word_1_159' title='bbox 180 2136 258 2189; x_wconf 87' lang='lat' dir='ltr'><strong>rio</strong></span> <span class='ocrx_word' id='word_1_160' title='bbox 305 2135 359 2189; x_wconf 91' lang='lat' dir='ltr'><strong>in</strong></span> <span class='ocrx_word' id='word_1_161' title='bbox 405 2135 646 2205; x_wconf 82' lang='lat' dir='ltr'><strong>Epistula</strong></span> <span class='ocrx_word' id='word_1_162' title='bbox 695 2139 762 2191; x_wconf 88' lang='lat' dir='ltr'><strong>ad</strong></span> <span class='ocrx_word' id='word_1_163' title='bbox 807 2136 1063 2193; x_wconf 63' lang='lat' dir='ltr'><strong>Hebraeos</strong></span> <span class='ocrx_word' id='word_1_164' title='bbox 1091 2140 1300 2205; x_wconf 88' lang='lat' dir='ltr'><strong>dividit,</strong></span> <span class='ocrx_word' id='word_1_165' title='bbox 1346 2139 1573 2197; x_wconf 88' lang='lat' dir='ltr'><strong>dicens:</strong></span> <span class='ocrx_word' id='word_1_166' title='bbox 1610 2161 1627 2193; x_wconf 75' lang='grc' dir='ltr'><strong>ι</strong></span> <span class='ocrx_word' id='word_1_167' title='bbox 1661 2142 1772 2197; x_wconf 79' lang='lat' dir='ltr'><strong>Non</strong></span> 
     </span>
    </p>
   </div>
   <div class='ocr_carea' id='block_1_24' title="bbox 176 2227 1776 2300">
    <p class='ocr_par' dir='ltr' id='par_1_24' title="bbox 176 2227 1776 2300">
     <span class='ocr_line' id='line_1_24' title="bbox 176 2227 1776 2300; baseline 0.007 -19"><span class='ocrx_word' id='word_1_168' title='bbox 176 2228 491 2283; x_wconf 80' lang='lat' dir='ltr'><strong>accessistis</strong></span> <span class='ocrx_word' id='word_1_169' title='bbox 519 2227 627 2300; x_wconf 70' lang='grc'><strong>54</strong></span> <span class='ocrx_word' id='word_1_170' title='bbox 658 2229 723 2284; x_wconf 89' lang='lat' dir='ltr'><strong>ad</strong></span> <span class='ocrx_word' id='word_1_171' title='bbox 764 2238 1001 2284; x_wconf 90' lang='lat' dir='ltr'><strong>montem</strong></span> <span class='ocrx_word' id='word_1_172' title='bbox 1036 2229 1358 2297; x_wconf 80' lang='lat' dir='ltr'><strong>fumantem,</strong></span> <span class='ocrx_word' id='word_1_173' title='bbox 1388 2233 1482 2289; x_wconf 90' lang='lat' dir='ltr'><strong>sed</strong></span> <span class='ocrx_word' id='word_1_174' title='bbox 1528 2235 1593 2289; x_wconf 89' lang='lat' dir='ltr'><strong>ad</strong></span> <span class='ocrx_word' id='word_1_175' title='bbox 1627 2252 1776 2291; x_wconf 86' lang='lat' dir='ltr'><strong>mon-</strong></span> 
     </span>
    </p>
   </div>
   <div class='ocr_carea' id='block_1_25' title="bbox 176 2319 1777 2390">
    <p class='ocr_par' dir='ltr' id='par_1_25' title="bbox 176 2319 1777 2390">
     <span class='ocr_line' id='line_1_25' title="bbox 176 2319 1777 2390; baseline 0.004 -16"><span class='ocrx_word' id='word_1_176' title='bbox 176 2328 286 2374; x_wconf 80' lang='lat' dir='ltr'><strong>tem</strong></span> <span class='ocrx_word' id='word_1_177' title='bbox 317 2320 469 2383; x_wconf 88' lang='lat' dir='ltr'><strong>Sion,</strong></span> <span class='ocrx_word' id='word_1_178' title='bbox 504 2320 572 2374; x_wconf 86' lang='lat' dir='ltr'><strong>ad</strong></span> <span class='ocrx_word' id='word_1_179' title='bbox 615 2319 950 2377; x_wconf 87' lang='lat' dir='ltr'><strong>Hierusalem</strong></span> <span class='ocrx_word' id='word_1_180' title='bbox 984 2322 1256 2378; x_wconf 89' lang='lat' dir='ltr'><strong>civitatem</strong></span> <span class='ocrx_word' id='word_1_181' title='bbox 1295 2324 1390 2380; x_wconf 90' lang='lat' dir='ltr'><strong>Dei</strong></span> <span class='ocrx_word' id='word_1_182' title='bbox 1422 2326 1671 2390; x_wconf 83' lang='lat' dir='ltr'><strong>viventis,</strong></span> <span class='ocrx_word' id='word_1_183' title='bbox 1710 2329 1777 2382; x_wconf 86' lang='lat' dir='ltr'><strong>ad</strong></span> 
     </span>
    </p>
   </div>
   <div class='ocr_carea' id='block_1_26' title="bbox 180 2410 1774 2483">
    <p class='ocr_par' dir='ltr' id='par_1_26' title="bbox 180 2410 1774 2483">
     <span class='ocr_line' id='line_1_26' title="bbox 180 2410 1774 2483; baseline 0.006 -20"><span class='ocrx_word' id='word_1_184' title='bbox 180 2410 477 2465; x_wconf 82' lang='lat' dir='ltr'><strong>multorum</strong></span> <span class='ocrx_word' id='word_1_185' title='bbox 525 2410 751 2465; x_wconf 90' lang='lat' dir='ltr'><strong>millium</strong></span> <span class='ocrx_word' id='word_1_186' title='bbox 793 2412 1106 2483; x_wconf 79' lang='lat' dir='ltr'><strong>angelorum</strong></span> <span class='ocrx_word' id='word_1_187' title='bbox 1154 2413 1539 2483; x_wconf 88' lang='lat' dir='ltr'><strong>frequentiam,</strong></span> <span class='ocrx_word' id='word_1_188' title='bbox 1566 2417 1631 2471; x_wconf 89' lang='lat' dir='ltr'><strong>ad</strong></span> <span class='ocrx_word' id='word_1_189' title='bbox 1679 2418 1774 2474; x_wconf 78' lang='lat' dir='ltr'><strong>Ec-</strong></span> 
     </span>
    </p>
   </div>
   <div class='ocr_carea' id='block_1_27' title="bbox 181 2500 1461 2573">
    <p class='ocr_par' dir='ltr' id='par_1_27' title="bbox 181 2500 1461 2573">
     <span class='ocr_line' id='line_1_27' title="bbox 181 2500 1461 2573; baseline 0.005 -18"><span class='ocrx_word' id='word_1_190' title='bbox 181 2500 405 2556; x_wconf 76' lang='lat' dir='ltr'><strong>ciesiam</strong></span> <span class='ocrx_word' id='word_1_191' title='bbox 436 2502 835 2573; x_wconf 88' lang='lat' dir='ltr'><strong>primitivorum</strong></span> <span class='ocrx_word' id='word_1_192' title='bbox 864 2505 1123 2573; x_wconf 87' lang='lat' dir='ltr'><strong>scriptam</strong></span> <span class='ocrx_word' id='word_1_193' title='bbox 1153 2506 1206 2560; x_wconf 91' lang='lat' dir='ltr'><strong>in</strong></span> <span class='ocrx_word' id='word_1_194' title='bbox 1238 2504 1408 2563; x_wconf 81' lang='lat' dir='ltr'><strong>ccelis.</strong></span> <span class='ocrx_word' id='word_1_195' title='bbox 1442 2527 1461 2562; x_wconf 77' lang='grc' dir='ltr'><strong>ι</strong></span> 
     </span>
    </p>
   </div>
   <div class='ocr_carea' id='block_1_28' title="bbox 251 2613 1779 2694">
    <p class='ocr_par' dir='ltr' id='par_1_28' title="bbox 251 2613 1779 2694">
     <span class='ocr_line' id='line_1_28' title="bbox 251 2613 1779 2694; baseline 0.008 -27"><span class='ocrx_word' id='word_1_196' title='bbox 251 2613 416 2670; x_wconf 79' lang='lat' dir='ltr'><strong>Nunc</strong></span> <span class='ocrx_word' id='word_1_197' title='bbox 443 2616 790 2687; x_wconf 87' lang='lat' dir='ltr'><strong>accingamus</strong></span> <span class='ocrx_word' id='word_1_198' title='bbox 827 2634 924 2674; x_wconf 87' lang='lat' dir='ltr'><strong>nos</strong></span> <span class='ocrx_word' id='word_1_199' title='bbox 953 2617 1018 2673; x_wconf 89' lang='lat' dir='ltr'><strong>ad</strong></span> <span class='ocrx_word' id='word_1_200' title='bbox 1049 2619 1340 2674; x_wconf 89' lang='lat' dir='ltr'><strong>videndum</strong></span> <span class='ocrx_word' id='word_1_201' title='bbox 1374 2621 1605 2691; x_wconf 86' lang='lat' dir='ltr'><strong>qualiter</strong></span> <span class='ocrx_word' id='word_1_202' title='bbox 1632 2639 1779 2694; x_wconf 81' lang='lat' dir='ltr'><strong>egre-</strong></span> 
     </span>
    </p>
   </div>
   <div class='ocr_carea' id='block_1_29' title="bbox 182 2706 1783 2781">
    <p class='ocr_par' dir='ltr' id='par_1_29' title="bbox 182 2706 1783 2781">
     <span class='ocr_line' id='line_1_29' title="bbox 182 2706 1783 2781; baseline 0.006 -23"><span class='ocrx_word' id='word_1_203' title='bbox 182 2706 367 2759; x_wconf 91' lang='lat' dir='ltr'><strong>diatur</strong></span> <span class='ocrx_word' id='word_1_204' title='bbox 397 2707 463 2762; x_wconf 91' lang='lat' dir='ltr'><strong>de</strong></span> <span class='ocrx_word' id='word_1_205' title='bbox 488 2708 733 2779; x_wconf 84' lang='lat' dir='ltr'><strong>Virgine,</strong></span> <span class='ocrx_word' id='word_1_206' title='bbox 763 2709 888 2779; x_wconf 87' lang='lat' dir='ltr'><strong>quia</strong></span> <span class='ocrx_word' id='word_1_207' title='bbox 922 2711 1160 2781; x_wconf 77' lang='lat' dir='ltr'><strong>egressio</strong></span> <span class='ocrx_word' id='word_1_208' title='bbox 1188 2711 1288 2766; x_wconf 88' lang='lat' dir='ltr'><strong>ista</strong></span> <span class='ocrx_word' id='word_1_209' title='bbox 1324 2712 1530 2767; x_wconf 91' lang='lat' dir='ltr'><strong>dulcior</strong></span> <span class='ocrx_word' id='word_1_210' title='bbox 1556 2723 1611 2769; x_wconf 89' lang='lat' dir='ltr'><strong>et</strong></span> <span class='ocrx_word' id='word_1_211' title='bbox 1654 2713 1783 2768; x_wconf 81' lang='lat' dir='ltr'><strong>atl&#39;c-</strong></span> 
     </span>
    </p>
   </div>
   <div class='ocr_carea' id='block_1_30' title="bbox 183 2800 1781 2873">
    <p class='ocr_par' dir='ltr' id='par_1_30' title="bbox 183 2800 1781 2873">
     <span class='ocr_line' id='line_1_30' title="bbox 183 2800 1781 2873; baseline 0.004 -22"><span class='ocrx_word' id='word_1_212' title='bbox 183 2800 785 2853; x_wconf 78' lang='lat' dir='ltr'><strong>ctuosioresthumaute</strong></span> <span class='ocrx_word' id='word_1_213' title='bbox 808 2800 1195 2871; x_wconf 69' lang='lat' dir='ltr'><strong>miserim,qu:e</strong></span> <span class='ocrx_word' id='word_1_214' title='bbox 1219 2802 1538 2856; x_wconf 88' lang='lat' dir='ltr'><strong>intuentium</strong></span> <span class='ocrx_word' id='word_1_215' title='bbox 1565 2813 1781 2873; x_wconf 86' lang='lat' dir='ltr'><strong>pectora</strong></span> 
     </span>
    </p>
   </div>
   <div class='ocr_carea' id='block_1_31' title="bbox 185 2889 1784 2955">
    <p class='ocr_par' dir='ltr' id='par_1_31' title="bbox 185 2889 1784 2955">
     <span class='ocr_line' id='line_1_31' title="bbox 185 2889 1784 2955; baseline 0.004 -13"><span class='ocrx_word' id='word_1_216' title='bbox 185 2889 465 2954; x_wconf 81' lang='lat' dir='ltr'><strong>concutit,</strong></span> <span class='ocrx_word' id='word_1_217' title='bbox 520 2890 723 2947; x_wconf 82' lang='lat' dir='ltr'><strong>irrorat</strong></span> <span class='ocrx_word' id='word_1_218' title='bbox 763 2890 967 2955; x_wconf 91' lang='lat' dir='ltr'><strong>oculos,</strong></span> <span class='ocrx_word' id='word_1_219' title='bbox 1000 2901 1055 2946; x_wconf 91' lang='lat' dir='ltr'><strong>et</strong></span> <span class='ocrx_word' id='word_1_220' title='bbox 1101 2893 1275 2946; x_wconf 87' lang='lat' dir='ltr'><strong>beatis</strong></span> <span class='ocrx_word' id='word_1_221' title='bbox 1323 2891 1563 2946; x_wconf 87' lang='lat' dir='ltr'><strong>fontibus</strong></span> <span class='ocrx_word' id='word_1_222' title='bbox 1605 2893 1784 2949; x_wconf 88' lang='lat' dir='ltr'><strong>vultus</strong></span> 
     </span>
    </p>
   </div>
   <div class='ocr_carea' id='block_1_32' title="bbox 187 2981 1782 3054">
    <p class='ocr_par' dir='ltr' id='par_1_32' title="bbox 187 2981 1782 3054">
     <span class='ocr_line' id='line_1_32' title="bbox 187 2981 1782 3054; baseline 0.003 -21"><span class='ocrx_word' id='word_1_223' title='bbox 187 2981 491 3035; x_wconf 82' lang='lat' dir='ltr'><strong>amantium</strong></span> <span class='ocrx_word' id='word_1_224' title='bbox 521 2982 880 3053; x_wconf 87' lang='lat' dir='ltr'><strong>superfundit.</strong></span> <span class='ocrx_word' id='word_1_225' title='bbox 914 2982 1013 3038; x_wconf 86' lang='lat' dir='ltr'><strong>Hic</strong></span> <span class='ocrx_word' id='word_1_226' title='bbox 1044 2982 1219 3038; x_wconf 90' lang='lat' dir='ltr'><strong>locum</strong></span> <span class='ocrx_word' id='word_1_227' title='bbox 1245 2982 1535 3054; x_wconf 89' lang='lat' dir='ltr'><strong>voluptatis</strong></span> <span class='ocrx_word' id='word_1_228' title='bbox 1571 2993 1782 3038; x_wconf 91' lang='lat' dir='ltr'><strong>uterum</strong></span> 
     </span>
    </p>
   </div>
   <div class='ocr_carea' id='block_1_33' title="bbox 188 3072 1785 3147">
    <p class='ocr_par' dir='ltr' id='par_1_33' title="bbox 188 3072 1785 3147">
     <span class='ocr_line' id='line_1_33' title="bbox 188 3072 1785 3147; baseline 0.003 -20"><span class='ocrx_word' id='word_1_229' title='bbox 188 3072 375 3128; x_wconf 65' lang='lat' dir='ltr'><strong>Mariae</strong></span> <span class='ocrx_word' id='word_1_230' title='bbox 404 3074 665 3147; x_wconf 85' lang='lat' dir='ltr'><strong>intelligo,</strong></span> <span class='ocrx_word' id='word_1_231' title='bbox 698 3076 749 3130; x_wconf 93' lang='lat' dir='ltr'><strong>in</strong></span> <span class='ocrx_word' id='word_1_232' title='bbox 779 3091 887 3147; x_wconf 91' lang='lat' dir='ltr'><strong>quo</strong></span> <span class='ocrx_word' id='word_1_233' title='bbox 910 3076 1203 3131; x_wconf 82' lang='lat' dir='ltr'><strong>cumulavit</strong></span> <span class='ocrx_word' id='word_1_234' title='bbox 1227 3091 1416 3132; x_wconf 89' lang='lat' dir='ltr'><strong>omnes</strong></span> <span class='ocrx_word' id='word_1_235' title='bbox 1447 3076 1665 3133; x_wconf 89' lang='lat' dir='ltr'><strong>delicias</strong></span> <span class='ocrx_word' id='word_1_236' title='bbox 1695 3078 1785 3132; x_wconf 88' lang='lat' dir='ltr'><strong>de-</strong></span> 
     </span>
    </p>
   </div>
   <div class='ocr_carea' id='block_1_34' title="bbox 1867 488 3456 560">
    <p class='ocr_par' dir='ltr' id='par_1_34' title="bbox 1867 488 3456 560">
     <span class='ocr_line' id='line_1_34' title="bbox 1867 488 3456 560; baseline -0.002 -13"><span class='ocrx_word' id='word_1_237' title='bbox 1867 488 2222 547; x_wconf 66' lang='lat' dir='ltr'><strong>Aristotelicte</strong></span> <span class='ocrx_word' id='word_1_238' title='bbox 2271 492 2586 547; x_wconf 87' lang='lat' dir='ltr'><strong>subtilitatis</strong></span> <span class='ocrx_word' id='word_1_239' title='bbox 2630 490 2859 546; x_wconf 87' lang='lat' dir='ltr'><strong>facunda</strong></span> <span class='ocrx_word' id='word_1_240' title='bbox 2902 493 3138 560; x_wconf 87' lang='lat' dir='ltr'><strong>quidem,</strong></span> <span class='ocrx_word' id='word_1_241' title='bbox 3174 493 3267 546; x_wconf 89' lang='lat' dir='ltr'><strong>sed</strong></span> <span class='ocrx_word' id='word_1_242' title='bbox 3316 490 3456 545; x_wconf 83' lang='lat' dir='ltr'><strong>infe-</strong></span> 
     </span>
    </p>
   </div>
   <div class='ocr_carea' id='block_1_35' title="bbox 1866 582 3459 654">
    <p class='ocr_par' dir='ltr' id='par_1_35' title="bbox 1866 582 3459 654">
     <span class='ocr_line' id='line_1_35' title="bbox 1866 582 3459 654; baseline 0.001 -19"><span class='ocrx_word' id='word_1_243' title='bbox 1866 583 2039 637; x_wconf 88' lang='lat' dir='ltr'><strong>cunda</strong></span> <span class='ocrx_word' id='word_1_244' title='bbox 2088 582 2420 653; x_wconf 85' lang='lat' dir='ltr'><strong>loquacitas?</strong></span> <span class='ocrx_word' id='word_1_245' title='bbox 2462 584 2519 639; x_wconf 88' lang='lat' dir='ltr'><strong>Si</strong></span> <span class='ocrx_word' id='word_1_246' title='bbox 2552 584 2780 654; x_wconf 84' lang='lat' dir='ltr'><strong>peperit,</strong></span> <span class='ocrx_word' id='word_1_247' title='bbox 2830 599 2951 639; x_wconf 91' lang='lat' dir='ltr'><strong>cum</strong></span> <span class='ocrx_word' id='word_1_248' title='bbox 2986 586 3101 638; x_wconf 89' lang='lat' dir='ltr'><strong>viro</strong></span> <span class='ocrx_word' id='word_1_249' title='bbox 3128 582 3459 638; x_wconf 79' lang='lat' dir='ltr'><strong>concubuit?</strong></span> 
     </span>
    </p>
   </div>
   <div class='ocr_carea' id='block_1_36' title="bbox 1868 670 3464 746">
    <p class='ocr_par' dir='ltr' id='par_1_36' title="bbox 1868 670 3464 746">
     <span class='ocr_line' id='line_1_36' title="bbox 1868 670 3464 746; baseline 0.003 -21"><span class='ocrx_word' id='word_1_250' title='bbox 1868 670 2029 737; x_wconf 76' lang='lat' dir='ltr'><strong>Velit,</strong></span> <span class='ocrx_word' id='word_1_251' title='bbox 2060 674 2212 739; x_wconf 90' lang='lat' dir='ltr'><strong>nolit,</strong></span> <span class='ocrx_word' id='word_1_252' title='bbox 2247 675 2472 731; x_wconf 90' lang='lat' dir='ltr'><strong>vertitur</strong></span> <span class='ocrx_word' id='word_1_253' title='bbox 2500 675 2551 729; x_wconf 92' lang='lat' dir='ltr'><strong>in</strong></span> <span class='ocrx_word' id='word_1_254' title='bbox 2580 675 2824 730; x_wconf 85' lang='lat' dir='ltr'><strong>habitum</strong></span> <span class='ocrx_word' id='word_1_255' title='bbox 2854 676 3105 746; x_wconf 85' lang='lat' dir='ltr'><strong>privatio,</strong></span> <span class='ocrx_word' id='word_1_256' title='bbox 3135 692 3231 730; x_wconf 92' lang='lat' dir='ltr'><strong>nec</strong></span> <span class='ocrx_word' id='word_1_257' title='bbox 3260 676 3464 732; x_wconf 79' lang='lat' dir='ltr'><strong>astrin-</strong></span> 
     </span>
    </p>
   </div>
   <div class='ocr_carea' id='block_1_37' title="bbox 1866 766 3461 836">
    <p class='ocr_par' dir='ltr' id='par_1_37' title="bbox 1866 766 3461 836">
     <span class='ocr_line' id='line_1_37' title="bbox 1866 766 3461 836; baseline 0.003 -16"><span class='ocrx_word' id='word_1_258' title='bbox 1866 766 2009 836; x_wconf 87' lang='lat' dir='ltr'><strong>gitur</strong></span> <span class='ocrx_word' id='word_1_259' title='bbox 2050 766 2347 824; x_wconf 87' lang='lat' dir='ltr'><strong>dialecticis</strong></span> <span class='ocrx_word' id='word_1_260' title='bbox 2396 770 2645 824; x_wconf 85' lang='lat' dir='ltr'><strong>terminis</strong></span> <span class='ocrx_word' id='word_1_261' title='bbox 2688 770 2930 824; x_wconf 90' lang='lat' dir='ltr'><strong>omnium</strong></span> <span class='ocrx_word' id='word_1_262' title='bbox 2974 770 3296 824; x_wconf 84' lang='lat' dir='ltr'><strong>terminatur</strong></span> <span class='ocrx_word' id='word_1_263' title='bbox 3323 810 3337 833; x_wconf 96' lang='lat'><strong>,</strong></span> <span class='ocrx_word' id='word_1_264' title='bbox 3389 767 3461 824; x_wconf 82' lang='lat' dir='ltr'><strong>ad</strong></span> 
     </span>
    </p>
   </div>
   <div class='ocr_carea' id='block_1_38' title="bbox 1868 856 3460 930">
    <p class='ocr_par' dir='ltr' id='par_1_38' title="bbox 1868 856 3460 930">
     <span class='ocr_line' id='line_1_38' title="bbox 1868 856 3460 930; baseline 0.002 -19"><span class='ocrx_word' id='word_1_265' title='bbox 1868 856 2019 925; x_wconf 85' lang='lat' dir='ltr'><strong>cujus</strong></span> <span class='ocrx_word' id='word_1_266' title='bbox 2057 858 2338 928; x_wconf 85' lang='lat' dir='ltr'><strong>imperium</strong></span> <span class='ocrx_word' id='word_1_267' title='bbox 2384 861 2525 930; x_wconf 89' lang='lat' dir='ltr'><strong>parit</strong></span> <span class='ocrx_word' id='word_1_268' title='bbox 2554 869 2766 923; x_wconf 85' lang='lat' dir='ltr'><strong>natura,</strong></span> <span class='ocrx_word' id='word_1_269' title='bbox 2800 860 3070 915; x_wconf 82' lang='lat' dir='ltr'><strong>desuescit</strong></span> <span class='ocrx_word' id='word_1_270' title='bbox 3099 858 3460 917; x_wconf 84' lang='lat' dir='ltr'><strong>consuetudo.</strong></span> 
     </span>
    </p>
   </div>
   <div class='ocr_carea' id='block_1_39' title="bbox 1869 946 3461 1019">
    <p class='ocr_par' dir='ltr' id='par_1_39' title="bbox 1869 946 3461 1019">
     <span class='ocr_line' id='line_1_39' title="bbox 1869 946 3461 1019; baseline 0.003 -19"><span class='ocrx_word' id='word_1_271' title='bbox 1869 946 2155 1017; x_wconf 79' lang='lat' dir='ltr'><strong>Egreditur</strong></span> <span class='ocrx_word' id='word_1_272' title='bbox 2181 950 2345 1004; x_wconf 85' lang='lat' dir='ltr'><strong>etiam</strong></span> <span class='ocrx_word' id='word_1_273' title='bbox 2377 965 2498 1005; x_wconf 88' lang='lat' dir='ltr'><strong>cum</strong></span> <span class='ocrx_word' id='word_1_274' title='bbox 2525 950 2790 1007; x_wconf 87' lang='lat' dir='ltr'><strong>claritate.</strong></span> <span class='ocrx_word' id='word_1_275' title='bbox 2824 949 3090 1006; x_wconf 78' lang='lat' dir='ltr'><strong>Nascente</strong></span> <span class='ocrx_word' id='word_1_276' title='bbox 3119 950 3316 1019; x_wconf 88' lang='lat' dir='ltr'><strong>quippe</strong></span> <span class='ocrx_word' id='word_1_277' title='bbox 3348 947 3461 1012; x_wconf 88' lang='lat' dir='ltr'><strong>illo,</strong></span> 
     </span>
    </p>
   </div>
   <div class='ocr_carea' id='block_1_40' title="bbox 1869 1038 3462 1109">
    <p class='ocr_par' dir='ltr' id='par_1_40' title="bbox 1869 1038 3462 1109">
     <span class='ocr_line' id='line_1_40' title="bbox 1869 1038 3462 1109; baseline 0.001 -16"><span class='ocrx_word' id='word_1_278' title='bbox 1869 1038 2129 1109; x_wconf 86' lang='lat' dir='ltr'><strong>sepelitur</strong></span> <span class='ocrx_word' id='word_1_279' title='bbox 2172 1040 2350 1096; x_wconf 88' lang='lat' dir='ltr'><strong>omnis</strong></span> <span class='ocrx_word' id='word_1_280' title='bbox 2392 1040 2482 1101; x_wconf 86' lang='lat' dir='ltr'><strong>illa</strong></span> <span class='ocrx_word' id='word_1_281' title='bbox 2523 1041 2851 1097; x_wconf 87' lang='lat' dir='ltr'><strong>stellanlium</strong></span> <span class='ocrx_word' id='word_1_282' title='bbox 2900 1041 3161 1096; x_wconf 89' lang='lat' dir='ltr'><strong>luminum</strong></span> <span class='ocrx_word' id='word_1_283' title='bbox 3192 1041 3462 1097; x_wconf 83' lang='lat' dir='ltr'><strong>luminosa</strong></span> 
     </span>
    </p>
   </div>
   <div class='ocr_carea' id='block_1_41' title="bbox 1869 1130 3461 1202">
    <p class='ocr_par' dir='ltr' id='par_1_41' title="bbox 1869 1130 3461 1202">
     <span class='ocr_line' id='line_1_41' title="bbox 1869 1130 3461 1202; baseline 0 -18"><span class='ocrx_word' id='word_1_284' title='bbox 1869 1132 2157 1196; x_wconf 85' lang='lat' dir='ltr'><strong>serenitas,</strong></span> <span class='ocrx_word' id='word_1_285' title='bbox 2182 1139 2236 1185; x_wconf 90' lang='lat' dir='ltr'><strong>et</strong></span> <span class='ocrx_word' id='word_1_286' title='bbox 2263 1131 2414 1187; x_wconf 88' lang='lat' dir='ltr'><strong>stella</strong></span> <span class='ocrx_word' id='word_1_287' title='bbox 2442 1131 2727 1187; x_wconf 86' lang='lat' dir='ltr'><strong>candidior</strong></span> <span class='ocrx_word' id='word_1_288' title='bbox 2752 1130 3101 1185; x_wconf 86' lang='lat' dir='ltr'><strong>lucidioribus</strong></span> <span class='ocrx_word' id='word_1_289' title='bbox 3134 1130 3297 1195; x_wconf 83' lang='lat' dir='ltr'><strong>radiis</strong></span> <span class='ocrx_word' id='word_1_290' title='bbox 3322 1146 3461 1202; x_wconf 71' lang='lat' dir='ltr'><strong>prae-</strong></span> 
     </span>
    </p>
   </div>
   <div class='ocr_carea' id='block_1_42' title="bbox 1870 1221 3462 1291">
    <p class='ocr_par' dir='ltr' id='par_1_42' title="bbox 1870 1221 3462 1291">
     <span class='ocr_line' id='line_1_42' title="bbox 1870 1221 3462 1291; baseline -0.003 -15"><span class='ocrx_word' id='word_1_291' title='bbox 1870 1222 2172 1279; x_wconf 88' lang='lat' dir='ltr'><strong>scintillans</strong></span> <span class='ocrx_word' id='word_1_292' title='bbox 2214 1232 2379 1278; x_wconf 90' lang='lat' dir='ltr'><strong>totam</strong></span> <span class='ocrx_word' id='word_1_293' title='bbox 2418 1223 2520 1278; x_wconf 88' lang='lat' dir='ltr'><strong>sibi</strong></span> <span class='ocrx_word' id='word_1_294' title='bbox 2549 1222 2672 1277; x_wconf 73' lang='lat' dir='ltr'><strong>coeli</strong></span> <span class='ocrx_word' id='word_1_295' title='bbox 2707 1222 2847 1291; x_wconf 85' lang='lat' dir='ltr'><strong>rapit</strong></span> <span class='ocrx_word' id='word_1_296' title='bbox 2885 1222 3224 1291; x_wconf 58' lang='lat' dir='ltr'><strong>positionem.</strong></span> <span class='ocrx_word' id='word_1_297' title='bbox 3260 1221 3462 1283; x_wconf 74' lang='lat' dir='ltr'><strong>Ambu—</strong></span> 
     </span>
    </p>
   </div>
   <div class='ocr_carea' id='block_1_43' title="bbox 1872 1310 3464 1386">
    <p class='ocr_par' dir='ltr' id='par_1_43' title="bbox 1872 1310 3464 1386">
     <span class='ocr_line' id='line_1_43' title="bbox 1872 1310 3464 1386; baseline -0.001 -21"><span class='ocrx_word' id='word_1_298' title='bbox 1872 1312 1983 1367; x_wconf 87' lang='lat' dir='ltr'><strong>lant</strong></span> <span class='ocrx_word' id='word_1_299' title='bbox 2005 1329 2156 1386; x_wconf 87' lang='lat' dir='ltr'><strong>reges</strong></span> <span class='ocrx_word' id='word_1_300' title='bbox 2179 1315 2232 1368; x_wconf 91' lang='lat' dir='ltr'><strong>in</strong></span> <span class='ocrx_word' id='word_1_301' title='bbox 2260 1313 2548 1385; x_wconf 91' lang='lat' dir='ltr'><strong>splendore</strong></span> <span class='ocrx_word' id='word_1_302' title='bbox 2569 1322 2722 1369; x_wconf 86' lang='lat' dir='ltr'><strong>ortus</strong></span> <span class='ocrx_word' id='word_1_303' title='bbox 2746 1312 2861 1380; x_wconf 85' lang='lat' dir='ltr'><strong>ejus</strong></span> <span class='ocrx_word' id='word_1_304' title='bbox 2884 1312 3036 1383; x_wconf 80' lang='lat' dir='ltr'><strong>(Isai.</strong></span> <span class='ocrx_word' id='word_1_305' title='bbox 3067 1310 3177 1379; x_wconf 72' lang='grc' dir='ltr'>ιχ),</span> <span class='ocrx_word' id='word_1_306' title='bbox 3207 1310 3464 1381; x_wconf 83' lang='lat' dir='ltr'><strong>quoniam</strong></span> 
     </span>
    </p>
   </div>
   <div class='ocr_carea' id='block_1_44' title="bbox 1870 1405 3461 1476">
    <p class='ocr_par' dir='ltr' id='par_1_44' title="bbox 1870 1405 3461 1476">
     <span class='ocr_line' id='line_1_44' title="bbox 1870 1405 3461 1476; baseline -0.003 -16"><span class='ocrx_word' id='word_1_307' title='bbox 1870 1420 1999 1461; x_wconf 85' lang='lat' dir='ltr'><strong>ecce</strong></span> <span class='ocrx_word' id='word_1_308' title='bbox 2030 1421 2183 1475; x_wconf 87' lang='lat' dir='ltr'><strong>reges</strong></span> <span class='ocrx_word' id='word_1_309' title='bbox 2219 1406 2529 1476; x_wconf 80' lang='lat' dir='ltr'><strong>Congregati</strong></span> <span class='ocrx_word' id='word_1_310' title='bbox 2577 1414 2723 1469; x_wconf 90' lang='lat' dir='ltr'><strong>sunt,</strong></span> <span class='ocrx_word' id='word_1_311' title='bbox 2772 1413 3143 1471; x_wconf 79' lang='lat' dir='ltr'><strong>convenerunt</strong></span> <span class='ocrx_word' id='word_1_312' title='bbox 3189 1405 3240 1458; x_wconf 91' lang='lat' dir='ltr'><strong>iu</strong></span> <span class='ocrx_word' id='word_1_313' title='bbox 3273 1419 3461 1458; x_wconf 89' lang='lat' dir='ltr'><strong>unum.</strong></span> 
     </span>
    </p>
   </div>
   <div class='ocr_carea' id='block_1_45' title="bbox 1873 1496 3464 1565">
    <p class='ocr_par' dir='ltr' id='par_1_45' title="bbox 1873 1496 3464 1565">
     <span class='ocr_line' id='line_1_45' title="bbox 1873 1496 3464 1565; baseline -0.003 -16"><span class='ocrx_word' id='word_1_314' title='bbox 1873 1496 1975 1565; x_wconf 89' lang='lat' dir='ltr'><strong>Ipsi</strong></span> <span class='ocrx_word' id='word_1_315' title='bbox 2006 1497 2247 1551; x_wconf 84' lang='lat' dir='ltr'><strong>videntes</strong></span> <span class='ocrx_word' id='word_1_316' title='bbox 2286 1498 2365 1550; x_wconf 90' lang='lat' dir='ltr'><strong>sic</strong></span> <span class='ocrx_word' id='word_1_317' title='bbox 2395 1498 2559 1551; x_wconf 88' lang='lat' dir='ltr'><strong>Deum</strong></span> <span class='ocrx_word' id='word_1_318' title='bbox 2587 1506 2642 1550; x_wconf 87' lang='lat' dir='ltr'><strong>et</strong></span> <span class='ocrx_word' id='word_1_319' title='bbox 2682 1496 2953 1549; x_wconf 76' lang='lat' dir='ltr'><strong>hominem</strong></span> <span class='ocrx_word' id='word_1_320' title='bbox 2987 1503 3314 1553; x_wconf 83' lang='lat' dir='ltr'><strong>nascentem,</strong></span> <span class='ocrx_word' id='word_1_321' title='bbox 3352 1508 3464 1545; x_wconf 81' lang='lat' dir='ltr'><strong>ma-</strong></span> 
     </span>
    </p>
   </div>
   <div class='ocr_carea' id='block_1_46' title="bbox 1875 1567 3465 1658">
    <p class='ocr_par' dir='ltr' id='par_1_46' title="bbox 1875 1567 3465 1658">
     <span class='ocr_line' id='line_1_46' title="bbox 1875 1567 3465 1658; baseline -0.002 -17"><span class='ocrx_word' id='word_1_322' title='bbox 1875 1598 2008 1641; x_wconf 89' lang='lat' dir='ltr'><strong>trem</strong></span> <span class='ocrx_word' id='word_1_323' title='bbox 2035 1596 2088 1642; x_wconf 91' lang='lat' dir='ltr'><strong>et</strong></span> <span class='ocrx_word' id='word_1_324' title='bbox 2122 1567 2397 1658; x_wconf 64' lang='lat' dir='ltr'><strong>Viiginem</strong></span> <span class='ocrx_word' id='word_1_325' title='bbox 2428 1588 2751 1658; x_wconf 87' lang='lat' dir='ltr'><strong>parientem,</strong></span> <span class='ocrx_word' id='word_1_326' title='bbox 2785 1586 3037 1640; x_wconf 87' lang='lat' dir='ltr'><strong>admirati</strong></span> <span class='ocrx_word' id='word_1_327' title='bbox 3065 1596 3209 1645; x_wconf 89' lang='lat' dir='ltr'><strong>sunt,</strong></span> <span class='ocrx_word' id='word_1_328' title='bbox 3240 1593 3465 1641; x_wconf 74' lang='lat' dir='ltr'><strong>contur~</strong></span> 
     </span>
    </p>
   </div>
   <div class='ocr_carea' id='block_1_47' title="bbox 1874 1676 3468 1747">
    <p class='ocr_par' dir='ltr' id='par_1_47' title="bbox 1874 1676 3468 1747">
     <span class='ocr_line' id='line_1_47' title="bbox 1874 1676 3468 1747; baseline 0 -16"><span class='ocrx_word' id='word_1_329' title='bbox 1874 1677 1983 1731; x_wconf 90' lang='lat' dir='ltr'><strong>bati</strong></span> <span class='ocrx_word' id='word_1_330' title='bbox 2030 1690 2187 1742; x_wconf 91' lang='lat' dir='ltr'><strong>sunt,</strong></span> <span class='ocrx_word' id='word_1_331' title='bbox 2225 1678 2480 1733; x_wconf 89' lang='lat' dir='ltr'><strong>commoti</strong></span> <span class='ocrx_word' id='word_1_332' title='bbox 2523 1686 2682 1741; x_wconf 89' lang='lat' dir='ltr'><strong>sunt,</strong></span> <span class='ocrx_word' id='word_1_333' title='bbox 2722 1686 2924 1731; x_wconf 88' lang='lat' dir='ltr'><strong>tremor</strong></span> <span class='ocrx_word' id='word_1_334' title='bbox 2966 1676 3323 1747; x_wconf 84' lang='lat' dir='ltr'><strong>apprehendit</strong></span> <span class='ocrx_word' id='word_1_335' title='bbox 3369 1690 3468 1731; x_wconf 83' lang='lat' dir='ltr'><strong>eos</strong></span> 
     </span>
    </p>
   </div>
   <div class='ocr_carea' id='block_1_48' title="bbox 1803 1750 3470 1839">
    <p class='ocr_par' dir='ltr' id='par_1_48' title="bbox 1803 1750 3470 1839">
     <span class='ocr_line' id='line_1_48' title="bbox 1803 1750 3470 1839; baseline -0.002 -15"><span class='ocrx_word' id='word_1_336' title='bbox 1803 1750 1851 1824; x_wconf 71' lang='grc' dir='ltr'>Β</span> <span class='ocrx_word' id='word_1_337' title='bbox 1880 1766 2050 1839; x_wconf 73' lang='lat' dir='ltr'><strong>(Paul.</strong></span> <span class='ocrx_word' id='word_1_338' title='bbox 2083 1768 2248 1836; x_wconf 69' lang='lat' dir='ltr'><strong>xcvu)</strong></span> <span class='ocrx_word' id='word_1_339' title='bbox 2296 1768 2347 1822; x_wconf 94' lang='lat' dir='ltr'><strong>in</strong></span> <span class='ocrx_word' id='word_1_340' title='bbox 2384 1776 2656 1822; x_wconf 89' lang='lat' dir='ltr'><strong>tantorum</strong></span> <span class='ocrx_word' id='word_1_341' title='bbox 2701 1767 2818 1821; x_wconf 90' lang='lat' dir='ltr'><strong>luce</strong></span> <span class='ocrx_word' id='word_1_342' title='bbox 2854 1765 3256 1820; x_wconf 83' lang='lat' dir='ltr'><strong>miraculorum.</strong></span> <span class='ocrx_word' id='word_1_343' title='bbox 3302 1764 3470 1835; x_wconf 84' lang='lat' dir='ltr'><strong>Egre-</strong></span> 
     </span>
    </p>
   </div>
   <div class='ocr_carea' id='block_1_49' title="bbox 1874 1856 3463 1931">
    <p class='ocr_par' dir='ltr' id='par_1_49' title="bbox 1874 1856 3463 1931">
     <span class='ocr_line' id='line_1_49' title="bbox 1874 1856 3463 1931; baseline -0.004 -17"><span class='ocrx_word' id='word_1_344' title='bbox 1874 1861 2019 1914; x_wconf 90' lang='lat' dir='ltr'><strong>ditur</strong></span> <span class='ocrx_word' id='word_1_345' title='bbox 2051 1869 2102 1914; x_wconf 87' lang='lat' dir='ltr'><strong>et</strong></span> <span class='ocrx_word' id='word_1_346' title='bbox 2130 1876 2252 1915; x_wconf 87' lang='lat' dir='ltr'><strong>cum</strong></span> <span class='ocrx_word' id='word_1_347' title='bbox 2297 1868 2631 1931; x_wconf 85' lang='lat' dir='ltr'><strong>paupertate,</strong></span> <span class='ocrx_word' id='word_1_348' title='bbox 2664 1859 2791 1929; x_wconf 86' lang='lat' dir='ltr'><strong>quia</strong></span> <span class='ocrx_word' id='word_1_349' title='bbox 2841 1858 3034 1930; x_wconf 89' lang='lat' dir='ltr'><strong>pannis</strong></span> <span class='ocrx_word' id='word_1_350' title='bbox 3078 1856 3352 1911; x_wconf 80' lang='lat' dir='ltr'><strong>vilissimis</strong></span> <span class='ocrx_word' id='word_1_351' title='bbox 3384 1856 3463 1909; x_wconf 78' lang='lat' dir='ltr'><strong>in~</strong></span> 
     </span>
    </p>
   </div>
   <div class='ocr_carea' id='block_1_50' title="bbox 1874 1945 3470 2024">
    <p class='ocr_par' dir='ltr' id='par_1_50' title="bbox 1874 1945 3470 2024">
     <span class='ocr_line' id='line_1_50' title="bbox 1874 1945 3470 2024; baseline -0.004 -17"><span class='ocrx_word' id='word_1_352' title='bbox 1874 1954 2090 2008; x_wconf 89' lang='lat' dir='ltr'><strong>volutus</strong></span> <span class='ocrx_word' id='word_1_353' title='bbox 2117 1963 2171 2009; x_wconf 90' lang='lat' dir='ltr'><strong>et</strong></span> <span class='ocrx_word' id='word_1_354' title='bbox 2200 1953 2426 2024; x_wconf 73' lang='lat' dir='ltr'><strong>prmsepi</strong></span> <span class='ocrx_word' id='word_1_355' title='bbox 2454 1952 2743 2007; x_wconf 91' lang='lat' dir='ltr'><strong>durissimo</strong></span> <span class='ocrx_word' id='word_1_356' title='bbox 2769 1951 3063 2005; x_wconf 90' lang='lat' dir='ltr'><strong>reclinatus</strong></span> <span class='ocrx_word' id='word_1_357' title='bbox 3091 1948 3243 2019; x_wconf 87' lang='lat' dir='ltr'><strong>(Luc.</strong></span> <span class='ocrx_word' id='word_1_358' title='bbox 3271 1947 3335 2016; x_wconf 88' lang='lat' dir='ltr'><strong>tt)</strong></span> <span class='ocrx_word' id='word_1_359' title='bbox 3357 1945 3470 2016; x_wconf 80' lang='lat' dir='ltr'><strong>jam</strong></span> 
     </span>
    </p>
   </div>
   <div class='ocr_carea' id='block_1_51' title="bbox 1876 2038 3470 2113">
    <p class='ocr_par' dir='ltr' id='par_1_51' title="bbox 1876 2038 3470 2113">
     <span class='ocr_line' id='line_1_51' title="bbox 1876 2038 3470 2113; baseline -0.005 -13"><span class='ocrx_word' id='word_1_360' title='bbox 1876 2062 1941 2100; x_wconf 82' lang='lat' dir='ltr'><strong>ex</strong></span> <span class='ocrx_word' id='word_1_361' title='bbox 1982 2054 2110 2101; x_wconf 92' lang='lat' dir='ltr'><strong>tunc</strong></span> <span class='ocrx_word' id='word_1_362' title='bbox 2151 2045 2509 2101; x_wconf 86' lang='lat' dir='ltr'><strong>sanctissimis</strong></span> <span class='ocrx_word' id='word_1_363' title='bbox 2547 2042 2805 2099; x_wconf 86' lang='lat' dir='ltr'><strong>membris</strong></span> <span class='ocrx_word' id='word_1_364' title='bbox 2843 2042 3013 2113; x_wconf 80' lang='lat' dir='ltr'><strong>legem</strong></span> <span class='ocrx_word' id='word_1_365' title='bbox 3053 2038 3297 2110; x_wconf 83' lang='lat' dir='ltr'><strong>martyrii</strong></span> <span class='ocrx_word' id='word_1_366' title='bbox 3331 2053 3470 2108; x_wconf 79' lang='lat' dir='ltr'><strong>pra:-</strong></span> 
     </span>
    </p>
   </div>
   <div class='ocr_carea' id='block_1_52' title="bbox 1880 2129 3475 2209">
    <p class='ocr_par' dir='ltr' id='par_1_52' title="bbox 1880 2129 3475 2209">
     <span class='ocr_line' id='line_1_52' title="bbox 1880 2129 3475 2209; baseline -0.004 -17"><span class='ocrx_word' id='word_1_367' title='bbox 1880 2139 2093 2209; x_wconf 88' lang='lat' dir='ltr'><strong>ligehat.</strong></span> <span class='ocrx_word' id='word_1_368' title='bbox 2144 2138 2432 2208; x_wconf 84' lang='lat' dir='ltr'><strong>Egreditur</strong></span> <span class='ocrx_word' id='word_1_369' title='bbox 2476 2135 2718 2201; x_wconf 75' lang='lat' dir='ltr'><strong>occulte,</strong></span> <span class='ocrx_word' id='word_1_370' title='bbox 2768 2136 2892 2204; x_wconf 84' lang='lat' dir='ltr'><strong>quia</strong></span> <span class='ocrx_word' id='word_1_371' title='bbox 2946 2132 3333 2189; x_wconf 88' lang='lat' dir='ltr'><strong>subtilissimus</strong></span> <span class='ocrx_word' id='word_1_372' title='bbox 3384 2129 3475 2185; x_wconf 84' lang='lat' dir='ltr'><strong>ille</strong></span> 
     </span>
    </p>
   </div>
   <div class='ocr_carea' id='block_1_53' title="bbox 1880 2220 3470 2297">
    <p class='ocr_par' dir='ltr' id='par_1_53' title="bbox 1880 2220 3470 2297">
     <span class='ocr_line' id='line_1_53' title="bbox 1880 2220 3470 2297; baseline -0.004 -17"><span class='ocrx_word' id='word_1_373' title='bbox 1880 2227 2149 2282; x_wconf 84' lang='lat' dir='ltr'><strong>fraudium</strong></span> <span class='ocrx_word' id='word_1_374' title='bbox 2175 2227 2527 2297; x_wconf 90' lang='lat' dir='ltr'><strong>investigator</strong></span> <span class='ocrx_word' id='word_1_375' title='bbox 2552 2226 2617 2281; x_wconf 90' lang='lat' dir='ltr'><strong>ab</strong></span> <span class='ocrx_word' id='word_1_376' title='bbox 2644 2224 2931 2279; x_wconf 86' lang='lat' dir='ltr'><strong>altitudine</strong></span> <span class='ocrx_word' id='word_1_377' title='bbox 2957 2231 3119 2278; x_wconf 79' lang='lat' dir='ltr'><strong>tanta:</strong></span> <span class='ocrx_word' id='word_1_378' title='bbox 3145 2220 3470 2293; x_wconf 81' lang='lat' dir='ltr'><strong>dignationi:</strong></span> 
     </span>
    </p>
   </div>
   <div class='ocr_carea' id='block_1_54' title="bbox 1878 2312 3475 2387">
    <p class='ocr_par' dir='ltr' id='par_1_54' title="bbox 1878 2312 3475 2387">
     <span class='ocr_line' id='line_1_54' title="bbox 1878 2312 3475 2387; baseline -0.006 -13"><span class='ocrx_word' id='word_1_379' title='bbox 1878 2319 2203 2374; x_wconf 75' lang='lat' dir='ltr'><strong>excluditur.</strong></span> <span class='ocrx_word' id='word_1_380' title='bbox 2246 2319 2384 2374; x_wconf 87' lang='lat' dir='ltr'><strong>Hinc</strong></span> <span class='ocrx_word' id='word_1_381' title='bbox 2417 2326 2503 2373; x_wconf 90' lang='lat' dir='ltr'><strong>est</strong></span> <span class='ocrx_word' id='word_1_382' title='bbox 2538 2317 2683 2387; x_wconf 88' lang='lat' dir='ltr'><strong>quod</strong></span> <span class='ocrx_word' id='word_1_383' title='bbox 2718 2315 2982 2385; x_wconf 88' lang='lat' dir='ltr'><strong>ambiguis</strong></span> <span class='ocrx_word' id='word_1_384' title='bbox 3019 2312 3475 2369; x_wconf 80' lang='lat' dir='ltr'><strong>altercationibus</strong></span> 
     </span>
    </p>
   </div>
   <div class='ocr_carea' id='block_1_55' title="bbox 1881 2402 3474 2481">
    <p class='ocr_par' dir='ltr' id='par_1_55' title="bbox 1881 2402 3474 2481">
     <span class='ocr_line' id='line_1_55' title="bbox 1881 2402 3474 2481; baseline -0.006 -16"><span class='ocrx_word' id='word_1_385' title='bbox 1881 2412 2160 2481; x_wconf 83' lang='lat' dir='ltr'><strong>fatigatus,</strong></span> <span class='ocrx_word' id='word_1_386' title='bbox 2200 2425 2344 2466; x_wconf 91' lang='lat' dir='ltr'><strong>nunc</strong></span> <span class='ocrx_word' id='word_1_387' title='bbox 2377 2409 2527 2465; x_wconf 88' lang='lat' dir='ltr'><strong>illum</strong></span> <span class='ocrx_word' id='word_1_388' title='bbox 2569 2416 2759 2473; x_wconf 86' lang='lat' dir='ltr'><strong>tentat,</strong></span> <span class='ocrx_word' id='word_1_389' title='bbox 2799 2422 2941 2462; x_wconf 89' lang='lat' dir='ltr'><strong>nunc</strong></span> <span class='ocrx_word' id='word_1_390' title='bbox 2980 2413 3241 2461; x_wconf 87' lang='lat' dir='ltr'><strong>tentatum</strong></span> <span class='ocrx_word' id='word_1_391' title='bbox 3274 2402 3474 2457; x_wconf 85' lang='lat' dir='ltr'><strong>Filium</strong></span> 
     </span>
    </p>
   </div>
   <div class='ocr_carea' id='block_1_56' title="bbox 1882 2493 3477 2574">
    <p class='ocr_par' dir='ltr' id='par_1_56' title="bbox 1882 2493 3477 2574">
     <span class='ocr_line' id='line_1_56' title="bbox 1882 2493 3477 2574; baseline -0.008 -15"><span class='ocrx_word' id='word_1_392' title='bbox 1882 2503 2113 2574; x_wconf 82' lang='lat' dir='ltr'><strong>appellat</strong></span> <span class='ocrx_word' id='word_1_393' title='bbox 2156 2502 2440 2567; x_wconf 79' lang='lat' dir='ltr'><strong>Altissimi,</strong></span> <span class='ocrx_word' id='word_1_394' title='bbox 2472 2516 2616 2555; x_wconf 91' lang='lat' dir='ltr'><strong>nunc</strong></span> <span class='ocrx_word' id='word_1_395' title='bbox 2661 2499 2879 2554; x_wconf 90' lang='lat' dir='ltr'><strong>instruit</strong></span> <span class='ocrx_word' id='word_1_396' title='bbox 2911 2512 3151 2561; x_wconf 89' lang='lat' dir='ltr'><strong>crucem,</strong></span> <span class='ocrx_word' id='word_1_397' title='bbox 3202 2510 3343 2549; x_wconf 92' lang='lat' dir='ltr'><strong>nunc</strong></span> <span class='ocrx_word' id='word_1_398' title='bbox 3377 2493 3477 2548; x_wconf 88' lang='lat' dir='ltr'><strong>de-</strong></span> 
     </span>
    </p>
   </div>
   <div class='ocr_carea' id='block_1_57' title="bbox 1882 2585 3478 2663">
    <p class='ocr_par' dir='ltr' id='par_1_57' title="bbox 1882 2585 3478 2663">
     <span class='ocr_line' id='line_1_57' title="bbox 1882 2585 3478 2663; baseline -0.008 -12"><span class='ocrx_word' id='word_1_399' title='bbox 1882 2597 2073 2660; x_wconf 87' lang='lat' dir='ltr'><strong>struit,</strong></span> <span class='ocrx_word' id='word_1_400' title='bbox 2112 2595 2382 2650; x_wconf 87' lang='lat' dir='ltr'><strong>mandatis</strong></span> <span class='ocrx_word' id='word_1_401' title='bbox 2424 2608 2520 2663; x_wconf 90' lang='lat' dir='ltr'><strong>per</strong></span> <span class='ocrx_word' id='word_1_402' title='bbox 2558 2592 2838 2647; x_wconf 90' lang='lat' dir='ltr'><strong>mulierem</strong></span> <span class='ocrx_word' id='word_1_403' title='bbox 2877 2588 2983 2660; x_wconf 83' lang='lat'><strong>55</strong></span> <span class='ocrx_word' id='word_1_404' title='bbox 3019 2595 3338 2643; x_wconf 90' lang='lat' dir='ltr'><strong>consuetum</strong></span> <span class='ocrx_word' id='word_1_405' title='bbox 3373 2585 3478 2639; x_wconf 86' lang='lat' dir='ltr'><strong>sibi</strong></span> 
     </span>
    </p>
   </div>
   <div class='ocr_carea' id='block_1_58' title="bbox 1883 2674 3473 2756">
    <p class='ocr_par' dir='ltr' id='par_1_58' title="bbox 1883 2674 3473 2756">
     <span class='ocr_line' id='line_1_58' title="bbox 1883 2674 3473 2756; baseline -0.009 -16"><span class='ocrx_word' id='word_1_406' title='bbox 1883 2702 2144 2756; x_wconf 82' lang='lat' dir='ltr'><strong>organum</strong></span> <span class='ocrx_word' id='word_1_407' title='bbox 2178 2703 2190 2737; x_wconf 93' lang='lat'>:</span> <span class='ocrx_word' id='word_1_408' title='bbox 2230 2704 2247 2735; x_wconf 81' lang='grc'><strong><em>‹</em></strong></span> <span class='ocrx_word' id='word_1_409' title='bbox 2286 2683 2431 2738; x_wconf 85' lang='lat' dir='ltr'><strong>Nihil</strong></span> <span class='ocrx_word' id='word_1_410' title='bbox 2464 2683 2581 2747; x_wconf 89' lang='lat' dir='ltr'><strong>tibi,</strong></span> <span class='ocrx_word' id='word_1_411' title='bbox 2612 2691 2666 2736; x_wconf 92' lang='lat' dir='ltr'><strong>et</strong></span> <span class='ocrx_word' id='word_1_412' title='bbox 2690 2682 2839 2752; x_wconf 84' lang='lat' dir='ltr'><strong>justo</strong></span> <span class='ocrx_word' id='word_1_413' title='bbox 2870 2679 2943 2733; x_wconf 93' lang='lat' dir='ltr'><strong>illi</strong></span> <span class='ocrx_word' id='word_1_414' title='bbox 2978 2677 3194 2749; x_wconf 80' lang='lat' dir='ltr'><strong>(Matth.</strong></span> <span class='ocrx_word' id='word_1_415' title='bbox 3219 2674 3415 2746; x_wconf 76' lang='lat' dir='ltr'><strong>xxvn).</strong></span> <span class='ocrx_word' id='word_1_416' title='bbox 3455 2696 3473 2725; x_wconf 80' lang='grc' dir='ltr'><strong>ι</strong></span> 
     </span>
    </p>
   </div>
   <div class='ocr_carea' id='block_1_59' title="bbox 1957 2767 3479 2846">
    <p class='ocr_par' dir='ltr' id='par_1_59' title="bbox 1957 2767 3479 2846">
     <span class='ocr_line' id='line_1_59' title="bbox 1957 2767 3479 2846; baseline -0.008 -15"><span class='ocrx_word' id='word_1_417' title='bbox 1957 2777 2215 2846; x_wconf 81' lang='lat' dir='ltr'><strong>Sequitur</strong></span> <span class='ocrx_word' id='word_1_418' title='bbox 2241 2794 2252 2829; x_wconf 88' lang='lat'>:</span> <span class='ocrx_word' id='word_1_419' title='bbox 2284 2796 2300 2827; x_wconf 82' lang='grc' dir='ltr'><strong>ι</strong></span> <span class='ocrx_word' id='word_1_420' title='bbox 2330 2776 2411 2830; x_wconf 87' lang='lat' dir='ltr'><strong>Ad</strong></span> <span class='ocrx_word' id='word_1_421' title='bbox 2440 2773 2772 2842; x_wconf 90' lang='lat' dir='ltr'><strong>irrigandam</strong></span> <span class='ocrx_word' id='word_1_422' title='bbox 2802 2771 3106 2825; x_wconf 84' lang='lat' dir='ltr'><strong>universam</strong></span> <span class='ocrx_word' id='word_1_423' title='bbox 3134 2767 3479 2839; x_wconf 83' lang='lat' dir='ltr'><strong>superficiem</strong></span> 
     </span>
    </p>
   </div>
   <div class='ocr_carea' id='block_1_60' title="bbox 1888 2859 3485 2930">
    <p class='ocr_par' dir='ltr' id='par_1_60' title="bbox 1888 2859 3485 2930">
     <span class='ocr_line' id='line_1_60' title="bbox 1888 2859 3485 2930; baseline -0.01 -6"><span class='ocrx_word' id='word_1_424' title='bbox 1888 2879 2066 2924; x_wconf 77' lang='lat' dir='ltr'><strong>terrm.</strong></span> <span class='ocrx_word' id='word_1_425' title='bbox 2104 2888 2120 2920; x_wconf 80' lang='grc' dir='ltr'><strong>ι</strong></span> <span class='ocrx_word' id='word_1_426' title='bbox 2167 2868 2251 2927; x_wconf 73' lang='lat' dir='ltr'><strong>Ad</strong></span> <span class='ocrx_word' id='word_1_427' title='bbox 2299 2875 2570 2922; x_wconf 86' lang='lat' dir='ltr'><strong>terrenam</strong></span> <span class='ocrx_word' id='word_1_428' title='bbox 2616 2863 2893 2918; x_wconf 87' lang='lat' dir='ltr'><strong>miseriam</strong></span> <span class='ocrx_word' id='word_1_429' title='bbox 2938 2859 3285 2930; x_wconf 76' lang='lat' dir='ltr'><strong>expiaudam,</strong></span> <span class='ocrx_word' id='word_1_430' title='bbox 3315 2873 3485 2927; x_wconf 61' lang='lat' dir='ltr'><strong>quan.</strong></span> 
     </span>
    </p>
   </div>
   <div class='ocr_carea' id='block_1_61' title="bbox 1889 2950 3458 3028">
    <p class='ocr_par' dir='ltr' id='par_1_61' title="bbox 1889 2950 3458 3028">
     <span class='ocr_line' id='line_1_61' title="bbox 1889 2950 3458 3028; baseline -0.011 -10"><span class='ocrx_word' id='word_1_431' title='bbox 1889 2962 2043 3021; x_wconf 88' lang='lat' dir='ltr'><strong>nobis</strong></span> <span class='ocrx_word' id='word_1_432' title='bbox 2089 2960 2140 3014; x_wconf 94' lang='lat' dir='ltr'><strong>in</strong></span> <span class='ocrx_word' id='word_1_433' title='bbox 2183 2960 2553 3015; x_wconf 81' lang='lat' dir='ltr'><strong>haereditatem</strong></span> <span class='ocrx_word' id='word_1_434' title='bbox 2598 2956 2808 3028; x_wconf 80' lang='lat' dir='ltr'><strong>primus</strong></span> <span class='ocrx_word' id='word_1_435' title='bbox 2843 2953 2930 3008; x_wconf 91' lang='lat' dir='ltr'><strong>ille</strong></span> <span class='ocrx_word' id='word_1_436' title='bbox 2964 2964 3220 3023; x_wconf 87' lang='lat' dir='ltr'><strong>peccator</strong></span> <span class='ocrx_word' id='word_1_437' title='bbox 3250 2950 3458 3019; x_wconf 82' lang='lat' dir='ltr'><strong>relique</strong></span> 
     </span>
    </p>
   </div>
   <div class='ocr_carea' id='block_1_62' title="bbox 1893 3044 3487 3122">
    <p class='ocr_par' dir='ltr' id='par_1_62' title="bbox 1893 3044 3487 3122">
     <span class='ocr_line' id='line_1_62' title="bbox 1893 3044 3487 3122; baseline -0.009 -15"><span class='ocrx_word' id='word_1_438' title='bbox 1893 3064 1993 3108; x_wconf 76' lang='lat' dir='ltr'><strong>rat.</strong></span> <span class='ocrx_word' id='word_1_439' title='bbox 2030 3052 2162 3107; x_wconf 83' lang='lat' dir='ltr'><strong>Volo</strong></span> <span class='ocrx_word' id='word_1_440' title='bbox 2194 3060 2252 3107; x_wconf 88' lang='lat' dir='ltr'><strong>ut</strong></span> <span class='ocrx_word' id='word_1_441' title='bbox 2288 3050 2583 3122; x_wconf 81' lang='lat' dir='ltr'><strong>Apostolus</strong></span> <span class='ocrx_word' id='word_1_442' title='bbox 2620 3049 2709 3104; x_wconf 89' lang='lat' dir='ltr'><strong>hic</strong></span> <span class='ocrx_word' id='word_1_443' title='bbox 2752 3063 2875 3101; x_wconf 90' lang='lat' dir='ltr'><strong>eum</strong></span> <span class='ocrx_word' id='word_1_444' title='bbox 2916 3044 3071 3110; x_wconf 89' lang='lat' dir='ltr'><strong>mihi,</strong></span> <span class='ocrx_word' id='word_1_445' title='bbox 3114 3044 3255 3098; x_wconf 90' lang='lat' dir='ltr'><strong>sicut</strong></span> <span class='ocrx_word' id='word_1_446' title='bbox 3296 3050 3349 3097; x_wconf 91' lang='lat' dir='ltr'><strong>et</strong></span> <span class='ocrx_word' id='word_1_447' title='bbox 3394 3056 3487 3095; x_wconf 14' lang='lat' dir='ltr'><strong>sui</strong></span> 
     </span>
    </p>
   </div>
   <div class='ocr_carea' id='block_1_63' title="bbox 186 3123 1780 3237">
    <p class='ocr_par' dir='ltr' id='par_1_63' title="bbox 186 3123 1780 3237">
     <span class='ocr_line' id='line_1_63' title="bbox 188 3123 1757 3147; baseline 0.003 -20"><span class='ocrx_word' id='word_1_448' title='bbox 188 3123 372 3128; x_wconf 44' lang='grc' dir='ltr'><strong>τω---</strong></span> <span class='ocrx_word' id='word_1_449' title='bbox 404 3123 665 3147; x_wconf 55' lang='grc' dir='ltr'><strong>---φηυη</strong></span> <span class='ocrx_word' id='word_1_450' title='bbox 782 3123 883 3147; x_wconf 60' lang='grc' dir='ltr'><strong>,ιη</strong></span> <span class='ocrx_word' id='word_1_451' title='bbox 1231 3123 1415 3132; x_wconf 40' lang='lat' dir='ltr'><strong>ea...“</strong></span> <span class='ocrx_word' id='word_1_452' title='bbox 1450 3123 1664 3133; x_wconf 51' lang='grc' dir='ltr'><strong>-.-πων</strong></span> <span class='ocrx_word' id='word_1_453' title='bbox 1696 3123 1757 3132; x_wconf 69' lang='grc' dir='ltr'><strong>..ν</strong></span> 
     </span>
     <span class='ocr_line' id='line_1_64' title="bbox 186 3167 1780 3237; baseline 0.001 -18"><span class='ocrx_word' id='word_1_454' title='bbox 186 3168 443 3221; x_wconf 76' lang='lat' dir='ltr'><strong>liciarum</strong></span> <span class='ocrx_word' id='word_1_455' title='bbox 474 3167 751 3231; x_wconf 87' lang='lat' dir='ltr'><strong>Dominus,</strong></span> <span class='ocrx_word' id='word_1_456' title='bbox 782 3169 848 3223; x_wconf 88' lang='lat' dir='ltr'><strong>de</strong></span> <span class='ocrx_word' id='word_1_457' title='bbox 871 3167 1023 3236; x_wconf 87' lang='lat' dir='ltr'><strong>cujus</strong></span> <span class='ocrx_word' id='word_1_458' title='bbox 1055 3167 1260 3222; x_wconf 87' lang='lat' dir='ltr'><strong>deliciis</strong></span> <span class='ocrx_word' id='word_1_459' title='bbox 1303 3167 1537 3237; x_wconf 90' lang='lat' dir='ltr'><strong>Spiritus</strong></span> <span class='ocrx_word' id='word_1_460' title='bbox 1566 3176 1780 3223; x_wconf 86' lang='lat' dir='ltr'><strong>sanctus</strong></span> 
     </span>
    </p>
   </div>
   <div class='ocr_carea' id='block_1_64' title="bbox 1887 3123 3492 3237">
    <p class='ocr_par' dir='ltr' id='par_1_64' title="bbox 1891 3133 3492 3215">
     <span class='ocr_line' id='line_1_65' title="bbox 1891 3133 3492 3215; baseline -0.007 -16"><span class='ocrx_word' id='word_1_461' title='bbox 1891 3145 2092 3215; x_wconf 74' lang='lat' dir='ltr'><strong>perius,</strong></span> <span class='ocrx_word' id='word_1_462' title='bbox 2134 3144 2185 3198; x_wconf 91' lang='lat' dir='ltr'><strong>in</strong></span> <span class='ocrx_word' id='word_1_463' title='bbox 2218 3151 2453 3213; x_wconf 88' lang='lat' dir='ltr'><strong>quatuor</strong></span> <span class='ocrx_word' id='word_1_464' title='bbox 2494 3141 2675 3210; x_wconf 88' lang='lat' dir='ltr'><strong>capita</strong></span> <span class='ocrx_word' id='word_1_465' title='bbox 2717 3137 3028 3202; x_wconf 88' lang='lat' dir='ltr'><strong>distribuat,</strong></span> <span class='ocrx_word' id='word_1_466' title='bbox 3071 3135 3196 3206; x_wconf 90' lang='lat' dir='ltr'><strong>quia</strong></span> <span class='ocrx_word' id='word_1_467' title='bbox 3233 3133 3492 3188; x_wconf 68' lang='lat' dir='ltr'><strong>securius</strong></span> 
     </span>
    </p>
   </div>
   <div class='ocr_carea' id='block_1_65' title="bbox 188 3258 1780 3314">
    <p class='ocr_par' dir='ltr' id='par_1_65' title="bbox 188 3258 1780 3314">
     <span class='ocr_line' id='line_1_66' title="bbox 188 3258 1780 3314; baseline 0.001 -4"><span class='ocrx_word' id='word_1_468' title='bbox 188 3259 549 3313; x_wconf 72' lang='lat' dir='ltr'><strong>admirator-io</strong></span> <span class='ocrx_word' id='word_1_469' title='bbox 573 3274 826 3314; x_wconf 87' lang='lat' dir='ltr'><strong>sermone</strong></span> <span class='ocrx_word' id='word_1_470' title='bbox 854 3261 905 3313; x_wconf 92' lang='lat' dir='ltr'><strong>in</strong></span> <span class='ocrx_word' id='word_1_471' title='bbox 936 3258 1137 3313; x_wconf 90' lang='lat' dir='ltr'><strong>amoris</strong></span> <span class='ocrx_word' id='word_1_472' title='bbox 1164 3258 1389 3313; x_wconf 84' lang='lat' dir='ltr'><strong>Cantico</strong></span> <span class='ocrx_word' id='word_1_473' title='bbox 1423 3259 1501 3312; x_wconf 91' lang='lat' dir='ltr'><strong>sic</strong></span> <span class='ocrx_word' id='word_1_474' title='bbox 1527 3266 1737 3313; x_wconf 88' lang='lat' dir='ltr'><strong>eructat</strong></span> <span class='ocrx_word' id='word_1_475' title='bbox 1767 3275 1780 3311; x_wconf 90' lang='lat'><strong>:</strong></span> 
     </span>
    </p>
   </div>
   <div class='ocr_carea' id='block_1_66' title="bbox 193 3344 1784 3420">
    <p class='ocr_par' dir='ltr' id='par_1_66' title="bbox 193 3344 1784 3420">
     <span class='ocr_line' id='line_1_67' title="bbox 193 3344 1784 3420; baseline 0.001 -21"><span class='ocrx_word' id='word_1_476' title='bbox 193 3368 211 3399; x_wconf 74' lang='grc' dir='ltr'><strong>ι</strong></span> <span class='ocrx_word' id='word_1_477' title='bbox 247 3348 383 3416; x_wconf 75' lang='lat' dir='ltr'><strong>Quae</strong></span> <span class='ocrx_word' id='word_1_478' title='bbox 415 3359 501 3404; x_wconf 87' lang='lat' dir='ltr'><strong>est</strong></span> <span class='ocrx_word' id='word_1_479' title='bbox 544 3349 668 3415; x_wconf 88' lang='lat' dir='ltr'><strong>ista,</strong></span> <span class='ocrx_word' id='word_1_480' title='bbox 699 3365 818 3420; x_wconf 74' lang='lat' dir='ltr'><strong>qua:</strong></span> <span class='ocrx_word' id='word_1_481' title='bbox 860 3344 1115 3405; x_wconf 74' lang='lat' dir='ltr'><strong>ascendit</strong></span> <span class='ocrx_word' id='word_1_482' title='bbox 1138 3351 1201 3404; x_wconf 91' lang='lat' dir='ltr'><strong>de</strong></span> <span class='ocrx_word' id='word_1_483' title='bbox 1230 3349 1446 3405; x_wconf 90' lang='lat' dir='ltr'><strong>deserto</strong></span> <span class='ocrx_word' id='word_1_484' title='bbox 1473 3349 1679 3403; x_wconf 89' lang='lat' dir='ltr'><strong>deliciis</strong></span> <span class='ocrx_word' id='word_1_485' title='bbox 1708 3347 1784 3403; x_wconf 81' lang='lat' dir='ltr'><strong>af-</strong></span> 
     </span>
    </p>
   </div>
   <div class='ocr_carea' id='block_1_67' title="bbox 188 3439 1784 3511">
    <p class='ocr_par' dir='ltr' id='par_1_67' title="bbox 188 3439 1784 3511">
     <span class='ocr_line' id='line_1_68' title="bbox 188 3439 1784 3511; baseline 0 -19"><span class='ocrx_word' id='word_1_486' title='bbox 188 3439 365 3495; x_wconf 81' lang='lat' dir='ltr'><strong>fluens</strong></span> <span class='ocrx_word' id='word_1_487' title='bbox 388 3439 411 3493; x_wconf 73' lang='grc'><strong><em>2</em></strong></span> <span class='ocrx_word' id='word_1_488' title='bbox 434 3440 611 3511; x_wconf 83' lang='lat' dir='ltr'><strong>(Cant.</strong></span> <span class='ocrx_word' id='word_1_489' title='bbox 638 3441 739 3511; x_wconf 85' lang='lat' dir='ltr'><strong>vt.)</strong></span> <span class='ocrx_word' id='word_1_490' title='bbox 786 3459 802 3491; x_wconf 83' lang='grc' dir='ltr'><strong>ι</strong></span> <span class='ocrx_word' id='word_1_491' title='bbox 830 3440 1078 3509; x_wconf 77' lang='lat' dir='ltr'><strong>Nunquid</strong></span> <span class='ocrx_word' id='word_1_492' title='bbox 1126 3441 1179 3494; x_wconf 91' lang='lat' dir='ltr'><strong>in</strong></span> <span class='ocrx_word' id='word_1_493' title='bbox 1224 3440 1430 3511; x_wconf 87' lang='lat' dir='ltr'><strong>angelis</strong></span> <span class='ocrx_word' id='word_1_494' title='bbox 1457 3440 1784 3509; x_wconf 89' lang='lat' dir='ltr'><strong>voluptatem</strong></span> 
     </span>
    </p>
   </div>
   <div class='ocr_carea' id='block_1_68' title="bbox 190 3531 1787 3603">
    <p class='ocr_par' dir='ltr' id='par_1_68' title="bbox 190 3531 1787 3603">
     <span class='ocr_line' id='line_1_69' title="bbox 190 3531 1787 3603; baseline -0.001 -18"><span class='ocrx_word' id='word_1_495' title='bbox 190 3532 359 3586; x_wconf 77' lang='lat' dir='ltr'><strong>habet</strong></span> <span class='ocrx_word' id='word_1_496' title='bbox 390 3532 722 3597; x_wconf 78' lang='lat' dir='ltr'><strong>Altissimus,</strong></span> <span class='ocrx_word' id='word_1_497' title='bbox 753 3533 805 3586; x_wconf 93' lang='lat' dir='ltr'><strong>in</strong></span> <span class='ocrx_word' id='word_1_498' title='bbox 835 3532 1031 3603; x_wconf 88' lang='lat' dir='ltr'><strong>quibus</strong></span> <span class='ocrx_word' id='word_1_499' title='bbox 1062 3533 1175 3603; x_wconf 89' lang='lat' dir='ltr'><strong>ipse</strong></span> <span class='ocrx_word' id='word_1_500' title='bbox 1200 3532 1402 3602; x_wconf 90' lang='lat' dir='ltr'><strong>reperit</strong></span> <span class='ocrx_word' id='word_1_501' title='bbox 1429 3531 1787 3603; x_wconf 83' lang='lat' dir='ltr'><strong>pravitatem?</strong></span> 
     </span>
    </p>
   </div>
   <div class='ocr_carea' id='block_1_69' title="bbox 191 3620 1787 3693">
    <p class='ocr_par' dir='ltr' id='par_1_69' title="bbox 191 3620 1787 3693">
     <span class='ocr_line' id='line_1_70' title="bbox 191 3620 1787 3693; baseline 0 -18"><span class='ocrx_word' id='word_1_502' title='bbox 191 3620 453 3693; x_wconf 78' lang='lat' dir='ltr'><strong>Nunquid</strong></span> <span class='ocrx_word' id='word_1_503' title='bbox 495 3622 549 3677; x_wconf 90' lang='lat' dir='ltr'><strong>in</strong></span> <span class='ocrx_word' id='word_1_504' title='bbox 588 3622 1022 3689; x_wconf 84' lang='lat' dir='ltr'><strong>constellatione,</strong></span> <span class='ocrx_word' id='word_1_505' title='bbox 1058 3622 1142 3677; x_wconf 88' lang='lat' dir='ltr'><strong>vel</strong></span> <span class='ocrx_word' id='word_1_506' title='bbox 1190 3622 1579 3677; x_wconf 90' lang='lat' dir='ltr'><strong>scintillatione</strong></span> <span class='ocrx_word' id='word_1_507' title='bbox 1607 3620 1787 3676; x_wconf 85' lang='lat' dir='ltr'><strong>stella-</strong></span> 
     </span>
    </p>
   </div>
   <div class='ocr_carea' id='block_1_70' title="bbox 192 3712 1789 3785">
    <p class='ocr_par' dir='ltr' id='par_1_70' title="bbox 192 3712 1789 3785">
     <span class='ocr_line' id='line_1_71' title="bbox 192 3712 1789 3785; baseline 0.001 -19"><span class='ocrx_word' id='word_1_508' title='bbox 192 3729 338 3777; x_wconf 81' lang='lat' dir='ltr'><strong>rum,</strong></span> <span class='ocrx_word' id='word_1_509' title='bbox 366 3727 597 3782; x_wconf 86' lang='lat' dir='ltr'><strong>quarum</strong></span> <span class='ocrx_word' id='word_1_510' title='bbox 630 3713 749 3769; x_wconf 79' lang='lat' dir='ltr'><strong>alia:</strong></span> <span class='ocrx_word' id='word_1_511' title='bbox 789 3724 1181 3769; x_wconf 87' lang='lat' dir='ltr'><strong>convertuntur</strong></span> <span class='ocrx_word' id='word_1_512' title='bbox 1210 3714 1263 3768; x_wconf 93' lang='lat' dir='ltr'><strong>iu</strong></span> <span class='ocrx_word' id='word_1_513' title='bbox 1296 3714 1632 3785; x_wconf 88' lang='lat' dir='ltr'><strong>sanguinem,</strong></span> <span class='ocrx_word' id='word_1_514' title='bbox 1669 3712 1789 3768; x_wconf 72' lang='lat' dir='ltr'><strong>alia:</strong></span> 
     </span>
    </p>
   </div>
   <div class='ocr_carea' id='block_1_71' title="bbox 191 3800 1788 3869">
    <p class='ocr_par' dir='ltr' id='par_1_71' title="bbox 191 3800 1788 3869">
     <span class='ocr_line' id='line_1_72' title="bbox 191 3800 1788 3869; baseline 0.001 -14"><span class='ocrx_word' id='word_1_515' title='bbox 191 3802 400 3856; x_wconf 81' lang='lat' dir='ltr'><strong>cadunt</strong></span> <span class='ocrx_word' id='word_1_516' title='bbox 426 3804 493 3858; x_wconf 90' lang='lat' dir='ltr'><strong>de</strong></span> <span class='ocrx_word' id='word_1_517' title='bbox 518 3803 679 3869; x_wconf 79' lang='lat' dir='ltr'><strong>cmlo,</strong></span> <span class='ocrx_word' id='word_1_518' title='bbox 701 3803 817 3857; x_wconf 64' lang='lat' dir='ltr'><strong>aliae</strong></span> <span class='ocrx_word' id='word_1_519' title='bbox 849 3804 902 3858; x_wconf 93' lang='lat' dir='ltr'><strong>in</strong></span> <span class='ocrx_word' id='word_1_520' title='bbox 933 3804 1185 3860; x_wconf 88' lang='lat' dir='ltr'><strong>tenebras</strong></span> <span class='ocrx_word' id='word_1_521' title='bbox 1211 3803 1607 3860; x_wconf 87' lang='lat' dir='ltr'><strong>obscurantur?</strong></span> <span class='ocrx_word' id='word_1_522' title='bbox 1636 3800 1788 3856; x_wconf 87' lang='lat' dir='ltr'><strong>Nun-</strong></span> 
     </span>
    </p>
   </div>
   <div class='ocr_carea' id='block_1_72' title="bbox 190 3893 1787 3967">
    <p class='ocr_par' dir='ltr' id='par_1_72' title="bbox 190 3893 1787 3967">
     <span class='ocr_line' id='line_1_73' title="bbox 190 3893 1787 3967; baseline 0.004 -25"><span class='ocrx_word' id='word_1_523' title='bbox 190 3893 325 3962; x_wconf 79' lang='lat' dir='ltr'><strong>quid</strong></span> <span class='ocrx_word' id='word_1_524' title='bbox 359 3894 411 3948; x_wconf 91' lang='lat' dir='ltr'><strong>in</strong></span> <span class='ocrx_word' id='word_1_525' title='bbox 440 3909 588 3961; x_wconf 90' lang='lat' dir='ltr'><strong>aere,</strong></span> <span class='ocrx_word' id='word_1_526' title='bbox 621 3895 703 3949; x_wconf 90' lang='lat' dir='ltr'><strong>vel</strong></span> <span class='ocrx_word' id='word_1_527' title='bbox 741 3896 883 3967; x_wconf 90' lang='lat' dir='ltr'><strong>igne,</strong></span> <span class='ocrx_word' id='word_1_528' title='bbox 914 3896 1000 3951; x_wconf 88' lang='lat' dir='ltr'><strong>vel</strong></span> <span class='ocrx_word' id='word_1_529' title='bbox 1030 3896 1243 3953; x_wconf 84' lang='lat' dir='ltr'><strong>ventis?</strong></span> <span class='ocrx_word' id='word_1_530' title='bbox 1265 3894 1636 3966; x_wconf 81' lang='lat' dir='ltr'><strong>Nequaquam,</strong></span> <span class='ocrx_word' id='word_1_531' title='bbox 1662 3896 1787 3966; x_wconf 82' lang='lat' dir='ltr'><strong>quia</strong></span> 
     </span>
    </p>
   </div>
   <div class='ocr_carea' id='block_1_73' title="bbox 198 3985 1788 4059">
    <p class='ocr_par' dir='ltr' id='par_1_73' title="bbox 198 3985 1788 4059">
     <span class='ocr_line' id='line_1_74' title="bbox 198 3985 1788 4059; baseline 0.003 -23"><span class='ocrx_word' id='word_1_532' title='bbox 198 4004 218 4036; x_wconf 74' lang='grc' dir='ltr'><strong>ι</strong></span> <span class='ocrx_word' id='word_1_533' title='bbox 266 4002 375 4042; x_wconf 89' lang='lat' dir='ltr'><strong>non</strong></span> <span class='ocrx_word' id='word_1_534' title='bbox 417 3986 469 4041; x_wconf 92' lang='lat' dir='ltr'><strong>in</strong></span> <span class='ocrx_word' id='word_1_535' title='bbox 501 3986 624 4059; x_wconf 88' lang='lat' dir='ltr'><strong>igne</strong></span> <span class='ocrx_word' id='word_1_536' title='bbox 652 3987 932 4053; x_wconf 88' lang='lat' dir='ltr'><strong>Dominus,</strong></span> <span class='ocrx_word' id='word_1_537' title='bbox 972 4002 1076 4042; x_wconf 91' lang='lat' dir='ltr'><strong>non</strong></span> <span class='ocrx_word' id='word_1_538' title='bbox 1108 3988 1162 4043; x_wconf 90' lang='lat' dir='ltr'><strong>in</strong></span> <span class='ocrx_word' id='word_1_539' title='bbox 1196 3987 1559 4043; x_wconf 88' lang='lat' dir='ltr'><strong>commotione</strong></span> <span class='ocrx_word' id='word_1_540' title='bbox 1605 3985 1788 4041; x_wconf 88' lang='lat' dir='ltr'><strong>Domi-</strong></span> 
     </span>
    </p>
   </div>
   <div class='ocr_carea' id='block_1_74' title="bbox 193 4076 1791 4151">
    <p class='ocr_par' dir='ltr' id='par_1_74' title="bbox 193 4076 1791 4151">
     <span class='ocr_line' id='line_1_75' title="bbox 193 4076 1791 4151; baseline 0.001 -20"><span class='ocrx_word' id='word_1_541' title='bbox 193 4091 324 4143; x_wconf 83' lang='lat' dir='ltr'><strong>nus,</strong></span> <span class='ocrx_word' id='word_1_542' title='bbox 355 4092 462 4132; x_wconf 89' lang='lat' dir='ltr'><strong>non</strong></span> <span class='ocrx_word' id='word_1_543' title='bbox 492 4078 548 4132; x_wconf 92' lang='lat' dir='ltr'><strong>in</strong></span> <span class='ocrx_word' id='word_1_544' title='bbox 575 4078 770 4149; x_wconf 90' lang='lat' dir='ltr'><strong>spiritu</strong></span> <span class='ocrx_word' id='word_1_545' title='bbox 802 4079 1060 4134; x_wconf 91' lang='lat' dir='ltr'><strong>Dominus</strong></span> <span class='ocrx_word' id='word_1_546' title='bbox 1087 4077 1205 4151; x_wconf 82' lang='lat' dir='ltr'><strong><em>(III</em></strong></span> <span class='ocrx_word' id='word_1_547' title='bbox 1235 4076 1360 4148; x_wconf 83' lang='lat' dir='ltr'><strong>Reg.</strong></span> <span class='ocrx_word' id='word_1_548' title='bbox 1388 4078 1527 4147; x_wconf 70' lang='grc' dir='ltr'>χιχ).</span> <span class='ocrx_word' id='word_1_549' title='bbox 1565 4097 1583 4129; x_wconf 85' lang='grc' dir='ltr'><strong>ι</strong></span> <span class='ocrx_word' id='word_1_550' title='bbox 1618 4078 1662 4133; x_wconf 92' lang='lat' dir='ltr'><strong>si</strong></span> <span class='ocrx_word' id='word_1_551' title='bbox 1696 4093 1791 4133; x_wconf 82' lang='lat' dir='ltr'><strong>ve-</strong></span> 
     </span>
    </p>
   </div>
   <div class='ocr_carea' id='block_1_75' title="bbox 195 4168 1788 4240">
    <p class='ocr_par' dir='ltr' id='par_1_75' title="bbox 195 4168 1788 4240">
     <span class='ocr_line' id='line_1_76' title="bbox 195 4168 1788 4240; baseline 0.001 -19"><span class='ocrx_word' id='word_1_552' title='bbox 195 4183 299 4222; x_wconf 76' lang='lat' dir='ltr'><strong>rax</strong></span> <span class='ocrx_word' id='word_1_553' title='bbox 331 4178 416 4224; x_wconf 87' lang='lat' dir='ltr'><strong>est</strong></span> <span class='ocrx_word' id='word_1_554' title='bbox 457 4168 549 4225; x_wconf 90' lang='lat' dir='ltr'><strong>ille</strong></span> <span class='ocrx_word' id='word_1_555' title='bbox 570 4169 663 4240; x_wconf 90' lang='lat' dir='ltr'><strong>qui</strong></span> <span class='ocrx_word' id='word_1_556' title='bbox 692 4184 855 4225; x_wconf 90' lang='lat' dir='ltr'><strong>curru</strong></span> <span class='ocrx_word' id='word_1_557' title='bbox 888 4170 1067 4239; x_wconf 89' lang='lat' dir='ltr'><strong>igneo,</strong></span> <span class='ocrx_word' id='word_1_558' title='bbox 1102 4178 1159 4223; x_wconf 91' lang='lat' dir='ltr'><strong>et</strong></span> <span class='ocrx_word' id='word_1_559' title='bbox 1194 4169 1349 4239; x_wconf 85' lang='lat' dir='ltr'><strong>equis</strong></span> <span class='ocrx_word' id='word_1_560' title='bbox 1377 4168 1548 4239; x_wconf 82' lang='lat' dir='ltr'><strong>igneis</strong></span> <span class='ocrx_word' id='word_1_561' title='bbox 1583 4176 1667 4223; x_wconf 90' lang='lat' dir='ltr'><strong>est</strong></span> <span class='ocrx_word' id='word_1_562' title='bbox 1697 4182 1788 4222; x_wconf 89' lang='lat' dir='ltr'><strong>as-</strong></span> 
     </span>
    </p>
   </div>
   <div class='ocr_carea' id='block_1_76' title="bbox 196 4258 1789 4332">
    <p class='ocr_par' dir='ltr' id='par_1_76' title="bbox 196 4258 1789 4332">
     <span class='ocr_line' id='line_1_77' title="bbox 196 4258 1789 4332; baseline -0.001 -18"><span class='ocrx_word' id='word_1_563' title='bbox 196 4268 449 4330; x_wconf 80' lang='lat' dir='ltr'><strong>sumptus</strong></span> <span class='ocrx_word' id='word_1_564' title='bbox 478 4260 529 4314; x_wconf 93' lang='lat' dir='ltr'><strong>in</strong></span> <span class='ocrx_word' id='word_1_565' title='bbox 562 4259 758 4315; x_wconf 73' lang='lat' dir='ltr'><strong>cmlum</strong></span> <span class='ocrx_word' id='word_1_566' title='bbox 800 4259 848 4332; x_wconf 84' lang='grc' dir='ltr'><strong>(Ι</strong></span> <span class='ocrx_word' id='word_1_567' title='bbox 869 4258 908 4313; x_wconf 85' lang='grc' dir='ltr'>ν</span> <span class='ocrx_word' id='word_1_568' title='bbox 938 4259 1070 4331; x_wconf 81' lang='lat' dir='ltr'><strong>Reg.</strong></span> <span class='ocrx_word' id='word_1_569' title='bbox 1112 4260 1193 4331; x_wconf 88' lang='lat' dir='ltr'><strong>tt).</strong></span> <span class='ocrx_word' id='word_1_570' title='bbox 1243 4258 1497 4331; x_wconf 86' lang='lat' dir='ltr'><strong>Nunquid</strong></span> <span class='ocrx_word' id='word_1_571' title='bbox 1526 4260 1579 4314; x_wconf 92' lang='lat' dir='ltr'><strong>in</strong></span> <span class='ocrx_word' id='word_1_572' title='bbox 1612 4259 1789 4329; x_wconf 87' lang='lat' dir='ltr'><strong>aquis,</strong></span> 
     </span>
    </p>
   </div>
   <div class='ocr_carea' id='block_1_77' title="bbox 199 4350 1793 4416">
    <p class='ocr_par' dir='ltr' id='par_1_77' title="bbox 199 4350 1793 4416">
     <span class='ocr_line' id='line_1_78' title="bbox 199 4350 1793 4416; baseline 0.001 -13"><span class='ocrx_word' id='word_1_573' title='bbox 199 4351 293 4406; x_wconf 90' lang='lat' dir='ltr'><strong>ubi</strong></span> <span class='ocrx_word' id='word_1_574' title='bbox 346 4350 533 4407; x_wconf 88' lang='lat' dir='ltr'><strong>furens</strong></span> <span class='ocrx_word' id='word_1_575' title='bbox 566 4360 621 4406; x_wconf 90' lang='lat' dir='ltr'><strong>et</strong></span> <span class='ocrx_word' id='word_1_576' title='bbox 660 4360 937 4407; x_wconf 87' lang='lat' dir='ltr'><strong>tortuosos</strong></span> <span class='ocrx_word' id='word_1_577' title='bbox 982 4351 1278 4406; x_wconf 86' lang='lat' dir='ltr'><strong>Leviathan</strong></span> <span class='ocrx_word' id='word_1_578' title='bbox 1324 4352 1667 4416; x_wconf 88' lang='lat' dir='ltr'><strong>immoratur,</strong></span> <span class='ocrx_word' id='word_1_579' title='bbox 1700 4359 1793 4405; x_wconf 87' lang='lat' dir='ltr'><strong>aut</strong></span> 
     </span>
    </p>
   </div>
   <div class='ocr_carea' id='block_1_78' title="bbox 200 4440 1794 4511">
    <p class='ocr_par' dir='ltr' id='par_1_78' title="bbox 200 4440 1794 4511">
     <span class='ocr_line' id='line_1_79' title="bbox 200 4440 1794 4511; baseline -0.001 -16"><span class='ocrx_word' id='word_1_580' title='bbox 200 4443 256 4495; x_wconf 92' lang='lat' dir='ltr'><strong>in</strong></span> <span class='ocrx_word' id='word_1_581' title='bbox 291 4451 459 4506; x_wconf 88' lang='lat' dir='ltr'><strong>terra,</strong></span> <span class='ocrx_word' id='word_1_582' title='bbox 490 4456 609 4511; x_wconf 79' lang='lat' dir='ltr'><strong>qua:</strong></span> <span class='ocrx_word' id='word_1_583' title='bbox 650 4441 750 4497; x_wconf 90' lang='lat' dir='ltr'><strong>sub</strong></span> <span class='ocrx_word' id='word_1_584' title='bbox 787 4440 1075 4496; x_wconf 89' lang='lat' dir='ltr'><strong>maledicto</strong></span> <span class='ocrx_word' id='word_1_585' title='bbox 1103 4440 1230 4496; x_wconf 60' lang='lat' dir='ltr'><strong>Adae</strong></span> <span class='ocrx_word' id='word_1_586' title='bbox 1272 4441 1457 4510; x_wconf 88' lang='lat' dir='ltr'><strong>spinas</strong></span> <span class='ocrx_word' id='word_1_587' title='bbox 1499 4441 1700 4496; x_wconf 89' lang='lat' dir='ltr'><strong>emittit</strong></span> <span class='ocrx_word' id='word_1_588' title='bbox 1739 4450 1794 4494; x_wconf 89' lang='lat' dir='ltr'><strong>et</strong></span> 
     </span>
    </p>
   </div>
   <div class='ocr_carea' id='block_1_79' title="bbox 1887 3222 3482 3303">
    <p class='ocr_par' dir='ltr' id='par_1_79' title="bbox 1887 3222 3482 3303">
     <span class='ocr_line' id='line_1_80' title="bbox 1887 3222 3482 3303; baseline -0.008 -16"><span class='ocrx_word' id='word_1_589' title='bbox 1887 3234 2005 3303; x_wconf 85' lang='lat' dir='ltr'><strong>ejus</strong></span> <span class='ocrx_word' id='word_1_590' title='bbox 2031 3232 2427 3301; x_wconf 77' lang='lat' dir='ltr'><strong>expositionem</strong></span> <span class='ocrx_word' id='word_1_591' title='bbox 2458 3228 2715 3299; x_wconf 88' lang='lat' dir='ltr'><strong>suscipio.</strong></span> <span class='ocrx_word' id='word_1_592' title='bbox 2756 3246 2773 3279; x_wconf 80' lang='grc' dir='ltr'><strong>ι</strong></span> <span class='ocrx_word' id='word_1_593' title='bbox 2808 3224 2910 3292; x_wconf 85' lang='lat' dir='ltr'><strong>Qui</strong></span> <span class='ocrx_word' id='word_1_594' title='bbox 2938 3223 3115 3279; x_wconf 88' lang='lat' dir='ltr'><strong>factus</strong></span> <span class='ocrx_word' id='word_1_595' title='bbox 3150 3230 3255 3288; x_wconf 89' lang='lat' dir='ltr'><strong>est,</strong></span> <span class='ocrx_word' id='word_1_596' title='bbox 3283 3222 3482 3292; x_wconf 76' lang='lat' dir='ltr'><strong>inquit,</strong></span> 
     </span>
    </p>
   </div>
   <div class='ocr_carea' id='block_1_80' title="bbox 1887 3311 3490 3391">
    <p class='ocr_par' dir='ltr' id='par_1_80' title="bbox 1887 3311 3490 3391">
     <span class='ocr_line' id='line_1_81' title="bbox 1887 3311 3490 3391; baseline -0.009 -13"><span class='ocrx_word' id='word_1_597' title='bbox 1887 3322 2045 3378; x_wconf 86' lang='lat' dir='ltr'><strong>nobis</strong></span> <span class='ocrx_word' id='word_1_598' title='bbox 2091 3321 2377 3391; x_wconf 89' lang='lat' dir='ltr'><strong>sapientia,</strong></span> <span class='ocrx_word' id='word_1_599' title='bbox 2412 3319 2641 3391; x_wconf 88' lang='lat' dir='ltr'><strong>justitia,</strong></span> <span class='ocrx_word' id='word_1_600' title='bbox 2685 3314 3044 3372; x_wconf 88' lang='lat' dir='ltr'><strong>sanctificatio</strong></span> <span class='ocrx_word' id='word_1_601' title='bbox 3083 3323 3139 3369; x_wconf 89' lang='lat' dir='ltr'><strong>et</strong></span> <span class='ocrx_word' id='word_1_602' title='bbox 3183 3311 3490 3382; x_wconf 85' lang='lat' dir='ltr'><strong>redemptio</strong></span> 
     </span>
    </p>
   </div>
   <div class='ocr_carea' id='block_1_81' title="bbox 1890 3403 3482 3482">
    <p class='ocr_par' dir='ltr' id='par_1_81' title="bbox 1890 3403 3482 3482">
     <span class='ocr_line' id='line_1_82' title="bbox 1890 3403 3482 3482; baseline -0.005 -15"><span class='ocrx_word' id='word_1_603' title='bbox 1890 3412 1940 3482; x_wconf 86' lang='grc'><strong>(1</strong></span> <span class='ocrx_word' id='word_1_604' title='bbox 1971 3411 2095 3467; x_wconf 81' lang='lat' dir='ltr'><strong>Cor.</strong></span> <span class='ocrx_word' id='word_1_605' title='bbox 2131 3412 2193 3482; x_wconf 90' lang='grc' dir='ltr'>ι).</span> <span class='ocrx_word' id='word_1_606' title='bbox 2228 3430 2247 3464; x_wconf 82' lang='grc' dir='ltr'><strong>ι</strong></span> <span class='ocrx_word' id='word_1_607' title='bbox 2286 3410 2368 3467; x_wconf 78' lang='lat' dir='ltr'><strong>Ad</strong></span> <span class='ocrx_word' id='word_1_608' title='bbox 2400 3425 2501 3465; x_wconf 84' lang='lat' dir='ltr'><strong>nos</strong></span> <span class='ocrx_word' id='word_1_609' title='bbox 2535 3410 2734 3480; x_wconf 90' lang='lat' dir='ltr'><strong>quippe</strong></span> <span class='ocrx_word' id='word_1_610' title='bbox 2770 3406 3012 3471; x_wconf 86' lang='lat' dir='ltr'><strong>veniens,</strong></span> <span class='ocrx_word' id='word_1_611' title='bbox 3046 3404 3138 3475; x_wconf 91' lang='lat' dir='ltr'><strong>qui</strong></span> <span class='ocrx_word' id='word_1_612' title='bbox 3177 3419 3396 3459; x_wconf 90' lang='lat' dir='ltr'><strong>eramus</strong></span> <span class='ocrx_word' id='word_1_613' title='bbox 3426 3403 3482 3459; x_wconf 78' lang='lat' dir='ltr'><strong>in</strong></span> 
     </span>
    </p>
   </div>
   <div class='ocr_carea' id='block_1_82' title="bbox 1888 3498 3481 3575">
    <p class='ocr_par' dir='ltr' id='par_1_82' title="bbox 1888 3498 3481 3575">
     <span class='ocr_line' id='line_1_83' title="bbox 1888 3498 3481 3575; baseline -0.007 -14"><span class='ocrx_word' id='word_1_614' title='bbox 1888 3520 2131 3571; x_wconf 88' lang='lat' dir='ltr'><strong>carcere,</strong></span> <span class='ocrx_word' id='word_1_615' title='bbox 2162 3506 2337 3575; x_wconf 89' lang='lat' dir='ltr'><strong>primo</strong></span> <span class='ocrx_word' id='word_1_616' title='bbox 2370 3504 2615 3560; x_wconf 90' lang='lat' dir='ltr'><strong>omnium</strong></span> <span class='ocrx_word' id='word_1_617' title='bbox 2651 3501 2904 3557; x_wconf 86' lang='lat' dir='ltr'><strong>tenebras</strong></span> <span class='ocrx_word' id='word_1_618' title='bbox 2932 3498 3251 3571; x_wconf 72' lang='lat' dir='ltr'><strong>ignorantiae</strong></span> <span class='ocrx_word' id='word_1_619' title='bbox 3283 3505 3481 3553; x_wconf 61' lang='lat' dir='ltr'><strong>nostra</strong></span> 
     </span>
    </p>
   </div>
   <div class='ocr_carea' id='block_1_83' title="bbox 1890 3585 3475 3666">
    <p class='ocr_par' dir='ltr' id='par_1_83' title="bbox 1890 3585 3475 3666">
     <span class='ocr_line' id='line_1_84' title="bbox 1890 3585 3475 3666; baseline -0.007 -16"><span class='ocrx_word' id='word_1_620' title='bbox 1890 3596 2095 3666; x_wconf 90' lang='lat' dir='ltr'><strong>depulit</strong></span> <span class='ocrx_word' id='word_1_621' title='bbox 2140 3595 2259 3651; x_wconf 88' lang='lat' dir='ltr'><strong>luce</strong></span> <span class='ocrx_word' id='word_1_622' title='bbox 2294 3593 2577 3665; x_wconf 76' lang='lat' dir='ltr'><strong>sapientia:</strong></span> <span class='ocrx_word' id='word_1_623' title='bbox 2621 3606 2761 3658; x_wconf 71' lang='lat' dir='ltr'><strong>suae,</strong></span> <span class='ocrx_word' id='word_1_624' title='bbox 2805 3591 3003 3646; x_wconf 89' lang='lat' dir='ltr'><strong>deinde</strong></span> <span class='ocrx_word' id='word_1_625' title='bbox 3048 3603 3145 3659; x_wconf 92' lang='lat' dir='ltr'><strong>per</strong></span> <span class='ocrx_word' id='word_1_626' title='bbox 3180 3585 3475 3656; x_wconf 87' lang='lat' dir='ltr'><strong>justitiam.</strong></span> 
     </span>
    </p>
   </div>
   <div class='ocr_carea' id='block_1_84' title="bbox 1890 3679 3473 3758">
    <p class='ocr_par' dir='ltr' id='par_1_84' title="bbox 1890 3679 3473 3758">
     <span class='ocr_line' id='line_1_85' title="bbox 1890 3679 3473 3758; baseline -0.004 -16"><span class='ocrx_word' id='word_1_627' title='bbox 1890 3704 2012 3758; x_wconf 79' lang='lat' dir='ltr'><strong>qua:</strong></span> <span class='ocrx_word' id='word_1_628' title='bbox 2046 3703 2113 3745; x_wconf 77' lang='lat' dir='ltr'><strong>ex</strong></span> <span class='ocrx_word' id='word_1_629' title='bbox 2153 3686 2259 3743; x_wconf 88' lang='lat' dir='ltr'><strong>fide</strong></span> <span class='ocrx_word' id='word_1_630' title='bbox 2291 3695 2375 3741; x_wconf 82' lang='lat' dir='ltr'><strong>est</strong></span> <span class='ocrx_word' id='word_1_631' title='bbox 2407 3684 2581 3756; x_wconf 82' lang='lat' dir='ltr'><strong>(Rom.</strong></span> <span class='ocrx_word' id='word_1_632' title='bbox 2619 3684 2701 3753; x_wconf 74' lang='grc' dir='ltr'>ι),</span> <span class='ocrx_word' id='word_1_633' title='bbox 2740 3681 2900 3738; x_wconf 88' lang='lat' dir='ltr'><strong>solvit</strong></span> <span class='ocrx_word' id='word_1_634' title='bbox 2935 3679 3094 3737; x_wconf 86' lang='lat' dir='ltr'><strong>funes</strong></span> <span class='ocrx_word' id='word_1_635' title='bbox 3135 3688 3473 3750; x_wconf 67' lang='lat' dir='ltr'><strong>peccatorum</strong></span> 
     </span>
    </p>
   </div>
   <div class='ocr_carea' id='block_1_85' title="bbox 1892 3769 3454 3846">
    <p class='ocr_par' dir='ltr' id='par_1_85' title="bbox 1892 3769 3454 3846">
     <span class='ocr_line' id='line_1_86' title="bbox 1892 3769 3454 3846; baseline -0.009 -10"><span class='ocrx_word' id='word_1_636' title='bbox 1892 3789 2226 3846; x_wconf 90' lang='lat' dir='ltr'><strong>nostrorum,</strong></span> <span class='ocrx_word' id='word_1_637' title='bbox 2270 3778 2622 3835; x_wconf 81' lang='lat' dir='ltr'><strong>sanctificans</strong></span> <span class='ocrx_word' id='word_1_638' title='bbox 2661 3789 2763 3832; x_wconf 91' lang='lat' dir='ltr'><strong>nos</strong></span> <span class='ocrx_word' id='word_1_639' title='bbox 2809 3776 2863 3831; x_wconf 93' lang='lat' dir='ltr'><strong>in</strong></span> <span class='ocrx_word' id='word_1_640' title='bbox 2908 3788 3007 3830; x_wconf 89' lang='lat' dir='ltr'><strong>suo</strong></span> <span class='ocrx_word' id='word_1_641' title='bbox 3042 3786 3291 3844; x_wconf 88' lang='lat' dir='ltr'><strong>corpore,</strong></span> <span class='ocrx_word' id='word_1_642' title='bbox 3337 3769 3454 3826; x_wconf 79' lang='lat' dir='ltr'><strong>redi</strong></span> 
     </span>
    </p>
   </div>
   <div class='ocr_carea' id='block_1_86' title="bbox 1893 3860 3462 3941">
    <p class='ocr_par' dir='ltr' id='par_1_86' title="bbox 1893 3860 3462 3941">
     <span class='ocr_line' id='line_1_87' title="bbox 1893 3860 3462 3941; baseline -0.008 -13"><span class='ocrx_word' id='word_1_643' title='bbox 1893 3887 2047 3929; x_wconf 90' lang='lat' dir='ltr'><strong>mens</strong></span> <span class='ocrx_word' id='word_1_644' title='bbox 2082 3872 2135 3927; x_wconf 92' lang='lat' dir='ltr'><strong>in</strong></span> <span class='ocrx_word' id='word_1_645' title='bbox 2180 3870 2424 3941; x_wconf 89' lang='lat' dir='ltr'><strong>corporis</strong></span> <span class='ocrx_word' id='word_1_646' title='bbox 2456 3868 2733 3940; x_wconf 82' lang='lat' dir='ltr'><strong>passione.</strong></span> <span class='ocrx_word' id='word_1_647' title='bbox 2780 3884 2799 3919; x_wconf 74' lang='grc' dir='ltr'><strong>ι</strong></span> <span class='ocrx_word' id='word_1_648' title='bbox 2835 3865 3095 3921; x_wconf 90' lang='lat' dir='ltr'><strong>Dominus</strong></span> <span class='ocrx_word' id='word_1_649' title='bbox 3134 3863 3280 3918; x_wconf 89' lang='lat' dir='ltr'><strong>enim</strong></span> <span class='ocrx_word' id='word_1_650' title='bbox 3324 3860 3462 3918; x_wconf 83' lang='lat' dir='ltr'><strong>solvi</strong></span> 
     </span>
    </p>
   </div>
   <div class='ocr_carea' id='block_1_87' title="bbox 1889 3952 3483 4035">
    <p class='ocr_par' dir='ltr' id='par_1_87' title="bbox 1889 3952 3483 4035">
     <span class='ocr_line' id='line_1_88' title="bbox 1889 3952 3483 4035; baseline -0.008 -13"><span class='ocrx_word' id='word_1_651' title='bbox 1889 3964 2247 4035; x_wconf 87' lang='lat' dir='ltr'><strong>compeditos,</strong></span> <span class='ocrx_word' id='word_1_652' title='bbox 2282 3962 2544 4018; x_wconf 88' lang='lat' dir='ltr'><strong>Dominus</strong></span> <span class='ocrx_word' id='word_1_653' title='bbox 2579 3960 2850 4015; x_wconf 87' lang='lat' dir='ltr'><strong>illuminat</strong></span> <span class='ocrx_word' id='word_1_654' title='bbox 2884 3972 3058 4013; x_wconf 65' lang='lat' dir='ltr'><strong>caecos</strong></span> <span class='ocrx_word' id='word_1_655' title='bbox 3089 3953 3263 4028; x_wconf 71' lang='lat' dir='ltr'><strong>(Paul.</strong></span> <span class='ocrx_word' id='word_1_656' title='bbox 3294 3952 3483 4023; x_wconf 70' lang='grc' dir='ltr'>θην)-</span> 
     </span>
    </p>
   </div>
   <div class='ocr_carea' id='block_1_88' title="bbox 1894 4047 3480 4122">
    <p class='ocr_par' dir='ltr' id='par_1_88' title="bbox 1894 4047 3480 4122">
     <span class='ocr_line' id='line_1_89' title="bbox 1894 4047 3480 4122; baseline -0.008 -7"><span class='ocrx_word' id='word_1_657' title='bbox 1894 4058 2207 4115; x_wconf 84' lang='lat' dir='ltr'><strong>sanctificat</strong></span> <span class='ocrx_word' id='word_1_658' title='bbox 2230 4054 2640 4113; x_wconf 87' lang='lat' dir='ltr'><strong>tabernaculum</strong></span> <span class='ocrx_word' id='word_1_659' title='bbox 2664 4068 2821 4110; x_wconf 84' lang='lat' dir='ltr'><strong>suum</strong></span> <span class='ocrx_word' id='word_1_660' title='bbox 2845 4050 3020 4122; x_wconf 69' lang='lat' dir='ltr'><strong>(Paul.</strong></span> <span class='ocrx_word' id='word_1_661' title='bbox 3046 4048 3203 4119; x_wconf 76' lang='lat' dir='ltr'><strong>xu);</strong></span> <span class='ocrx_word' id='word_1_662' title='bbox 3234 4047 3302 4104; x_wconf 91' lang='lat' dir='ltr'><strong>de</strong></span> <span class='ocrx_word' id='word_1_663' title='bbox 3324 4060 3480 4102; x_wconf 70' lang='lat' dir='ltr'><strong>manu</strong></span> 
     </span>
    </p>
   </div>
   <div class='ocr_carea' id='block_1_89' title="bbox 1895 4139 3487 4217">
    <p class='ocr_par' dir='ltr' id='par_1_89' title="bbox 1895 4139 3487 4217">
     <span class='ocr_line' id='line_1_90' title="bbox 1895 4139 3487 4217; baseline -0.008 -12"><span class='ocrx_word' id='word_1_664' title='bbox 1895 4150 2125 4208; x_wconf 88' lang='lat' dir='ltr'><strong>redemit</strong></span> <span class='ocrx_word' id='word_1_665' title='bbox 2154 4148 2361 4204; x_wconf 88' lang='lat' dir='ltr'><strong>inimici</strong></span> <span class='ocrx_word' id='word_1_666' title='bbox 2387 4144 2560 4217; x_wconf 74' lang='grc' dir='ltr'><strong>(Ριαι.</strong></span> <span class='ocrx_word' id='word_1_667' title='bbox 2588 4146 2698 4215; x_wconf 90' lang='lat' dir='ltr'><strong>cv).</strong></span> <span class='ocrx_word' id='word_1_668' title='bbox 2736 4163 2755 4196; x_wconf 87' lang='grc' dir='ltr'><strong>ι</strong></span> <span class='ocrx_word' id='word_1_669' title='bbox 2787 4142 3074 4207; x_wconf 87' lang='lat' dir='ltr'><strong>Dividitur,</strong></span> <span class='ocrx_word' id='word_1_670' title='bbox 3110 4150 3165 4197; x_wconf 92' lang='lat' dir='ltr'><strong>et</strong></span> <span class='ocrx_word' id='word_1_671' title='bbox 3192 4140 3244 4195; x_wconf 91' lang='lat' dir='ltr'><strong>in</strong></span> <span class='ocrx_word' id='word_1_672' title='bbox 3273 4139 3487 4209; x_wconf 80' lang='lat' dir='ltr'><strong>patien-</strong></span> 
     </span>
    </p>
   </div>
   <div class='ocr_carea' id='block_1_90' title="bbox 1898 4229 3480 4311">
    <p class='ocr_par' dir='ltr' id='par_1_90' title="bbox 1898 4229 3480 4311">
     <span class='ocr_line' id='line_1_91' title="bbox 1898 4229 3480 4311; baseline -0.009 -15"><span class='ocrx_word' id='word_1_673' title='bbox 1898 4241 2047 4305; x_wconf 90' lang='lat' dir='ltr'><strong>tiam,</strong></span> <span class='ocrx_word' id='word_1_674' title='bbox 2093 4255 2199 4311; x_wconf 88' lang='lat' dir='ltr'><strong>qua</strong></span> <span class='ocrx_word' id='word_1_675' title='bbox 2250 4246 2570 4308; x_wconf 88' lang='lat' dir='ltr'><strong>peccatores</strong></span> <span class='ocrx_word' id='word_1_676' title='bbox 2612 4234 2873 4299; x_wconf 86' lang='lat' dir='ltr'><strong>sustinet;</strong></span> <span class='ocrx_word' id='word_1_677' title='bbox 2923 4234 2977 4288; x_wconf 89' lang='lat' dir='ltr'><strong>in</strong></span> <span class='ocrx_word' id='word_1_678' title='bbox 3029 4229 3480 4292; x_wconf 87' lang='lat' dir='ltr'><strong>misericordiam,</strong></span> 
     </span>
    </p>
   </div>
   <div class='ocr_carea' id='block_1_91' title="bbox 1894 4324 3491 4404">
    <p class='ocr_par' dir='ltr' id='par_1_91' title="bbox 1894 4324 3491 4404">
     <span class='ocr_line' id='line_1_92' title="bbox 1894 4324 3491 4404; baseline -0.006 -17"><span class='ocrx_word' id='word_1_679' title='bbox 1894 4348 2000 4404; x_wconf 80' lang='lat' dir='ltr'><strong>qua</strong></span> <span class='ocrx_word' id='word_1_680' title='bbox 2030 4332 2357 4403; x_wconf 80' lang='lat' dir='ltr'><strong>ptenitentes</strong></span> <span class='ocrx_word' id='word_1_681' title='bbox 2377 4330 2550 4397; x_wconf 88' lang='lat' dir='ltr'><strong>fovet;</strong></span> <span class='ocrx_word' id='word_1_682' title='bbox 2580 4329 2635 4385; x_wconf 90' lang='lat' dir='ltr'><strong>in</strong></span> <span class='ocrx_word' id='word_1_683' title='bbox 2660 4327 2989 4399; x_wconf 84' lang='lat' dir='ltr'><strong>largitatem,</strong></span> <span class='ocrx_word' id='word_1_684' title='bbox 3015 4342 3121 4396; x_wconf 90' lang='lat' dir='ltr'><strong>qua</strong></span> <span class='ocrx_word' id='word_1_685' title='bbox 3143 4324 3491 4395; x_wconf 78' lang='lat' dir='ltr'><strong>proficientes</strong></span> 
     </span>
    </p>
   </div>
   <div class='ocr_carea' id='block_1_92' title="bbox 1896 4411 3486 4489">
    <p class='ocr_par' dir='ltr' id='par_1_92' title="bbox 1896 4411 3486 4489">
     <span class='ocr_line' id='line_1_93' title="bbox 1896 4411 3486 4489; baseline -0.008 -10"><span class='ocrx_word' id='word_1_686' title='bbox 1896 4422 2127 4489; x_wconf 80' lang='lat' dir='ltr'><strong>exaltat;</strong></span> <span class='ocrx_word' id='word_1_687' title='bbox 2157 4422 2211 4477; x_wconf 91' lang='lat' dir='ltr'><strong>in</strong></span> <span class='ocrx_word' id='word_1_688' title='bbox 2241 4420 2631 4486; x_wconf 88' lang='lat' dir='ltr'><strong>fortitudinem,</strong></span> <span class='ocrx_word' id='word_1_689' title='bbox 2655 4433 2762 4488; x_wconf 90' lang='lat' dir='ltr'><strong>qua</strong></span> <span class='ocrx_word' id='word_1_690' title='bbox 2785 4417 3054 4473; x_wconf 79' lang='lat' dir='ltr'><strong>exaltatos</strong></span> <span class='ocrx_word' id='word_1_691' title='bbox 3077 4422 3382 4471; x_wconf 88' lang='lat' dir='ltr'><strong>conservat.</strong></span> <span class='ocrx_word' id='word_1_692' title='bbox 3408 4411 3486 4467; x_wconf 86' lang='lat' dir='ltr'><strong>De</strong></span> 
     </span>
    </p>
   </div>
   <div class='ocr_carea' id='block_1_93' title="bbox 188 4498 1780 4604">
    <p class='ocr_par' dir='ltr' id='par_1_93' title="bbox 188 4532 1780 4604">
     <span class='ocr_line' id='line_1_94' title="bbox 188 4532 1780 4604; baseline -0.001 -16"><span class='ocrx_word' id='word_1_693' title='bbox 188 4534 474 4590; x_wconf 69' lang='lat' dir='ltr'><strong>tribulos?</strong></span> <span class='ocrx_word' id='word_1_694' title='bbox 502 4532 619 4589; x_wconf 84' lang='lat' dir='ltr'><strong>Non</strong></span> <span class='ocrx_word' id='word_1_695' title='bbox 656 4542 739 4591; x_wconf 89' lang='lat' dir='ltr'><strong>est</strong></span> <span class='ocrx_word' id='word_1_696' title='bbox 777 4532 929 4590; x_wconf 88' lang='lat' dir='ltr'><strong>locus</strong></span> <span class='ocrx_word' id='word_1_697' title='bbox 960 4532 1270 4604; x_wconf 87' lang='lat' dir='ltr'><strong>voluptatis,</strong></span> <span class='ocrx_word' id='word_1_698' title='bbox 1309 4533 1414 4588; x_wconf 90' lang='lat' dir='ltr'><strong>nisi</strong></span> <span class='ocrx_word' id='word_1_699' title='bbox 1455 4542 1642 4588; x_wconf 87' lang='lat' dir='ltr'><strong>uterus</strong></span> <span class='ocrx_word' id='word_1_700' title='bbox 1679 4532 1780 4587; x_wconf 72' lang='lat' dir='ltr'><strong>Vir-</strong></span> 
     </span>
    </p>
   </div>
   <div class='ocr_carea' id='block_1_94' title="bbox 1887 4498 3493 4604">
    <p class='ocr_par' dir='ltr' id='par_1_94' title="bbox 1902 4507 3493 4585">
     <span class='ocr_line' id='line_1_95' title="bbox 1902 4507 3493 4585; baseline -0.008 -12"><span class='ocrx_word' id='word_1_701' title='bbox 1902 4518 2004 4573; x_wconf 90' lang='lat' dir='ltr'><strong>hoc</strong></span> <span class='ocrx_word' id='word_1_702' title='bbox 2043 4514 2282 4573; x_wconf 90' lang='lat' dir='ltr'><strong>secundo</strong></span> <span class='ocrx_word' id='word_1_703' title='bbox 2314 4511 2666 4585; x_wconf 90' lang='lat' dir='ltr'><strong>quaternario</strong></span> <span class='ocrx_word' id='word_1_704' title='bbox 2715 4519 2827 4565; x_wconf 91' lang='lat' dir='ltr'><strong>toto</strong></span> <span class='ocrx_word' id='word_1_705' title='bbox 2874 4508 2977 4564; x_wconf 84' lang='lat' dir='ltr'><strong>hoc</strong></span> <span class='ocrx_word' id='word_1_706' title='bbox 3020 4507 3253 4563; x_wconf 88' lang='lat' dir='ltr'><strong>adventu</strong></span> <span class='ocrx_word' id='word_1_707' title='bbox 3295 4515 3493 4560; x_wconf 66' lang='lat' dir='ltr'><strong>vestra:</strong></span> 
     </span>
    </p>
   </div>
   <div class='ocr_carea' id='block_1_95' title="bbox 200 4641 365 4702">
    <p class='ocr_par' dir='ltr' id='par_1_95' title="bbox 200 4641 365 4702">
     <span class='ocr_line' id='line_1_96' title="bbox 200 4641 365 4702; baseline 0 -24"><span class='ocrx_word' id='word_1_708' title='bbox 200 4641 365 4702; x_wconf 71' lang='lat' dir='ltr'><strong>gints.</strong></span> 
     </span>
    </p>
   </div>
   <div class='ocr_carea' id='block_1_96' title="bbox 275 4718 1800 4791">
    <p class='ocr_par' dir='ltr' id='par_1_96' title="bbox 275 4718 1800 4791">
     <span class='ocr_line' id='line_1_97' title="bbox 275 4718 1800 4791; baseline 0 -17"><span class='ocrx_word' id='word_1_709' title='bbox 275 4720 358 4774; x_wconf 79' lang='lat' dir='ltr'><strong>Ex</strong></span> <span class='ocrx_word' id='word_1_710' title='bbox 407 4721 512 4776; x_wconf 88' lang='lat' dir='ltr'><strong>hoc</strong></span> <span class='ocrx_word' id='word_1_711' title='bbox 540 4720 817 4791; x_wconf 84' lang='lat' dir='ltr'><strong>egreditur</strong></span> <span class='ocrx_word' id='word_1_712' title='bbox 860 4734 984 4774; x_wconf 90' lang='lat' dir='ltr'><strong>cum</strong></span> <span class='ocrx_word' id='word_1_713' title='bbox 1027 4719 1385 4784; x_wconf 86' lang='lat' dir='ltr'><strong>humanitate,</strong></span> <span class='ocrx_word' id='word_1_714' title='bbox 1419 4718 1544 4789; x_wconf 89' lang='lat' dir='ltr'><strong>quia</strong></span> <span class='ocrx_word' id='word_1_715' title='bbox 1573 4718 1800 4774; x_wconf 88' lang='lat' dir='ltr'><strong>vestitus</strong></span> 
     </span>
    </p>
   </div>
   <div class='ocr_carea' id='block_1_97' title="bbox 203 4810 1801 4879">
    <p class='ocr_par' dir='ltr' id='par_1_97' title="bbox 203 4810 1801 4879">
     <span class='ocr_line' id='line_1_98' title="bbox 203 4810 1801 4879; baseline 0 -14"><span class='ocrx_word' id='word_1_716' title='bbox 203 4811 384 4868; x_wconf 89' lang='lat' dir='ltr'><strong>cilicio</strong></span> <span class='ocrx_word' id='word_1_717' title='bbox 431 4822 633 4877; x_wconf 73' lang='lat' dir='ltr'><strong>nostra:</strong></span> <span class='ocrx_word' id='word_1_718' title='bbox 680 4812 1024 4879; x_wconf 88' lang='lat' dir='ltr'><strong>mortalitatis</strong></span> <span class='ocrx_word' id='word_1_719' title='bbox 1064 4810 1294 4867; x_wconf 86' lang='lat' dir='ltr'><strong>visibilis</strong></span> <span class='ocrx_word' id='word_1_720' title='bbox 1334 4811 1586 4866; x_wconf 86' lang='lat' dir='ltr'><strong>humanis</strong></span> <span class='ocrx_word' id='word_1_721' title='bbox 1628 4811 1801 4865; x_wconf 90' lang='lat' dir='ltr'><strong>oculis</strong></span> 
     </span>
    </p>
   </div>
   <div class='ocr_carea' id='block_1_98' title="bbox 205 4901 1798 4975">
    <p class='ocr_par' dir='ltr' id='par_1_98' title="bbox 205 4901 1798 4975">
     <span class='ocr_line' id='line_1_99' title="bbox 205 4901 1798 4975; baseline 0.002 -19"><span class='ocrx_word' id='word_1_722' title='bbox 205 4904 473 4974; x_wconf 86' lang='lat' dir='ltr'><strong>apparuit,</strong></span> <span class='ocrx_word' id='word_1_723' title='bbox 508 4904 657 4959; x_wconf 91' lang='lat' dir='ltr'><strong>etde</strong></span> <span class='ocrx_word' id='word_1_724' title='bbox 685 4903 903 4975; x_wconf 79' lang='lat' dir='ltr'><strong>Virgine</strong></span> <span class='ocrx_word' id='word_1_725' title='bbox 933 4902 1166 4973; x_wconf 88' lang='lat' dir='ltr'><strong>virgam,</strong></span> <span class='ocrx_word' id='word_1_726' title='bbox 1210 4903 1278 4958; x_wconf 91' lang='lat' dir='ltr'><strong>de</strong></span> <span class='ocrx_word' id='word_1_727' title='bbox 1316 4901 1453 4959; x_wconf 90' lang='lat' dir='ltr'><strong>libro</strong></span> <span class='ocrx_word' id='word_1_728' title='bbox 1489 4909 1670 4958; x_wconf 86' lang='lat' dir='ltr'><strong>autem</strong></span> <span class='ocrx_word' id='word_1_729' title='bbox 1704 4918 1798 4975; x_wconf 88' lang='lat' dir='ltr'><strong>ge-</strong></span> 
     </span>
    </p>
   </div>
   <div class='ocr_carea' id='block_1_99' title="bbox 208 4992 1795 5059">
    <p class='ocr_par' dir='ltr' id='par_1_99' title="bbox 208 4992 1795 5059">
     <span class='ocr_line' id='line_1_100' title="bbox 208 4992 1795 5059; baseline 0.003 -10"><span class='ocrx_word' id='word_1_730' title='bbox 208 4994 505 5051; x_wconf 87' lang='lat' dir='ltr'><strong>neralionis</strong></span> <span class='ocrx_word' id='word_1_731' title='bbox 542 4994 740 5051; x_wconf 89' lang='lat' dir='ltr'><strong>lineam</strong></span> <span class='ocrx_word' id='word_1_732' title='bbox 785 4994 1011 5059; x_wconf 86' lang='lat' dir='ltr'><strong>faciens,</strong></span> <span class='ocrx_word' id='word_1_733' title='bbox 1045 4992 1341 5048; x_wconf 84' lang='lat' dir='ltr'><strong>divinitatis</strong></span> <span class='ocrx_word' id='word_1_734' title='bbox 1371 4992 1595 5049; x_wconf 88' lang='lat' dir='ltr'><strong>hamum</strong></span> <span class='ocrx_word' id='word_1_735' title='bbox 1637 4993 1795 5053; x_wconf 89' lang='lat' dir='ltr'><strong>inue-</strong></span> 
     </span>
    </p>
   </div>
   <div class='ocr_carea' id='block_1_100' title="bbox 209 5085 1801 5159">
    <p class='ocr_par' dir='ltr' id='par_1_100' title="bbox 209 5085 1801 5159">
     <span class='ocr_line' id='line_1_101' title="bbox 209 5085 1801 5159; baseline 0.005 -18"><span class='ocrx_word' id='word_1_736' title='bbox 209 5089 344 5152; x_wconf 78' lang='lat' dir='ltr'><strong>xuit,</strong></span> <span class='ocrx_word' id='word_1_737' title='bbox 370 5102 533 5157; x_wconf 89' lang='lat' dir='ltr'><strong>quem</strong></span> <span class='ocrx_word' id='word_1_738' title='bbox 565 5101 731 5142; x_wconf 90' lang='lat' dir='ltr'><strong>carne</strong></span> <span class='ocrx_word' id='word_1_739' title='bbox 753 5088 965 5159; x_wconf 85' lang='lat' dir='ltr'><strong>operuit</strong></span> <span class='ocrx_word' id='word_1_740' title='bbox 990 5085 1261 5156; x_wconf 89' lang='lat' dir='ltr'><strong>virginali,</strong></span> <span class='ocrx_word' id='word_1_741' title='bbox 1290 5093 1350 5140; x_wconf 91' lang='lat' dir='ltr'><strong>ut</strong></span> <span class='ocrx_word' id='word_1_742' title='bbox 1377 5087 1544 5143; x_wconf 87' lang='lat' dir='ltr'><strong>draco</strong></span> <span class='ocrx_word' id='word_1_743' title='bbox 1573 5100 1801 5159; x_wconf 88' lang='lat' dir='ltr'><strong>magnus</strong></span> 
     </span>
    </p>
   </div>
   <div class='ocr_carea' id='block_1_101' title="bbox 212 5172 1800 5237">
    <p class='ocr_par' dir='ltr' id='par_1_101' title="bbox 212 5172 1800 5237">
     <span class='ocr_line' id='line_1_102' title="bbox 212 5172 1800 5237; baseline 0 -6"><span class='ocrx_word' id='word_1_744' title='bbox 212 5177 417 5233; x_wconf 80' lang='lat' dir='ltr'><strong>illectus</strong></span> <span class='ocrx_word' id='word_1_745' title='bbox 446 5177 516 5232; x_wconf 90' lang='lat' dir='ltr'><strong>ad</strong></span> <span class='ocrx_word' id='word_1_746' title='bbox 552 5189 771 5232; x_wconf 87' lang='lat' dir='ltr'><strong>carnem</strong></span> <span class='ocrx_word' id='word_1_747' title='bbox 800 5176 1006 5234; x_wconf 89' lang='lat' dir='ltr'><strong>ferrum</strong></span> <span class='ocrx_word' id='word_1_748' title='bbox 1040 5173 1207 5229; x_wconf 90' lang='lat' dir='ltr'><strong>divini</strong></span> <span class='ocrx_word' id='word_1_749' title='bbox 1247 5175 1483 5231; x_wconf 86' lang='lat' dir='ltr'><strong>numinis</strong></span> <span class='ocrx_word' id='word_1_750' title='bbox 1525 5172 1800 5237; x_wconf 80' lang='lat' dir='ltr'><strong>subsenti—</strong></span> 
     </span>
    </p>
   </div>
   <div class='ocr_carea' id='block_1_102' title="bbox 214 5265 1801 5338">
    <p class='ocr_par' dir='ltr' id='par_1_102' title="bbox 214 5265 1801 5338">
     <span class='ocr_line' id='line_1_103' title="bbox 214 5265 1801 5338; baseline -0.001 -16"><span class='ocrx_word' id='word_1_751' title='bbox 214 5279 313 5323; x_wconf 87' lang='lat' dir='ltr'><strong>ret.</strong></span> <span class='ocrx_word' id='word_1_752' title='bbox 358 5267 653 5338; x_wconf 85' lang='lat' dir='ltr'><strong>Egreditur</strong></span> <span class='ocrx_word' id='word_1_753' title='bbox 693 5276 889 5325; x_wconf 89' lang='lat' dir='ltr'><strong>etcum</strong></span> <span class='ocrx_word' id='word_1_754' title='bbox 940 5265 1200 5334; x_wconf 87' lang='lat' dir='ltr'><strong>novitate,</strong></span> <span class='ocrx_word' id='word_1_755' title='bbox 1232 5266 1358 5337; x_wconf 88' lang='lat' dir='ltr'><strong>quia</strong></span> <span class='ocrx_word' id='word_1_756' title='bbox 1390 5278 1667 5336; x_wconf 86' lang='lat' dir='ltr'><strong>nunquam</strong></span> <span class='ocrx_word' id='word_1_757' title='bbox 1723 5275 1801 5331; x_wconf 76' lang='lat' dir='ltr'><strong>sic</strong></span> 
     </span>
    </p>
   </div>
   <div class='ocr_carea' id='block_1_103' title="bbox 1903 4596 3492 4670">
    <p class='ocr_par' dir='ltr' id='par_1_103' title="bbox 1903 4596 3492 4670">
     <span class='ocr_line' id='line_1_104' title="bbox 1903 4596 3492 4670; baseline -0.011 -6"><span class='ocrx_word' id='word_1_758' title='bbox 1903 4607 2231 4664; x_wconf 86' lang='lat' dir='ltr'><strong>fraternitati</strong></span> <span class='ocrx_word' id='word_1_759' title='bbox 2266 4602 2646 4661; x_wconf 74' lang='lat' dir='ltr'><strong>confabulatus</strong></span> <span class='ocrx_word' id='word_1_760' title='bbox 2674 4617 2819 4667; x_wconf 91' lang='lat' dir='ltr'><strong>sum,</strong></span> <span class='ocrx_word' id='word_1_761' title='bbox 2850 4616 2942 4670; x_wconf 89' lang='lat' dir='ltr'><strong>per</strong></span> <span class='ocrx_word' id='word_1_762' title='bbox 2978 4597 3257 4653; x_wconf 90' lang='lat' dir='ltr'><strong>fluminum</strong></span> <span class='ocrx_word' id='word_1_763' title='bbox 3296 4596 3492 4653; x_wconf 89' lang='lat' dir='ltr'><strong>decur-</strong></span> 
     </span>
    </p>
   </div>
   <div class='ocr_carea' id='block_1_104' title="bbox 1900 4686 3492 4765">
    <p class='ocr_par' dir='ltr' id='par_1_104' title="bbox 1900 4686 3492 4765">
     <span class='ocr_line' id='line_1_105' title="bbox 1900 4686 3492 4765; baseline -0.011 -7"><span class='ocrx_word' id='word_1_764' title='bbox 1900 4702 2109 4758; x_wconf 85' lang='lat' dir='ltr'><strong>sionem</strong></span> <span class='ocrx_word' id='word_1_765' title='bbox 2133 4707 2188 4756; x_wconf 89' lang='lat' dir='ltr'><strong>et</strong></span> <span class='ocrx_word' id='word_1_766' title='bbox 2209 4699 2489 4755; x_wconf 90' lang='lat' dir='ltr'><strong>nominum</strong></span> <span class='ocrx_word' id='word_1_767' title='bbox 2514 4693 3020 4765; x_wconf 88' lang='lat' dir='ltr'><strong>interpretationem</strong></span> <span class='ocrx_word' id='word_1_768' title='bbox 3050 4688 3277 4746; x_wconf 87' lang='lat' dir='ltr'><strong>moralia</strong></span> <span class='ocrx_word' id='word_1_769' title='bbox 3306 4686 3492 4758; x_wconf 69' lang='lat' dir='ltr'><strong>mysu-</strong></span> 
     </span>
    </p>
   </div>
   <div class='ocr_carea' id='block_1_105' title="bbox 1903 4776 3493 4856">
    <p class='ocr_par' dir='ltr' id='par_1_105' title="bbox 1903 4776 3493 4856">
     <span class='ocr_line' id='line_1_106' title="bbox 1903 4776 3493 4856; baseline -0.015 -4"><span class='ocrx_word' id='word_1_770' title='bbox 1903 4797 1983 4853; x_wconf 89' lang='lat' dir='ltr'><strong>eis</strong></span> <span class='ocrx_word' id='word_1_771' title='bbox 2008 4795 2403 4856; x_wconf 86' lang='lat' dir='ltr'><strong>iuternectens;</strong></span> <span class='ocrx_word' id='word_1_772' title='bbox 2440 4800 2619 4844; x_wconf 87' lang='lat' dir='ltr'><strong>utrum</strong></span> <span class='ocrx_word' id='word_1_773' title='bbox 2656 4785 2860 4856; x_wconf 89' lang='lat' dir='ltr'><strong>aliquid</strong></span> <span class='ocrx_word' id='word_1_774' title='bbox 2895 4783 3078 4853; x_wconf 87' lang='lat' dir='ltr'><strong>digne,</strong></span> <span class='ocrx_word' id='word_1_775' title='bbox 3106 4795 3201 4836; x_wconf 88' lang='lat' dir='ltr'><strong>vos</strong></span> <span class='ocrx_word' id='word_1_776' title='bbox 3229 4776 3493 4835; x_wconf 89' lang='lat' dir='ltr'><strong>videritis.</strong></span> 
     </span>
    </p>
   </div>
   <div class='ocr_carea' id='block_1_106' title="bbox 1909 4873 3502 4952">
    <p class='ocr_par' dir='ltr' id='par_1_106' title="bbox 1909 4873 3502 4952">
     <span class='ocr_line' id='line_1_107' title="bbox 1909 4873 3502 4952; baseline -0.015 -8"><span class='ocrx_word' id='word_1_777' title='bbox 1909 4887 2109 4943; x_wconf 76' lang='lat' dir='ltr'><strong>Verum</strong></span> <span class='ocrx_word' id='word_1_778' title='bbox 2150 4901 2257 4942; x_wconf 90' lang='lat' dir='ltr'><strong>non</strong></span> <span class='ocrx_word' id='word_1_779' title='bbox 2292 4882 2477 4941; x_wconf 90' lang='lat' dir='ltr'><strong>omnia</strong></span> <span class='ocrx_word' id='word_1_780' title='bbox 2511 4893 2800 4952; x_wconf 88' lang='lat' dir='ltr'><strong>possumus</strong></span> <span class='ocrx_word' id='word_1_781' title='bbox 2834 4873 3082 4947; x_wconf 73' lang='lat' dir='ltr'><strong>praesenti</strong></span> <span class='ocrx_word' id='word_1_782' title='bbox 3122 4885 3379 4933; x_wconf 81' lang='lat' dir='ltr'><strong>sermone</strong></span> <span class='ocrx_word' id='word_1_783' title='bbox 3411 4883 3502 4941; x_wconf 82' lang='lat' dir='ltr'><strong>co-</strong></span> 
     </span>
    </p>
   </div>
   <div class='ocr_carea' id='block_1_107' title="bbox 1890 4974 2774 5043">
    <p class='ocr_par' dir='ltr' id='par_1_107' title="bbox 1890 4974 2774 5043">
     <span class='ocr_line' id='line_1_108' title="bbox 1890 4974 2774 5043; baseline -0.018 -7"><span class='ocrx_word' id='word_1_784' title='bbox 1890 4988 2143 5043; x_wconf 73' lang='lat' dir='ltr'><strong>arctare,</strong></span> <span class='ocrx_word' id='word_1_785' title='bbox 2181 4976 2455 5033; x_wconf 90' lang='lat' dir='ltr'><strong>fastidium</strong></span> <span class='ocrx_word' id='word_1_786' title='bbox 2489 4974 2774 5028; x_wconf 88' lang='lat' dir='ltr'><strong>evitantes.</strong></span> 
     </span>
    </p>
   </div>
   <div class='ocr_carea' id='block_1_108' title="bbox 1986 5059 3532 5142">
    <p class='ocr_par' dir='ltr' id='par_1_108' title="bbox 1986 5059 3532 5142">
     <span class='ocr_line' id='line_1_109' title="bbox 1986 5059 3532 5142; baseline -0.019 -14"><span class='ocrx_word' id='word_1_787' title='bbox 1986 5073 2099 5142; x_wconf 83' lang='lat' dir='ltr'><strong>Ego</strong></span> <span class='ocrx_word' id='word_1_788' title='bbox 2126 5071 2299 5127; x_wconf 88' lang='lat' dir='ltr'><strong>habeo</strong></span> <span class='ocrx_word' id='word_1_789' title='bbox 2323 5074 2558 5139; x_wconf 85' lang='lat' dir='ltr'><strong>quatuor</strong></span> <span class='ocrx_word' id='word_1_790' title='bbox 2584 5062 2762 5132; x_wconf 86' lang='lat' dir='ltr'><strong>capita</strong></span> <span class='ocrx_word' id='word_1_791' title='bbox 2787 5062 3027 5115; x_wconf 86' lang='lat' dir='ltr'><strong>dulciora</strong></span> <span class='ocrx_word' id='word_1_792' title='bbox 3061 5059 3368 5129; x_wconf 79' lang='lat' dir='ltr'><strong>prioribus.</strong></span> <span class='ocrx_word' id='word_1_793' title='bbox 3394 5066 3532 5142; x_wconf 63' lang='lat' dir='ltr'><strong>quas</strong></span> 
     </span>
    </p>
   </div>
   <div class='ocr_carea' id='block_1_109' title="bbox 1899 5141 3514 5223">
    <p class='ocr_par' dir='ltr' id='par_1_109' title="bbox 1899 5141 3514 5223">
     <span class='ocr_line' id='line_1_110' title="bbox 1899 5141 3514 5223; baseline -0.019 1"><span class='ocrx_word' id='word_1_794' title='bbox 1899 5141 2161 5223; x_wconf 69' lang='lat' dir='ltr'><strong>fortassis</strong></span> <span class='ocrx_word' id='word_1_795' title='bbox 2187 5162 2381 5219; x_wconf 81' lang='lat' dir='ltr'><strong>vestris</strong></span> <span class='ocrx_word' id='word_1_796' title='bbox 2405 5157 2660 5213; x_wconf 86' lang='lat' dir='ltr'><strong>cordibus</strong></span> <span class='ocrx_word' id='word_1_797' title='bbox 2689 5154 2911 5208; x_wconf 84' lang='lat' dir='ltr'><strong>suavius</strong></span> <span class='ocrx_word' id='word_1_798' title='bbox 2931 5148 3378 5217; x_wconf 88' lang='lat' dir='ltr'><strong>complacebunt.</strong></span> <span class='ocrx_word' id='word_1_799' title='bbox 3411 5141 3514 5201; x_wconf 85' lang='lat' dir='ltr'><strong>Do-</strong></span> 
     </span>
    </p>
   </div>
   <div class='ocr_carea' id='block_1_110' title="bbox 1913 5233 3515 5344">
    <p class='ocr_par' dir='ltr' id='par_1_110' title="bbox 1913 5233 3515 5344">
     <span class='ocr_line' id='line_1_111' title="bbox 1913 5233 3515 5316; baseline -0.022 -3"><span class='ocrx_word' id='word_1_800' title='bbox 1913 5257 2098 5316; x_wconf 88' lang='lat' dir='ltr'><strong>minus</strong></span> <span class='ocrx_word' id='word_1_801' title='bbox 2133 5233 2275 5310; x_wconf 84' lang='lat' dir='ltr'><strong>enim</strong></span> <span class='ocrx_word' id='word_1_802' title='bbox 2318 5258 2507 5308; x_wconf 84' lang='lat' dir='ltr'><strong>noster</strong></span> <span class='ocrx_word' id='word_1_803' title='bbox 2550 5247 2794 5302; x_wconf 85' lang='lat' dir='ltr'><strong>elevatus</strong></span> <span class='ocrx_word' id='word_1_804' title='bbox 2842 5245 2894 5299; x_wconf 91' lang='lat' dir='ltr'><strong>in</strong></span> <span class='ocrx_word' id='word_1_805' title='bbox 2937 5254 3125 5297; x_wconf 88' lang='lat' dir='ltr'><strong>cruce.</strong></span> <span class='ocrx_word' id='word_1_806' title='bbox 3177 5233 3515 5314; x_wconf 59' lang='lat' dir='ltr'><strong>largissimas</strong></span> 
     </span>
     <span class='ocr_line' id='line_1_112' title="bbox 2339 5320 3515 5344; baseline -0.018 21"><span class='ocrx_word' id='word_1_807' title='bbox 2339 5343 2344 5344; x_wconf 61' lang='grc'><strong><em>⁷</em></strong></span> <span class='ocrx_word' id='word_1_808' title='bbox 2895 5336 2905 5344; x_wconf 91' lang='grc'><strong>·</strong></span> <span class='ocrx_word' id='word_1_809' title='bbox 3172 5334 3185 5344; x_wconf 78' lang='grc' dir='ltr'><strong>ο</strong></span> <span class='ocrx_word' id='word_1_810' title='bbox 3352 5320 3515 5344; x_wconf 34' lang='lat' dir='ltr'><strong>4.1L...-</strong></span> 
     </span>
    </p>
   </div>
  </div>
