3946 5368
478 260 592 323 585

1089 266 1146 322 S.
1180 265 1386 323 PETRI
1421 264 1704 323 DAMIANI
1744 263 1894 323 OPP.
1938 262 2286 321 PARSSEU
2332 264 2565 324 TOJIL‘S
2604 269 2668 326 ll.
2701 301 2770 313 ——
2810 273 3200 333 SERMONES.

3640 270 3737 332 £68

473 383 638 458 iudex
667 382 914 440 transivit
940 379 993 438 iu
1029 391 1263 454 patrem,
1304 382 1474 438 iratus
1498 381 1550 436 in
1577 380 1785 449 mitem,
1817 382 1870 437 in
1903 381 2061 435 mise-
2086 383 2136 443 Α
2166 379 2337 454 (Paul.
2364 384 2569 458 xxxiv).
2602 406 2623 437 ν
2652 386 2717 442 Et
2743 389 2854 458 ipse
2878 376 3047 446 Filius
3072 410 3094 446 :~
3115 412 3133 445 ι
3170 389 3285 448 Non
3310 407 3499 465 quaero
3527 391 3742 464 gloriam

478 477 770 533 ricordiam
817 474 996 545 virga,
1049 468 1334 545 captivitas
1383 473 1435 528 iu
1486 487 1764 528 coronam.
1815 472 2065 528 Christus

475 581 607 636 ergo
635 564 757 621 fons
789 564 989 630 latens,
1025 574 1082 620 et
1111 564 1356 620 occultus
1391 565 1444 619 in
1473 563 1661 632 caelis;-
1694 563 1819 619 fons
1849 573 2061 635 patens,

474 664 529 709 et
559 664 781 724 apertus
816 654 871 709 in
907 654 1085 710 terris.
1124 653 1235 710 Illic
1265 653 1332 708 de
1361 661 1518 709 utero
1551 653 1752 719 Patris,
1784 653 1873 708 hic
1903 667 2064 723 egre-

471 738 622 804 ditur
650 748 716 803 de
751 757 909 803 utero
948 745 1204 817 Virginis.
1255 746 1367 806 Illic
1399 747 1587 803 vivens
1629 757 1831 803 terram
1872 746 2064 819 irrigat

474 839 798 907 Viventium,
825 840 915 895 hic
938 840 1178 897 moriens
1207 850 1409 896 terram
1441 841 1812 896 morientium.
1842 839 1957 896 illic
1985 840 2065 895 di-

473 932 680 988 viditur
723 933 776 987 in
818 934 1227 1004 quaternariutu
1268 932 1670 999 admirabilem;
1720 933 1810 989 hic
1852 933 1906 987 in
1948 931 2065 987 dul-

473 1036 614 1080 cem.
648 1022 831 1080 Dulcis
860 1024 1137 1090 Dominus,
1164 1024 1339 1080 dulcis
1368 1024 1608 1091 domina,
1637 1024 1772 1093 quia
1796 1022 1888 1078 ille
1915 1023 2061 1077 Deus

474 1131 632 1174 meus
655 1117 1026 1173 misericordia
1048 1132 1191 1183 mea,
1215 1116 1330 1172 haec
1358 1115 1579 1172 domina
1607 1129 1730 1171 mea
1756 1113 2066 1169 misericor-

416 1207 428 1263 l
472 1210 576 1266 dite
603 1220 780 1282 porta.
825 1210 1000 1268 Ducat
1031 1225 1131 1267 nos
1159 1220 1334 1265 mater
1363 1209 1439 1264 ad»
1467 1208 1686 1276 Filium,
1723 1207 1829 1262 tilia
1861 1208 1928 1262 ad
1962 1207 2079 1262 Pa-'

471 1311 636 1368 trem,
668 1318 865 1373 sponsa
900 1303 969 1360 ad
1001 1318 1277 1375 sponsum,
1308 1304 1401 1375 qui
1429 1311 1514 1360 est
1537 1290 1859 1359 benedictus
1884 1302 1937 1357 in
1964 1316 2065 1357 sae-

471 1391 615 1447 cula.
646 1392 838 1448 Amen.

1073 1486 1306 1546 SERMO
1347 1487 1440 1545 XII

654 1594 722 1635 ne
760 1595 1197 1639 nnsuanec'rtons
1233 1598 1441 1639 DOIINI.
1485 1581 1653 1655 (sxvn
1698 1588 1890 1654 ιΑιιτ.)

2167 490 2369 540 meam;
2400 486 2483 531 est
2508 477 2596 546 qui
2623 487 2852 548 quaerat,
2878 488 2933 533 et
2952 480 3159 550 iudicet
3187 480 3369 552 (Joan.
3400 486 3544 554 vm).
3576 502 3596 536 ο

2192 600 2197 607 ς
2235 564 2288 619 In
2331 564 2602 636 plerisque
2640 583 2808 623 sacrae
2846 567 3142 640 Scripturae
3185 571 3319 627 locis
3356 572 3495 629 ordo
3534 573 3748 644 quidam

2157 660 2483 731 judiciorum
2514 662 2581 717 ab
2620 662 2736 733 ipso
2780 662 2892 719 Deo
2931 664 3141 719 institui
3177 665 3391 722 videtur
3433 675 3491 722 et
3526 669 3731 725 servari

2164 753 2391 821 Quidam
2421 755 2503 809 vir
2529 756 2778 826 simplex,
2806 767 2861 813 et
2893 769 3071 814 rectus
3097 774 3159 814 ac
3186 760 3382 829 timens
3405 759 3602 826 Deum,
3632 776 3742 817 cun

2163 844 2377 915 expleto
2402 843 2577 901 olﬁcio
2614 847 2881 902 matutino
2915 848 3267 919 egrederetur
3309 865 3378 904 ex
3418 848 3675 914 ecclesia,
3702 860 3750 907 et

2165 950 2197 989 εδ
2220 934 2502 1005 discipulis
2534 945 2819 1007 rogaretur
2846 956 2861 993 z
2892 936 3031 1005 Quid
3065 939 3264 995 audisti
3292 940 3344 994 in
3376 941 3637 1004 ecclesia,
3667 958 3751 1012 pa-

2167 1027 2281 1081 ter?
2311 1024 2605 1098 Respondit
2636 1046 2650 1083 :
2683 1026 2929 1096 Quatuor
2958 1028 3159 1097 audivi,
3204 1047 3295 1087 sex
3327 1033 3540 1087 notavi.
3578 1032 3750 1088 Subti-

2167 1118 2231 1175 li’s
2266 1122 2424 1189 plane
2456 1121 2739 1191 responsio
2785 1120 2887 1175 fuit
2923 1128 2978 1176 et
3008 1121 3198 1178 ﬁdelis.
3245 1122 3495 1191 Quatuor
3527 1139 3754 1194 namque

2165 1210 2462 1266 versiculos
2503 1209 2708 1266 Psalmi
2736 1211 2930 1266 decimi
2966 1213 3144 1267 octavi
3196 1213 3464 1281 audierat,
3501 1212 3709 1269 scilicet
3737 1232 3756 1265 :

2171 1320 2194 1354 ε
2230 1300 2341 1357 Lex
2367 1301 2951 1358 Deminiimmaeulata
2980 1314 3317 1359 convertens
3337 1304 3554 1359 animas
3584 1302 3755 1375 (Paul.

2165 1395 2376 1465 exvm),
2413 1414 2434 1448 ι
2472 1403 2527 1449 et
2556 1403 2667 1450 tres
2694 1394 2848 1463 alios,
2876 1395 2967 1467 qui
2999 1405 3321 1466 sequuntur,
3350 1397 3404 1452 in
3433 1397 3638 1468 quibus
3663 1412 3749 1452 sex

2168 1493 2444 1550 notantur,
2475 1500 2594 1556 qua:
2618 1493 2746 1541 sunt
2772 1501 2786 1539 :
2814 1484 2921 1552 lea,
2953 1487 3342 1552 testimonium,
3361 1485 3602 1565 iustitia,
3623 1502 3755 1558 pra:-

2170 1586 2406 1649 ceptum,
2437 1578 2618 1643 timor,
2640 1576 2866 1646 judicia.
2910 1565 2965 1633 in
3000 1578 3083 1633 his
3114 1578 3310 1649 partim
3340 1593 3763 1651 personamque

472 1670 649 1744 Super
685 1672 816 1729 illud
852 1674 990 1744 psal.
1022 1691 1067 1729 ιι
1096 1688 1111 1728 :
1145 1673 1418 1729 Postulan
1449 1671 1664 1729 Patrem
1694 1690 1885 1740 meum,
1924 1672 2068 1728 dedit
2172 1667 2225 1723 in
2250 1667 2374 1738 jure
2404 1675 2532 1722 sunt
2572 1667 2919 1732 necessariae,
2950 1668 3158 1738 partim
3179 1676 3334 1723 actus
3355 1682 3549 1723 eorum
3580 1669 3760 1738 expri-

950 1746 1087 1799 mihi
1105 1755 1299 1816 gentes.
1338 1744 1588 1799 Alleluia.

544 1835 604 1894 Si
639 1837 990 1894 consulamus
1036 1836 1365 1907 adjutorium
1394 1835 1485 1908 [ιη
1513 1834 1863 1909 auditorium]
1902 1835 2066 1904 jur's-

470 1929 773 2002 peritorum
802 1972 817 1997 ,
870 1931 1108 2001 primum
1154 1928 1374 2000 capituli
1416 1929 1678 2000 propositi
1720 1929 1943 1985 verbum
1986 1929 2071 1984 sie

469 2018 800 2075 describitur
849 2038 872 2073 :-
916 2019 1189 2090 postulare
1235 2028 1321 2076 est
1367 2020 1697 2076 desiderium
1748 2035 1933 2087 suum,
1979 2019 2069 2075 vei

471 2112 634 2167 amici
660 2113 743 2167 sui
773 2112 825 2167 in
847 2111 978 2182 iure
996 2112 1139 2182 apud
1161 2127 1310 2179 eum,
1332 2113 1431 2183 qui
1447 2111 1816 2180 jurisdictioni
1844 2120 2061 2183 praeest,

473 2220 767 2276 exponere,
795 2204 882 2259 vei
913 2205 1137 2260 alterius
1161 2203 1432 2261 desiderio
1462 2204 1860 2260 contradicere.
1896 2203 2066 2259 Actus

470 2298 576 2352 istc
614 2284 867 2367 publicus
887 2305 995 2363 est,
1041 2304 1098 2352 et
1136 2306 1222 2352 est
1253 2294 1495 2351 ollicium
1531 2295 1937 2360 advocatorum,
1966 2294 2060 2364 qui

473 2380 725 2462 gloriosa}
748 2390 894 2446 vocis
923 2389 1111 2446 conﬁsi
1140 2389 1459 2453 munimine,
1497 2388 1649 2459 lapsa
1676 2388 1915 2459 erigunt,
1944 2386 2068 2442 fati-

471 2492 597 2552 gata
629 2493 904 2554 reparant,
952 2498 1056 2538 nec
1082 2483 1263 2538 minus
1299 2481 1589 2554 provident
1619 2482 1857 2537 humano
1880 2479 2069 2553 generi

470 2589 635 2645 quam
665 2575 709 2630 si
749 2574 952 2647 clypeis
983 2572 1091 2646 56
1130 2581 1185 2630 et
1222 2575 1535 2633 thoracibus
1570 2587 1691 2630 sese
1725 2573 2067 2653 patriamque

471 2670 785 2728 defendant.

544 2758 600 2814 ln
643 2761 987 2832 exsequendo
1028 2768 1149 2816 actu
1198 2762 1304 2817 isto
1345 2759 1628 2817 attendere
1670 2759 1934 2816 debemus
1972 2759 2067 2829 qui

470 2850 730 2922 postulet,
775 2868 971 2922 quem,
1022 2852 1136 2917 ubi,
1182 2862 1236 2907 et
1284 2853 1413 2923 quid
1461 2843 1717 2923 postulét.
1762 2851 2069 2906 Advocatus

473 2942 713 3013 postulat
729 2943 963 3014 iudicem
996 2944 1048 2998 in
1071 2944 1194 3013 jure
1222 2959 1334 2998 rem
1362 2936 1537 3009 suam,
1564 2943 1649 2998 vel
1675 2943 1776 2998 sibi
1808 2941 2065 3012 postulat,

475 3034 690 3089 actione
715 3035 1005 3105 proposita.
1036 3024 1091 3089 in
1125 3034 1342 3104 negotio
1374 3035 1636 3105 praesenti
1660 3034 1955 3088 advocatus
1983 3042 2069 3089 est

478 3218 590 3272 lum
617 3218 827 3283 crucis;
867 3233 953 3274 res
989 3219 1256 3288 postulata
1289 3218 1534 3275 Ecclesia
1559 3219 1626 3273 de
1656 3219 1938 3288 gentibus;
1971 3233 2068 3273 no-

476 3323 601 3362 men
630 3304 878 3372 actionis,
913 3309 1101 3378 petitio
1126 3309 1477 3364 luereditatis.
1510 3308 1678 3364 Recte
1700 3307 1882 3364 Iesum
1912 3306 2071 3364 Chri-

478 3409 624 3458 stum
655 3402 888 3457 dicimus
916 3402 1256 3457 advocatum.
1309 3400 1461 3456 Unde
1502 3398 1737 3456 Joannes
1763 3419 1783 3455 :~
1813 3418 1831 3451 ι
1862 3398 1919 3455 Si
1948 3400 2069 3469 quis

474 3492 805 3562 peccaverit,
834 3491 1448 3547 advecatumhabemus
1476 3490 1616 3560 apud
1643 3488 1860 3544 Patrem
1895 3488 2071 3544 Domi-

476 3600 610 3640 num
639 3582 820 3640 Jesum
850 3568 1162 3650 Christum;
1195 3581 1420 3654 ipse‘eSt
1456 3582 1770 3653 propitiatio
1807 3596 1904 3652 pro
1942 3595 2068 3650 pec-

478 3676 620 3732 catis
647 3674 850 3731 nostris
879 3674 934 3746 (1
961 3673 1123 3729 Joan.
1156 3672 1239 3741 ιι).
1277 3692 1296 3726 ι
1328 3673 1638 3728 Advocalus
1665 3672 1766 3728 iste
1795 3672 1937 3743 apud
1968 3672 2069 3726 Pa-

2097 1741 2141 1801 Β
2169 1766 2411 1814 muutur.
2440 1757 2577 1813 Nam
2606 1767 2660 1815 et
2689 1758 2973 1825 Dominus,
3002 1759 3105 1830 qui
3126 1760 3292 1830 judex
3317 1768 3424 1825 est,
3458 1768 3515 1816 et
3539 1759 3652 1824 lex,
3678 1776 3759 1816 se-

2168 1849 2401 1905 cundum
2426 1863 2591 1920 quam
2608 1848 2903 1921 judicatur,
2937 1858 2993 1905 et
3012 1848 3252 1905 otiicium-
3273 1850 3493 1907 testium
3524 1851 3629 1906 sub
3660 1850 3764 1905 hoc

2168 1941 2407 2007 nomine,
2441 1941 2836 2006 testimonium,
2868 1942 3070 1997 actoris
3097 1956 3311 2012 quoque
3345 1950 3401 1996 et
3440 1942 3521 1997 rei
3566 1943 3757 1998 merita

2166 2047 2266 2103 per
2294 2032 2397 2088 hoc
2421 2046 2640 2097 nomen,
2659 2030 2904 2101 iustitiae,
2930 2031 3301 2104 designantur.
3324 2030 3539 2087 Nam-et
3564 2032 3761 2088 merita

2168 2138 2459 2179 causarum
2494 2123 2727 2193 partium
2770 2124 3070 2180 assertione
3112 2124 3443 2195 panduntur.
3480 2123 3757 2180 Sententia

2162 2213 2360 2283 iudicis
2396 2214 2497 2270 sub
2530 2214 2634 2269 hoc
2666 2206 2907 2279 nomine,
2941 2223 3301 2286 praeceptum;
3338 2214 3680 2270 accusatoris
3704 2222 3761 2269 et

2167 2303 2502 2359 exsecutoris
2533 2300 2730 2369 cilicia,
2778 2304 2987 2359 duobus
3023 2302 3228 2360 ultimis
3270 2303 3612 2370 nominibus,
3642 2319 3756 2374 qua

2168 2403 2316 2457 sunt,
2362 2393 2524 2447 timor
2566 2401 2622 2447 et
2657 2392 2882 2463 judicia,
2916 2393 3243 2449 indicantur.
3291 2392 3545 2463 Quinque
3579 2394 3753 2463 priora

2168 2484 2312 2540 binis
2356 2483 2743 2540 accedentibus
2787 2484 3110 2552 innituntur,
3159 2493 3370 2539 sextum
3418 2484 3700 2555 quadrinis
3736 2501 3751 2538 :

2175 2594 2196 2634 ί
2225 2574 2335 2631 Lex
2367 2574 2581 2637 Domini
2607 2575 2959 2636 immaculata
2982 2584 3306 2633 convertens
3330 2575 3565 2634 animas.
3597 2574 3759 2631 Testi-.

2169 2667 2408 2737 mortium
2438 2665 2656 2723 Domini
2696 2665 2876 2731 tldele,
2908 2666 3227 2735 sapientiam
3267 2676 3535 2736 prtestans
3566 2681 3754 2738 parvu-

2171 2758 2257 2819 lis.
2292 2757 2523 2813 Iustitia:
2556 2757 2777 2813 Domini
2803 2766 2995 2824 recta,
3019 2757 3356 2815 ltetilieantes
3388 2759 3578 2815 corda.
3622 2757 3754 2813 Pm

2172 2858 2387 2919 ceptum
2426 2849 2643 2908 Domini
2678 2848 2945 2915 lucidum,
2978 2848 3292 2909 illuminans
3328 2850 3538 2905 oculos.
3580 2848 3755 2905 Timor

2171 2940 2278 3012 57
2309 2941 2527 3001 Domini
2558 2948 2784 2997 sanctus
2823 2956 3147 3011 permanens
3179 2940 3234 2996 in
3262 2941 3524 2998 saeculum
3560 2940 3751 2997 saeculi.

2169 3030 2378 3087 Judicia
2416 3031 2631 3093 Domini
2665 3046 2791 3091 vera
2823 3031 3119 3103 justiticala
3164 3032 3217 3087 in
3255 3033 3570 3104 semetipsa.
3614 3032 3757 3087 Desi-e

366 3200 371 3205 η
474 3125 753 3191 Christus;
790 3124 954 3193 judex
997 3126 1136 3182 Deus
1171 3126 1365 3191 Pater;
1396 3136 1453 3182 et
1492 3127 1643 3183 locus
1676 3126 1817 3195 juris
1855 3128 2067 3198 patibu-
2092 3105 2139 3167 (ἶ
2171 3124 2432 3181 derabilia
2473 3140 2639 3196 super
2671 3140 2886 3192 aurum,
2927 3134 2982 3180 et
3024 3124 3256 3196 lapidem
3292 3126 3596 3196 pretiosum
3632 3125 3758 3181 mul-

2173 3225 2308 3279 tum,
2341 3223 2395 3271 et
2422 3215 2661 3271 dulciora
2688 3230 2852 3287 super
2874 3215 2981 3272 mel
3030 3225 3086 3271 et
3113 3215 3295 3272 (avum
3325 3215 3541 3289 (lbid.).
3576 3235 3600 3270 ι
3629 3216 3761 3272 Prat-

2170 3306 2284 3362 t‘ata
2310 3320 2442 3362 sane
2478 3306 2691 3362 Domini
2720 3307 2975 3363 dicuntur
3002 3321 3143 3364 esse.
3191 3307 3285 3365 Est
3314 3308 3463 3363 enim
3499 3306 3615 3371 lex,
3649 3320 3760 3378 qua

2171 3412 2277 3453 non
2303 3406 2389 3452 est
2418 3397 2652 3475 Domini,
2687 3406 2749 3453 ut
2774 3399 3003 3469 peccati,
3032 3399 3100 3454 de
3128 3414 3236 3469 qua
3266 3398 3400 3455 dicit
3423 3398 3756 3468 Apostolus:

2175 3506 2199 3542 ι
2230 3489 2396 3546 Video
2422 3488 2585 3547 aliam
2613 3487 2787 3565 legem
2814 3489 2869 3544 in
2898 3489 3157 3546 membris
3187 3490 3343 3555 meis,
3372 3498 3765 3561 repugnantem

2169 3580 2274 3651 legi
2306 3579 2505 3636 mentis
2533 3570 2669 3636 meae
2694 3588 2757 3645 et,
2779 3579 3144 3653 captivantem
3171 3594 3258 3635 me
3288 3580 3341 3635 in
3379 3580 3501 3650 lege
3531 3578 3759 3650 peccati,

2169 3689 2290 3744 qua:
2315 3682 2402 3734 est
2422 3673 2478 3729 in
2505 3673 2767 3739 membris
2790 3674 2928 3729 meis
2951 3672 3126 3745 (Rom,
3156 3673 3279 3743 vlt),
3311 3692 3328 3725 ι
3365 3670 3509 3727 Sunt
3534 3680 3593 3726 et
3611 3672 3762 3743 justi-

477 3779 618 3825 trcm
647 3768 971 3825 desiderium
1014 3783 1170 3823 suum
1202 3767 1482 3836 exposuit,
1511 3766 1735 3838 quando
1761 3780 1861 3836 pro
1894 3764 2069 3820 salute
2169 3767 2259 3821 tiae
2297 3766 2583 3831 humanae,
2624 3764 2692 3821 de
2734 3764 2933 3835 quibus
2977 3764 3174 3822 dicitur
3204 3782 3217 3818 :
3254 3783 3274 3816 ‹
3309 3762 3515 3827 Omnes
3545 3761 3765 3833 iustitia

478 3860 938 3933 humanigeneris
958 3860 1169 3916 oblatus
1187 3859 1431 3930 est,quia
1457 3859 1571 3929 ipse
1590 3857 2063 3929 voluit(Isa.uu).
2169 3866 2370 3917 nostra
2408 3865 2668 3928 tanquam
2706 3872 2918 3928 pannus
2960 3864 3319 3915 menstruam
3346 3854 3505 3927 (irai.
3538 3855 3708 3925 thv).
3740 3870 3760 3916 ρ

477 3952 816 4008 Desi‘der'mm
861 3952 977 4023 ejus
1012 3961 1095 4007 est
1138 3951 1284 4007 salus
1321 3960 1502 4005 nostra
1529 3991 1543 4015 ,
1597 3964 1762 4019 quam
1800 3951 1853 4004 in
1905 3963 2069 4005 cruce
2168 3953 2310 4009 Sunt
2341 3960 2398 4007 et
2438 3959 2711 4022 praecepta
2740 3950 2997 4013 humana,
3038 3949 3236 4020 quibus
3273 3948 3469 4011 Petrus
3506 3947 3761 4009 obedien-

481 4044 675 4099 siticus
714 4060 885 4113 usque
920 4044 975 4099 in
1019 4043 1177 4099 tinem
1208 4059 1336 4099 suos
1374 4043 1569 4114 legitur
1602 4043 1855 4098 dilexisse
1883 4041 2066 4114 (Joan.
2110 4072 2115 4075 Α
2169 4046 2296 4101 dum
2342 4058 2450 4100 non
2491 4058 2615 4099 esse
2654 4042 2836 4099 dicit:
2874 4061 2893 4095 ‹
2928 4041 3194 4106 Obedire,
3235 4040 3508 4111 inquiens,
3555 4045 3765 4110 oportet

477 4130 639 4207 xm);
669 4135 774 4190 sed
805 4145 861 4190 et
894 4136 998 4191 hoc
1022 4135 1348 4216 desiderium
1389 4123 1686 4191 amicorum
1715 4133 1835 4200 fuit,
1874 4135 2070 4206 quibus
2171 4136 2344 4208 magis
2366 4135 2478 4191 Deo
2500 4150 2663 4207 quam
2689 4135 3001 4192 hominibus
3027 4135 3167 4206 (Act.
3196 4134 3271 4203 v).
3308 4152 3326 4184 ι
3359 4130 3551 4187 Timor
3572 4132 3764 4201 quippe

481 4225 618 4280 dixit
643 4245 655 4280 :
687 4243 710 4278 ι
731 4224 850 4280 Jam
880 4241 985 4280 non
1013 4226 1183 4281 dicam
1207 4240 1305 4280 vos
1331 4240 1539 4291 servos,
1568 4226 1663 4280 sed
1693 4225 1918 4291 amicos,
1941 4225 2069 4295 quia
2170 4227 2442 4285 humanus
2481 4238 2512 4280 a
2550 4224 2780 4299 Domino
2808 4224 3153 4299 approbatur.
3188 4222 3341 4279 Unde
3369 4222 3449 4275 ait
3482 4240 3495 4275 :
3536 4239 3557 4273 ι
3591 4219 3762 4275 Nolite

480 4332 671 4374 servus
709 4317 883 4372 nescit
917 4316 1047 4387 quid
1085 4315 1249 4371 faciat
1287 4316 1538 4371 dominus
1564 4317 1701 4387 ejus.
1747 4316 1853 4373 Vos
1887 4325 2069 4372 autem
2171 4316 2366 4373 timere
2391 4329 2493 4370 eos
2512 4313 2889 4385 quioccidunt
2914 4327 3136 4383 corpus,
3163 4312 3399 4377 animam
3429 4319 3617 4367 autem
3660 4325 3762 4367 non

480 4412 592 4466 dixi
638 4411 866 4475 amicos,
910 4410 1036 4480 quia
1073 4410 1257 4465 omnia
1298 4425 1419 4480 quae
1459 4410 1637 4465 audivi
1677 4410 1912 4467 aPatre
1948 4426 2068 4467 meo
2097 4459 2145 4520 Β
2171 4415 2397 4478 possunt
2420 4405 2671 4479 occidere
2698 4404 2915 4477 (Matth.
2948 4404 3025 4474 χ).
3062 4422 3091 4458 ι
3208 4458 3213 4463 ,
3436 4474 3441 4479 λ

637 4500 735 4520 ,με
948 4501 1056 4520 ,ιη
1353 4501 1478 4520 ..-μ
1517 4516 1528 4520 _
1614 4500 1863 4520 ..,._-___
1904 4503 1942 4520 _.
2333 4498 2620 4520 μημςη,
2653 4509 2827 4520 mm.
2853 4496 3134 4520 ___-,-__.,_
3163 4496 3337 4520 μη,Δ
3368 4496 3441 4520 λε,

479 4512 608 4558 nota
635 4500 736 4558 feri
764 4500 916 4557 vobis
944 4501 1125 4574 (lacn.
1157 4501 1269 4574 xv).
1302 4521 1320 4554 ι
1353 4501 1484 4557 Item
1515 4516 1529 4555 :
1565 4522 1583 4554 ι
1612 4500 1869 4574 Majorem
1895 4503 2069 4558 chari-
2097 4496 2145 4520 ν
2247 4501 2304 4556 lu
2333 4498 2625 4570 propositis
2651 4509 2830 4563 autem
2853 4496 3136 4573 versiculis
3158 4496 3348 4552 omnia
3363 4496 3625 4553 dicuntur
3646 4508 3761 4550 esse

482 4603 648 4649 tatem
690 4594 850 4649 nemo
889 4592 1086 4659 habet,
1126 4608 1287 4662 quam
1333 4602 1396 4648 ut
1436 4582 1672 4648 animam
1709 4608 1862 4648 suam
1901 4601 2071 4662 ponat
2175 4591 2293 4645 Dei.
2336 4589 2603 4655 Primum,
2653 4588 2867 4643 scilicet
2913 4586 2998 4642 lex
3044 4586 3171 4642 bina
3226 4587 3392 4642 habet
3433 4586 3759 4652 accidentia,

478 4686 604 4759 quis
628 4699 726 4759 pro
752 4684 942 4740 amicis
972 4677 1084 4740 suis
1118 4683 1328 4757 (lbid.).
1363 4702 1382 4734 ι
1424 4676 1823 4739 Convenienter
1849 4682 2065 4738 Patrem
2173 4695 2297 4750 quae
2337 4687 2469 4734 sunt
2507 4676 2892 4744 immaculata;
2940 4687 3263 4736 convertens
3295 4676 3527 4741 animas,
3558 4676 3673 4732 sive
3695 4674 3759 4729 de

480 4779 716 4850 postulat
740 4779 829 4849 qui
871 4778 1086 4849 semper
1114 4776 1401 4832 exauditus
1432 4785 1533 4830 est.
1570 4775 1704 4830 Nam
1738 4784 1794 4830 et
1822 4774 1983 4846 vulgo
2010 4784 2067 4830 et
2172 4769 2293 4839 lege
2325 4767 2595 4835 intelligas
2622 4766 2880 4833 naturali.
2912 4766 2998 4824 Vel
3024 4766 3251 4836 scripta.
3280 4779 3376 4820 seu
3403 4764 3522 4835 Irae
3554 4764 3752 4835 sraliz-

478 4873 777 4944 vulgariter
796 4871 1030 4926 dicitur:
1060 4868 1288 4926 Securus
1315 4870 1456 4925 radit
1484 4860 1554 4923 ad
1579 4869 1829 4940 placitum
1857 4869 1956 4940 qui
1972 4864 2066 4938 pa-
2175 4857 2479 4927 Unicuique
2517 4856 2663 4912 enim
2695 4855 2891 4915 harum
2923 4856 3090 4935 "illm
3126 4855 3333 4926 leswn.
3363 4853 3574 4910 δθηῖσεῑ
3601 4850 3751 4909 nam;

480 4974 610 5010 trem
635 4962 787 5010 habet
815 4961 1061 5010 iudicem.
1088 4959 1165 5010 De
1189 4973 1255 5010 eo
1276 4973 1511 5010 “ammte
1533 4957 1696 5010 Pater
1714 4958 1849 5010 dixit
1876 4973 1890 5010 :
1919 4976 1938 5008 ι
1969 4955 2069 5010 Hic
2175 4950 2302 5010 rali.
2325 4950 2540 5010 scrinia:
2560 4956 2617 5004 et
2635 4948 2739 5010 legi
2764 4949 2951 5010 gratias
2978 4948 3093 5004 haec
3117 4946 3223 5002 duo
3249 4948 3602 5003 conveniunt.
3626 4945 3752 5009 Nam
