3946 5368
166 377 275 434 565

1690 370 1922 428 SERMO
1942 369 2055 424 χιι.

3350 379 3468 436 566

169 505 501 555 convertens
530 496 739 552 animas
761 493 826 550 ad
857 490 1321 550 mansuetudinem
1361 486 1766 544 benevolentiae.
1798 491 1846 548 Α
1881 485 2033 541 l’nde
2064 484 2187 540 illud
2220 505 2232 540 :
2274 505 2292 538 ι
2323 492 2567 542 Lnrerna
2599 487 2824 560 pedibus
2869 493 3004 548 meis
3033 494 3254 550 verbum
3286 489 3484 564 tuuin,.

172 588 309 644 Nam
321 604 444 645 cum
460 599 571 644 tres
586 587 858 644 naturales
875 584 1126 657 potentiae
1141 584 1304 638 insint
1319 579 1767 646 animm,seilieet,

176 679 278 745 ira,
306 680 466 746 ratio,
489 677 953 750 concupiscentia,
971 674 1411 746 concupiscentia
1443 673 1566 728 data
1583 681 1684 737 est,
1711 679 1770 726 ιιι

174 770 448 840 movearis
472 771 542 825 ad
564 768 923 840 appetendum
947 782 1068 836 quae
1105 765 1198 820 tibi
1227 765 1372 820 licita
1401 774 1558 828 sunt;
1592 762 1664 816 ita
1703 761 1768 815 ad

175 861 572 932 indignandum
599 869 788 917 contra
816 874 880 914 ea
906 875 1025 930 quae
1056 858 1242 913 illicita
1280 866 1436 924 sunt;
1471 856 1608 911 ratio
1647 855 1777 909 data-

175 953 344 1008 estin
387 952 628 1006 medium
663 950 926 1006 cohibens
968 957 1024 1004 et
1069 948 1306 1019 dirigens
1351 956 1662 1018 utrumque,
1703 963 1770 1002 ne

179 1045 253 1098 ita
279 1043 422 1098 ultra
450 1043 715 1098 terminos
752 1043 846 1098 ira:
867 1050 1166 1105 moveatur,
1199 1048 1254 1095 et
1291 1056 1360 1096 ne
1381 1041 1776 1111 concupiscen-

180 1138 253 1192 tia
279 1144 503 1206 appetat
533 1135 739 1191 illicita.
772 1135 956 1206 itaque
983 1134 1072 1189 lex
1111 1133 1394 1197 naturalis,
1426 1142 1688 1202 quantum
1716 1131 1770 1187 itt

177 1243 237 1283 sc
267 1237 371 1291 est,
402 1236 488 1283 est
515 1228 882 1284 immaculata.
915 1228 1025 1283 Lex
1071 1243 1285 1298 quoque
1327 1227 1528 1299 scripta
1576 1228 1769 1284 imma-

180 1321 363 1376 culata
391 1331 475 1376 est
497 1331 553 1376 et
579 1330 904 1377 convertens
931 1321 1160 1377 animas.
1193 1321 1568 1386 Immaculata,
1595 1322 1644 1376 id
1667 1331 1770 1386 est,

180 1414 299 1469 s'ne
353 1413 608 1469 sordibus
661 1412 1010 1478 idololatrian,
1068 1412 1392 1469 convertens
1441 1413 1654 1467 animas
1706 1413 1773 1468 ad

180 1504 530 1560 serviendum
561 1506 702 1571 Deo;
732 1505 874 1575 quod
904 1513 1111 1560 tantum
1141 1505 1232 1560 ﬁlii
1277 1504 1440 1560 Israel
1479 1504 1770 1561 faciebant.

180 1594 294 1650 Lex
335 1607 518 1653 autem
546 1598 737 1670 gratia:
764 1613 955 1653 revera
983 1609 1065 1654 est
1088 1599 1433 1655 immaculata
1467 1608 1522 1656 et
1549 1614 1776 1655 conver-

181 1698 302 1744 tetis
331 1693 564 1747 animas;
593 1691 729 1746 Nam
771 1702 825 1747 et
855 1691 1094 1747 Ecclesia
1128 1691 1244 1764 lege
1273 1692 1489 1747 ducitur
1523 1711 1534 1745 :
1567 1692 1775 1748 Dicitur

181 1783 327 1836 enim
380 1799 500 1838 esse
549 1784 667 1838 sine
716 1783 945 1849 macula,
987 1793 1041 1838 et
1089 1798 1220 1853 ruga
1272 1782 1485 1853 (Ep/tes.
1524 1784 1610 1851 v);
1659 1782 1778 1838 sine

1872 585 1925 630 et
1951 576 2128 631 lumen
2179 579 2389 634 sentitis
2438 583 2576 636 meis
2627 580 2799 651 (Paul.
2839 588 3050 658 cxvttt).
3082 607 3098 640 ι
3153 589 3218 643 Et
3269 590 3466 646 beatus

1873 665 2104 722 Petrus:
2137 687 2157 719 ι
2192 666 2289 723 Cui
2336 669 2674 736 hencl’acitis,
2724 673 2916 744 inquit,
2955 677 3292 735 attendentes
3341 690 3459 734 tan-

1872 774 2032 828 quam
2058 761 2290 816 lucernae
2311 761 2509 817 lucenti
2535 765 2586 818 in
2610 763 2904 837 caliginoso
2929 768 3044 825 loco
3067 771 3152 840 (11
3182 771 3327 827 Petr.
3361 773 3456 840 t).i

1876 849 2235 922 Singulariter
2297 865 2479 910 autem
2527 858 2750 926 ponitur
2801 872 3163 932 praeceptum,
3213 866 3464 934 quamvis

1872 943 2040 998 multa
2087 945 2196 1000 sint
2240 958 2503 1020 praecepta
2532 965 2545 1004 :
2577 951 2722 1021 quia,
2765 962 2821 1006 ut
2851 952 2926 1008 ait
2957 953 3252 1026 Gregorius
3276 955 3460 1026 (Ilom‘.

1873 1035 1942 1088 S7
1971 1036 2022 1088 in
2055 1036 2352 1109 Evangel.).
2386 1039 2723 1113 Praeceptum
2743 1043 2979 1115 Domini
3001 1056 3054 1100 et
3084 1055 3383 1110 tutttmest',
3412 1057 3467 1103 et

1875 1127 2042 1182 multa
2064 1139 2222 1194 sunt;
2243 1131 2407 1187 multa
2429 1143 2651 1204 propter
2669 1136 3038 1192 diversitatem
3061 1138 3272 1209 operis;
3297 1156 3463 1194 unum

1877 1219 1928 1273 itt
1959 1220 2144 1276 radice
2163 1221 2467 1278 charitatis.

1953 1331 1970 1362 ι
2004 1312 2191 1369 Timor
2240 1316 2450 1372 Domini
2503 1327 2718 1375 sanctus
2763 1336 3085 1390 permanens
3133 1323 3182 1376 itt
3212 1321 3466 1377 smeulttttt

1876 1403 2057 1458 saeculi
2082 1401 2262 1475 (Psal.
2287 1406 2398 1477 ex).
2433 1427 2451 1458 ι
2484 1407 2719 1463 Excluso
2743 1410 2979 1466 humano
3009 1413 3224 1474 timore.
3253 1412 3340 1467 hic
3373 1429 3468 1466 tto-

1879 1503 2025 1549 tatur
2079 1495 2276 1562 ﬁlialis,
2325 1499 2438 1554 sive
2479 1510 2682 1556 castus.
2731 1501 2785 1556 ltt
2849 1504 2981 1568 hoc,
3031 1505 3173 1575 quod
3227 1504 3471 1558 dicitur:

1880 1590 2043 1642 timor
2093 1591 2302 1646 Domini
2357 1603 2608 1656 sanctus,
2659 1595 2976 1666 intelligitur
3026 1606 3240 1661 castus;
3287 1605 3342 1652 ct
3388 1606 3475 1652 est

1879 1679 2091 1734 initium
2133 1681 2416 1750 sapientia:
2460 1683 2623 1738 timor
2669 1683 2902 1739 Domini.
2945 1684 3096 1752 Quod
3130 1697 3309 1741 autem
3340 1687 3477 1741 diei-

1884 1781 2012 1825 tur:
2047 1787 2370 1841 permanens
2417 1774 2470 1829 iit
2515 1776 2773 1831 smeulum
2815 1778 3019 1844 sateuli,
3061 1777 3275 1834 ﬁlialem
3331 1780 3486 1834 (tesi--

184 1875 396 1929 tnacula
434 1875 703 1940 criminis,
737 1876 854 1930 sine
901 1891 1028 1946 ruga
1068 1874 1448 1929 simulationis.
1480 1875 1654 1928 Etiam
1694 1873 1780 1929 lex
1812 1868 1856 1927 Β
1885 1873 2037 1934 git-11-

182 1967 495 2037 evangelica
526 1967 749 2022 estsine
777 1982 965 2021 errore
1005 1966 1246 2028 hatresis,
1295 1976 1621 2020 convertens
1662 1965 1779 2018 atti-

184 2073 305 2114 mas
333 2059 678 2129 simpliciter,
711 2069 766 2114 et
788 2058 991 2113 directe
1016 2059 1134 2114 sine
1171 2058 1426 2130 ﬁgmento
1455 2060 1774 2130 hypocrisis.

183 2149 464 2205 Attendite
495 2151 700 2222 gradus
730 2151 882 2216 istos,
926 2151 1053 2220 quia
1093 2151 1267 2220 printa
1295 2149 1381 2204 lex
1408 2160 1492 2206 est
1520 2151 1780 2206 immacu-

187 2236 326 2302 lata;
370 2239 627 2302 secunda,
666 2239 868 2312 magis;
919 2240 1080 2296 tertia
1124 2241 1382 2307 maxime,
1423 2241 1500 2297 sic
1556 2251 1612 2297 et
1653 2257 1781 2298 con-

186 2339 403 2384 vertens
436 2331 672 2387 animas.

257 2421 653 2478 Testimonium
685 2424 893 2482 Domini
923 2427 1047 2483 bina
1083 2429 1243 2485 habet
1283 2431 1604 2496 accidentia,
1642 2430 1782 2486 scili-

188 2522 275 2568 cet
296 2513 456 2570 ﬁdele
475 2517 793 2586 sapientiam
814 2531 1082 2590 praestans
1103 2523 1364 2592 parvulis.
1389 2523 1781 2580 Testimonium

192 2608 405 2665 Domini
435 2604 656 2680 dicitur,
685 2628 1019 2686 quacunque
1058 2618 1111 2671 in
1154 2618 1371 2689 scriptis
1399 2619 1601 2675 sanctis
1634 2619 1784 2675 testi-

191 2701 391 2758 ﬁcatur
405 2704 685 2770 Dominus,
704 2717 796 2762 aut
810 2709 1126 2777 promittens
1141 2719 1232 2765 aut
1246 2711 1586 2781 prazcipiens.
1605 2711 1785 2768 Conti-

193 2806 396 2853 nentur
423 2799 603 2870 itaque
632 2801 941 2857 testimonia
986 2804 1038 2857 in
1079 2805 1360 2875 promissis
1402 2815 1454 2861 et
1479 2806 1784 2878 praeceptis,

194 2893 320 2964 quia
338 2910 462 2966 qua:
477 2897 768 2966 promittit,
784 2898 942 2954 solvit
957 2900 1071 2955 sive
1082 2900 1244 2969 justis
1259 2901 1499 2971 praemia,
1519 2901 1630 2956 sive
1648 2900 1786 2970 inju-

195 2985 266 3041 tis
289 2994 582 3040 tormenta.
619 2987 954 3058 Sapientiam
975 3000 1238 3061 pnestans
1257 2991 1517 3062 parvulis,
1543 2991 1594 3046 in
1617 3006 1786 3062 quan-

196 3086 310 3133 tum
327 3087 413 3134 est
443 3079 792 3151 praecipiens;
819 3083 943 3153 quia
969 3085 1059 3155 qui
1087 3083 1293 3154 parvuli
1317 3083 1786 3146 suntseientia,ex

196 3173 486 3244 prseceptis
507 3173 724 3230 Domini
751 3175 1052 3232 redduntur
1081 3179 1370 3248 sapientes,
1411 3187 1469 3232 ut
1500 3177 1572 3232 ibi
1600 3187 1785 3233 osten-

1951 1955 2159 2011 Jttdicia
2215 1974 2342 2013 vero
2389 1959 2602 2016 Domini
2643 1977 2741 2017 suo
2789 1964 3138 2032 quaternario
3181 1965 3470 2020 vehuntur.

1883 2045 2022 2100 Sunt
2072 2063 2221 2113 vera,
2275 2049 2570 2119 jttstiﬁcata
2618 2051 2670 2106 itt
2724 2052 3035 2122 semetipsa,
3097 2054 3478 2110 desiderabilia

1883 2152 2044 2207 super
2065 2154 2258 2194 aurum
2289 2150 2343 2195 et
2370 2140 2602 2212 lapidem
2628 2143 2926 2212 pretiosum
2951 2143 3200 2210 ntultutn,
3231 2145 3474 2200 dulciora

1887 2246 2050 2300 super
2077 2232 2206 2297 ntel,
2238 2241 2292 2287 et
2325 2232 2524 2288 favum.
2559 2233 2768 2290 Judicia
2813 2233 3024 2291 Domini
3065 2245 3190 2292 sunt
3244 2239 3479 2293 retribu-

1886 2323 2079 2388 tiones,
2108 2325 2305 2394 quibus
2347 2324 2426 2381 vel
2475 2327 2734 2396 rcprobos
2769 2329 2954 2399 punit,
2984 2328 3068 2385 vel
3094 2329 3268 2400 justos
3300 2345 3477 2384 remu-

1885 2423 2058 2468 ttcrat.
2091 2414 2164 2469 Ea
2193 2417 2440 2486 quamvis
2475 2418 2583 2474 sint
2619 2429 2759 2490 saepe
2784 2419 3022 2486 occulta,
3055 2436 3269 2494 semper
3299 2431 3482 2478 tamen

1885 2522 2010 2563 vera
2035 2519 2190 2575 sunt;
2217 2500 2270 2565 et
2288 2510 2457 2581 justa,
2491 2513 2775 2566 veritatem
2796 2511 2929 2582 justi
2949 2511 3149 2581 judicis
3173 2513 3478 2582 sequentia.

1888 2601 2027 2657 Sunt
2072 2603 2370 2674 justiﬁcata
2419 2607 2469 2659 in
2516 2605 2838 2677 semetipsa,
2895 2623 3000 2661 non
3051 2606 3191 2661 sicut
3241 2607 3478 2660 humana

1881 2695 2108 2766 judicia,
2147 2711 2267 2765 qua:
2313 2696 2528 2753 aliunde
2553 2697 2880 2765 formantur,
2917 2699 3061 2754 sicut
3094 2715 3159 2753 ex
3192 2698 3475 2768 allegatio-

1888 2787 2047 2842 nibus
2073 2790 2481 2855 advocatorum,
2511 2798 2564 2843 et
2606 2805 2672 2845 ex
2713 2790 3145 2861 depositionibus
3180 2792 3395 2846 testium
3428 2801 3485 2845 et

1888 2880 2302 2938 recitationibus
2357 2882 2862 2938 instrumentorum.
2917 2881 3070 2938 Unde
3128 2891 3181 2938 et
3229 2898 3324 2954 per
3381 2883 3485 2937 hoc

1891 2988 2030 3044 sape
2071 2973 2586 3044 l'allunturjudiees,
2625 2984 2680 3030 et
2716 2977 2966 3046 quamvis
2992 2976 3126 3032 ordo
3164 2975 3486 3048 judiciarius

1889 3073 2157 3132 servetur,
2191 3083 2578 3138 nonnunquam
2621 3077 2803 3123 tamen
2853 3069 3112 3124 innocens
3156 3071 3490 3125 condemna-

1895 3163 2016 3221 tur,
2058 3166 2114 3211 et
2154 3173 2355 3214 nocens
2402 3157 2718 3214 absolvitur.
2776 3156 2984 3215 iudicia
3035 3169 3217 3215 autem
3277 3159 3373 3215 Dei
3419 3174 3489 3214 ex

195 3239 344 3318 ditur
372 3239 392 3318 ἕ
419 3284 438 3316 ι
469 3265 514 3320 Α
542 3266 813 3323 mandatis
836 3269 940 3323 tuis
963 3239 1224 3325 intellexi.
1254 3289 1272 3322 ι
1307 3239 1402 3325 Est
1429 3271 1610 3342 itaque
1633 3269 1790 3327 ridete
1817 3239 1863 3303 ο
1893 3247 2198 3342 εβιιιειῖνεὶε
2229 3246 2672 3316 ἱιιειῐηείιιῑοηθιιι
2715 3251 3009 3322 accipiunt.
3057 3252 3198 3307 sicut
3234 3266 3329 3322 per
3359 3268 3486 3323 pro-

199 3354 575 3411 testimonium
622 3357 833 3413 Domini
878 3359 931 3413 in
983 3359 1364 3431 explanatione
1396 3371 1790 3432 prmccptorum

196 3443 335 3512 ejus.
360 3445 419 3500 ln
439 3447 615 3518 primo
630 3449 866 3520 intellige
883 3448 992 3522 58
1008 3452 1394 3522 prontissiones
1417 3461 1470 3507 et
1496 3453 1794 3508 commina-

198 3537 410 3602 tiones;
441 3537 491 3591 in
521 3539 759 3596 secundo
787 3541 1198 3611 prohibitiones.
1229 3541 1410 3599 Fidele
1436 3553 1540 3609 est,
1568 3543 1794 3614 promit-

197 3633 326 3680 tens
348 3635 403 3680 et
431 3629 800 3697 comminans;
845 3631 1166 3702 sapientiam
1212 3641 1477 3704 praestans
1529 3634 1793 3706 parvulis,

199 3719 500 3788 prohibens
519 3729 573 3776 et
598 3722 940 3793 praecipiens.

272 3809 509 3865 Iustitia:
547 3812 760 3866 Domini
792 3812 934 3869 binis
976 3823 1367 3870 convertuntur
1406 3817 1794 3882 accidentibus,

201 3915 323 3970 qua:
347 3909 496 3967 sunt,
526 3911 707 3967 recte,
730 3902 1065 3959 lzetitieantes
1093 3906 1276 3960 corda.
1307 3905 1538 3962 J‘ustitire
1563 3907 1795 3970 Domini,

201 4008 370 4061 opera
395 3994 666 4063 justorum
703 4012 716 4048 :
753 3994 895 4051 unde
930 4005 984 4051 et
1022 3996 1121 4067 ipsi
1145 3996 1273 4066 justt
1303 3998 1660 4068 appellantur.
1691 3999 1798 4054 Sed

203 4083 467 4138 dicuntur
489 4099 609 4140 esse
645 4084 880 4150 Domini,
909 4087 1058 4156 quia,
1088 4107 1105 4139 ι
1138 4104 1297 4143 omne
1323 4088 1505 4142 datum
1535 4090 1798 4158 optimum

204 4187 258 4232 et
281 4192 446 4232 omne
478 4177 679 4233 donum
725 4180 1022 4250 perfectum
1070 4181 1136 4234 de
1182 4196 1398 4234 sursum
1437 4191 1542 4245 est,
1575 4181 1800 4236 descen-

205 4269 342 4324 dens
369 4284 400 4322 a
435 4267 598 4325 Patre
643 4270 903 4324 luminum
937 4269 1078 4338 (Jac.
1115 4271 1172 4343 ι).
1208 4291 1224 4322 i
1257 4270 1395 4338 Quid
1432 4272 1574 4326 enim
1611 4272 1797 4336 habes,

203 4377 240 4412 υ
282 4360 471 4425 homo,
517 4360 661 4430 quod
708 4376 813 4416 non
857 4362 1149 4432 accepisti?
1181 4361 1242 4432 (1
1286 4362 1406 4417 Cor.
1458 4366 1562 4432 tv).
1607 4363 1736 4419 Item
1783 4385 1795 4418 :

212 4471 229 4500 ι
263 4451 452 4506 Gratia
490 4451 584 4506 Dei
615 4467 734 4505 smn
763 4451 814 4506 id
851 4453 994 4522 quod
1021 4468 1138 4507 sum
1173 4451 1224 4522 (Ι
1255 4451 1379 4506 Cor.
1410 4456 1520 4520 xv).
1555 4475 1572 4506 ι
1606 4455 1678 4508 Ea
1707 4470 1800 4508 att—

209 4551 316 4596 tem
381 4557 550 4613 opera
608 4542 832 4613 justitiie
872 4542 1131 4614 appellari
1195 4553 1451 4613 possunt,
1517 4559 1636 4612 quae
1695 4541 1799 4597 ﬁde

208 4642 513 4689 nascuntur
551 4643 608 4689 et
651 4633 939 4690 dilectione
977 4645 1442 4689 consummantur.
1487 4633 1618 4688 Nam
1661 4635 1801 4690 sicut

205 4725 327 4780 sine
376 4723 484 4781 ﬁde
534 4725 871 4794 impossibile
920 4735 1004 4781 est
1051 4741 1376 4796 quemquam
1428 4725 1642 4796 placere
1695 4727 1800 4781 Deo

207 4815 410 4886 (Hebr.
442 4816 540 4887 tt),
600 4816 673 4871 ita
714 4825 770 4871 et
821 4817 956 4873 ﬁdes
999 4816 1118 4871 sine
1156 4818 1410 4886 operibus
1455 4827 1667 4872 mortua
1717 4828 1803 4872 est

209 4907 352 4978 (Jac.
386 4913 464 4977 ιι).
495 4907 662 4963 Fides
707 4915 910 4973 autem,
938 4923 1059 4978 qua:
1094 4922 1192 4976 per
1219 4907 1561 4962 dilectionem
1608 4921 1802 4978 opera-

211 5010 320 5065 tur,
351 5009 407 5056 et
433 4999 652 5070 proﬁcit
689 5007 744 5054 et
770 4999 958 5055 sullicit
990 4999 1058 5053 ad
1091 4999 1340 5055 salutem.
1379 4999 1472 5054 lla:
1497 5008 1620 5055 sunt
1642 4997 1801 5069 justi-

211 5094 298 5148 tia:
340 5093 555 5149 Domini
606 5100 788 5157 rectae,
829 5092 1164 5148 laetiﬁcantes
1211 5091 1374 5148 corda
1424 5107 1522 5164 per
1552 5107 1801 5149 serenam

1891 3341 2110 3414 pltetam
2161 3342 2400 3398 dicitur:
2440 3363 2456 3394 ι
2490 3343 2603 3399 Non
2655 3344 2955 3400 secundum
3004 3345 3270 3400 visionem
3306 3345 3491 3401 oculo-

1894 3452 2012 3491 rum
2035 3436 2326 3508 jmlieabit,
2374 3453 2473 3492 nec
2514 3438 2811 3492 secundum
2859 3437 3104 3493 auditum
3133 3433 3358 3492 aurium
3392 3453 3486 3510 ar-

1895 3537 2039 3598 guet,
2073 3528 2166 3583 sed
2201 3526 2468 3596 judicabit
2496 3529 2546 3583 in
2575 3529 2789 3598 justitia
2823 3543 3112 3600 pauperes,
3137 3537 3189 3584 et
3216 3539 3406 3597 arguet
3435 3528 3490 3583 in

1895 3622 2151 3692 aequitate
2198 3636 2296 3690 pro
2351 3621 2650 3676 mansuetis
2699 3630 2858 3676 terrae
2910 3619 3077 3692 (lsai.
3123 3619 3232 3690 xi).
3269 3640 3287 3672 ›
3349 3617 3492 3674 Sunt

1896 3724 2074 3770 autem
2124 3715 2528 3781 desiderabilia,
2577 3717 2629 3771 id
2665 3726 2767 3782 est,
2820 3716 3118 3772 desiderari
3169 3715 3488 3786 dignissima

1897 3823 2058 3878 super
2091 3809 2309 3864 divitias
2347 3820 2404 3865 et
2435 3810 2677 3866 delicias.
2712 3811 2771 3865 In
2797 3825 2932 3866 auro
2958 3819 3013 3867 et
3042 3809 3220 3880 lapide
3250 3811 3491 3880 pretioso

1900 3901 2137 3973 intellige
2171 3903 2414 3970 divitias;
2447 3905 2498 3958 in
2532 3903 2711 3971 melle,
2749 3913 2803 3959 et
2841 3904 2967 3959 favo
3001 3903 3244 3960 delicias.
3279 3903 3490 3957 Divitia:

1900 4002 2083 4048 autem
2121 3995 2357 4050 maxime
2395 3995 2765 4065 intelliguntur
2793 3996 2846 4050 in
2883 3995 3110 4066 pecunia
3142 4003 3200 4051 et
3225 3995 3489 4067 potentia.

1899 4081 2009 4153 59
2037 4083 2140 4138 Per
2169 4084 2400 4155 lapidem
2429 4087 2724 4157 pretiosum
2744 4127 2759 4151 ,
2791 4102 2900 4156 quo
2925 4095 3173 4156 potentes
3198 4095 3253 4140 et
3285 4084 3495 4140 nobiles

1895 4183 2148 4242 utuntur,
2195 4175 2362 4246 gloria
2410 4177 2686 4248 potentiae.
2744 4158 2912 4233 Porro
2966 4177 3168 4232 divitia:
3206 4175 3328 4231 alia:
3367 4190 3494 4232 cum

1899 4265 2214 4324 difﬁcultate
2263 4271 2654 4340 acquiruntur,
2701 4271 2843 4325 alia)“
2885 4269 3004 4325 sine
3051 4268 3389 4324 diﬂicultate.
3433 4265 3498 4322 In

1902 4359 2082 4425 melle,
2114 4359 2258 4430 quod
2286 4359 2548 4430 liquidum
2587 4370 2672 4416 est
2699 4361 2933 4426 deliciae,
2961 4368 3016 4416 et
3039 4359 3344 4428 voluptates
3374 4355 3497 4412 sine

1902 4448 2111 4504 labore.
2135 4449 2190 4504 In
2222 4450 2366 4515 favo,
2398 4453 2542 4522 quod
2583 4451 2688 4506 mel
2721 4462 2774 4507 et
2804 4465 2988 4506 ceram
3027 4451 3272 4505 continet
3307 4449 3493 4514 simul,

1905 4541 2208 4612 voluptates
2234 4560 2358 4598 cum
2385 4543 2719 4598 difﬁcultate.

1833 4601 1880 4658 υ
1981 4601 2121 4687 Ecce
2154 4633 2372 4702 quidant
2414 4634 2570 4688 ludus
2602 4633 2927 4702 judiciarius
2973 4634 3216 4689 occurrit
3254 4634 3410 4688 nobis
3442 4634 3495 4688 itt

1911 4722 2212 4792 Scripturis
2240 4724 2405 4778 Deum
2431 4722 2645 4777 Patrem
2675 4733 3092 4794 repnnsentans.
3122 4723 3301 4779 Lucus
3330 4724 3497 4793 juris.

1910 4817 1964 4871 in
1992 4831 2099 4886 quo
2133 4815 2435 4872 Advocatus
2473 4826 2658 4872 noster
2683 4816 2952 4888 postulat,
2977 4817 3288 4889 patibulum
3317 4818 3506 4872 crucis

1911 4904 2031 4962 fuit.
2078 4905 2213 4960 Cum
2271 4905 2415 4961 enim
2459 4922 2522 4961 ex
2583 4905 2762 4986 pﬂicio
2812 4921 2914 4962 suo
2969 4907 3220 4964 advocati
3265 4909 3504 4964 habeant

1908 5008 2076 5065 stare,
2096 4999 2208 5068 ipse
2224 5015 2328 5056 non
2346 5007 2519 5065 stans,
2539 4999 2634 5054 sed
2660 5009 2776 5059 toto
2791 5014 3023 5068 corpore
3037 5010 3263 5058 extenso
3281 5002 3334 5057 in
3355 5000 3502 5070 ligno

1909 5090 2110 5153 crucis,
2137 5092 2280 5160 apud
2312 5089 2527 5144 Patrem
2558 5106 2654 5160 pro
2686 5094 2845 5152 nobis
2875 5088 3152 5161 allegavit,
3180 5092 3507 5148 desiderium
