3946 5368
381 273 392 280 ’
439 284 553 347 567.

1043 285 1100 340 S'.
1133 284 1334 342 I’ETRI
1373 284 1655 342 DAMMNI
1694 281 1847 341 OPP.
1872 279 2051 336 PARS
2089 277 2219 333 SEU
2256 279 2497 339 TOMUSV
2528 282 2591 339 II.
2632 316 2703 325 ——
2739 285 3137 345 SERMONES‘.
3192 309 3196 313 '

3609 284 3718 348 563

434 400 756 471 proponitur
795 398 1053 454 adversus
1099 415 1222 454 eum
1257 400 1348 470 qui
1391 401 1629 472 possidet
1656 414 1754 470 pro
1780 398 2016 464 herede,
2048 401 2095 458 Α
2127 407 2378 469 tanquam
2408 410 2527 471 post
2556 401 2812 461 hibernas
2839 404 3132 463 furentium
3162 418 3450 467 ventorum
3476 413 3719 467 nivium-

437 490 525 545 vel
575 496 904 562 possessore.
950 488 1057 544 Pro
1098 490 1315 546 hterede
1367 491 1608 562 possidet
1655 490 1748 562 qui
1793 491 1925 547 dicit
1963 505 2023 546 se

393 631 404 667 ν
438 578 707 663 bat-redem
742 594 884 644 esse,
925 594 1050 634 cum
1087 595 1192 635 non
1222 582 1328 647 sit;
1359 597 1461 652 pro
1502 596 1818 652 possessore
1852 582 2035 652 possi-‘

438 658 528 728 det
565 662 710 742 quis,
742 689 863 729 cum
897 672 1041 728 nullo
1073 673 1227 730 titulo
1254 683 1436 746 potest
1465 676 1600 731 tueri
1631 691 1786 730 suam
1812 689 2029 746 posses-

438 766 674 830 sionem,
708 766 823 836 qui,
856 765 901 822 si
944 766 1257 836 requiratur
1282 782 1451 839 quare
1490 767 1786 838 possideat,
1825 766 2033 821 nullam

441 860 605 917 aliam
648 875 868 915 causam
901 860 1120 932 allegat.
1158 860 1260 916 nisi
1299 861 1427 930 quia
1455 859 1535 915 sic
1564 858 1832 929 possideo.
1859 856 2029 914 Recte

438 959 620 1006 autem
650 950 930 1020 proposuit
956 951 1212 1007 Dominus
1234 960 1420 1005 noster
1448 950 1709 1006 adversus
1729 947 2026 1013 diabolum,

439 1042 531 1111 qui
576 1043 946 1099 haereditatem
994 1043 1205 1098 Domini
1238 1059 1334 1115 pro
1368 1058 1682 1113 possessore
1719 1040 2031 1112 possidebat

442 1134 713 1205 malignus
742 1136 942 1207 praedo.
977 1136 1052 1191 De
1091 1152 1197 1206 qun
1240 1137 1501 1207 propheta
1535 1151 1551 1190 :
1586 1155 1605 1186 ι
1636 1134 1728 1191 Va:
1756 1137 1846 1205 qui
1884 1150 2039 1206 prter

395 1275 403 1283 .
441 1226 610 1291 daris,
636 1243 818 1283 nonne
846 1227 959 1298 ipse
985 1228 1352 1298 prmdabcris?
1375 1227 1532 1300 (Isai.
1557 1227 1761 1300 xxxtn)
1785 1248 1804 1280 ι

512 1317 571 1372 In
618 1318 722 1374 hac
770 1319 1145 1386 advocatione,
1192 1320 1305 1375 sive
1352 1320 1716 1390 postulatione
1769 1321 2030 1376 Advocati

445 1411 619 1466 nostri
666 1411 901 1466 maxime
940 1413 1140 1480 gaudet
1192 1411 1430 1467 Ecclesia
1476 1412 1565 1467 die
1618 1412 2033 1468 resurrectionis

446 1502 764 1567 Dominiear,
792 1502 916 1574 quia
946 1504 1254 1560 Advocatus
1282 1504 1589 1574 postulavit.
1613 1505 1739 1576 quia
1764 1504 2034 1575 postuiata

444 1594 788 1665 impetravit,
837 1596 963 1665 quia
1025 1597 1313 1667 impetrata
1372 1596 1606 1652 obtinuit
1656 1606 1711 1652 et
1770 1599 2029 1669 possedit.

444 1690 579 1748 Inde
602 1701 688 1748 est
720 1693 862 1763 quod
895 1693 1180 1765 tripliciter
1208 1692 1420 1748 laudem
1453 1692 1750 1764 subjungit.
1782 1690 2033 1748 Introdu-

446 1803 579 1842 eens
618 1788 765 1842 enim
805 1786 1004 1843 Filium
1048 1788 1358 1858 loquentem
1406 1787 1473 1841 ad
1503 1786 1743 1849 Patrem,
1769 1796 1824 1841 et
1852 1786 2034 1842 dicen-
2066 1762 2113 1819 Β

446 1889 555 1935 tem
576 1898 592 1934 :
609 1898 627 1930 ι
648 1878 919 1935 Postulavi
942 1879 1159 1934 Patrem
1185 1895 1393 1944 meum;
1414 1897 1435 1928 ι
1451 1878 1693 1935 Ecclesia
1711 1877 2001 1949 respondet
2019 1896 2031 1929 :

454 1990 473 2023 ι
504 1972 763 2035 Alleluia,
785 1992 806 2024 ›
839 1972 890 2027 id
918 1981 1023 2040 est,
1044 1972 1147 2027 Deo
1168 1972 1371 2038 laudes,
1389 1973 1514 2042 quia
1541 1971 1847 2041 postulasti.
1868 1972 1998 2026 Item
2022 1988 2034 2024 :

457 2084 474 2114 ι
498 2064 655 2118 Dedit
674 2064 804 2119 mihi
833 2075 1038 2135 gentes.
1073 2083 1092 2117 ι
1124 2063 1190 2118 Et
1219 2063 1510 2133 respondet
1532 2062 1771 2118 Ecclesia
1802 2079 1815 2116 :
1849 2081 1869 2115 ι
1897 2062 2045 2117 Alle-

449 2155 632 2221 luiap
663 2155 715 2210 id
738 2153 974 2221 θεία)εο
1002 2153 1206 2217 laudes,
1230 2153 1355 2222 quia
1381 2152 1703 2221 impetrasti.
1731 2152 1861 2207 Item
1894 2170 1907 2206 :
1943 2151 2040 2208 tln

454 2247 826 2304 litercditatcm
858 2246 988 2300 mihi
1041 2243 1214 2315 (l’sal.
1249 2245 1333 2313 ιι).
1369 2264 1389 2296 ι
1444 2244 1761 2317 Respondet
1799 2263 1810 2298 :
1856 2264 1876 2298 ι
1899 2244 2045 2301 Alte.

454 2338 597 2402 Iuia;
648 2357 666 2387 ι
723 2337 846 2406 quia
875 2334 1156 2390 ohtinuisti
1186 2341 1240 2389 et
1268 2335 1580 2404 possedisti.

524 2428 913 2484 Consocicmnr
941 2428 1105 2499 igitur
1124 2436 1179 2483 et
1206 2443 1305 2484 nos
1326 2429 1380 2483 in
1406 2429 1547 2485 hanc
1572 2428 1787 2485 Iaudem
1825 2430 2046 2486 univer-

461 2520 585 2577 salis
613 2519 897 2587 Ecclesiae,
928 2529 984 2573 ut
1023 2534 1146 2574 cum
1193 2520 1383 2576 electis
1429 2520 1484 2575 in
1527 2521 1897 2578 haereditatem
1945 2521 2048 2576 Do-

456 2613 587 2667 mini
624 2612 900 2675 intraturi,
937 2610 1004 2666 ad
1036 2610 1492 2666 resurrectionem
1521 2610 1734 2666 Domini
1762 2610 2047 2683 pervenire

452 2704 731 2758 valeamus
778 2710 1038 2774 perpetuo
1085 2701 1344 2772 gavisuri.
1407 2700 1558 2769 Quod
1610 2701 1726 2771 ipse
1783 2710 2048 2772 prtestaro

457 2798 707 2868 dignetur
736 2796 835 2866 qni
861 2795 991 2851 vivit
1019 2805 1078 2849 et
1102 2802 1296 2866 regnat
1320 2808 1419 2864 per
1445 2794 1626 2850 omnia
1648 2793 1847 2850 saecula
1877 2808 2049 2850 sarcu-

457 2886 655 2940 Iorunt.
690 2885 881 2940 Amen.

463 3128 703 3190 XXIII.
742 3128 958 3201 Sermo
991 3128 1064 3189 de
1090 3129 1156 3189 S.
1201 3125 1472 3205 Georgio
1503 3133 1802 3205 martyre.

462 3209 671 3271 XXV.
716 3209 930 3271 Sermo
961 3208 998 3268 I
1032 3206 1104 3267 de
1127 3207 1198 3269 S.
1231 3203 1450 3267 Marco
1484 3203 1882 3285 evangelista.

542 3288 758 3350 Sermo
794 3287 868 3349 ΙΙ
899 3285 973 3347 de
1003 3286 1230 3348 eodem.

543 3369 755 3429 Sermo
787 3367 902 3428 Ill
934 3366 1008 3427 de
1040 3364 1267 3427 eodem.

466 3446 770 3509 XXVIII.
813 3446 1025 3509 Sermo
1060 3444 1200 3508 Ide
1239 3445 1306 3507 S.
1350 3442 1547 3509 Vitale
1595 3451 1872 3523 martyre

541 3527 755 3589 Sermo
779 3526 859 3589 II
884 3524 958 3588 de
988 3524 1213 3589 eodem.

976 3649 1090 3723 so
1129 3647 1366 3706 εει).Μο
1404 3647 1541 3703 xui.

646 3786 651 3791 .
700 3763 766 3801 ne
804 3761 852 3801 ε.
890 3759 1120 3801 eeoncto
1157 3757 1436 3799 narras.
1476 3747 1639 3812 (χχιιι
1673 3739 1822 3811 ara.)

543 3837 812 3894 Hodierna
844 3836 1132 3900 festivitas,
1172 3833 1535 3899 dilectissimi,
1563 3831 1840 3904 paschalis
1869 3829 2059 3901 gloria

462 3927 710 3983 laetitiam
742 3928 1006 3995 geminat,
1033 3934 1090 3983 et
1116 3925 1264 3980 velut
1306 3925 1546 3996 pretiosa
1586 3936 1798 3994 gemma
1841 3935 2059 3988 aurum,

473 4021 560 4078 cui
590 4018 940 4089 imprimitur,
976 4018 1175 4074 decore
1205 4015 1410 4087 proprii
1453 4013 1758 4086 splendoris
1804 4012 2057 4068 illustrat.

474 4117 615 4183 Apte
645 4112 901 4168 nimirum
927 4112 1032 4168 hoc
1060 4110 1399 4183 potissimum
1432 4117 1678 4178 tempore
1705 4106 1867 4162 beato
1893 4105 2065 4162 Geor-

475 4207 568 4276 gio
613 4218 932 4262 concessum
975 4213 1058 4259 est
1110 4200 1461 4271 triumphare,
1507 4198 1749 4270 quando,
1790 4208 2061 4255 transacta

474 4286 728 4357 hiemalis
766 4280 1110 4354 inclementia
1155 4295 1422 4359 turbinis,
1478 4293 1648 4349 austri
1689 4291 1881 4348 fomite
1917 4307 2067 4349 reso-

477 4389 614 4452 into,
642 4388 763 4444 Irata
795 4397 941 4445 terra
977 4385 1234 4444 alacriter
1275 4384 1538 4455 parturit,
1567 4391 1625 4439 et
1660 4384 2069 4453 erumpentibus

477 4482 710 4538 diversis
738 4481 1031 4536 herbarum
1058 4488 1219 4548 atque
1254 4477 1510 4532 arborum
1538 4472 1780 4538 ﬂoribus,
1813 4481 2067 4543 tanquam

486 4575 854 4637 adolescente,
882 4582 944 4629 ut
973 4573 1048 4628 ita
1077 4572 1290 4642 loquar,
1320 4577 1482 4624 aetate
1508 4565 1772 4639 pubescit.
1802 4564 2072 4637 Georgius

480 4665 750 4737 siquidem
780 4664 1000 4731 Gratcc,
1033 4673 1188 4718 terra!
1214 4659 1387 4716 cultor
1414 4658 1612 4715 Latino
1641 4665 1801 4714 sonat
1830 4655 2066 4727 eloquio,

480 4758 574 4830 qui
609 4758 903 4822 nimirum,
943 4754 1097 4823 juxta
1146 4754 1228 4810 sui
1272 4752 1595 4823 prtesagium
1651 4749 1910 4813 nominis,
1962 4764 2068 4804 non

483 4851 647 4904 modo
684 4865 796 4906 Sine
827 4848 1023 4905 mentis
1065 4862 1258 4914 agrum
1297 4843 1599 4915 spiritualis
1628 4841 1877 4897 exercitii
1907 4838 2071 4896 disci-

482 4941 647 5011 plinis
674 4941 934 5006 excoluit,
974 4940 1069 4995 sed
1099 4944 1157 4994 et
1185 4945 1389 4992 sanctae
1435 4931 1829 4990 exhortationis
1870 4939 1928 4986 et
1967 4930 2075 5000 piae

2126 508 2232 563 que
2258 493 2545 564 procellas,
2575 496 2853 553 oraculum
2883 499 2984 555 hoc
3007 500 3205 557 divina:
3234 505 3435 557 meruit
3473 506 3717 560 vocatio-

2127 583 2211 642 nis
2242 585 2435 641 andire
2477 604 2490 640 :
2540 604 2559 638 t
2593 586 2757 653 Veni,
2799 588 3003 659 inquit,
3041 591 3293 648 columba
3328 610 3475 660 mea,
3520 611 3718 667 SpOnsa

2128 692 2271 743 mea,
2304 676 2537 733 formosa
2571 695 2725 747 mea;
2750 679 2863 750 jam
2888 683 3061 740 hiems
3088 685 3325 753 transiit,
3352 687 3535 742 imber
3559 691 3720 754 abiit,

2128 776 2178 822 et
2210 770 2467 836 recessit;
2499 768 2658 827 flores
2682 785 3053 843 apparuerunt
3082 776 3139 830 in
3159 786 3309 832 terra
3331 788 3556 845 nostra;
3589 792 3727 835 temo

2128 875 2229 928 pus
2249 860 2559 931 'putationis
2587 863 2808 920 advenit
2836 865 3014 938 (Cant.
3037 867 3122 940 ιι).
3157 888 3176 922 ι
3219 868 3384 926 Plane
3417 873 3490 927 de
3527 872 3722 928 militia

2130 953 2429 1010 translatus
2455 963 2541 1011 est
2577 954 2632 1010 in
2668 955 2937 1022 militiam,
2975 959 3103 1027 quia
3149 961 3351 1015 terreni
3387 961 3724 1029 tribunatus,

2131 1061 2238 1115 quo
2286 1045 2631 1117 fungebatur,
2678 1047 2912 1104 ofﬁcium
2971 1048 3298 1107 Christianae
3335 1053 3550 1109 militiae
3597 1070 3727 1126 pro-

2132 1139 2365 1197 fessione
2391 1140 2640 1209 mutavit,
2668 1152 2744 1209 et,
2777 1150 2836 1198 ut
2863 1157 3052 1199 revera
3091 1153 3345 1202 strenuus
3379 1147 3544 1204 miles
3576 1149 3734 1219 prius

2131 1231 2315 1299 omnia
2350 1246 2447 1286 sua
2496 1233 2828 1305 pauperibus
2867 1233 3129 1301 tribuens,
3178 1237 3453 1293 sarcinam
3497 1247 3733 1295 terrente

2135 1324 2408 1382 facultatis
2434 1324 2660 1396 abjccit;
2695 1326 2881 1399 sicque
2907 1326 3069 1391 iiber,
3090 1336 3147 1382 et
3170 1328 3481 1399 expeditus,
3512 1345 3578 1384 ac
3604 1330 3731 1384 fidei

2137 1415 2300 1483 lorica
2334 1415 2657 1487 pmcinctus
2684 1416 2737 1471 in
2775 1416 2948 1486 ipsam
2987 1418 3143 1473 densi
3191 1419 3516 1474 certaminis
3552 1420 3726 1474 aciem

2139 1509 2376 1563 fervidus
2396 1524 2454 1565 se
2481 1508 2682 1566 Christi
2707 1509 2935 1566 bellator
2961 1510 3246 1574 immersit,
3274 1521 3494 1567 servato
3519 1512 3731 1568 scilicet

2138 1598 2347 1664 ordine,
2379 1608 2437 1653 ut
2471 1615 2653 1655 rerum
2687 1597 2901 1671 pondus
2927 1610 3057 1657 ante
3084 1602 3401 1671 deponeret,
3443 1611 3615 1674 atque
3652 1603 3729 1656 ita

2141 1690 2483 1761 postmodum
2540 1691 2607 1747 ad
2656 1707 2910 1765 campum
2957 1693 3274 1750 certaminis
3322 1693 3734 1766 imperterritus

2138 1782 2429 1854 prosiliret.

2210 1874 2365 1930 Unde
2399 1884 2484 1931 est
2520 1876 2663 1947 quod
2702 1876 2756 1931 in
2792 1880 2909 1948 lege
2950 1876 3299 1949 praecipitur,
3337 1887 3400 1934 ut
3428 1878 3597 1933 homo
3626 1872 3736 1933 for;

2140 1968 2453 2031 midolosus,
2476 1979 2530 2023 et
2552 1968 2715 2026 corde
2739 1970 2934 2039 pavido
2957 1985 3062 2026 non
3085 1972 3393 2043 egrediatur
3414 1973 3485 2028 ab
3506 1971 3737 2037 bellum,

2140 2058 2235 2115 sed
2263 2058 2444 2122 vadat,
2475 2057 2673 2129 inquit,
2704 2069 2760 2115 et
2784 2068 3089 2115 revertatur
3121 2059 3189 2115 ad
3218 2069 3425 2117 terram
3454 2076 3641 2129 suam,
3664 2077 3736 2118 ne

2141 2164 2338 2219 pavere
2368 2148 2532 2204 faciat
2558 2149 2720 2204 corda
2760 2149 2991 2205 fratrum
3037 2166 3284 2225 suorutn,
3328 2152 3474 2209 sicut
3518 2162 3577 2209 et
3622 2154 3738 2223 ipse

2144 2242 2464 2313 perterritus
2498 2249 2583 2297 est
2621 2242 2799 2311 (Deut.
2835 2244 2952 2313 xx).
2998 2243 3208 2311 Quibus
3243 2245 3504 2301 nimirum
3555 2247 3737 2301 verbis

2144 2333 2350 2404 liquido
2392 2334 2752 2404 pet-docemur
2777 2334 2903 2404 quia
2939 2350 3038 2405 pro
3073 2336 3389 2393 defensioue
3417 2336 3544 2394 ﬁdei
3575 2337 3733 2393 dimi-

2144 2440 2271 2497 care
2298 2425 2511 2481 fortiter
2552 2437 2609 2482 et
2658 2426 2852 2482 idonee
2882 2436 3159 2497 nequeunt
3192 2429 3286 2499 qui
3321 2428 3505 2484 adhuc
3543 2428 3737 2483 nudari

2149 2517 2381 2575 terrenis
2424 2517 2617 2590 opibus
2670 2519 3100 2589 pertimescunt;
3143 2518 3595 2589 tolerabiliusque
3632 2526 3731 2577 est.

2145 2619 2208 2665 ut
2254 2610 2474 2665 domum
2533 2609 2931 2679 quodammodo
2985 2611 3275 2666 redeuntes
3331 2609 3644 2682 ignobiliter
3684 2617 3737 2663 et

2149 2684 2391 2756 imbelles
2415 2700 2622 2766 vivant,
2651 2714 2814 2771 quam
2846 2714 3032 2756 secum
3054 2709 3110 2755 et
3147 2699 3284 2756 alios
3307 2715 3337 2754 a
3368 2699 3739 2771 triumphandi

2147 2791 2315 2866 gloria
2345 2806 2443 2863 per
2473 2790 2758 2861 degeneris
2787 2790 3030 2860 exempla
3063 2790 3273 2846 timoris
3307 2799 3580 2846 avertant.
3605 2787 3736 2845 Bea-

2152 2893 2238 2937 tus
2267 2898 2399 2936 vero
2426 2880 2691 2952 Georgius
2722 2882 2898 2937 sancti
2927 2880 3164 2952 Spiritus
3190 2882 3313 2954 igne
3339 2898 3656 2945 succensus,
3684 2890 3737 2938 et

2150 2971 2349 3028 vexillo
2377 2972 2556 3028 crucis
2589 2970 3078 3043 ineXpugnabiliter
3106 2974 3488 3042 prtemunitns,
3515 2973 3597 3028 sic
3621 2989 3737 3029 cum

2155 3066 2339 3137 iniquo
2360 3079 2488 3137 rege
2508 3078 2834 3135 congressus
2859 3070 2968 3131 est,
2994 3072 3056 3119 ut
3081 3072 3138 3121 et
3165 3064 3478 3135 iniquorum
3501 3064 3746 3120 omnium

2152 3159 2453 3232 principem
2517 3158 2572 3214 in
2631 3157 2866 3214 satellite
2918 3157 3196 3223 vinceret,
3247 3166 3305 3213 et
3352 3159 3421 3211 a‘d
3480 3154 3747 3226 agendam

2151 3251 2369 3308 fortiter
2410 3249 2613 3306 Christi
2663 3249 2896 3306 militum
2942 3251 3157 3306 animos
3207 3250 3489 3305 incitaret.
3528 3249 3598 3304 Et
3633 3248 3744 3320 qui—

2153 3345 2275 3416 dem
2302 3342 2676 3399 Diocletianus
2705 3350 2832 3396 tunc
2859 3340 3176 3411 imperator,
3212 3339 3356 3396 sicut
3389 3339 3444 3394 in
3478 3339 3749 3407 descripta

2151 3439 2424 3512 passionis
2467 3437 2585 3510 ejus
2630 3437 2899 3507 reperitur
2952 3435 3203 3501 historia,
3250 3435 3407 3504 cujus
3455 3450 3548 3502 os,
3595 3434 3747 3507 juxta

2152 3532 2519 3596 Psalmistam,
2566 3528 2945 3585 maledictioue
2983 3528 3201 3598 plenum
3254 3539 3406 3593 erat,
3454 3538 3515 3585 et
3552 3527 3750 3583 amari-

2156 3622 2343 3678 tudine
2369 3622 2503 3694 61,
2543 3627 2599 3677 et
2642 3620 2742 3676 sub
2768 3619 2948 3688 lingua
2993 3618 3114 3690 ejus
3159 3618 3314 3676 labor
3361 3628 3419 3676 et
3454 3618 3619 3676 dolor
3659 3619 3749 3689 qui

2157 3713 2380 3770 sedebat
2426 3727 2551 3767 cum
2583 3709 2840 3767 divitibus
2887 3711 2943 3765 in
2985 3708 3261 3776 occultis,
3316 3716 3376 3765 ut
3421 3707 3759 3765 interﬁceret

2158 3805 2543 3869 innocentem,
2591 3801 2855 3873 insidians
2896 3800 3060 3872 quasi
3101 3799 3188 3856 leo
3235 3800 3291 3856 in
3340 3799 3607 3872 spelunca
3658 3812 3753 3853 sua

2158 3896 2331 3968 (Paul.
2360 3895 2442 3969 v),
2482 3894 2659 3967 primo
2702 3893 2858 3964 quasi
2901 3892 3288 3948 vestimentum
3332 3890 3453 3948 ovis
3500 3888 3759 3946 subdolus

2159 3986 2358 4052 induit,
2387 3975 2444 4043 et
2475 3985 2555 4043 sic
2583 3983 2820 4056 quadam
2848 3989 2967 4038 arte
2994 3981 3251 4038 versutiae
3285 3994 3352 4036 ac
3374 3979 3579 4037 fucatis
3608 3977 3753 4035 blan-

2161 4080 2527 4138 dimentorum
2577 4075 2854 4135 coloribus
2899 4074 3051 4129 illum
3080 4073 3309 4130 suadere
3353 4072 3610 4129 tentavit.
3650 4069 3753 4126 Sed

2163 4186 2289 4229 cum
2321 4168 2549 4243 insignis
2588 4166 2795 4224 athleta
2820 4165 3024 4222 Christi
3054 4204 3072 4233 ,
3115 4164 3426 4235 spumantia
3454 4179 3527 4221 ex
3551 4163 3753 4236 antiqui

2164 4263 2433 4335 serpentis
2466 4274 2563 4316 ore
2588 4272 2798 4314 venena
2828 4263 3233 4324 contemneret,
3249 4264 3305 4312 et
3329 4260 3438 4312 rion
3457 4254 3574 4327 jam
3600 4253 3753 4327 primi

2166 4352 2412 4427 parentis
2433 4350 2727 4422 originem,
2762 4347 2856 4404 sed
2886 4345 3110 4403 secundi
3144 4345 3328 4417 potius
3371 4346 3428 4401 in
3472 4361 3536 4402 se
3581 4344 3755 4400 virere

2098 4480 2148 4541 Β
2174 4445 2359 4502 titulos
2384 4442 2805 4503 demonstraret,
2850 4436 3100 4509 protinus
3126 4436 3213 4494 ille
3260 4446 3519 4507 tanquam
3567 4435 3756 4508 sagitta

2174 4537 2243 4594 de
2263 4537 2480 4591 Satanae
2505 4533 2763 4605 pharetra
2806 4528 3085 4601 prodiens,
3117 4527 3408 4584 immanem
3454 4526 3646 4597 lupum
3672 4526 3755 4594 qui

2172 4626 2376 4683 latebat
2413 4622 2646 4699 aperuit,
2685 4628 2741 4675 ct
2785 4618 2856 4674 ad
2897 4615 3179 4674 inferenda
3208 4616 3424 4672 diversa
3473 4629 3757 4687 prunarum

2170 4718 2435 4791 supplicia
2462 4724 2690 4774 cruenta
2709 4712 2879 4770 bestia
2902 4710 3145 4767 feraliter
3172 4708 3440 4765 ebullivit.
3480 4708 3759 4766 Clomera-

2171 4810 2243 4866 tis
2266 4809 2450 4878 itaque
2471 4804 2817 4862 carnificibus
2841 4802 3032 4856 beatus
3060 4808 3264 4871 martyr
3282 4799 3625 4863 extenditur,
3641 4809 3757 4851 ver-

2172 4898 2393 4957 beribus
2416 4895 2678 4959 tunditur,
2701 4891 2850 4946 duris
2870 4888 3108 4944 etedibus
3130 4888 3382 4945 laniatur.
3413 4887 3627 4943 Dehinc
3649 4895 3756 4941 rota

2172 4988 2361 5034 "ludit:
2380 4996 2587 5034 armata
2610 4985 2880 5034 nrofertur
2898 4979 3224 5034 inmedium.
3244 4985 3303 5033 ut
3324 4977 3532 5032 circum
3548 4978 3756 5034 linatum
