3946 5368
190 348 293 409 56η

1602 336 1833 395 δειιιιο
1873 336 2005 392 Xlll.

3356 349 3461 404 570

191 468 341 529 titur,
400 471 553 517 tanto
593 457 908 530 praeclarius
936 456 1198 512 redditur.
1233 456 1435 511 Aderat
1491 453 1651 523 plane
1699 467 1788 505 su-
1818 455 1866 511 Α
1894 453 2089 509 herbas
2130 466 2184 508 et
2225 455 2366 525 ligna
2420 458 2683 527 pomifera
2739 459 3070 528 germinaret
3104 501 3119 525 ,
3162 475 3227 516 ac
3276 462 3471 518 deinde

188 569 396 624 peraus
435 563 490 608 et
524 550 809 609 invisibilis
853 549 1070 603 Arbiter
1092 588 1107 611 ,
1152 548 1243 617 qui
1274 546 1340 600 ad
1372 561 1481 599 suae
1510 545 1786 613 dispensa-

191 647 361 701 tionis
394 644 707 706 arbitrium,
755 653 811 696 et
858 641 985 695 hinc
1018 655 1206 694 manus
1258 638 1543 705 impiorum
1595 635 1786 690 saavire

186 738 560 809 permitteret,
595 744 650 789 et
697 733 821 791 inde
865 746 1133 804 gemmam
1166 746 1318 786 suam
1373 729 1625 784 inviolata
1655 744 1783 799 pro-

186 830 325 899 priae
358 826 654 899 soliditatis
684 826 995 895 integritate
1027 831 1295 878 servaret.
1326 822 1424 889 Qui
1471 830 1523 875 et
1567 821 1612 875 si
1643 836 1786 874 mar-

189 926 331 996 tyris
395 924 480 979 sui
533 919 773 977 membra
822 916 1142 974 carniﬁcum
1207 918 1457 973 manibus
1514 916 1783 981 tradidit,

193 1017 438 1070 animam
485 1024 665 1069 tamen
718 1011 1119 1082 inexpugnabili
1164 1010 1289 1064 ﬁdei
1331 1024 1458 1065 arce
1496 1009 1784 1063 subnixam

192 1108 470 1162 indefesso
525 1103 878 1177 protectionis
928 1118 1038 1159 sua:
1104 1101 1403 1157 munimine
1468 1096 1781 1153 custodivit.

191 1196 305 1253 Nec
342 1198 411 1251 ad
444 1198 545 1252 hoc
579 1211 673 1250 eos
704 1194 951 1263 permisit
994 1193 1264 1262 attingere
1291 1191 1432 1260 quod
1477 1187 1697 1250 latebat.
1733 1187 1785 1241 id

194 1289 371 1343 solum
403 1288 482 1342 eis
505 1285 766 1354 objiciens
809 1284 950 1353 quod
992 1284 1330 1337 extrinsecus
1374 1281 1700 1350 apparebat;
1730 1287 1785 1335 et

196 1390 463 1449 tanquam
534 1394 688 1448 aqua:
743 1374 974 1435 diluvii.
1028 1388 1209 1430 arcam
1275 1371 1491 1442 quidem
1548 1372 1785 1439 undique

194 1470 597 1533 circumfluere,
628 1485 724 1524 nec
758 1478 934 1522 tamen
981 1473 1230 1537 poterant
1281 1465 1469 1519 intima
1496 1473 1784 1533 penetrare

196 1560 352 1633 (Gen.
377 1565 493 1631 vn).

264 1654 423 1707 Dicat
478 1654 659 1723 itaque
702 1655 894 1707 beatus
920 1650 1204 1719 Georgius,
1229 1649 1375 1703 dicat
1406 1663 1421 1702 :
1453 1668 1471 1700 ι
1516 1646 1626 1702 Nisi
1658 1646 1785 1716 quia

196 1746 461 1801 Dominus
504 1753 626 1799 erat
669 1746 724 1798 in
756 1744 933 1807 nobis,
982 1758 1106 1797 cum
1154 1742 1494 1811 insurgerent
1540 1740 1787 1795 homines

1888 555 2129 615 segetum
2167 546 2376 602 fructus
2422 546 2660 605 aﬂ‘erret.
2714 550 2941 621 Separat
2993 551 3158 606 etiam
3204 568 3345 609 nunc
3392 553 3465 607 ah

1886 638 2072 694 electis
2098 639 2211 693 suis
2253 639 2608 707 reproborum
2655 641 2898 695 turbines
2928 642 3368 711 persequentium
3414 653 3467 696 et

1887 731 2040 800 quasi
2074 732 2318 787 furentes
2363 742 2577 788 coercet
2609 734 2844 803 impetus
2875 742 3281 802 tempestatum,
3310 749 3468 804 quos,

1884 831 1940 876 et
1969 822 2015 875 si
2046 821 2225 876 furere
2250 838 2419 893 usque
2446 824 2513 878 ad
2537 823 2819 895 inﬁigenda
2852 826 3169 895 corporibus
3200 836 3467 883 tormenta

1885 914 2171 978 concedit,
2218 930 2287 969 ne
2335 924 2513 969 tamen
2572 916 2782 971 animas
2841 917 3077 983 lzcdant,
3128 917 3329 971 invicta
3376 931 3469 972 eos

1887 1012 2052 1073 atque
2099 1004 2348 1073 pervigili
2397 1005 2609 1059 brachii
2657 1006 2741 1061 sui
2801 1008 3141 1075 protectione
3192 1006 3470 1072 custodit,

1885 1097 2285 1167 quodammodo
2330 1098 2519 1153 dicens
2565 1100 2700 1153 mari
2752 1098 2917 1155 :Huc
2946 1115 3118 1170 usque
3165 1101 3369 1166 venies,
3417 1108 3467 1154 el

1886 1204 1993 1242 non
2036 1187 2298 1257 procedes
2341 1188 2591 1257 amplius,
2635 1198 2691 1244 et
2717 1189 2805 1244 hic
2852 1190 3161 1258 confringes
3204 1198 3471 1258 tumentes

1885 1277 2080 1333 ﬂuctus
2102 1288 2240 1339 tuos.
2270 1294 2334 1334 ac
2358 1280 2403 1334 si
2433 1289 2682 1351 patenter
2706 1281 2869 1347 dicat,
2900 1296 3069 1352 usque
3096 1284 3162 1336 ad
3194 1282 3470 1336 inferenda

1886 1373 2206 1442 corporibus
2255 1381 2306 1428 te
2338 1381 2607 1427 tormenta
2637 1374 2854 1441 relaxo;
2889 1390 2957 1429 ne
2991 1384 3171 1430 autem
3205 1389 3375 1445 usque
3405 1374 3471 1427 ad

1888 1464 2125 1517 animam
2155 1464 2386 1518 cumulis
2403 1466 2888 1521 intumescentibus
2911 1466 3165 1537 proﬂuas,
3186 1467 3321 1536 legis
3343 1479 3476 1519 meae

1890 1556 1985 1612 tibi
2017 1556 2169 1613 littus
2213 1571 2449 1625 oppono,
2476 1567 2537 1611 ut
2574 1558 2701 1612 dum
2731 1558 2900 1613 furori
2954 1558 3208 1613 fluctuum
3257 1567 3474 1611 tuorum

1888 1650 2038 1705 littus
2061 1649 2337 1719 objicitur,
2373 1659 2515 1705 terra
2545 1652 2727 1705 cordis
2753 1651 2818 1705 ad
2845 1650 3167 1721 proferenda
3200 1650 3473 1705 fructuum

1889 1744 2128 1815 germina
2155 1742 2322 1797 libera
2354 1742 2711 1813 relinquatur.

194 1842 247 1893 in
289 1854 408 1903 nos,
452 1838 682 1892 forsitan
729 1838 883 1892 vivos
930 1835 1287 1907 deglutissent
1336 1849 1474 1889 nos:
1522 1848 1643 1887 cum
1676 1833 1785 1886 ira-
1818 1815 1862 1873 Β
1959 1833 2020 1887 Et
2074 1833 2200 1902 quia
2244 1829 2547 1901 Georgius,
2594 1842 2653 1887 ut
2706 1834 2956 1903 superius
3003 1833 3263 1895 diximus,
3314 1840 3473 1886 terra:

193 1938 444 1985 sceretur
485 1928 636 1984 furor
668 1944 857 1983 eorum
903 1928 1191 1982 adversum
1220 1941 1320 1980 nos
1340 1966 1353 1987 ,
1382 1923 1611 1979 forsitan
1641 1922 1787 1977 velut

194 2039 333 2093 aqua
386 2023 759 2077 absorbuisset
806 2036 905 2075 nos
954 2019 1128 2091 (Pici.
1167 2019 1381 2088 cxxut).
1429 2036 1447 2068 ι
1497 2016 1621 2071 llzt-c
1660 2025 1787 2071 sunt

191 2113 448 2169 videlicet
484 2128 659 2184 aquas,
694 2114 762 2168 de
799 2112 996 2183 quibus
1027 2126 1123 2182 per
1150 2111 1496 2166 Psalmistam
1530 2108 1786 2163 Salvator

192 2208 268 2262 ait
307 2226 321 2262 :
362 2227 381 2259 ι
420 2207 645 2262 Salvum
679 2222 764 2260 me
809 2208 893 2261 fac
920 2248 935 2271 ,
966 2206 1195 2262 Domine
1221 2246 1235 2267 ,
1266 2205 1521 2274 quoniam
1554 2203 1788 2256 intrave-

191 2308 323 2352 runt
349 2314 508 2367 aqua
536 2314 708 2367 usque
734 2298 798 2350 ad
830 2297 1067 2350 animam
1098 2310 1272 2349 meam
1304 2291 1478 2365 (Psal.
1510 2294 1609 2362 κι).
1660 2312 1677 2343 ι
1721 2291 1787 2345 Et

190 2405 288 2458 per
316 2387 513 2443 Ionam
548 2406 563 2441 :
610 2406 629 2438 ι
668 2386 945 2457 Projecisti
978 2400 1063 2440 me
1088 2426 1102 2449 ,
1136 2385 1311 2455 inquit
1339 2425 1352 2449 ,
1382 2385 1434 2437 in
1462 2381 1785 2452 profundum

192 2482 246 2534 in
282 2481 450 2535 corde
486 2480 655 2533 maris
681 2519 694 2544 ,
726 2487 780 2533 et
814 2478 1011 2532 ﬁumen
1059 2476 1419 2531 circumdedit
1444 2490 1565 2536 me;
1598 2487 1787 2527 omnes

190 2573 437 2643 gurgites
487 2572 586 2635 tui,
634 2578 690 2625 et
738 2570 932 2624 ﬂuctus
980 2568 1095 2633 tui,
1129 2582 1292 2636 super
1323 2581 1408 2620 me
1454 2565 1786 2619 transierunt

193 2662 341 2716 Non.
380 2661 464 2732 tt).
510 2681 529 2714 ι
573 2660 681 2715 Sed
714 2660 799 2714 his
829 2659 987 2729 aquis
1035 2666 1091 2712 et
1119 2657 1295 2718 mari,
1346 2656 1501 2724 juxta
1548 2653 1788 2721 Scriptu-

190 2770 313 2806 ram
372 2753 633 2807 Dominus
683 2751 974 2806 terminum
1017 2747 1413 2817 circumposuit
1445 2743 1617 2816 (Paul.
1645 2745 1783 2815 cm),

190 2846 321 2914 quia
352 2843 649 2899 secundum
679 2841 1099 2911 dispensationis
1147 2854 1256 2895 suze
1300 2849 1631 2903 mensuram,
1679 2852 1784 2892 non

186 2936 495 2990 secundum
550 2935 924 3005 perversitatis
972 2934 1221 2988 humana:
1265 2930 1783 3001 concupiscentiam,

192 3025 456 3096 reprobos
483 3028 534 3080 in
564 3026 769 3080 electos
798 3040 925 3079 suos
968 3026 1158 3080 smvire
1184 3024 1468 3093 permittit.

266 3118 405 3172 llinc
454 3127 540 3172 est
581 3118 726 3173 enim
758 3119 901 3187 quod
946 3119 998 3171 in
1048 3117 1233 3171 mundi
1265 3117 1538 3171 nascentis
1563 3116 1786 3173 exordio

192 3223 349 3263 mare
377 3209 523 3262 Deus
565 3207 749 3263 divisit
780 3208 849 3262 ab
878 3207 1026 3261 arida
1059 3204 1214 3277 (Gen.
1247 3209 1308 3277 ι).
1352 3208 1490 3275 Quid
1518 3208 1661 3264 enim
1690 3222 1787 3275 per

191 3303 519 3373 mysterium
549 3316 722 3365 mare,
752 3300 855 3355 nisi
891 3301 1151 3369 reprobos
1180 3300 1447 3362 homines,
1470 3307 1525 3355 et
1548 3299 1789 3354 inﬁdeles

193 3394 461 3457 insinuat,
505 3393 597 3461 qui
631 3393 886 3447 nimirum
918 3391 1151 3461 quadam
1180 3391 1415 3446 carnalis
1445 3391 1646 3461 ingenii
1675 3390 1785 3445 sal-

180 3486 387 3555 .sugine
436 3484 641 3545 callidi,
686 3485 779 3538 sed
824 3483 963 3538 odiis
1006 3499 1071 3536 ac
1117 3482 1163 3540 si
1209 3481 1527 3537 multatibus
1556 3482 1785 3537 invicem

194 3578 553 3631 inveniuntur
590 3590 807 3645 semper
846 3576 1038 3639 amari,
1075 3583 1130 3630 et
1175 3575 1323 3631 velut
1371 3590 1522 3630 mare
1560 3575 1789 3629 diversis

194 3669 559 3723 tentationutn
611 3665 827 3721 ﬂatibus
884 3667 1290 3731 intumescunt,
1327 3665 1790 3734 cupiditatumque

193 3758 500 3813 carnalium
557 3757 808 3826 procellis
860 3772 925 3811 ac
976 3757 1390 3826 tempestatibus
1436 3755 1789 3825 quatiuntur?

193 3847 332 3915 Quid
365 3864 496 3902 vero
525 3847 700 3911 arida,
733 3847 835 3901 nisi
867 3847 1107 3903 animam
1136 3847 1384 3915 designat
1417 3845 1621 3901 fontem
1665 3845 1788 3900 ﬁdei

192 3940 495 4006 sitientem,
523 3939 608 3995 vel
638 3939 705 3994 ad
741 3947 1040 3995 creatorem
1087 3954 1245 3994 suum
1278 3939 1491 3996 ardenti
1520 3939 1789 3997 desiderio

190 4030 300 4101 62
333 4039 596 4099 tanquam
631 4030 924 4085 sitibundis
951 4030 1198 4085 faucibus
1227 4030 1609 4086 anhelantem?
1635 4029 1789 4087 Unde

190 4133 248 4178 et
278 4124 532 4192 quaedam
576 4124 755 4177 anima
789 4124 890 4179 hac
934 4124 1023 4178 siti
1058 4123 1288 4179 feliciter
1317 4124 1467 4179 arida
1494 4166 1509 4184 .
1552 4132 1789 4180 aestuans

191 4215 498 4271 clamavit:
533 4237 552 4266 ι
584 4214 772 4270 Sitivit
817 4214 996 4271 anima
1045 4230 1166 4269 mea
1218 4214 1285 4269 ad
1336 4214 1505 4270 Deum
1559 4214 1738 4269 vivum
1772 4254 1788 4280 ,

190 4310 412 4379 quando
444 4308 658 4361 veniam
681 4315 736 4362 et
763 4308 1034 4379 apparebo
1070 4320 1196 4364 ante
1226 4306 1417 4363 faciem
1451 4309 1587 4365 Dei?
1612 4308 1786 4371 (Paul.

190 4399 370 4470 xxxi.)
429 4418 449 4450 ο
492 4398 579 4453 Ah
626 4400 777 4454 arida
847 4414 976 4471 ergo
1025 4414 1179 4455 mare
1230 4400 1528 4465 dividitur,
1573 4403 1788 4472 quando

194 4491 336 4545 Deus
374 4490 723 4561 omnipotens
773 4506 802 4544 a
834 4505 892 4545 se
943 4490 1242 4545 sitientium
1288 4491 1641 4559 reproborum
1682 4492 1783 4546 im-

192 4592 350 4647 petits
392 4582 665 4649 reprimit,
696 4590 751 4637 et
796 4590 1049 4650 tauquam
1086 4581 1237 4635 littus
1268 4582 1493 4637 marinis
1534 4580 1787 4637 ﬂuctibus

189 4669 400 4737 objicit,
427 4670 557 4724 dum
589 4670 874 4724 conatibus
920 4670 1268 4725 fervescentis
1296 4672 1520 4725 insaniae
1560 4672 1641 4725 sui
1677 4687 1788 4727 mo-

193 4762 497 4816 deraminis
527 4762 753 4815 limitem
781 4762 912 4833 ﬁgit.
961 4762 1114 4830 Quod
1162 4761 1404 4833 profecto
1444 4760 1532 4816 illa
1563 4761 1654 4817 Dei
1683 4778 1784 4817 vox

197 4852 421 4919 probat,
472 4868 580 4925 qua
629 4853 755 4907 dicit
791 4871 804 4906 :
841 4873 859 4906 ι
914 4853 1047 4921 Quis
1088 4855 1352 4908 conclusit
1389 4854 1544 4910 ostiis
1589 4869 1738 4908 mare
1767 4896 1783 4922 ,

198 4946 413 5013 quando
433 4947 776 5015 erumpebat,
804 4948 960 5017 quasi
992 4947 1059 5000 de
1090 4947 1243 5002 vulva
1293 4945 1633 5017 procedens?
1665 4948 1784 5019 (Job

197 5039 452 5107 xxxvm.)
490 5038 555 5092 Et
580 5038 739 5107 paulo
769 5051 885 5109 post
915 5058 926 5094 :
968 5057 987 5090 ι
1022 5038 1363 5096 Circnmdedi
1393 5040 1522 5096 illud
1545 5043 1791 5098 terminis

202 5133 328 5162 Μηῖο
386 5144 438 5162 Δ.
470 5133 629 5164 nnc-ne:
663 5145 866 5164 ιοηιιοΑσνη
922 5144 971 5164 ΑΙ
1006 5133 1141 5166 netia
1197 5145 1247 5166 Λι
1276 5137 1380 5166 ,12νὲ
1416 5155 1427 5166 ο
1457 5135 1642 5168 Ῐῖοηηιι
1686 5137 1789 5168 ιιι-ιι

1816 4533 1863 4592 D

1885 1926 2060 1983 cultor
2085 1927 2428 1997 exprimitur,
2462 1937 2611 1983 recte
2646 1928 2748 1983 hoc
2778 1927 3080 1998 allegorica:
3129 1926 3312 1995 ﬁgurae
3360 1941 3475 1995 my-

1885 2025 2111 2080 sterium
2162 2024 2339 2079 eidem
2386 2024 2706 2079 beatissimo
2752 2023 2975 2093 martyri
3024 2031 3327 2092 coaptatur.
3374 2019 3476 2075 Cui

1884 2116 2107 2181 scilicet,
2156 2126 2211 2171 et
2254 2116 2299 2171 si
2348 2131 2521 2187 usque
2571 2116 2638 2169 ad
2686 2115 2834 2169 littus
2859 2114 3041 2170 carnis
3078 2112 3474 2184 persecutionis

1885 2211 2081 2264 [luctus
2124 2207 2410 2270 eﬁ’erbuit,
2459 2206 2843 2261 solidissimam
2894 2211 3075 2259 tamen
3124 2204 3317 2258 anima:
3360 2200 3479 2270 ejus

1886 2309 2089 2353 terram
2139 2297 2376 2368 procella
2411 2296 2761 2367 tempestuosi
2804 2294 3035 2350 turbinis
3076 2309 3183 2349 non
3222 2292 3473 2356 involvit;

1886 2407 1986 2448 nec
2013 2407 2138 2446 eum
2186 2406 2389 2460 vorago
2434 2390 2608 2460 pelagi
2661 2388 2891 2443 furentis
2937 2386 3218 2443 absorbuit
3241 2385 3331 2456 qui
3362 2386 3477 2454 spei

1887 2501 1998 2540 sua:
2027 2485 2321 2539 anehoram
2368 2499 2472 2537 non
2504 2482 2557 2535 in
2590 2481 2764 2551 putris
2796 2496 2975 2535 arena:
3010 2478 3303 2534 subsicivio
3326 2474 3476 2550 [suc-

1886 2576 2095 2649 ciduo],
2137 2576 2234 2633 sed
2286 2576 2338 2629 in
2387 2574 2665 2629 soliditate
2711 2582 2896 2643 petrae,
2939 2586 3058 2641 quae
3100 2570 3350 2625 Christus
3397 2575 3482 2622 est

1888 2667 1941 2737 (Ι
1975 2666 2098 2721 Cor.
2135 2668 2212 2736 ι),
2261 2667 2400 2720 ﬁxit.
2447 2665 2583 2719 Hinc
2626 2673 2711 2719 est
2738 2664 3022 2733 profecto,
3070 2661 3213 2731 quod
3266 2659 3481 2715 Veritas

1887 2764 1964 2814 ait
2000 2780 2011 2814 :
2047 2780 2063 2812 ι
2100 2759 2203 2827 Qui
2238 2759 2390 2813 audit
2441 2757 2604 2813 verba
2658 2771 2775 2811 mea
2822 2764 2875 2810 et
2917 2752 3049 2808 facit
3095 2768 3183 2816 ea,
3226 2747 3480 2809 similabo

1886 2868 2010 2905 eum
2042 2853 2157 2906 viro
2202 2850 2474 2920 prudenti,
2519 2849 2611 2918 qui
2645 2846 2931 2902 mdiﬁcavit
2958 2846 3174 2901 domum
3206 2857 3355 2898 suam
3390 2855 3483 2897 su-

1887 2961 1983 3015 pra
2028 2954 2264 3014 petram.
2312 2941 2589 2996 Venerunt
2632 2939 2872 3003 tlamina,
2926 2935 3193 2991 (laverunt
3240 2933 3386 2988 venti
3426 2938 3481 2987 et

1890 3038 2224 3106 impegerunl
2258 3034 2311 3088 in
2355 3033 2574 3088 domum
2636 3031 2806 3095 illam,
2849 3038 2906 3083 et
2948 3044 3054 3083 non
3098 3025 3325 3086 cecidit;
3361 3023 3482 3076 fun-

1890 3131 2014 3185 data
2046 3128 2191 3184 enim
2219 3134 2339 3182 erat
2375 3139 2536 3193 supra
2561 3133 2773 3193 petram
2801 3120 3132 3191 (Mettium,
3159 3117 3286 3173 Luc.
3322 3116 3417 3187 vr).
3455 3134 3473 3167 ι

1891 3221 2029 3276 Vere
2073 3219 2302 3290 insignis
2352 3218 2441 3272 hie
2468 3216 2625 3271 miles
2673 3213 2874 3269 Christi
2906 3228 3067 3282 supra
3115 3219 3323 3279 petram
3358 3205 3481 3261 ﬁdei

1888 3330 1999 3370 suae
2054 3313 2402 3368 fundamenta
2451 3304 2776 3373 constituit,
2833 3306 2923 3375 qui
2988 3304 3193 3375 prmmii
3247 3298 3482 3355 caelestis

1891 3408 2089 3463 intuitu
2141 3407 2318 3461 minas
2367 3403 2672 3472 principum
2722 3399 2966 3468 sprevit,
3008 3395 3148 3450 male
3196 3391 3482 3449 blandien-

1892 3500 2025 3554 tium
2053 3495 2441 3567 promissiones
2478 3492 2663 3553 irrisit,
2697 3489 3015 3545 carniﬁcum
3049 3494 3316 3541 tormenta
3344 3495 3480 3536 cou-

1891 3590 2127 3659 tetnpsit,
2180 3588 2403 3650 ferrum,
2446 3585 2617 3655 ignes,
2659 3582 2868 3653 gladios
2909 3596 2973 3634 ac
3018 3577 3231 3633 diversa
3277 3573 3489 3645 suppli-

1888 3685 2099 3739 ciorum
2148 3694 2348 3751 genera
2410 3677 2628 3731 invicta:
2681 3672 2959 3744 patientia:
3021 3668 3307 3737 majestate
3372 3665 3485 3722 cal-

1888 3772 2051 3828 cavit.

1959 3864 2118 3920 Hunc
2162 3861 2405 3918 caelestis
2436 3858 2645 3913 militize
2672 3856 3009 3919 bellatorem,
3042 3852 3239 3908 fratres
3275 3850 3484 3906 charis-

1888 3956 2036 4021 simi,
2078 3971 2186 4011 non
2219 3962 2426 4007 tantum
2456 3950 2811 4013 admiremur,
2842 3947 2935 4003 sed
2966 3946 3131 4002 etiam
3164 3944 3487 4007 imitentur;

1889 4051 1942 4104 in
1971 4049 2099 4103 illud
2125 4045 2365 4103 caelestis
2389 4043 2574 4115 gloriae
2600 4041 2882 4113 praemium
2909 4039 3021 4108 jam
3064 4036 3289 4109 spiritus
3312 4036 3487 4105 eriga-

1889 4151 1998 4205 tur,
2026 4148 2084 4193 ιιι
2109 4139 2237 4193 dum
2270 4137 2322 4191 in
2350 4134 2469 4205 ejus
2492 4130 2955 4202 contemplatione
2977 4145 3073 4186 cor
3111 4127 3349 4200 ﬁgimus,
3374 4140 3489 4180 non

1888 4244 2223 4292 moveamur,
2254 4236 2435 4281 utrum
2466 4223 2702 4279 mundus
2747 4222 3085 4277 lenocinatur
3112 4218 3368 4283 arrideat,
3411 4230 3487 4271 an

1888 4329 2037 4377 certe
2091 4320 2272 4374 minax
2327 4314 2749 4371 adversitatilnus
2798 4312 3017 4376 fremat,
3068 4310 3313 4366 dicentes
3359 4323 3493 4363 cum

1890 4412 2221 4467 Psalmista:
2259 4426 2279 4460 ι
2320 4406 2474 4463 Sicut
2501 4406 2608 4477 63
2648 4403 2887 4460 tenebra:
2933 4402 3069 4471 ejus,
3119 4402 3191 4456 ita
3220 4410 3275 4455 et
3300 4399 3483 4479 lumen

1889 4503 2004 4572 ejus
2033 4500 2205 4573 (Psal.
2241 4499 2530 4568 cxxxvm).
2566 4516 2585 4548 ι
2622 4496 2938 4550 Muudemus
2978 4494 3158 4561 itaque
3190 4488 3489 4559 nos,ju‘xta

1893 4592 2043 4648 Pauli
2074 4601 2400 4660 prmceptum
2432 4588 2500 4642 ab
2543 4587 2691 4642 omni
2740 4585 3173 4655 iniquinamento
3219 4580 3400 4635 carnis
3427 4588 3485 4634 et

1892 4683 2116 4753 spiritus
2144 4679 2226 4749 (11
2271 4683 2394 4733 Lor.
2443 4677 2561 4748 vn),
2594 4686 2655 4731 ut
2700 4677 2752 4730 in
2799 4674 2930 4729 illud
2958 4670 3313 4727 beatitudinis
3343 4680 3489 4724 tem-

1892 4775 2063 4847 plum,
2108 4773 2191 4827 cui
2224 4786 2366 4825 nunc
2413 4770 2585 4825 aciem
2632 4769 2831 4824 mentis
2860 4766 3210 4832 intendimus,
3240 4762 3489 4834 quando-

1894 4884 1999 4935 que
2028 4867 2192 4922 etiam
2238 4865 2442 4934 ingredi
2477 4874 2807 4916 mereamur.
2840 4857 2977 4912 Hinc
3002 4867 3086 4912 est
3124 4859 3269 4928 quod
3301 4855 3491 4910 Aaron

1894 4959 2048 5028 prius
2078 4972 2219 5025 aqua
2246 4956 2481 5020 lavatur,
2505 4961 2560 5008 et
2593 4952 2675 5008 sic
2705 4948 3045 5025 postmodum
3078 4946 3495 5006 tabernaculum

1897 5049 2304 5103 sacriﬁcaturus
2330 5044 2633 5115 ingreditur
2664 5039 2866 5114 (Exod.
2902 5038 3053 5107 xxx).
3084 5039 3161 5094 De
3189 5053 3298 5112 quo
3326 5036 3491 5091 nimi-

3330 5147 3349 5170 ι
3388 5129 3499 5170 Τη-

1900 5157 2016 5170 ...ι-νι
2051 5141 2187 5170 Ιιιυιιι
2215 5140 2279 5170 αλ.
2311 5137 2350 5162 ιι
2366 5151 2528 5170 ἰδ’-οη
2555 5133 2747 5170 {urina
2778 5144 2909 5170 vnnn
2934 5133 3249 5170 nraminhm-
3279 5150 3293 5162 ο
