3946 5368
474 341 574 397 571

1083 338 1143 394 S.
1179 335 1381 393 PETRI
1422 331 1703 389 DAMIANI
1734 331 1888 389 OPP.
1930 328 2110 384 PARS
2148 327 2279 385 SEU
2321 325 2557 384 TOMUS
2592 324 2655 382 ll.
2697 353 2766 364 —-
2813 320 3205 381 SERMONES.

3643 311 3752 372 ετξ

477 456 642 511 etiam
673 454 933 510 virtutum
984 451 1226 507 vestibus
1270 449 1527 505 induatur
1548 489 1563 511 ,
1612 446 1752 502 sicut
1807 444 2063 512 scriptum
2091 443 2139 503 Α
2172 438 2420 506 redemit,
2463 436 2622 493 Jesus
2657 435 2923 493 Christus
2954 435 3214 492 Dominus
3242 439 3451 498 noster,
3483 431 3577 502 qui
3628 446 3752 487 curn

479 555 566 603 est
609 562 625 601 :
682 563 702 597 ε
748 544 1075 600 Sacerdotes
1118 543 1197 597 tui
1239 541 1535 596 induantur
1573 538 1839 609 justitiam
1882 533 2057 606 (Paul.

479 636 691 707 cxxxt),
729 654 748 688 ι
800 643 1070 706 quatenus
1101 633 1194 703 qui
1228 632 1283 686 in
1330 630 1548 686 Christo
1591 643 1690 699 per
1737 626 2061 697 baptismum

480 744 625 786 novo
668 729 830 784 homo
860 727 1187 792 renascitur,
1231 739 1338 779 non
1380 723 1492 794 jam
1536 722 1788 792 pelliceas
1833 718 2063 782 tunicas,

481 820 833 877 mortalitatis
872 818 1125 874 videlicet
1159 819 1368 875 indices
1414 816 1630 880 vestiat,
1681 813 1775 869 sed
1822 810 2066 881 deposito

481 913 656 968 veteri
705 911 927 968 homine
963 926 1158 967 novum
1186 910 1393 974 induat,
1439 909 1574 964 etin
1601 922 1666 963 eo
1714 922 1813 977 per
1854 902 2068 959 munda

482 1004 916 1059 conversatidnis
955 1002 1195 1058 studium
1244 1002 1537 1056 innovatus
1575 1000 1741 1053 vivat.
1774 997 1837 1050 Et
1880 1002 2070 1051 notan-

484 1095 614 1150 dum
660 1094 803 1165 quod
852 1109 1043 1149 omnes
1089 1092 1192 1148 illae
1239 1102 1422 1147 vestes
1463 1091 1620 1146 linea:
1657 1088 2067 1153 describuntur;

487 1186 655 1243 linum
714 1187 913 1256 quippe
967 1186 1035 1241 ad
1089 1185 1384 1241 candorem
1424 1198 1548 1239 cum
1596 1182 1781 1237 labore
1825 1179 2075 1251 perduci-

492 1287 605 1339 tur,
633 1287 687 1331 et
710 1278 969 1331 virtutum
1027 1277 1136 1331 vita
1194 1292 1298 1331 non
1359 1276 1664 1345 acquiritur
1713 1274 1816 1329 sub
1860 1283 2075 1342 torpore

488 1368 751 1435 desidiae,
796 1369 892 1424 sed
935 1369 989 1424 in
1045 1369 1329 1426 laboriosa:
1383 1369 1560 1439 potius
1618 1366 1876 1422 exercitio
1920 1366 2083 1422 disci-

487 1460 669 1531 plinae.

565 1550 835 1606 Puriiicati
869 1551 1054 1623 igitur,
1078 1551 1437 1616 dilectissimi,
1465 1566 1563 1621 per
1587 1550 1709 1606 novi
1738 1548 2078 1620 baptismatis

489 1652 914 1709 sacramentum,
944 1645 1236 1699 induanmr
1274 1659 1372 1700 nos
1412 1644 1553 1699 linea
1605 1644 1787 1698 tunica
1816 1683 1831 1709 ,
1862 1651 1924 1697 ut
1950 1658 2079 1698 can-

487 1737 588 1789 dor
636 1750 734 1790 nos
773 1745 977 1791 sancta:
1007 1737 1440 1793 conversationis
1477 1745 1727 1792 exornet.
1777 1734 2074 1791 Feminali-

2165 528 2276 582 Deo
2296 526 2457 581 Patre
2481 535 2537 581 et
2561 525 2767 596 Spiritu
2797 534 2990 580 sancto
3017 524 3149 579 vivit
3172 531 3229 579 et
3250 531 3445 593 regnat
3471 522 3528 577 in
3554 521 3750 579 sarcula

2174 614 2514 672 seculorum.
2556 616 2752 670 Amen.

2751 704 2983 760 SERMO
3022 703 3161 760 XIV.

2361 815 2400 855 ι.
2438 815 2504 853 nr.
2542 815 2588 854 s.
2630 812 2807 853 unco
2842 812 3226 854 svmcsusn.
3268 796 3396 867 (xxv
3432 795 3583 864 ιρι.)

2170 946 2175 951 .
2238 894 2408 952 Hodie
2427 933 2443 960 ,
2472 891 2831 958 dilectissimi,
2868 890 3014 946 velut
3046 892 3323 962 pretiosus
3343 898 3511 960 atque
3538 886 3758 956 conspio

2172 1003 2310 1044 cuus
2358 1001 2541 1043 coram
2588 984 2764 1041 oculis
2794 984 2994 1040 nostris
3043 998 3178 1040 auro
3230 981 3465 1038 radianti
3512 977 3760 1050 Beryllns

2170 1077 2543 1147 imprimitur,
2594 1076 2721 1131 dum
2779 1073 3128 1130 illucescente
3196 1072 3340 1128 beati
3412 1068 3760 1140 evangelista:

2173 1168 2340 1223 Marci
2372 1166 2738 1232 solemnitate,
2765 1164 3022 1237 paschale
3050 1163 3205 1220 nobis
3233 1162 3491 1233 gaudium
3518 1159 3761 1231 gemina.-

2177 1267 2280 1312 tur.
2308 1257 2379 1312 Et
2425 1264 2550 1327 apte
2586 1256 2759 1322 satis,
2805 1256 2932 1312 dum
2981 1263 3172 1311 sancta
3216 1253 3467 1310 Ecclesia.
3510 1252 3566 1307 in
3616 1251 3763 1305 festis

2175 1350 2354 1405 adhuc
2383 1349 2730 1420 paschalibus
2759 1357 3095 1421 perseverat,
3138 1349 3336 1404 beatus
3360 1347 3451 1403 hic
3486 1346 3572 1400 vir
3596 1343 3764 1399 felici-

2178 1452 2267 1500 ter
2310 1444 2528 1500 transiit
2573 1445 2743 1515 :quia
2792 1458 2890 1515 per
2934 1442 3183 1515 martyrii
3224 1441 3461 1513 palmam
3511 1436 3764 1495 saeculum

2178 1534 2281 1589 hoc
2330 1533 2487 1588 triste
2536 1532 2819 1598 deseruit,
2864 1542 2920 1588 et
2967 1531 3311 1601 triumphalis
3359 1529 3549 1602 gloria:
3588 1526 3766 1582 titulos

2177 1623 2502 1696 hymnidicis
2526 1623 2842 1696 angelorum
2871 1623 3057 1679 choris
3095 1622 3271 1678 victor
3296 1621 3578 1676 laureatas
3618 1619 3763 1674 inve-

2179 1716 2277 1770 xit.
2311 1713 2484 1771 Porro
2511 1725 2690 1771 autem
2714 1715 2855 1771 sicut
2884 1722 3119 1786 quatuor
3141 1712 3361 1768 flumina
3378 1728 3449 1768 ex
3476 1726 3590 1768 uno
3611 1724 3764 1781 para-

486 1827 590 1883 hus
620 1829 856 1884 verenda
886 1838 1157 1900 tegantur,
1192 1842 1252 1885 ut
1281 1831 1409 1885 dum
1440 1827 1683 1886 honestae
1709 1828 1837 1884 vita;
1862 1839 2071 1900 tegmen
2105 1804 2146 1863 Β
2175 1807 2277 1900 dis}
2308 1806 2480 1900 ίυηιθᾼ
2509 1807 2812 1900 Ρτρεθίξιιηι
2833 1845 2850 1871 ν
2898 1821 3019 1876 qua?
3067 1805 3231 1861 ίοῑῖιιε
3254 1803 3471 1900 ’ξιιυυάξ

487 1922 803 1988 assumitur,
827 1924 1226 1993 praeteritorum
1267 1924 1561 1978 criminum
1608 1931 1734 1976 ante
1764 1920 1858 1976 Dei
1890 1919 2074 1975 oculos

488 2013 766 2083 turpitudo
791 2012 1016 2068 celetur.
1046 2012 1201 2068 Unde
1221 2012 1428 2068 David:
1463 2031 1482 2065 ι
1512 2013 1686 2077 Beati,
1716 2011 1910 2081 inquit,
1940 2026 2073 2081 quo-

490 2121 611 2160 rum
644 2107 884 2161 remissa:
917 2116 1043 2163 sunt
1076 2107 1414 2177 iniquitates,
1440 2116 1494 2163 et
1522 2121 1751 2176 quorum
1781 2114 1920 2161 tecta
1948 2111 2077 2160 sunt

486 2207 713 2266 peccata
771 2196 946 2266 (Paul.
999 2199 1171 2267 xxxi).
1236 2218 1255 2251 ι
1292 2198 1439 2253 Zona
1486 2202 1708 2269 insuper
1759 2197 1900 2253 linea
1946 2213 2075 2254 con-

485 2288 840 2358 stringamur,
895 2289 1058 2359 capiti
1111 2304 1326 2360 quoque
1381 2290 1581 2345 cidaris
1623 2290 1967 2358 imponatur,
2015 2296 2076 2344 ut

487 2380 764 2451 praecincti
814 2381 866 2434 in
917 2381 1152 2437 veritate
1198 2380 1412 2437 lumbos
1458 2381 1679 2447 mentis,
1727 2390 2075 2452 protegamur

486 2471 638 2542 galea
679 2487 776 2543 spe
810 2472 1019 2528 salutis.
1050 2472 1166 2539 Sic,
1214 2474 1292 2529 sic
1323 2474 1577 2528 nimirum
1622 2483 1677 2527 et
1713 2474 1915 2530 veteris
1949 2488 2073 2544 pec-

491 2565 597 2620 cati
629 2565 883 2635 squalore
912 2568 1145 2639 purgati,
1177 2575 1233 2623 et
1259 2583 1412 2623 novre
1449 2566 1876 2623 conversationis
1902 2566 2074 2622 nitore

488 2656 792 2728 conspicui,
824 2657 987 2730 digne
1014 2658 1351 2714 celebramus
1378 2658 1630 2729 paschale
1654 2659 1993 2729 mysterium,
2018 2664 2075 2712 et

487 2750 775 2805 beatomm
808 2760 1109 2824 martyrum
1147 2753 1413 2807 veraciter
1439 2752 1718 2807 imitamur
1742 2751 2069 2821 exemplum.

490 2840 600 2898 Nec
628 2841 949 2912 desperetis,
981 2844 1179 2901 fratres
1207 2846 1335 2912 mei,
1368 2845 1494 2900 licet
1522 2845 1701 2900 adhuc
1746 2844 1968 2909 infirmi,
2006 2844 2073 2898 li-

488 2942 579 2986 cet
625 2933 987 2989 exterioribus
1032 2933 1284 2990 fortassis
1330 2935 1506 2989 adhuc
1551 2935 1765 2990 actibus
1791 2933 2071 3003 implicati,

489 3037 596 3076 non
627 3023 926 3092 desperatis
951 3025 1019 3079 ad
1066 3035 1366 3097 martyrum
1396 3040 1496 3081 vos
1540 3027 1874 3082 consortium
1904 3026 2072 3096 perti-

490 3127 643 3177 nere,
690 3112 782 3183 qui
829 3124 1129 3186 martyrum
1171 3118 1429 3174 victorias
1451 3133 1548 3176 vos
1578 3119 1965 3191 recognoscitis
2007 3134 2074 3175 ex

489 3205 653 3261 corde
687 3206 931 3278 diligere.
963 3208 1213 3280 Quinque
1256 3219 1405 3266 certe
1449 3210 1721 3281 Salphaad
1770 3210 1893 3266 filiae
1932 3213 2077 3266 inter

490 3294 692 3352 fratres
716 3312 844 3353 suos
875 3307 1176 3355 noscuntur
1202 3301 1570 3356 hazreditatem
1597 3342 1612 3368 ,
1665 3301 1850 3374 Moyse
1877 3301 2079 3357 consti-

490 3395 697 3452 tuente,
727 3389 934 3444 sortitae
977 3388 1167 3461 (Num.
1197 3407 1345 3446 xxvn
1375 3400 1430 3446 et
1456 3392 1675 3463 xxxvi);
1707 3392 1947 3462 quinque
1991 3390 2078 3446 ni—

492 3479 693 3533 mirum
719 3489 776 3534 et
800 3479 1037 3547 feminae,
1067 3490 1125 3536 ut
1152 3497 1250 3551 per
1278 3483 1587 3552 quinarium
1614 3497 1901 3537 numerum
1929 3490 2081 3537 exte-

491 3570 609 3625 rior
633 3572 934 3642 occupatio,
971 3587 1068 3643 per
1098 3573 1414 3630 muliebrem
1444 3588 1574 3629 vero
1616 3588 1806 3629 sexum
1847 3572 2078 3627 infirmi-

491 3672 579 3719 tas
602 3663 933 3737 designetur.
984 3665 1248 3722 Jonathas
1294 3681 1509 3737 quoque
1555 3667 1608 3721 in
1655 3664 1888 3736 quodam
1940 3665 2081 3720 inter

491 3767 783 3827 utrumque
809 3758 1110 3813 meditullio
1138 3760 1366 3828 positus,
1415 3774 1515 3815 nec
1554 3775 1676 3814 cum
1709 3758 1837 3813 Saul
1868 3772 2081 3812 reman-

495 3847 570 3901 sit
606 3846 661 3901 in
695 3846 872 3913 malis,
925 3862 1027 3904 nec
1066 3848 1233 3903 David
1283 3848 1604 3920 azquiparari
1654 3848 1828 3918 patuit
1858 3861 2080 3917 prorsus

502 3938 560 3992 in
589 3938 747 3994 bonis
779 3938 828 4009 (1
861 3937 988 4009 Reg.
1032 3955 1189 4004 xvnt,
1223 3956 1315 3994 xtx
1345 3948 1400 3994 et
1427 3939 1541 4010 xx).
1593 3940 1699 3994 Sed
1727 3939 1853 4009 quia
1882 3937 2080 3993 dilecto

499 4027 596 4082 Dei
624 4028 907 4098 Propheta:
938 4029 1040 4085 fuit
1065 4031 1292 4097 amicus,
1337 4041 1394 4086 et
1437 4032 1502 4085 de
1547 4029 1729 4085 futuro
1770 4028 1888 4098 ejus
1935 4029 2082 4100 gavi-

495 4135 591 4175 sus
636 4129 719 4175 est
747 4119 988 4175 fraterna
1017 4122 1352 4192 benignitate
1378 4137 1632 4178 successu
1656 4163 1671 4186 ,
1709 4123 1796 4192 pie
1840 4121 2084 4178 creditur

497 4210 567 4265 ab
600 4211 720 4281 ejus
747 4210 1027 4265 consortio
1056 4227 1201 4267 nunc
1241 4212 1296 4266 in
1327 4212 1519 4281 spiritu
1552 4225 1659 4264 non
1690 4225 1809 4265 esse
1834 4209 2040 4264 divisus
2062 4249 2078 4273 ,

496 4302 585 4357 cui
635 4302 762 4356 dum
815 4301 869 4355 in
916 4315 1082 4356 carne
1128 4302 1352 4366 viveret,
1397 4299 1732 4355 unanimiter
1774 4300 1983 4353 exstitit
2027 4290 2078 4353 in

496 4407 683 4448 amore
711 4390 1054 4461 conjunctus.

567 4484 678 4541 Nos
721 4491 901 4539 autem
934 4524 949 4548 ,
1000 4481 1356 4545 dilectissimi,
1403 4482 1494 4551 qui
1536 4479 1900 4550 exagitantem
1951 4476 2079 4533 Saul

393 4568 396 4572 ’
494 4575 748 4648 spiritum
784 4575 985 4630 malum
1011 4613 1026 4640 ,
1058 4572 1355 4629 auxiliante
1384 4573 1515 4638 Deo,
1543 4579 1665 4642 post
1694 4579 1841 4640 terga
1875 4569 2084 4624 dimisi-

496 4684 619 4726 mus
647 4667 702 4742 (I
733 4667 859 4739 Reg.
888 4668 1035 4739 xvi);
1070 4666 1180 4721 imo
1222 4666 1317 4736 qui
1348 4664 1648 4721 Pharaonis
1695 4663 1994 4718 exercitum
2030 4660 2083 4715 in

496 4762 636 4817 mari
670 4761 856 4816 Rubro
896 4759 1202 4815 demersum
1234 4757 1433 4828 (Exod.
1465 4757 1623 4825 xvnt)
1651 4798 1666 4823 ,
1700 4770 1798 4825 per
1827 4755 2083 4809 virtutem

480 4852 826 4908 sacramenti
878 4849 1150 4921 paschalis
1192 4850 1489 4913 evasimus,
1540 4864 1638 4919 pro
1686 4847 1867 4903 carnis
1902 4855 2083 4900 tamen

496 4941 609 5013 διε
638 4940 954 4995 infirmitate
988 4942 1165 4995 adhuc
1190 4955 1471 4995 versamur
1502 4939 1556 4992 in
1588 4952 1805 5001 eremo.
1838 4946 2084 4991 ιηιιιεθίι-

2173 1897 2426 1965 influunt,
2469 1898 2542 1953 ita
2572 1896 2719 1952 beati
2766 1903 3001 1965 quatuor
3044 1892 3390 1965 evangelista:
3432 1892 3502 1948 de
3527 1892 3762 1956 Christo,

2172 1989 2265 2061 qui
2296 1987 2418 2044 fons
2447 1988 2594 2053 vitae,
2621 1997 2678 2042 et
2700 1986 2854 2056 origo
2880 1992 2965 2041 est
2991 1984 3272 2055 sapientiae
3291 2023 3308 2049 ,
3344 1982 3504 2053 quasi
3545 1981 3762 2036 totidem

2173 2080 2415 2152 gurgites
2446 2078 2737 2150 proﬂuunt,
2784 2087 2839 2133 et
2864 2076 3073 2131 arentia
3122 2076 3480 2131 humanorum
3522 2072 3761 2129 cordium

2174 2188 2301 2227 arva
2338 2173 2584 2229 doctrina
2624 2187 2735 2228 sua:
2766 2170 2984 2227 ﬂuentis
3015 2169 3323 2226 infundunt.
3364 2168 3529 2225 Unde
3558 2169 3643 2223 vir
3668 2166 3760 2223 Sa-

2172 2266 2329 2336 piens
2374 2280 2499 2322 cum
2528 2265 2925 2337 praemisisset:
2958 2283 2978 2317 ι
3012 2263 3203 2321 Posuit
3246 2263 3419 2318 David
3468 2277 3644 2334 puero
3670 2277 3761 2317 suo

2175 2357 2421 2414 excitare
2468 2371 2651 2428 regem
2682 2371 2748 2412 ex
2779 2356 2894 2427 ipso
2922 2354 3318 2418 fortissimum,
3357 2363 3413 2408 et
3459 2352 3517 2408 in
3574 2351 3763 2407 throno

2176 2450 2400 2506 honoris
2442 2450 2718 2506 sedentem
2776 2449 2828 2504 in
2877 2447 3302 2519 sempiternum,
3339 2463 3359 2497 ι
3398 2450 3601 2514 praesto
3644 2441 3767 2498 sub-

2168 2543 2351 2614 junxit
2384 2560 2398 2597 :
2437 2561 2454 2594 ι
2503 2542 2606 2609 Qui
2653 2540 2838 2612 implet
2888 2539 3047 2611 quasi
3089 2537 3290 2593 Phison
3336 2534 3685 2607 sapientiam,
3712 2541 3765 2586 et

2181 2636 2325 2691 sicut
2352 2633 2531 2704 Tigris
2557 2633 2611 2711 in
2653 2633 2847 2689 diebus
2889 2646 3171 2695 novorum,
3199 2628 3291 2699 qui
3323 2626 3585 2698 adimplet
3614 2624 3762 2696 quasi

2177 2725 2482 2797 Euphrates
2531 2738 2773 2789 sensum,
2821 2723 2912 2793 qui
2961 2720 3284 2790 multiplicat
3313 2717 3471 2788 quasi
3518 2713 3764 2772 Iordanis

2177 2819 2231 2874 in
2292 2826 2539 2888 tempore
2586 2816 2823 2882 messis,
2885 2814 2979 2885 qui
3027 2814 3196 2870 mittit
3242 2811 3587 2881 disciplinam
3634 2808 3767 2863 sicut

2175 2912 2374 2977 lucem,
2390 2920 2443 2966 et
2454 2910 2717 2968 assistens
2735 2909 2888 2980 quasi
2900 2908 3090 2964 Gehon
3103 2907 3154 2960 in
3166 2904 3255 2961 die
3270 2904 3559 2959 vindemia:
3575 2899 3758 2972 (Ecd‘.

2176 3004 2330 3075 xxiv)
2373 3023 2391 3056 ι
2424 3003 2563 3058 Hinc
2608 2993 2772 3057 etiam
2801 2999 2963 3071 paulo
2989 3007 3112 3070 post
3157 2998 3233 3053 ait
3263 3017 3276 3052 :
3314 3015 3332 3049 ι
3367 2997 3483 3069 Ego
3508 2993 3762 3064 sapientia

2177 3097 2339 3153 eﬂ'udi
2366 3095 2624 3162 flumina;
2652 3110 2752 3166 ego
2772 3094 2935 3165 quasi
2966 3102 3168 3149 trames
3211 3106 3368 3162 aqum
3394 3091 3677 3147 immense
3700 3086 3767 3141 de

2103 3159 2146 3221 θ
2186 3190 2372 3254 fluvio,
2420 3202 2522 3260 ego
2567 3159 2722 3259 quasi
2753 3159 2946 3243 ﬂuvius
2995 3186 3157 3242 Dorix
3199 3159 3437 3258 [Diorixj
3463 3224 3481 3248 ,
3532 3190 3592 3238 et
3633 3182 3762 3237 sicut

2180 3281 2532 3351 aquaeductus
2556 3278 2699 3335 exivi
2745 3278 2813 3333 de
2838 3277 3110 3349 paradiso.
3141 3276 3260 3332 Dixi
3292 3293 3308 3329 :
3352 3274 3568 3345 Rigabo
3593 3285 3763 3332 meum

2182 3374 2401 3430 hortum
2433 3371 2852 3443 plantationum,
2900 3378 2957 3425 et
3005 3370 3287 3425 inebriabo
3331 3367 3473 3439 patri
3525 3367 3631 3421 mei
3662 3365 3766 3422 ἴτυν

2181 3476 2329 3520 ctum
2382 3464 2577 3536 (lbid.)
2637 3482 2656 3515 ι
2708 3462 2961 3518 Christus
3011 3463 3196 3531 itaque
3241 3459 3509 3530 sapientia
3554 3458 3760 3520 Patris,

2182 3558 2273 3628 qui
2315 3556 2381 3613 de
2430 3556 2686 3626 paradiso
2718 3569 2817 3626 per
2852 3554 3172 3626 mysterium
3203 3548 3763 3621 assumptat'humani-

2182 3649 2312 3704 tatis
2355 3648 2544 3715 exivit,
2577 3647 2792 3702 hortum
2835 3660 3032 3709 suum,
3065 3643 3116 3698 id
3147 3650 3252 3708 est,
3295 3650 3545 3697 sanctam
3592 3639 3764 3695 Eccle-

2183 3742 2346 3805 siam,
2380 3754 2479 3809 per
2523 3748 2759 3809 quatuor
2785 3735 3187 3807 evangelistas,’
3220 3742 3477 3802 tanquam
3509 3744 3608 3799 per
3648 3729 3762 3783 toti.

2183 3833 2305 3889 dem
2334 3832 2574 3887 ctelestis
2597 3829 2860 3886 doctrina:
2887 3826 3100 3893 ﬂuvios,
3124 3831 3129 3835 ’
3152 3825 3418 3897 irrigavit.
3446 3824 3597 3878 inter
3624 3832 3759 3891 quos

2182 3923 2438 3979 nimirum
2476 3923 2666 3978 beatus
2696 3920 2907 3976 Marcus
2947 3919 3096 3975 velut
3140 3917 3329 3973 Geh‘on
3361 3917 3757 3987 perspicuusac

2185 4031 2354 4087 purus
2381 4024 2613 4081 emetat,
2643 4016 2699 4069 'et
2745 4014 3011 4068 humanas
3051 4020 3264 4067 mentes
3290 4009 3559 4066 salutiferi
3588 4004 3755 4062 mado-

2185 4108 2262 4163 ris
2294 4105 2645 4161 inundatidue
2675 4103 2945 4159 fecundat.
2997 4102 3122 4169 Qui,
3163 4100 3317 4172 juxta
3358 4098 3656 4169 Scriptura:
3676 4110 3753 4150 se-

2190 4201 2348 4265 riem,
2376 4197 2573 4253 circuit
2619 4210 2835 4253 omnem
2864 4203 3067 4250 terram
3097 4191 3390 4262 Ethiopian
3413 4186 3570 4260 (Gen.
3602 4185 3681 4257 ιι).
3708 4185 3756 4239 id

2187 4300 2273 4347 est
2298 4329 2313 4355 ,
2351 4289 2766 4344 universitatem
2818 4284 3193 4355 complectitur
3236 4281 3495 4336 Ecclesiae
3539 4276 3756 4351 peccatis

2184 4379 2616 4451 praecedentibus
2646 4377 2960 4447 denigratze.
2989 4373 3065 4428 De
3086 4371 3239 4442 cujus
3265 4370 3556 4439 [Ethiopian
3580 4363 3755 4437 populo

2186 4485 2285 4541 per
2326 4469 2645 4540 prophetam
2705 4465 2966 4520 Dominus
3024 4462 3158 4518 dicit
3203 4480 3216 4514 :
3272 4479 3292 4513 ι
3354 4458 3506 4515 Ultra
3555 4454 3754 4514 ﬂumina

2186 4562 2502 4633 Ethiopian,
2535 4560 2661 4615 inde
2691 4557 2960 4629 supplices
3005 4555 3109 4610 mei
3142 4551 3401 4625 (Sep/ton.
3426 4552 3535 4620 ιιι).
3583 4569 3602 4600 ι
3640 4546 3755 4614 Qui:

2183 4654 2348 4709 etiam
2415 4649 2885 4723 persecutionibus
2941 4660 3142 4717 praessa
3174 4642 3330 4698 dicit
3372 4641 3431 4696 in
3481 4635 3747 4697 Canticis;

2191 4765 2211 4798 ι
2256 4722 2431 4814 Nigra
2447 4757 2587 4805 sum,
2628 4742 2724 4795 sed
2752 4740 3009 4795 formosa.
3051 4756 3069 4788 ι
3105 4734 3173 4792 Et
3219 4731 3381 4803 paulo
3409 4738 3578 4801 post:
3607 4745 3625 4778 ι
3655 4722 3748 4779 No-

2188 4838 2282 4893 lite
2309 4851 2394 4891 me
2423 4834 2775 4891 considerare
2794 4831 2937 4901 quod
2965 4831 3115 4884 fusca
3140 4827 3265 4892 sim,
3289 4825 3417 4894 quia
3446 4816 3747 4879 dewlorarit

2190 4942 2277 4982 me
2330 4924 2411 4981 sol
2455 4923 2634 4994 (Cant.
2668 4923 2732 4992 ι).
2781 4939 2800 4972 ι
2845 4918 2952 4975 Sed
2999 4916 3217 4973 eosdem
3260 4920 3481 4968 sanctos
3507 4904 3747 4975 evangeli-
