3946 5368
200 350 310 410 573

1607 342 1838 400 SERMO
1881 344 2016 400 XIV.

3373 348 3481 408 δτι

201 472 330 546 quia
361 486 394 526 a
415 467 654 527 clamore
685 467 832 524 vocis
879 467 930 522 in
959 466 1184 522 deserto
1209 481 1368 521 suum
1401 463 1588 534 indpit
1621 461 1796 516 Evan-
1821 464 1876 520 Α
1901 463 2116 518 cautius
2165 463 2248 519 vel
2293 464 2744 536 circumspectius
2805 481 2902 534 per
2951 464 3114 520 alium
3167 465 3464 538 quemlibet

203 567 432 638 gelium,
479 573 626 618 recte
670 561 842 616 leonis
895 561 1122 616 sortitus
1171 567 1259 614 est
1287 558 1566 628 speciem.
1617 553 1724 608 Sed
1751 552 1798 606 si

205 657 484 714 subtiliter
515 656 628 726 ipsa
659 653 932 724 Evangelii
965 653 1080 722 ejus
1107 652 1260 720 origo
1287 647 1666 720 perpenditur,
1709 661 1799 697 or-

205 746 558 802 dinatissima
605 746 776 800 sancti
805 743 1041 814 Spiritus
1067 743 1118 796 in
1147 759 1212 797 eo
1239 738 1566 810 dispensatio
1591 735 1797 805 reperi-

207 847 318 892 tur.
364 836 420 890 In
475 838 618 891 hanc
663 835 862 906 quippe
891 849 1076 888 vocem
1121 847 1344 886 exorsus
1373 830 1592 900 erupit:
1643 845 1660 878 ι
1695 826 1796 880 lni-

207 929 344 982 tium
373 925 650 998 Evangelii
671 924 794 980 Jesu
810 923 1166 986 Christi,Filii
1193 922 1284 974 Dei
1303 920 1494 980 ullorc.
1519 921 1579 984 ι).
1601 937 1620 970 ι
1647 917 1798 970 Sicut

205 1015 478 1086 scriptum
513 1025 596 1070 est
632 1015 682 1068 in
709 1015 843 1069 Isaia
869 1015 1130 1084 propheta
1149 1031 1164 1066 ι
1186 1030 1201 1061 ι
1231 1011 1366 1066 Ecce
1393 1026 1492 1080 ego
1517 1008 1674 1062 mitto
1699 1023 1798 1060 au-

207 1110 390 1181 gelutn
419 1125 598 1164 meum
626 1121 754 1163 ante
786 1107 978 1162 faciem
1003 1117 1168 1172 luant,
1199 1105 1288 1174 qui
1313 1102 1633 1174 pratparavit
1658 1101 1796 1154 tiam

211 1209 365 1254 tuam
417 1208 546 1254 ante
589 1208 660 1252 te.
689 1197 816 1276 'V'ox
867 1196 1154 1252 clamantis
1217 1196 1270 1248 in
1317 1195 1366 1248 ιιι
1387 1202 1558 1247 serto:
1609 1189 1800 1244 Parate

207 1275 358 1346 viam
425 1275 693 1354 Domini,
729 1297 907 1344 rectas
971 1288 1130 1342 facite
1158 1286 1382 1344 semitas
1421 1284 1510 1338 Dei
1545 1283 1735 1337 nostri.
1775 1301 1794 1334 ι

209 1381 500 1438 Mattheus
539 1392 722 1436 autem
763 1381 896 1438 dicit
933 1399 946 1434 :
985 1398 1004 1432 ι
1037 1379 1196 1434 Liber
1257 1375 1624 1446 generationis
1673 1372 1800 1426 .lesu

207 1475 416 1532 Christi
455 1475 550 1530 lilii
580 1475 748 1530 David
778 1473 996 1546 (Matth.
1025 1475 1090 1543 ι).
1129 1493 1150 1526 ι
1190 1471 1331 1538 Quid
1371 1479 1456 1526 est
1491 1482 1621 1538 ergo
1657 1466 1802 1536 quod

209 1565 304 1622 ille
347 1565 520 1632 dicit,
577 1565 698 1620 Filii
741 1565 868 1630 Dei;
925 1566 1058 1628 iste,
1109 1564 1202 1618 lilii
1243 1561 1446 1625 David,
1498 1560 1601 1614 nisi
1657 1557 1800 1626 quod

207 1671 312 1726 per
365 1672 570 1727 organa
625 1671 720 1710 sua
778 1657 1016 1726 Spiritus
1063 1667 1286 1730 saqctus
1339 1653 1658 1708 mediatoris
1711 1648 1800 1704 Dei

205 1757 268 1802 et
319 1747 600 1803 hominum
651 1757 992 1802 sacramenta
1057 1747 1344 1811 distinxit,
1409 1754 1462 1798 ut
1535 1758 1631 1812 per
1671 1741 1806 1796 alte-

209 1856 334 1896 rum
381 1855 506 1896 eum
557 1839 753 1894 Filium
793 1841 908 1904 Dei,
939 1856 1035 1910 per
1065 1840 1294 1894 alterum
1339 1836 1648 1890 ostemleret
1687 1849 1808 1888 esse
1839 1821 1882 1881 Β

209 1929 386 1984 ﬁlium
419 1930 694 1986 hominis?
727 1929 1006 2000 Tanquam
1037 1931 1180 1984 enim
1209 1945 1304 1998 per
1335 1928 1496 1982 unius
1527 1925 1668 1980 tibiae
1701 1925 1808 1979 duo

207 2023 528 2090 spiramina,
579 2023 662 2078 vel
691 2025 870 2094 potius
898 2039 994 2094 per
1019 2023 1156 2078 duas
1179 2021 1438 2076 Ecclesia:
1481 2033 1642 2072 nares
1669 2031 1809 2072 unus

207 2110 381 2168 emuit
424 2113 666 2182 spiritus,
714 2115 840 2170 dum
893 2115 1161 2168 inrarnati
1191 2112 1350 2167 Verbi
1397 2113 1498 2166 iste
1543 2110 1806 2172 divinam,

209 2205 304 2260 ille
331 2209 748 2278 generationem
775 2209 1036 2264 describit
1067 2210 1378 2262 humanam.

217 2335 222 2344 -
285 2296 397 2354 Sed
435 2313 656 2354 movere
687 2307 890 2369 potest,
931 2315 1028 2354 cur
1071 2300 1264 2354 beatus
1301 2299 1628 2368 evangelista
1659 2296 1806 2352 Mar-

212 2406 332 2452 cus,
363 2399 656 2460 postquam
703 2393 1004 2462 pusiturum
1035 2407 1092 2446 se
1123 2392 1294 2457 lsaiw,
1329 2392 1492 2446 verba
1539 2390 1807 2458 promisit,

215 2497 324 2536 non
363 2481 612 2552 protinus
647 2482 816 2547 Isaiae,
849 2483 944 2536 sed
975 2481 1254 2536 Malacbia:
1289 2483 1466 2550 potius
1493 2481 1636 2534 dicta
1685 2481 1809 2534 sub-

215 2575 424 2644 intulit,
453 2576 641 2644 sicque
666 2577 1004 2646 postmodum
1031 2576 1096 2630 ad
1127 2575 1282 2630 Isaia:
1321 2577 1484 2630 verba
1529 2575 1810 2644 pervenit?

217 2664 356 2722 Nam
385 2667 528 2736 quod
559 2667 940 2736 praemittitur;
965 2687 982 2718 ι
1011 2667 1148 2720 Ecce
1179 2667 1332 2720 mitto
1358 2667 1606 2737 angelum
1629 2681 1806 2721 meum

221 2757 384 2828 (Mal.
434 2759 540 2826 ιιι),
582 2777 601 2808 ι
635 2757 926 2812 Malarhias
959 2757 1202 2826 protulit,
1232 2757 1322 2825 qui
1369 2757 1692 2812 novissimus
1725 2765 1810 2812 est

219 2848 506 2904 duodecim
547 2848 956 2919 prophetarum.
995 2849 1152 2916 Quod
1183 2858 1364 2902 autem
1407 2847 1750 2918 subjungitur
1791 2867 1804 2902 :

211 2957 244 2996 λι
285 2939 396 2994 Vox
449 2938 737 2994 clamantis
785 2940 836 2992 in
870 2939 1084 2994 deserto
1125 2939 1292 3008 (lsai.
1321 2939 1504 3010 31.),»
1535 2939 1682 2994 Isaia:
1727 2949 1813 2994 est

219 3030 594 3088 indubitanter
636 3031 932 3086 oraculmn.
977 3029 1086 3086 Cur
1135 3047 1264 3101 ergo
1305 3033 1396 3100 qui
1441 3031 1634 3086 Isaiam
1683 3047 1810 3102 pro-

219 3121 390 3187 misit,
425 3137 532 3176 non
577 3137 704 3176 mox
753 3120 946 3176 Isaiam
979 3121 1232 3187 reddidit,
1263 3122 1356 3178 sed
1403 3121 1720 3178 Malachiam
1753 3123 1806 3177 in

221 3211 592 3272 testimonium
629 3213 780 3282 prius
807 3213 1068 3268 adduxit?
1110 3213 1362 3282 Nunquid
1408 3213 1570 3268 homo
1613 3213 1804 3282 spiritu
1833 3191 1881 3252 (δ

219 3303 314 3358 Dei
345 3303 561 3373 plenus,
590 3304 890 3372 prmsertim
921 3303 974 3356 in
1013 3304 1130 3372 ipso
1156 3319 1266 3357 sua:
1294 3304 1620 3358 narrationis
1650 3317 1809 3358 exor-

219 3394 328 3458 dio,
365 3395 448 3448 vel
493 3409 680 3448 errare
728 3395 922 3464 potuit,
949 3394 1032 3450 vel
1061 3395 1308 3460 mentiri;
1347 3405 1406 3448 ιιι
1431 3396 1522 3464 qui
1553 3395 1810 3450 Veritatis

219 3497 366 3558 gesta
391 3486 747 3549 describeret,
769 3486 960 3540 librum
987 3502 1144 3540 suum
1171 3487 1450 3540 mendacio
1471 3487 1809 3540 dedicasset?

221 3579 326 3634 Sed
369 3577 478 3634 hoc
511 3577 740 3632 docendi
787 3577 1099 3648 magisterio
1147 3577 1348 3632 factmn
1379 3587 1482 3640 εει,
1514 3585 1572 3630 ιιι
1601 3578 1652 3630 in
1693 3577 1810 3644 ipso

219 3673 500 3744 Evangelii
538 3673 620 3727 sui
649 3671 910 3742 principio
943 3671 1177 3741 Spiritus
1207 3683 1446 3734 sanctus,
1493 3670 1649 3740 cujus
1696 3670 1810 3738 ipse

219 3777 412 3822 auctor
453 3775 598 3830 erat,
645 3765 954 3822 ostenderet
995 3779 1052 3820 se
1101 3779 1266 3818 unum
1312 3763 1668 3831 eamdemque
1715 3777 1812 3831 per

217 3856 464 3910 omnium
515 3855 898 3925 prophetarum
927 3869 1020 3908 ora
1075 3853 1242 3908 fuisse
1273 3853 1530 3916 locutum,
1579 3862 1636 3904 ut
1666 3852 1810 3920 quod

221 3947 290 4004 ab
319 3963 431 4002 uno
481 3945 790 4016 Specialiler
817 3946 1018 4006 dicitur
1051 3947 1122 4001 ab
1167 3945 1420 4000 onmibus
1451 3943 1813 4000 connuuuiter

219 4039 556 4110 proferatur.

289 4127 564 4198 Quidquid
593 4142 724 4198 ergo
755 4128 886 4182 dicit
931 4127 1254 4190 Malachias,
1285 4127 1416 4182 dicit
1463 4125 1813 4182 nihilominus

219 4227 276 4274 et
297 4219 502 4284 Isaias,
529 4229 586 4273 et
613 4219 1038 4288 uniuScujusque
1075 4218 1239 4271 verba
1271 4233 1368 4288 per
1401 4218 1663 4272 unitatem
1695 4217 1810 4286 spi-

221 4313 362 4366 ritus
392 4311 462 4366 ab
491 4311 746 4370 omnibus
793 4321 918 4366 sunt
961 4310 1189 4378 pt'OlaL'l.
1236 4311 1290 4366 In
1337 4325 1442 4378 quo
1475 4309 1637 4364 etiam
1685 4309 1813 4364 illud

221 4402 780 4472 beatusevangelista
824 4403 1004 4465 docet,
1047 4411 1105 4456 ut
1151 4401 1194 4455 si
1243 4401 1373 4468 quid
1405 4401 1518 4470 ipse
1557 4400 1810 4470 loquitur,

223 4497 368 4563 quod
406 4509 440 4548 a
471 4492 684 4546 caeteris
712 4491 1058 4562 evangelistis
1087 4491 1333 4546 videatur
1361 4507 1486 4546 esse
1519 4492 1815 4554 diversum,

227 4595 402 4640 unum
421 4592 600 4638 tamen
630 4583 1218 4654 intelligantur.omnes
1243 4584 1486 4653 proferre
1509 4599 1816 4640 sermonem

227 4691 324 4748 per
345 4676 497 4743 ejus,
545 4676 638 4744 qui
681 4675 734 4728 in
764 4676 1016 4730 omnibus
1060 4673 1318 4744 loquitur,
1364 4677 1536 4730 sancti
1586 4675 1822 4744 Spiritus

231 4769 516 4827 unitatem.
567 4767 724 4824 Unde
771 4768 908 4822 sicut
953 4767 1006 4820 in
1059 4767 1368 4835 prophetis,
1420 4767 1500 4820 sic
1549 4766 1712 4820 etiam
1765 4766 1820 4820 in

233 4859 580 4930 evangelistis
637 4873 974 4927 nequaquam
1030 4857 1317 4912 scribentis
1365 4857 1602 4918 hominis
1637 4857 1820 4920 ,mini-

239 4951 400 5008 sterio
431 4950 503 5004 sit
531 4950 804 5004 diversum
835 4949 982 5018 quod
1015 4965 1120 5000 una
1168 4948 1423 5004 dictantis
1458 4948 1694 5018 Spiritus
1741 4957 1828 5004 est

237 5043 568 5102 auctoritate
617 5039 906 5116 prolatum.
961 5038 1252 5094 Enimvero
1293 5039 1540 5109 quisquis
1583 5037 1828 5110 Evange-

237 5133 364 5197 littm
407 5133 564 5208 beati
612 5131 774 5188 Marci
803 5131 988 5188 subtili
1021 5130 1372 5192 meditatione
1403 5131 1742 5196 considerat,
1775 5141 1829 5190 et

233 5230 332 5254 ρίι..
391 5238 450 5254 --⁸
483 5227 702 5254 ’,ἕηκε-Μ
735 5235 807 5254 lin.

865 5223 1210 5254 ῗ-ιιοεηηιιιῖηηιι
1239 5233 1530 5254 ιιΔΙιΙιιιιΛΙΛΙ
1603 5225 1824 5254 ιιι-ΛΞΜ..-

1903 567 2064 622 quam
2113 571 2210 624 per
2235 571 2298 612 os
2343 557 2484 612 beati
2537 557 2702 612 Marci
2747 557 2914 612 fuisse
2951 557 3220 623 locutum,
3263 558 3398 613 adeo
3425 567 3484 612 ut

1903 643 2018 712 ipsa
2047 634 2424 716 descriptionis
2449 649 2644 712 series,
2669 657 2723 704 et
2749 648 2882 704 ordo
2911 649 3198 702 verborum
3225 663 3484 718 magnum

1901 734 2176 788 contineat
2210 745 2632 792 sacramentum.
2663 737 2836 804 Quod,
2867 746 2925 792 ut
2953 737 3160 792 facilius
3186 739 3482 804 elucescat,

1903 825 1956 878 in
1993 825 2108 895 ipso
2133 827 2254 882 libri
2287 827 2406 898 ejus
2431 831 2658 886 exordio
2701 845 2798 886 nos
2829 830 3068 900 breviter
3097 831 3352 888 intimare
3375 845 3484 886 non

1900 916 2098 985 pigeat.

1973 1007 2216 1062 Primum
2267 1025 2502 1080 namque
2533 1012 2853 1066 miraculum
2881 1013 3060 1083 ponit,
3092 1027 3200 1082 quo
3225 1011 3488 1066 Dominus

1901 1099 2200 1158 d:emonem
2229 1118 2326 1172 per
2371 1119 2436 1160 os
2483 1105 2718 1158 ltominis
2753 1105 3102 1168 clamantem,
3135 1113 3316 1160 tacere
3351 1117 3490 1172 pra:-

1901 1194 2066 1262 cepit,
2087 1209 2320 1264 eumque
2345 1198 2591 1266 protinus
2620 1198 2846 1266 expulit.
2870 1217 2888 1248 ι
2912 1196 3256 1262 Obmutesee,
3287 1197 3484 1265 inquit,

1901 1295 1958 1338 et
1985 1287 2072 1340 exi
2101 1287 2168 1340 ab
2199 1287 2418 1343 homine
2441 1289 2638 1360 (Marc.
2672 1289 2734 1360 l).
2773 1310 2791 1340 ι
2823 1289 3132 1344 Secundum
3165 1287 3488 1342 miraculum

1901 1389 2006 1444 est,
2043 1395 2152 1448 quo
2199 1379 2596 1438 febricitantem
2638 1397 2854 1438 socrum
2901 1382 3080 1446 Petri,
3117 1381 3342 1451 depulso
3381 1380 3488 1451 typi

1902 1472 2101 1536 ealore,
2137 1475 2350 1528 sanavit
2391 1475 2602 1546 (Ibid.).
2635 1475 2876 1530 Tertium
2907 1483 3020 1539 est,
3057 1489 3165 1543 quo
3211 1473 3488 1542 leprosum

1907 1567 2080 1637 tetigit
2107 1579 2160 1622 et
2191 1569 2440 1640 purgavit
2471 1569 2680 1640 (Ibid).
2713 1569 2974 1636 Quartum
3003 1585 3220 1640 quoque
3247 1578 3350 1633 est,
3381 1581 3490 1636 quo

1909 1659 2264 1731 paralytieum
2323 1661 2644 1730 grabbatum
2711 1663 2900 1717 tollere
2943 1671 2998 1717 et
3029 1665 3180 1718 abire
3237 1659 3496 1730 praecepit

1909 1748 2104 1819 (Marc.
2137 1751 2218 1819 ιι).
2265 1749 2368 1816 Qui
2395 1749 2646 1806 videlicet
2673 1751 2838 1816 ordo,
2869 1751 2912 1806 si
2941 1751 3184 1820 diligenti
3215 1763 3342 1804 cura
3371 1763 3496 1818 pcr-

1913 1841 2184 1911 penditur,
2237 1841 2524 1897 manifeste
2573 1842 2734 1896 docet
2782 1851 2982 1910 quanta
3030 1841 3328 1911 magisterii
3377 1847 3495 1893 arte

1913 1931 2148 2000 Spiritus
2187 1941 2406 1986 sanctus
2437 1931 2728 1986 scribentis
2773 1932 3042 1987 calamum
3093 1931 3296 1993 tenuit,
3345 1937 3396 1984 et
3427 1928 3496 1982 ad

1911 2023 2290 2078 declarandum
2361 2023 2748 2093 redemptionis
2814 2025 3062 2079 humana:
3131 2023 3448 2092 mysterium
3478 2063 3493 2086 ,

1911 2119 2066 2187 quasi
2117 2133 2212 2186 per
2251 2117 2541 2187 quamdam
2587 2117 2804 2182 lineam,
2839 2117 3020 2172 omnia
3049 2115 3400 2186 dispensavit.
3434 2113 3494 2168 In

1909 2207 2212 2276 dejectione
2243 2223 2474 2278 namque
2495 2208 2652 2276 primi
2688 2207 2922 2262 hominis
2951 2206 3214 2276 principio
3243 2203 3490 2258 diabolus

1909 2300 2123 2355 locutus
2149 2309 2252 2362 est,
2299 2316 2364 2354 ac
2409 2315 2626 2370 pomum
2657 2299 2880 2353 vetitmn
2929 2296 3137 2351 comedi
3183 2293 3493 2364 persuasit;

1911 2393 2108 2448 deinde
2135 2393 2347 2468 tundier,
2373 2393 2496 2461 quia
2523 2393 2577 2446 in
2607 2391 2980 2446 delectationis
3001 2385 3496 2456 concupiscentiam

1911 2486 2152 2548 corruit,
2200 2486 2346 2540 velut
2393 2486 2674 2540 aestuantis
2726 2486 2972 2538 ardorem
3023 2483 3192 2538 febris
3247 2479 3496 2536 incurrit.

1909 2578 2084 2633 Adam
2115 2594 2246 2634 vero
2295 2588 2582 2649 postquam
2629 2577 2696 2632 de
2725 2577 2902 2632 Iructu
2941 2575 3066 2646 ligni
3103 2573 3242 2628 male
3269 2585 3501 2627 consen-

1916 2671 2098 2724 tiendo
2129 2670 2364 2740 gustavit
2389 2667 2544 2740 (Gen.
2575 2667 2682 2738 ιιι),
2709 2669 2952 2723 omnium
2983 2681 3106 2720 mox
3141 2662 3390 2716 vitiorum
3419 2660 3498 2712 Ic-

1911 2779 2008 2833 pra
2042 2764 2324 2833 perfusus;
2349 2771 2626 2831 postremo
2647 2763 2834 2824 etiam,
2861 2769 3116 2828 tanquam
3143 2755 3491 2828 paralyticos,

1912 2871 1942 2908 a
1975 2857 2188 2910 cunctis
2215 2857 2374 2910 bonis
2405 2855 2660 2923 operibus
2703 2863 2788 2908 est
2813 2853 3088 2907 interioris
3119 2851 3354 2904 hominis
3386 2848 3502 2902 lan-

1911 2963 2078 3018 guore
2107 2949 2458 3002 constrictus.
2488 2946 2620 3012 Quia
2659 2961 2791 3012 ergo
2833 2944 3000 2998 Filius
3027 2943 3145 3006 Dei,
3173 2943 3314 2995 sicut
3339 2939 3502 2994 Joan-

1911 3053 2010 3092 nes
2060 3039 2334 3106 apostolus
2367 3038 2517 3100 dicit,
2564 3038 2844 3091 destruere
2888 3035 3036 3088 venit
3083 3047 3246 3102 opera
3299 3029 3501 3085 diaboli

1914 3129 1965 3200 (1
1995 3129 2158 3183 Joan.
2191 3128 2296 3196 ιιι),
2337 3143 2434 3198 per
2455 3129 2700 3182 eamdem
2725 3123 2868 3180 viam
2905 3133 3222 3194 persecutus
3247 3132 3328 3177 est
3357 3137 3503 3176 mor—

1914 3232 2042 3286 tem,
2077 3237 2180 3290 qna
2214 3222 2299 3275 illa
2332 3221 2573 3292 ingressa
2599 3219 2777 3274 fuerat
2809 3219 2860 3272 in
2885 3218 3070 3272 orbem
3103 3225 3390 3270 terrarum.
3434 3214 3502 3268 Et

1912 3313 2002 3368 ubi
2049 3312 2228 3366 fusum
2259 3319 2341 3367 est
2383 3309 2704 3381 perditionis
2739 3318 2942 3364 nostra!
2967 3322 3258 3371 venenum,
3293 3304 3502 3360 anima-

1913 3421 2032 3460 rum
2065 3406 2306 3460 medicus
2346 3404 2536 3460 salutis
2571 3403 2772 3472 objecit
2801 3403 3102 3456 antidotum
3123 3441 3138 3464 ,
3167 3409 3332 3468 atque
3359 3397 3504 3452 unde

1913 3506 2144 3552 mortem
2197 3497 2368 3552 hostis
2420 3494 2645 3550 callidus
2701 3493 3032 3553 introduxit,
3095 3505 3193 3560 per
3253 3490 3501 3544 eumdem

1915 3591 2186 3644 tramitem
2229 3589 2562 3656 Redemptor
2589 3597 2777 3642 noster
2807 3585 3082 3640 redeuntis
3107 3585 3232 3640 vitm
3271 3585 3505 3653 primor-

1915 3682 2000 3735 dia
2027 3681 2356 3742 reformavit,
2387 3688 2654 3748 quatenus
2681 3688 2734 3732 et
2759 3677 3054 3739 diabolum,
3087 3677 3178 3744 qui
3209 3676 3258 3728 in
3289 3676 3500 3728 ruinam

1913 3779 2154 3826 nostram
2207 3770 2415 3825 locutus
2447 3769 2644 3832 fuerat,
2671 3767 2892 3836 jantjam
2925 3777 3105 3822 tacere
3131 3763 3503 3834 compelleret,

1915 3875 1970 3920 et
2001 3864 2166 3918 Evam
2207 3879 2236 3916 a
2287 3863 2530 3918 febribus
2557 3861 2840 3916 aestuantis
2887 3858 3340 3927 concupiscentia:
3365 3856 3503 3912 libe-

1915 3963 2086 4018 raret,
2127 3962 2290 4024 atque
2323 3969 2350 4006 θ
2385 3953 2502 4006 viro
2542 3967 2648 4006 non
2681 3953 2840 4006 modo
2869 3951 3074 4020 lcpram
3101 3950 3352 4004 vitiorum
3383 3963 3504 4002 sce-

1916 4045 2200 4114 lerumque
2231 4043 2571 4113 detergeret,
2620 4044 2712 4097 sed
2739 4044 2987 4096 eumdem
3017 4056 3234 4111 quoque
3277 4049 3507 4095 eatenus

1917 4135 2274 4205 paralyticum
2327 4135 2392 4186 ad
2439 4133 2742 4188 exercenda
2791 4133 3008 4201 pictatis
3051 4147 3216 4202 opera
3267 4131 3504 4186 validum

1917 4228 2254 4294 liberumque
2277 4225 2508 4280 laxaret.
2544 4225 2696 4280 Sicut
2725 4239 2854 4295 ergo
2885 4225 2938 4278 in
2972 4225 3078 4279 illis
3105 4224 3298 4294 primis
3331 4223 3509 4278 homi-

1918 4318 2074 4372 nibus
2104 4327 2272 4371 totutn
2305 4317 2465 4386 periit
2506 4331 2677 4387 genus
2723 4305 3052 4378 humanum,
3101 4314 3180 4368 sic
3211 4315 3264 4366 in
3313 4313 3432 4366 istis
3475 4328 3507 4366 a

1923 4407 2206 4462 Salvatore
2255 4407 2460 4462 curatis
2509 4414 2591 4460 est
2655 4406 2754 4460 sub
2805 4405 2988 4474 figurae
3037 4403 3296 4474 mysterio
3345 4403 3509 4458 saluti

1921 4499 2166 4572 pristina:
2197 4498 2526 4562 restitutum.

1995 4589 2050 4644 In
2099 4591 2276 4658 capite
2323 4591 2485 4659 igitur
2527 4587 2822 4658 evangelici
2877 4587 3038 4655 hujus
3071 4585 3192 4640 libri
3235 4585 3511 4640 studiosus

1925 4685 2096 4740 lector
2115 4685 2358 4740 addiscat
2380 4683 2658 4754 sequentis
2683 4682 2808 4753 styli
2841 4680 3008 4736 series
3031 4695 3192 4749 quam
3219 4677 3510 4748 profunda,

1925 4791 2086 4844 quam
2119 4777 2345 4845 mystica
2377 4777 2770 4830 charismatum
2821 4779 3164 4827 sacramenta
3213 4769 3514 4824 contineat.

1929 4866 2038 4920 Nec
2089 4867 2310 4928 mirum,
2347 4882 2466 4921 cum
2515 4866 2650 4919 liber
2695 4865 2784 4920 ille
2831 4879 2938 4918 nou
2987 4862 3108 4931 plus
3155 4861 3322 4915 Marci
3353 4874 3517 4927 quam

1930 4959 2074 5013 Petri
2107 4961 2460 5029 perhibeatur
2488 4958 2740 5027 apostoli.
2769 4955 3046 5024 Quidquid
3079 4955 3224 5008 enim
3262 4953 3365 5005 iste
3391 4951 3525 5004 scri-

1937 5054 2072 5120 psit,
2106 5067 2170 5105 ex
2199 5068 2292 5108 ore
2319 5052 2462 5105 beati
2491 5050 2736 5116 magistri
2767 5048 3035 5110 callidus,
3073 5057 3132 5099 ut
3159 5048 3236 5100 ita
3265 5043 3494 5098 dixerim
3515 5083 3530 5106 ,

1935 5140 2248 5208 exploranter
2278 5139 2503 5194 audivit.
2539 5136 2662 5190 Fuit
2693 5140 2838 5193 enim
2863 5178 2876 5202 ,
2917 5135 3060 5188 sicut
3107 5133 3420 5190 authentica
3454 5131 3536 5183 hi-

1970 5230 2224 5254 οΑ-ξΑ-...ια
2261 5229 2420 5254 ι-ηᾹῖί
2457 5226 2756 5254 ..λεῖπε-ξιιμ..
2825 5225 2994 5254 ΙΛυῖΙιι
3029 5225 3326 5254 οηιὶιι-ιιιιιιὶὶ
3357 5225 3535 5254 Ιδιιΐιὶίιι
