3946 5368
459 349 563 403 575

1069 347 1124 400 S.
1175 346 1378 400 PETRI
1423 343 1706 401 DAMIANI
1750 343 1898 400 OPP.
1943 339 2122 396 PARS
2145 337 2276 397 SEU
2316 342 2550 402 TOMUS
2589 346 2649 401 ΙΙ.
2693 377 2759 389 --
2799 348 3188 406 SERMONES.

3636 342 3737 406 57's

458 463 700 529 deusque
744 474 898 513 suum
942 459 1292 528 interpretem
1330 458 1678 528 purissimam
1717 457 1951 510 tenuisse
1989 457 2047 508 ﬂ-
2077 454 2127 515 Α
2223 451 2344 510 Jam
2378 473 2504 512 vero
2547 460 2669 530 quis
2717 469 2922 518 tantam
2955 458 3111 518 Petri
3162 466 3420 536 gloriam,
3455 467 3584 537 quis
3631 475 3735 522 tam

457 553 579 609 dem
609 567 674 607 ac.
717 550 1138 606 sincerissimam
1172 550 1478 614 veritatem,
1509 548 1849 603 auctoritatis
1880 549 2044 601 robur

458 642 727 702 attribuit,
755 640 862 711 67
891 639 1286 711 legendumque
1317 647 1520 696 sancta:
1546 638 1834 694 universali
1862 637 2046 693 Eccle-

458 733 552 790 sia:
578 732 865 802 delegavit.
913 732 1263 786 Postmodutn
1307 748 1437 788 vero
1477 733 1560 786 vir
1605 731 1934 801 apostolicus
1979 731 2047 786 ad

457 824 751 896 :Egyptum
781 824 1052 879 transiens
1080 839 1177 894 per
1213 823 1436 896 Lybiam
1470 823 1804 878 Marmaricas
1830 832 1886 877 et
1917 823 2047 876 Am-

459 915 718 968 moniacus
756 913 874 968 ﬁdei
923 929 1105 969 semen
1155 914 1387 983 sparsit;
1438 912 1790 982 Pentapoleos
1835 925 2048 981 quoque

457 1008 752 1080 gentilibus
804 1008 1013 1078 populis
1063 1009 1264 1064 Christi
1311 1008 1663 1080 Evangelium
1713 1007 2043 1078 prazdicavit.

456 1101 784 1169 Amputasse
823 1099 924 1153 sibi
956 1108 1219 1169 praeterea
1251 1099 1500 1170 pollicem
1534 1099 1750 1170 legitur,
1786 1106 1846 1153 ut
1869 1113 2050 1153 sacer-

459 1191 606 1248 (lotio
656 1192 918 1260 reprobus
968 1191 1280 1246 haberetur.
1315 1191 1422 1246 Sed
1451 1199 1656 1245 tantum
1698 1191 1752 1245 in
1782 1205 1847 1246 eo
1874 1189 2050 1260 potuit

458 1284 840 1352 praedestinata
879 1298 1126 1353 superna:
1173 1283 1595 1354 dispensationis
1634 1283 1826 1337 electio
1849 1322 1863 1347 ,
1895 1291 1953 1336 ut
1983 1295 2050 1336 ne

460 1373 539 1426 sic
567 1372 782 1442 quidem
817 1374 1067 1442 perderet
1112 1373 1164 1428 in
1213 1389 1366 1428 nova:
1411 1374 1598 1443 gratia:
1625 1373 1730 1427 ﬁde
1760 1371 1903 1443 quod
1935 1371 2051 1440 pri-

462 1468 626 1523 mitus
655 1469 978 1524 obtinuisset
1029 1470 1082 1523 in
1113 1484 1332 1539 genere.
1367 1467 1502 1523 Nam
1535 1467 1822 1538 episcopus
1851 1465 2049 1529 factus,

459 1560 880 1615 Alexandrinam
910 1559 1152 1614 fundavit
1174 1560 1470 1616 Ecclesium
1495 1574 1742 1628 eamque,
1766 1567 2051 1627 postquam

463 1668 628 1722 super
657 1661 890 1722 petram,
913 1669 1033 1722 quae
1055 1653 1306 1708 Christus
1334 1661 1436 1717 est,
1468 1651 1692 1722 insignis
1721 1651 2054 1705 architectus

458 1747 659 1810 erexit,
692 1745 928 1814 glorioso
961 1745 1206 1814 magistri
1255 1745 1337 1799 sui
1384 1743 1590 1798 nomini
1639 1742 1870 1796 lidcliter
1899 1740 2054 1795 dedi-

2149 548 2361 604 eximia:
2397 549 2731 608 celsitudinis
2757 555 3134 612 excellentiam
3166 573 3270 612 non
3305 559 3556 622 miretur,
3588 559 3736 628 quia,

2148 656 2272 695 cum
2301 639 2551 697 Salvator
2585 644 2883 714 inquireret
2905 663 3068 718 quem
3093 664 3213 704 esse
3241 664 3297 704 se
3335 649 3592 704 homines
3623 665 3737 720 per-

2149 732 2418 798 hiberent,
2452 736 2819 806 expositisque
2847 739 3182 794 diversorum
3204 721 3578 810 opinionibus,
3612 742 3735 810 quid

2147 824 2390 894 Apostoli
2420 829 2655 882 sentiant
2685 831 3059 895 consuluntur,
3107 842 3234 888 tunc
3282 835 3493 902 primus
3527 835 3738 889 exstitit

2150 916 2202 971 in
2248 932 2390 973 vene
2434 919 2558 974 ﬁdei
2604 919 2982 988 confessione,
3015 925 3128 996 68
3155 925 3246 996 qui
3288 925 3498 995 primus
3537 927 3735 980 eratin

2151 1011 2439 1081 apostolica
2466 1013 2750 1085 dignitate.
2773 1017 2861 1070 Ait
2884 1019 3029 1072 enim
3057 1018 3251 1074 Petrus
3277 1036 3290 1073 :
3327 1037 3346 1070 ‹
3385 1019 3466 1074 Tu
3495 1033 3558 1074 es
3583 1019 3735 1075 Cbri~

2151 1112 2301 1167 stus,
2333 1103 2502 1159 Filius
2545 1106 2639 1160 Dei
2685 1108 2791 1162 vivi
2834 1108 3048 1180 (Matth.
3084 1111 3217 1181 xw).
3254 1131 3272 1163 ›
3323 1112 3388 1166 Et
3428 1110 3732 1166 Dominus:

2157 1213 2175 1246 ι
2209 1193 2408 1250 Beatus
2453 1211 2534 1263 es,
2587 1197 2775 1253 Simon
2822 1199 3076 1269 Barjona,
3105 1203 3229 1272 quia
3258 1217 3409 1267 caro,
3437 1211 3495 1256 et
3519 1203 3734 1272 sanguis

2151 1302 2258 1341 non
2303 1288 2564 1344 revelavit
2595 1289 2720 1354 tibi,
2763 1291 2859 1348 sed
2906 1292 3067 1348 Pater
3111 1309 3296 1358 meus,
3343 1294 3436 1364 qui
3485 1293 3542 1348 in
3589 1294 3735 1350 caelis

2151 1386 2253 1432 est.
2285 1376 2352 1432 Et
2381 1393 2481 1450 ego
2515 1379 2637 1435 dico
2678 1381 2808 1447 tibi,
2853 1383 2976 1452 quia
3011 1392 3064 1437 tu
3113 1399 3173 1438 es
3214 1383 3426 1447 Petrus,
3478 1391 3536 1438 et
3579 1398 3736 1454 super

2152 1468 2293 1525 hanc
2342 1481 2550 1541 petram
2580 1473 2858 1530 aediﬁcabo
2899 1475 3198 1531 Ecclesiam
3250 1491 3446 1540 meam,
3485 1485 3544 1531 et
3573 1485 3737 1546 portae

2154 1559 2310 1614 inferi
2343 1577 2447 1616 non
2495 1563 2860 1633 praevalebunt
2890 1566 3151 1622 adversus
3189 1581 3308 1621 eam
3339 1582 3352 1619 :
3381 1575 3440 1620 et
3469 1567 3566 1621 tibi
3605 1567 3736 1620 dabo

2154 1655 2332 1709 claves
2360 1655 2507 1726 regni
2534 1656 2814 1722 caelorum,
2844 1667 2898 1712 et
2921 1658 3279 1728 quodcunque
3304 1658 3559 1730 ligaveris
3581 1673 3738 1724 super

2161 1753 2362 1800 terram
2393 1747 2498 1802 erit
2529 1747 2750 1818 ligatum
2778 1758 2833 1804 et
2864 1749 2915 1803 in
2944 1751 3119 1816 caelis,
3160 1760 3216 1805 et
3239 1751 3604 1820 quodcunque
3633 1748 3738 1802 sol-

459 1835 624 1892 eavit.
660 1812 812 1892 Unde
839 1836 1044 1890 factum
1059 1812 1159 1891 est
1197 1844 1254 1890 ut
1292 1836 1482 1890 eadem
1527 1833 1771 1889 Ecclesia
1809 1847 1912 1887 non
1943 1841 2050 1886 tam
2083 1812 2130 1874 Β
2153 1837 2301 1892 .veris
2339 1853 2502 1908 super
2526 1812 2726 1894 terram
2752 1840 2855 1894 erit
2880 1812 3114 1896 solutum
3141 1850 3196 1896 et
3221 1812 3273 1894 in
3300 1840 3455 1895 caelis
3479 1812 3690 1910 (ibim).
3717 1858 3734 1890 ι

460 1939 524 1981 ex
558 1925 722 1980 Marci
770 1943 932 1998 quam
976 1943 1042 1982 ex
1071 1926 1216 1982 beati
1245 1925 1392 1979 Petri
1436 1924 1700 1980 vocabulo
1731 1923 1887 1979 sedes
1925 1937 2054 1992 apo-

460 2019 652 2080 stolica
680 2020 968 2084 vocitctur,
1005 2030 1260 2090 tanquam
1285 2019 1330 2073 si
1356 2017 1550 2073 Petrus
1582 2017 1695 2088 ipse
1721 2032 1818 2087 per
1845 2031 1906 2071 se
1945 2015 2054 2069 illic

461 2113 824 2183 episcopalem
868 2114 1182 2170 cathedram
1225 2114 1525 2179 tenuisset;
1557 2112 1786 2182 ideoque
1813 2111 2053 2168 clavicu-

462 2204 583 2257 larii
615 2196 851 2258 ccelestis
881 2205 1135 2274 insignita
1166 2203 1452 2268 vocabulo,
1493 2204 1546 2258 in
1581 2213 1693 2259 toto
1723 2205 1854 2259 orbe
1884 2213 2054 2258 terra-

463 2309 584 2352 rum
632 2293 872 2349 Ecclesia
919 2294 1008 2348 illa
1053 2305 1176 2363 post
1224 2295 1454 2349 Romam
1502 2297 1796 2351 secundum
1846 2297 2058 2351 obtinet

465 2385 743 2440 thronum.
800 2385 868 2440 Et
910 2401 1219 2456 quanquam
1287 2388 1627 2455 Antiochia},
1690 2389 1781 2443 ubi
1847 2389 2057 2444 scilicet

465 2473 785 2531 Christianae
833 2476 1106 2547 religionis
1147 2493 1344 2533 nomen
1392 2487 1640 2533 exortum
1690 2486 1811 2544 est,
1862 2479 2055 2534 Petrus

465 2567 582 2636 ipse
634 2585 729 2638 per
774 2585 832 2625 se
873 2570 994 2625 ﬁdei
1045 2570 1311 2640 primitias
1361 2572 1662 2638 intulisset,
1717 2573 2052 2643 superiorem

461 2671 648 2716 tamen
677 2662 851 2717 locum
889 2662 1254 2718 Alexandrina
1282 2665 1440 2719 sedes
1465 2664 1723 2729 obtinuit,
1757 2674 1815 2718 ut
1841 2664 1894 2718 in
1921 2665 2056 2719 emi-

468 2754 774 2809 nentiorum
815 2755 1062 2825 catalogo
1107 2757 1313 2811 sedium
1353 2755 1595 2811 Romana
1628 2758 1896 2826 primum,
1926 2757 2052 2812 Ale—

458 2846 732 2900 .xandriua
764 2849 1082 2911 secundmn,
1111 2847 1452 2902 Antiochena
1497 2863 1626 2903 vero
1674 2847 1908 2902 Ecclesia
1942 2856 2053 2901 ter-

470 2940 605 2994 tium
641 2940 915 3008 possideat
945 2941 1329 3010 principatum.
1360 2940 1426 2993 Et
1472 2941 1666 2995 merito
1702 2939 1788 2994 ubi
1819 2939 2051 3006 Marcus,

465 3032 545 3087 ibi
581 3031 793 3099 Petrus,
825 3033 951 3101 quia
984 3031 1188 3087 ﬂuento
1216 3033 1490 3102 Evangelii
1519 3031 1661 3100 quod
1691 3047 1757 3086 ex
1786 3047 1881 3087 ore
1906 3032 2053 3087 Petri

460 3123 616 3180 velut
641 3140 705 3180 ex
729 3126 994 3180 eructanti
1027 3124 1173 3180 fonte
1201 3123 1474 3194 proﬂuxit.
1502 3125 1732 3186 Marcus,
1759 3132 1816 3176 ut
1841 3123 2052 3177 uberri-

2156 1930 2409 2001 Nunquid
2440 1935 2541 1986 hoc
2576 1932 2778 1987 tonitru
2808 1933 3048 1987 muneris
3076 1931 3368 2002 singularis
3394 1944 3559 1985 aures
3599 1929 3738 1984 beati

2158 2022 2320 2078 Marci
2348 2025 2632 2094 prmterire
2672 2025 2869 2096 potuit,
2896 2026 3039 2095 quod
3068 2026 3229 2080 totius
3275 2024 3458 2079 mundi
3504 2022 3741 2076 latitudi-

2157 2133 2280 2172 nem
2312 2119 2664 2189 omniumque
2695 2120 2893 2189 ubique
2935 2119 3172 2174 ﬁdelium
3195 2135 3292 2172 ora
3323 2116 3653 2188 complevit?
3681 2115 3742 2168 Et

2155 2208 2296 2277 quod
2344 2209 2412 2264 de
2450 2208 2610 2264 Petro
2656 2209 2941 2265 Matthueus
2984 2210 3138 2274 dixit,
3175 2209 3369 2264 Petrus
3413 2217 3476 2261 ut
3516 2206 3624 2262 hoc
3649 2221 3740 2259 suo

2156 2298 2418 2369 discipulo
2462 2300 2668 2354 diceret
2698 2300 2986 2370 ignoravit,
3021 2302 3162 2356 hunc
3190 2300 3460 2368 siquidem
3491 2298 3733 2352 historiae

2158 2389 2334 2444 locum
2368 2389 2580 2445 Marcus
2608 2391 2681 2445 ita
2713 2392 2859 2446 velut
2905 2391 3220 2462 negligendo
3253 2389 3620 2445 transcurrit?
3647 2389 3740 2443 lle-

2157 2481 2427 2548 spondens
2453 2480 2648 2536 Petrus
2677 2483 2752 2536 ait
2780 2500 2792 2535 :
2830 2500 2849 2532 ι
2880 2482 2960 2535 Tu
3006 2496 3065 2536 es
3100 2480 3371 2535 Christus.
3403 2479 3473 2532 Et
3516 2479 3742 2534 commi-

2157 2580 2316 2626 natus
2344 2581 2427 2628 est
2457 2572 2537 2626 eis
2566 2587 2633 2626 ne
2657 2573 2742 2627 cui
2781 2573 3022 2628 dicerent
3053 2571 3122 2626 de
3158 2571 3249 2624 illo
3276 2568 3471 2642 (Marc.
3501 2568 3589 2639 ιι).
3635 2585 3656 2620 ι
3683 2567 3743 2620 Et

2154 2681 2266 2720 non
2302 2666 2463 2721 modo
2507 2681 2612 2720 non
2644 2665 2811 2720 refert
2854 2665 3072 2721 Petrqu
3115 2681 3145 2719 a
3188 2665 3415 2720 Domino
3450 2661 3742 2735 singularis

2158 2758 2303 2812 inter
2331 2766 2558 2813 caeteras
2606 2757 2871 2828 privilegii
2916 2757 3084 2828 gloria
3114 2755 3464 2811 sublimatum
3485 2796 3500 2819 ,
3528 2756 3623 2809 sed
3655 2769 3742 2823 po-

2158 2851 2264 2905 tius
2291 2860 2504 2905 austera
2538 2857 2722 2903 narrat
2750 2849 3220 2904 animadversione
3248 2857 3585 2917 correptum.
3615 2845 3741 2900 Nam

2156 2941 2317 3010 paulo
2343 2950 2482 3011 post,
2505 2956 2626 2996 cum
2650 2940 2698 2994 ei
2722 2939 2916 2994 Petrus
2943 2939 3297 3003 dissuaderet,
3318 2953 3386 2992 ne
3412 2952 3474 2992 se
3503 2935 3743 3005 cruciﬁgi

2157 3033 2517 3102 permitteret,
2555 3031 2769 3086 Marcus
2817 3047 2941 3086 eum
2977 3040 3230 3098 tanquam
3275 3027 3394 3082 zelo
3439 3036 3742 3098 permotum

2161 3124 2358 3178 dixisse
2388 3131 2657 3178 testatur:
2689 3140 2708 3174 ι
2742 3120 2886 3175 Vade
2915 3130 3063 3175 retro
3096 3135 3203 3184 me,
3233 3118 3460 3182 Satona,
3492 3117 3742 3187 quoniam

469 3229 594 3269 mus
639 3224 802 3286 atque
834 3215 1150 3284 perspicuus
1191 3213 1431 3284 paradisi
1478 3213 1705 3279 lluvius,
1735 3228 1864 3266 arva
1896 3212 2057 3268 totius
2085 3189 2133 3254 (ἶ
2164 3229 2268 3269 ιιοιι
2320 3213 2466 3282 sapis
2509 3228 2596 3278 ea,
2639 3227 2758 3281 quae
2806 3210 2899 3266 Dei
2951 3219 3112 3273 sunt,
3155 3208 3246 3264 sed
3295 3222 3416 3277 quae
3469 3207 3744 3262 hominum

465 3305 727 3362 Ecclesiae
751 3307 1024 3377 copiosius
1059 3305 1362 3360 inundavit.

543 3399 651 3456 Sed
695 3400 862 3470 (μιξειὶ
893 3409 1087 3469 potest,
1118 3415 1216 3454 cur
1261 3397 1451 3452 beatus
1498 3397 1727 3462 Marcus,
1761 3398 1854 3468 qui
1899 3405 2058 3453 tanta:

472 3492 598 3548 ﬁdei
633 3502 903 3562 tantmque
928 3493 1074 3547 circa
1108 3491 1426 3562 magistrum
1456 3490 1762 3546 dilectionis
1782 3490 2061 3544 exstitisse

459 3587 829 3658 dignoscitur,
853 3595 911 3640 ut
939 3601 1104 3640 unum
1130 3599 1244 3648 cor,
1274 3600 1378 3638 una
1405 3592 1554 3638 certe
1581 3584 1632 3638 in
1662 3584 1871 3639 duabus
1897 3581 2062 3638 fuisse

466 3681 724 3751 personis
749 3680 927 3734 anima
959 3677 1228 3741 videatur,
1263 3675 1508 3746 magistri
1553 3674 1637 3729 sui
1685 3673 1871 3728 laudes
1899 3683 2062 3742 atque

461 3769 742 3840 praeconia
772 3769 995 3824 omnino
1041 3767 1306 3822 tacuerit?
1344 3765 1476 3820 Nam
1510 3780 1634 3820 cum
1676 3765 1857 3820 cazteri
1893 3780 2062 3819 evan-

463 3863 679 3934 gelista:
707 3860 957 3916 sublimia
1001 3859 1147 3915 beati
1191 3857 1340 3914 Petri
1386 3858 1582 3914 merita
1626 3865 1682 3912 et
1711 3856 2061 3927 principalem

465 3953 811 4009 celsitudinis
831 3952 1059 4024 gloriam
1082 3950 1397 4020 frequenter
1420 3958 1759 4015 enumerent,
1782 3948 2062 4014 solusiste,

474 4045 520 4100 si
569 4052 715 4099 totus
759 4042 1038 4114 Evangelii
1085 4042 1169 4098 sui
1201 4052 1358 4097 tenor
1405 4041 1716 4112 inquiritur,
1743 4041 1833 4095 vix
1859 4038 2064 4110 aliquid

476 4149 642 4205 super
667 4135 928 4205 magistro
952 4149 1052 4190 suo
1085 4133 1354 4196 retulisse,
1383 4132 1526 4202 quod
1571 4131 1639 4186 ad
1672 4131 1884 4186 laudem
1935 4146 2064 4202 per-

478 4225 667 4289 tineat,
696 4225 988 4278 invenitur.
1013 4223 1124 4278 lmo
1163 4223 1210 4278 si
1239 4222 1530 4292 diligenter
1557 4222 1865 4291 inspicitur,
1904 4230 2068 4292 auget

477 4331 545 4371 ac
586 4313 766 4370 verbis
805 4313 1133 4380 accumulat,
1173 4313 1218 4369 si
1258 4314 1388 4383 quid
1432 4314 1484 4368 in
1533 4329 1600 4369 eo
1639 4315 2067 4383 reprehensibile

477 4415 594 4472 est;
622 4405 909 4476 supprimit
935 4415 1140 4471 autem,
1170 4413 1226 4459 et
1251 4404 1397 4459 velut
1437 4418 1505 4459 ex
1550 4404 1816 4460 industria
1846 4404 2064 4477 levigat,

479 4497 563 4553 vel
584 4497 747 4553 etiam
770 4495 1090 4567 plerumque
1116 4495 1332 4552 silentio
1355 4494 1594 4564 prazterit
1622 4494 1766 4564 quod
1795 4495 2064 4567 laudabile

2160 3304 2369 3377 (1ὑίά.).
2405 3323 2423 3356 ι
2450 3303 2588 3372 Quid
2616 3312 2700 3358 est
2719 3317 2850 3371 ergo
2871 3303 3013 3372 quod
3036 3302 3225 3356 beatus
3248 3299 3461 3354 Marcus
3488 3296 3745 3369 quidquid

2160 3397 2227 3450 ad
2255 3394 2503 3466 magistri
2535 3395 2615 3450 sui
2644 3394 2868 3465 gloriam
2900 3392 3159 3463 pertinet,
3185 3391 3332 3446 velut
3354 3387 3620 3445 oblivioni
3642 3397 3745 3442 tra-

2161 3486 2317 3553 didit,
2348 3486 2608 3556 quidquid
2647 3499 2776 3539 vero
2823 3483 2892 3537 ad
2929 3481 3400 3552 reprehensionem
3430 3487 3544 3532 tam
3576 3477 3746 3532 tenaci

2163 3581 2439 3635 memoriae
2485 3577 2906 3641 commendavit,
2940 3575 3082 3630 unde
3129 3580 3433 3644 praeceptor
3468 3570 3592 3640 ejus
3641 3569 3747 3624 lan-

2161 3673 2402 3736 daretur,
2427 3670 2572 3726 velut
2595 3669 2891 3740 ignorando
2914 3667 3249 3738 pertransiit,
3275 3665 3418 3719 unde
3446 3673 3745 3723 notaretur,

2163 3773 2320 3820 acuta
2351 3776 2574 3832 prorsus
2600 3769 2654 3815 et
2682 3760 2841 3830 plana
2877 3758 3139 3813 relatione
3167 3756 3408 3828 digessit,
3444 3753 3746 3824 praesertim

2163 3872 2287 3911 cum
2321 3853 2581 3924 quidquid
2615 3851 2827 3908 occulto
2872 3851 3278 3914 conscriberet,
3313 3845 3433 3916 ejus
3474 3844 3748 3900 obtutibus

2163 3946 2497 4003 olferendum
2523 3958 2644 4000 esse
2688 3944 3020 4013 disponeret,
3047 3939 3164 4009 ejus
3190 3938 3528 4009 probandum
3551 3934 3749 4007 judicio

2165 4037 2506 4095 reservaret?
2555 4035 2674 4090 Jam
2722 4049 2872 4100 vero,
2916 4042 2974 4088 ut
3020 4031 3302 4088 brevitatis
3347 4028 3535 4085 studio
3588 4025 3749 4082 multa

2164 4139 2506 4201 prmteream,
2531 4127 2598 4182 ad
2623 4125 2930 4196 passionem
2962 4121 3175 4178 Domini
3203 4121 3511 4177 veniamus.

2237 4219 2398 4275 Certe
2437 4226 2624 4273 notum
2663 4223 2748 4272 est
2783 4214 2934 4285 quia,
2965 4211 3234 4268 ministris
3281 4207 3747 4279 comprehenden-

2169 4315 2317 4370 tibus
2347 4312 2658 4376 Dominum,
2684 4308 2911 4373 Petrus,
2939 4314 3000 4362 ut
3049 4320 3238 4362 revera
3273 4302 3450 4358 ﬁdelis
3479 4316 3676 4357 servus
3701 4308 3754 4354 et

2161 4408 2386 4464 fervens
2429 4404 2650 4476 spiritu,
2695 4402 2747 4457 in
2781 4401 2946 4456 ictum
2995 4399 3156 4470 gladii
3201 4412 3261 4454 se
3289 4395 3437 4451 ultor
3480 4395 3665 4450 erexit
3703 4400 3756 4447 et

2172 4498 2468 4556 auriculam
2509 4495 2650 4552 servi
2698 4493 2890 4550 Judam
2935 4492 3265 4564 proditorem
3316 4487 3546 4558 impium
3596 4485 3757 4543 comi-

462 4599 582 4645 .est.
613 4589 768 4658 Quod
811 4589 1115 4646 evidentius
1147 4589 1502 4656 ostendimus,
1535 4588 1580 4644 si
1615 4603 1786 4658 pauca
1821 4587 2061 4658 ejusdem
2089 4569 2144 4630 ι)
2173 4590 2358 4652 tantis,
2395 4587 2647 4643 abscidit.
2686 4583 2842 4640 Unde
2866 4593 2921 4638 et
2944 4580 3180 4637 Joannes
3209 4598 3223 4634 :
3253 4597 3274 4631 ι
3312 4577 3526 4643 Simon,
3561 4577 3754 4646 inquit,

464 4681 754 4753 Evangelii
786 4683 1095 4738 testimonia
1123 4683 1362 4737 breviter
1391 4697 1746 4751 apponamus.
1777 4681 1939 4738 Certe
1969 4696 2065 4754 per

463 4788 669 4829 .omnes
723 4773 994 4829 Ecclesias
1053 4772 1253 4829 celebri
1315 4771 1558 4842 quotidie
1623 4770 2064 4842 frequentatione

479 4864 730 4936 vulgatur
758 4867 901 4936 quod
925 4867 1116 4922 beatus
1141 4864 1337 4921 Petrus
1360 4880 1522 4934 super
1562 4879 1734 4935 aquas
1758 4864 2066 4921 ambulasse

460 4956 825 5013 describitur.
853 4957 1007 5014 Quod
1039 4958 1230 5014 utiaue
1272 4957 1556 5012 Mattbmus
1605 4968 1714 5010 tam
1757 4965 1945 5014 auerte
1972 4955 2068 5010 de-

2171 4683 2364 4738 Petrus
2410 4680 2616 4735 habens
2660 4675 2921 4746 gladium,
2947 4675 3126 4729 eduxit
3174 4670 3356 4733 illum,
3385 4679 3443 4723 et
3486 4665 3758 4737 percussit

2171 4771 2441 4847 pontiﬁcis
2463 4783 2678 4826 servum
2706 4777 2763 4821 et
2789 4766 3016 4821 abscidit
3041 4765 3158 4835 ejus
3181 4760 3477 4818 auriculam
3508 4761 3757 4816 dextram

2173 4865 2357 4937 (Joan.
2390 4861 2570 4930 xvttt).
2609 4881 2629 4914 ι
2659 4859 2766 4916 Sed
2813 4859 2903 4914 ubi
2945 4857 3182 4912 Joannes
3225 4855 3475 4924 scripsit,
3513 4871 3533 4906 ι
3570 4851 3757 4909 Simon

2174 4957 2387 5014 Petrus.
2421 4974 2440 5008 ι
2473 4953 2545 5008 ibi
2581 4952 2795 5006 Marcus
2838 4950 3038 5014 posuit,
3073 4966 3092 5000 σ
3124 4961 3263 5000 unus
3306 4953 3491 5000 autem
3536 4941 3754 5013 quidam
