3946 5368
283 275 350 329 Ti
1185 287 1189 290 λ
1680 257 1859 314 SER.“

1964 257 2018 313 Kl
2029 255 2092 312 ι’.

3439 269 3543 325 578

249 383 436 441 caeteri
505 377 848 452 evangelista
915 375 1060 444 quod
1127 389 1157 428 a
1225 373 1386 428 Petro
1449 371 1649 427 dictum
1714 380 1832 435 est,
1867 371 2701 447 Aasserithoratertia(Marr.
2755 377 2845 449 xv)
2870 377 3158 434 Dominum
3199 380 3541 437 cruciﬁxum-

247 474 434 531 verbis
488 469 808 526 mitioribus.
855 465 1120 536 levigent;
1173 464 1320 520 solus
1365 464 1467 520 iste
1527 461 1717 518 durius
1771 461 1848 516 lo-

247 565 439 637 quitur
495 575 550 617 et
603 570 861 630 tanquam
917 558 1121 612 crimen
1167 565 1487 628 exaggeret,
1543 553 1847 609 incautiora

248 658 580 727 magistrum
629 653 794 709 verba
853 649 1258 722 praecipitanter
1297 646 1552 703 effudisse
1596 655 1847 702 testatur.

255 769 275 802 ι
305 749 522 820 Capit,
569 746 776 816 inquit,
816 743 1309 804 anathematizare.
1357 750 1412 796 et
1451 739 1670 810 jurare,
1721 739 1846 810 quia

249 846 441 900 nescio
481 841 780 906 hominem,
815 853 977 909 quem
1017 837 1155 892 dicis
1196 834 1417 908 (Ibid)
1471 854 1490 888 ι
1517 833 1650 900 Cur,
1690 835 1850 890 beate

251 935 477 998 Ilarce,
527 943 635 987 tam
680 930 932 1000 egregio,
976 936 1086 983 tam
1131 927 1327 997 insigni
1369 925 1684 998 praeceptori
1733 932 1848 991 tuo,

250 1040 416 1097 quem
447 1025 633 1080 anitno
665 1022 892 1077 devotus
920 1021 1080 1076 unice
1103 1020 1304 1091 diligis,
1331 1021 1472 1092 stylo
1498 1035 1603 1074 non
1633 1017 1852 1090 parcis?

256 1118 359 1182 Ut,
391 1128 446 1172 et
493 1131 614 1187 qua:
665 1113 913 1169 laudibus
973 1112 1082 1167 sint
1121 1109 1390 1167 efferenda
1429 1118 1751 1180 prietereas,
1794 1117 1852 1164 et

253 1224 378 1280 quae
442 1204 884 1278 reprehensionis
943 1202 1230 1256 videantur
1292 1209 1453 1271 apta,
1529 1199 1850 1254 describas?

251 1301 367 1374 69
409 1299 523 1355 Cur
572 1297 679 1354 hoc
722 1295 904 1367 potius
951 1293 1089 1348 libro
1137 1301 1228 1346 tuo
1273 1305 1378 1345 non
1431 1289 1661 1356 inseris,
1708 1288 1849 1358 quod

253 1393 453 1448 Petrus
495 1391 562 1444 ad
601 1388 902 1459 iussionem
950 1384 1196 1450 Domini,
1237 1383 1417 1453 primo
1457 1381 1665 1436 scilicet
1704 1379 1848 1435 hami

250 1483 424 1552 iactu,
455 1482 662 1553 piscem
702 1478 866 1548 cepit,
901 1477 954 1530 in
993 1475 1148 1546 cujus
1187 1487 1282 1528 ore
1327 1482 1582 1527 staterem
1624 1471 1848 1541 reperit,

255 1589 420 1644 quem
454 1587 554 1642 pro
595 1585 675 1634 se,
705 1567 865 1623 simul
911 1575 966 1621 et
1007 1567 1123 1636 ipso
1158 1565 1440 1628 tributum,
1471 1562 1612 1631 quod
1647 1561 1849 1616 Caesari

256 1665 580 1728 debebatur,
624 1671 880 1730 tanquam
905 1658 1132 1719 Domino
1175 1662 1524 1723 comparatus
1555 1651 1851 1722 appendit?

256 1757 482 1828 (Matth.
515 1755 674 1825 xvii.)
721 1729 974 1822 Nunquid
1013 1757 1066 1805 et
1106 1750 1209 1804 hoc.
1254 1758 1306 1803 te
1348 1746 1486 1817 fuglt
1525 1747 1672 1815 quia,
1705 1754 1849 1814 post-
1883 1729 1926 1787 Β

257 1864 422 1919 quam
472 1847 546 1902 illi
595 1845 848 1900 Salvator
894 1841 1198 1906 claudendi,
1229 1841 1346 1896 sive
1381 1839 1651 1911 pandendi
1699 1838 1848 1910 regni

246 1939 500 2016 .cmlestis
531 1936 870 2007 privilegium
900 1933 1150 1997 contulit,
1179 1939 1464 2001 postquam
1495 1929 1570 1984 illi
1601 1930 1850 1984 universa

260 2040 534 2085 terrarum
563 2044 729 2097 regna
759 2026 988 2097 subjecit
1019 2024 1232 2096 (Matth.
1263 2025 1398 2093 xvi),
1427 2032 1717 2094 postquam
1753 2023 1851 2077 de-

259 2123 445 2192 ni1ue,
480 2136 549 2175 ne
581 2119 713 2174 ﬁdes
742 2117 861 2187 ejus
891 2127 1148 2186 tanquam
1181 2115 1346 2170 totius
1373 2114 1627 2170 Ecclesia:
1656 2112 1852 2167 funda-

260 2223 508 2269 mentum
552 2211 877 2281 quandoque
921 2209 1200 2271 deﬁceret,
1239 2221 1297 2261 se
1344 2221 1533 2261 orasse
1578 2204 1854 2275 perhibuit

262 2307 430 2376 (Luc.
475 2302 662 2375 xxii),
712 2317 875 2372 super
920 2306 1174 2354 cunctum
1228 2312 1351 2352 mox
1400 2296 1582 2352 ovium
1633 2310 1853 2349 suarum

261 2412 485 2469 gregem
530 2395 577 2448 ei
613 2395 729 2448 vice
771 2407 866 2447 sua
897 2390 1167 2461 passionis
1208 2389 1510 2444 custodiam
1556 2386 1857 2457 delegavit?

269 2509 286 2541 α
321 2489 504 2552 Petre,
532 2486 729 2556 inquit,
756 2484 936 2554 diligis
965 2481 1088 2536 me?
1115 2481 1282 2535 Pasce
1324 2495 1453 2534 Oves
1492 2491 1640 2532 meas
1670 2476 1854 2548 (Joan.

263 2593 354 2630 xxi
385 2577 404 2644 )
431 2595 448 2628 ι
493 2575 605 2629 Cur
630 2575 794 2644 igitur
823 2588 854 2626 a
888 2580 966 2624 tot
989 2569 1237 2640 magistri
1277 2568 1563 2638 praeconiis
1591 2565 1857 2622 calamum

265 2668 538 2738 reprimis,
573 2675 628 2720 et
663 2664 795 2729 sola,
838 2677 958 2734 qua:
1001 2659 1337 2716 infirmitatis
1385 2665 1532 2722 sunt,
1571 2656 1637 2710 ad
1675 2663 1858 2725 poste-

266 2776 454 2815 rorum
509 2757 832 2813 memoriam
891 2753 1029 2825 style
1082 2750 1418 2808 committis?
1475 2748 1582 2803 Sed
1641 2747 1860 2802 omnino

266 2852 600 2907 credendum
634 2858 735 2915 est,
765 2845 964 2902 fratres
996 2847 1124 2911 mei,
1152 2845 1301 2914 quia,
1331 2859 1454 2898 cum
1483 2857 1624 2896 unus
1655 2848 1863 2895 utro-u-

267 2959 373 3014 que
421 2942 650 3012 spiritus
699 2940 943 3009 impleat,
974 2953 1114 2992 unus
1157 2937 1439 3003 utriusque
1485 2933 1651 2989 corda
1691 2934 1862 3002 possi-

269 3039 427 3099 deat;
465 3033 604 3086 alter
649 3031 717 3085 ab
755 3031 948 3094 altcro,
980 3029 1068 3083 ille
1113 3029 1166 3082 in
1210 3027 1458 3091 docendi,
1487 3026 1588 3080 iste
1632 3025 1684 3079 in
1731 3025 1864 3079 scri-

1949 463 2078 532 Qua:
2107 465 2350 536 profecto
2377 466 2664 524 diversitas
2695 468 2796 524 ista
2839 469 3134 536 dirimitur,
3167 481 3250 537 ut,
3281 473 3540 543 quoniam

1950 557 2083 612 hora
2136 559 2296 614 tertia
2347 559 2656 615 tumultuati
2710 571 2836 615 sunt
2872 579 2885 614 :
2917 559 3210 633 Cruciﬁge,
3264 563 3543 634 cruciﬁge,

1948 650 2137 704 eadem
2187 650 2321 705 hora
2367 649 2655 706 Dominum
2685 649 2882 722 linguae
2913 652 3287 708 cruciﬁxerint
3326 652 3546 709 Iudaeo-

1949 755 2093 805 rum,
2127 757 2288 812 quem
2333 743 2466 798 hora
2515 752 2670 799 sexta
2715 743 3074 814 corporaliter
3097 745 3236 799 clavi
3265 746 3547 801 conﬁxere

1949 833 2250 903 gentilium.
2281 833 2358 889 Illi
2405 835 2590 906 itaque
2629 834 2784 904 juxta
2826 842 3191 908 corporalem.
3237 845 3298 892 ut
3342 837 3417 892 ita
3464 837 3546 893 lo-

1951 941 2109 996 quar,
2136 927 2214 983 rei
2257 938 2426 1000 gesta:
2457 929 2756 1001 loquuntur
2789 933 3104 999 historiam;
3139 933 3260 997 iste,
3289 933 3546 1004 spiritua-

1952 1017 2056 1073 lem
2093 1019 2318 1089 protulit
2358 1020 2424 1076 de
2467 1021 2671 1078 furiosa
2701 1021 3010 1078 Judzeorum
3057 1023 3379 1079 crudelitate
3420 1038 3546 1079 sen-

1955 1110 2200 1166 tentiam.
2247 1111 2324 1166 Illi
2369 1122 2636 1183 praeterea
2687 1115 2948 1180 referunt,
2980 1126 3109 1171 ante
3149 1115 3274 1184 galli
3322 1124 3545 1170 cantum

1953 1212 2037 1257 ter
2064 1218 2095 1258 τι
2122 1203 2285 1259 Petro
2313 1203 2600 1260 Dominum
2647 1205 2816 1262 fuisse
2856 1215 3108 1279 negatum
3137 1207 3354 1279 (Manli.
3382 1222 3544 1274 xxvi;

1951 1294 2081 1349 Luc.
2127 1297 2286 1366 nn);
2317 1295 2443 1362 iste,
2470 1297 2562 1367 qui
2607 1299 2708 1354 hoc
2737 1313 2801 1353 ex
2833 1313 2927 1355 ore
2969 1299 3180 1356 scilicet
3221 1300 3388 1370 ipsius
3439 1311 3540 1356 ne-

1949 1391 2130 1476 gantis
2176 1391 2406 1457 audivit,
2440 1408 2547 1446 non
2593 1402 2886 1467 antequam
2936 1394 3108 1462 gallus
3147 1403 3411 1459 cantaret,
3445 1393 3543 1452 sed

1951 1491 2243 1552 antequam
2293 1481 2379 1536 bis
2421 1491 2704 1548 cantaret,
2764 1483 3104 1556 negationem
3157 1485 3298 1538 hanc
3349 1484 3547 1538 factam

1953 1586 2074 1626 esse
2119 1572 2440 1642 perscripsit
2489 1573 2684 1643 (Marc.
2717 1576 2854 1645 xw).
2889 1574 3042 1643 Quod
3092 1574 3361 1646 profecto,
3395 1573 3548 1644 juxta

1956 1663 2114 1716 fidem
2148 1663 2249 1727 rei,
2277 1665 2546 1717 veraciter
2573 1665 2885 1735 contigisse,
2919 1666 3058 1719 sicut
3086 1665 3304 1721 Marcus
3329 1665 3549 1732 asserit,

1957 1754 2331 1809 indubitanter
2369 1756 2699 1825 agnoscitur.
2747 1755 2897 1822 Quod
2951 1767 3131 1810 autem
3178 1757 3270 1811 alii
3310 1772 3549 1827 evange-

1958 1848 2095 1902 lista:
2141 1849 2362 1913 dicunt,
2414 1849 2484 1901 ita
2535 1848 2695 1902 debet
2739 1848 2962 1918 intelligi
3013 1849 3120 1919 70
3164 1858 3222 1902 ut
3269 1850 3409 1902 trina
3456 1848 3550 1903 illa

1959 1939 2170 2010 negatio
2223 1949 2350 1993 ante
2395 1938 2516 2008 galli
2572 1937 2790 2008 quidem
2840 1946 3052 1992 tantum
3118 1939 3282 1994 fuerit
3339 1950 3546 2009 coepta,

1960 2029 2053 2084 sed
2105 2038 2392 2102 postquam
2451 2029 2615 2096 semel
2663 2029 2886 2094 cecinit,
2927 2029 2997 2083 sit
3039 2029 3272 2099 expleta,
3309 2039 3384 2095 ut,
3417 2045 3551 2099 quo-

1961 2117 2106 2172 niam
2138 2117 2190 2171 in
2221 2117 2520 2187 Seripturis
2546 2134 2674 2188 pars
2703 2119 2840 2173 solet
2875 2119 3003 2188 poni
3036 2135 3134 2189 pro
3163 2128 3291 2183 toto,
3326 2120 3377 2174 id
3405 2119 3551 2188 quod

1957 2226 2057 2282 per
2095 2209 2404 2265 Matthzeum
2451 2201 2690 2264 dicitur:
2730 2232 2758 2259 α
2786 2210 3092 2280 Antequam
3134 2211 3304 2281 gallus
3345 2220 3551 2276 cantet,

1962 2311 2043 2357 ter
2070 2319 2154 2357 me
2185 2301 2426 2372 negabis,
2460 2323 2478 2354 ι
2521 2303 2599 2356 sic
2649 2303 2984 2374 intelligatur
3015 2313 3270 2372 tanquam
3304 2303 3508 2358 diceret
3536 2322 3548 2356 :

1964 2402 2046 2448 ter
2077 2409 2162 2447 me
2197 2399 2492 2462 negaturus
2539 2401 2829 2462 antequam
2862 2394 3033 2464 gallus
3061 2402 3266 2458 cantet,
3292 2393 3549 2463 incipies;

1963 2483 2056 2538 sed
2084 2482 2327 2537 eamdem
2363 2485 2730 2554 negationem,
2760 2493 3049 2554 postquam
3092 2485 3260 2539 semel
3299 2497 3554 2540 cantave-

1962 2576 2064 2640 rit,
2106 2585 2396 2645 antequam
2439 2584 2664 2629 cantare
2705 2575 2787 2629 bis
2829 2574 3085 2644 adjiciat,
3129 2575 3550 2629 eonsummahis.

1965 2666 2054 2722 Sic
2081 2668 2282 2735 itaque,
2314 2675 2369 2721 et
2395 2667 2536 2736 quod
2573 2666 2786 2720 Marcus
2811 2667 2886 2718 ait
2918 2687 2930 2720 :
2971 2685 2988 2716 ‹
3019 2664 3343 2734 Priusquam
3377 2663 3551 2735 gallus

1964 2769 2145 2815 cantet
2170 2760 2284 2823 bis;
2328 2779 2346 2812 ι
2392 2770 2446 2813 et
2483 2759 2626 2829 quod
2661 2759 2750 2812 alii
2787 2757 2974 2813 dicunt
3007 2775 3020 2810 :
3057 2776 3074 2808 ι
3111 2758 3414 2825 Antequam
3448 2756 3555 2825 gal-

1964 2851 2050 2907 lus
2075 2860 2276 2917 cantet,
2307 2860 2390 2904 ter
2431 2867 2518 2905 mc
2562 2850 2804 2921 negabis,
2843 2869 2861 2901 ι
2899 2849 3025 2902 licet
3052 2849 3232 2902 verbis
3268 2847 3555 2901 videantur

1966 2943 2331 2998 exterioribus
2357 2942 2660 3006 dissonare,
2687 2941 3176 3010 congruentissima
3207 2939 3557 3010 reperiuntur

1967 3034 2266 3088 intentione
2303 3037 2626 3104 congruere.

267 3125 433 3181 bendi
485 3123 667 3178 studio
713 3137 818 3177 non
868 3120 1162 3174 discordat.
1207 3112 1360 3172 Sicut
1404 3118 1548 3173 enim
1593 3116 1785 3170 Petrus
1832 3131 1861 3169 a
1892 3126 1934 3186 ρ
2035 3123 2221 3195 Neque
2261 3125 2405 3177 enim
2454 3124 2573 3178 sine
2617 3139 2802 3189 causa,
2839 3122 3040 3178 {nm-es
3074 3124 3200 3189 mei,
3232 3124 3422 3178 bemus
3454 3121 3558 3176 ista

270 3217 492 3288 propria
531 3231 627 3270 sua
668 3214 822 3268 laude
864 3211 1127 3276 cohibuit,
1165 3212 1238 3264 ita
1280 3210 1552 3264 veridicus
1594 3209 1738 3262 illius
1785 3208 1863 3260 in-

271 3324 484 3381 terpres
531 3309 599 3363 ab
643 3323 732 3374 ea,
765 3322 926 3377 quam
974 3306 1028 3358 in
1078 3303 1340 3374 magistro
1373 3319 1479 3356 non
1511 3301 1719 3364 didicit,
1752 3315 1863 3354 sua:

270 3402 659 3472 descriptionis
731 3397 1019 3452 articulum
1090 3395 1403 3449 refrenavit.
1458 3393 1543 3447 Ad
1607 3407 1862 3460 magnum

269 3495 471 3562 quippe
512 3490 714 3543 factum
759 3497 845 3543 est
892 3497 1092 3542 nostra:
1121 3484 1498 3539 mdiﬁeationis
1531 3482 1860 3550 exemplum,

271 3594 330 3639 nt
369 3594 423 3636 et
462 3582 550 3636 ille
587 3582 655 3636 de
700 3595 758 3635 se
803 3594 910 3634 non
958 3576 1254 3640 efferenda,
1283 3575 1378 3630 sed
1419 3571 1862 3642 reprehendenda

274 3671 565 3744 proferret,
616 3677 671 3724 et
717 3670 818 3723 iste
862 3667 942 3723 sic
993 3681 1091 3737 per
1136 3665 1388 3720 veritatis
1436 3664 1636 3716 lineam
1686 3671 1866 3715 rectus

275 3765 554 3819 incederet
586 3771 646 3815 ut
676 3778 744 3815 ne
771 3761 835 3816 ad
869 3759 1109 3830 magistri
1142 3757 1358 3827 quidem
1388 3755 1629 3810 favorem
1662 3754 1868 3823 aliqua.

274 3866 436 3910 tenus
465 3855 786 3910 declinaret.
819 3852 951 3906 Nam
984 3866 1106 3906 cum
1137 3849 1336 3904 Paulus
1369 3849 1514 3903 dicat
1543 3846 1819 3917 apostolus
1850 3864 1862 3898 :

282 3967 299 3999 ι
341 3948 455 4018 Ego
501 3947 546 4000 si
593 3946 907 4000 hominibus
942 3943 1157 4014 placere
1188 3941 1400 4004 vellem,
1435 3939 1638 3994 Christi
1681 3953 1870 3992 servus

280 4054 386 4096 non
436 4052 614 4094 essem
649 4035 847 4111 (Galat.
893 4038 953 4105 ι).
997 4054 1016 4087 ι
1070 4034 1137 4088 Et
1180 4033 1308 4087 alibi
1358 4032 1642 4100 Scriptura
1689 4029 1870 4100 prohi-

278 4133 405 4188 beat
433 4147 449 4185 :
490 4151 507 4183 ι
541 4131 696 4198 Quod
726 4129 824 4184 tibi
852 4127 967 4183 ﬁeri
1001 4143 1106 4181 non
1138 4127 1242 4190 vis,
1271 4125 1360 4179 alii
1399 4139 1466 4180 ne
1496 4123 1691 4177 feceris
1715 4120 1868 4190 (Tot).

284 4229 394 4297 tv);
436 4247 454 4279 ι
502 4227 696 4280 beatus
739 4221 1068 4292 evangelista
1110 4218 1282 4274 noluit
1323 4217 1584 4273 exhibere
1615 4216 1874 4286 magistro

283 4319 426 4390 quod
469 4318 582 4388 ipse
627 4314 729 4370 sibi
761 4312 985 4384 praeberi
1033 4309 1202 4366 nollet
1241 4310 1310 4364 ab
1347 4308 1543 4363 altero.
1573 4307 1743 4373 Quem
1773 4307 1876 4360 uti-

284 4429 388 4483 que
413 4410 460 4465 si
489 4409 648 4464 laude
678 4406 978 4477 praaferret,
1016 4404 1188 4474 magis
1217 4401 1516 4458 offenderet
1543 4415 1706 4471 quam
1737 4412 1872 4470 pra:-

1970 3213 2200 3278 Marcus,
2234 3213 2317 3268 vel
2355 3213 2493 3282 apud
2532 3211 2748 3283 Moysen
2797 3215 2898 3268 sub
2947 3214 3225 3268 schemate
3270 3212 3555 3266 fluviorum

1969 3303 2122 3376 (Cen.
2160 3303 2239 3374 ιι),
2282 3304 2366 3358 vel
2412 3305 2552 3375 apud
2601 3304 2942 3358 Ezechielem
2995 3319 3092 3374 per
3142 3304 3307 3356 facies
3353 3304 3560 3356 anima-

1966 3399 2096 3452 lium
2144 3397 2361 3466 (Ezech.
2404 3397 2469 3465 ι),
2515 3397 2656 3450 sicut
2702 3397 2953 3466 superius
3000 3395 3202 3450 dictum
3253 3402 3367 3458 est,
3417 3393 3560 3448 inter

1969 3497 2184 3543 sanctos
2229 3487 2593 3558 evangelistas
2631 3485 2930 3540 secundum
2968 3485 3179 3538 obtinet
3224 3483 3420 3537 locum.
3452 3481 3559 3536 Sed

1969 3583 2250 3648 honorent,
2278 3597 2437 3651 quem
2473 3582 2523 3633 in
2556 3579 2944 3650 praedestinato
2980 3579 3208 3632 sortitus
3235 3586 3313 3631 est
3344 3576 3556 3637 ordine,

1970 3683 2151 3729 servat
2197 3674 2249 3726 in
2298 3671 2608 3742 evangeliea
2658 3670 2909 3724 veritate.
2951 3668 3084 3722 Nam
3136 3668 3189 3720 in
3238 3665 3560 3736 Apocalypsi

1969 3763 2190 3818 Joannis
2217 3779 2338 3817 eum
2366 3770 2679 3815 sanctorum
2710 3760 3025 3814 animalium
3054 3758 3188 3812 ordo
3213 3757 3558 3820 describitur,

1972 3871 2077 3909 non
2120 3853 2232 3923 jam
2275 3851 2565 3916 secundus,
2601 3850 2694 3904 sed
2736 3848 2945 3919 primus
2977 3848 3063 3902 hic
3106 3847 3157 3900 in
3191 3861 3374 3900 eorum
3407 3852 3562 3898 eata-

1972 3946 2093 4016 logo
2143 3946 2429 4014 reperitur.
2469 3959 2487 3992 ι
2526 3941 2583 3994 1η
2630 3939 2808 3994 medio
2843 3939 3006 4003 sedis,
3041 3938 3233 4008 inquit,
3271 3946 3325 3991 et
3369 3937 3421 3989 in
3457 3936 3567 3989 cir-

1974 4039 2119 4094 cuitu
2159 4038 2303 4092 sedis
2343 4044 2577 4105 quatuor
2627 4033 2877 4088 animalia
2926 4032 3081 4102 plena
3136 4030 3309 4085 oculis
3347 4038 3474 4083 ante
3509 4037 3564 4082 et

1977 4141 2157 4196 retro;
2199 4149 2218 4182 ι
2250 4143 2488 4198 moxque
2509 4125 2784 4196 subjungit
2811 4143 2825 4178 :
2857 4143 2876 4176 ι
2908 4124 2972 4178 Et
2999 4122 3196 4176 animal
3228 4122 3460 4192 primum
3487 4122 3560 4175 si-

1977 4221 2103 4278 mile
2130 4220 2294 4286 leOni,
2318 4227 2374 4273 et
2397 4217 2694 4273 secundum
2723 4215 2924 4270 animal
2952 4214 3129 4270 simile
3151 4214 3341 4275 vitulo,
3375 4221 3430 4268 et
3460 4221 3570 4267 ter-

1981 4317 2111 4371 tium
2141 4312 2338 4369 animal
2369 4312 2575 4368 habens
2617 4308 2807 4364 faciem
2837 4309 2990 4380 quasi
3026 4307 3282 4369 hominis,
3319 4316 3374 4359 et
3407 4320 3569 4375 quar-

1981 4417 2092 4461 tum
2127 4405 2325 4460 animal
2357 4403 2534 4459 simile
2567 4401 2761 4470 aquila:
2790 4400 2987 4455 volanti
3014 4399 3201 4469 (Apoc.
3236 4397 3333 4467 tv).
3374 4417 3392 4448 ι
3440 4396 3565 4449 Ηειιο

285 4478 474 4561 staret.
523 4503 586 4557 lli
629 4501 790 4572 plane
819 4499 1049 4556 libenter
1078 4499 1212 4553 alios
1241 4497 1488 4552 laudibus
1515 4495 1744 4552 efferunt
1778 4496 1859 4566 qui

1977 4512 2057 4559 est
2089 4517 2218 4557 sane
2247 4499 2511 4571 quadriga
2556 4496 2643 4550 illa
2676 4493 2910 4556 Domini,
2935 4499 2990 4544 et
3022 4507 3208 4546 verum
3247 4488 3566 4550 Cherubim,

286 4599 502 4654 laudem
533 4597 600 4652 ab
629 4593 998 4650 adulatoribus
1045 4602 1312 4663 quan‘unt.
1346 4590 1614 4646 Caeterum
1651 4588 1743 4659 qui
1785 4603 1875 4642 re-

287 4699 444 4748 cusat
501 4688 750 4757 accipere
812 4685 1136 4756 dedignatur
1192 4681 1405 4738 offerre.
1458 4679 1751 4735 Enimvero
1809 4695 1873 4732 ex

289 4780 529 4837 Matthzei
573 4780 734 4845 libro,
766 4779 855 4848 qui
882 4775 994 4846 jam
1021 4775 1211 4847 utique
1236 4774 1413 4830 fuerat
1440 4773 1616 4828 editus
1644 4771 1704 4827 Β.
1730 4771 1875 4828 Petri

292 4874 476 4928 laudes
523 4871 736 4926 Marcus
779 4870 1061 4926 addiscere
1091 4869 1285 4938 potuit,
1313 4883 1449 4939 quas
1488 4867 1542 4920 in
1583 4864 1699 4934 ejus
1734 4865 1873 4921 rela-

293 4967 531 5022 tionibus
560 4980 664 5018 non
694 4963 930 5030 audivit;
963 4961 1057 5016 sed
1089 4961 1444 5030 morigeratus
1475 4967 1558 5013 est
1590 4959 1873 5031 magistre,

291 5069 372 5123 et,
421 5057 514 5128 qui
565 5072 670 5110 non
714 5056 1086 5112 delectabatur
1129 5053 1270 5118 suis,
1323 5051 1571 5108 laudibus
1616 5049 1879 5108 abstinuit

1977 4607 2083 4664 quo
2118 4591 2338 4646 innixus
2377 4588 2561 4642 omnia
2607 4583 2822 4642 circuit.
2853 4582 3051 4649 ubique
3091 4579 3366 4634 discurrit.
3399 4577 3562 4631 lunu-

1978 4683 2266 4738 merabiles
2306 4680 2431 4734 hinc
2474 4677 2598 4732 inde
2628 4672 2916 4744 pervigiles
2945 4673 3122 4738 oeuli;
3161 4671 3412 4727 scintilla!
3450 4683 3571 4724 ere-

1978 4774 2130 4828 brius
2171 4772 2448 4833 emicant,
2499 4766 2708 4836 fulgura
2759 4763 3006 4836 pavenda
3057 4769 3368 4818 coruscant.
3414 4758 3570 4814 Recti

1979 4865 2164 4935 pedes,
2197 4875 2253 4920 et
2297 4863 2352 4917 in
2393 4859 2624 4915 sublime
2653 4858 2938 4912 tendentes
2967 4872 2981 4909 :
3009 4855 3186 4928 Terga
3217 4861 3481 4926 pennata,
3521 4863 3576 4907 et

1981 4957 2184 5024 ubique
2209 4952 2463 5011 volantia.
2495 4951 2707 5009 Tenent
2751 4959 2810 5007 se
2855 4957 3068 5014 mutuo,
3095 4949 3307 5016 sibique
3333 4943 3578 5016 perplexi

1985 5059 2130 5104 sunt.
2161 5049 2233 5106 Et
2277 5057 2534 5116 tanquam
2583 5056 2703 5103 rota
2737 5050 2791 5104 in
2829 5041 3014 5098 medio
3061 5053 3196 5099 rota:
3233 5037 3360 5094 illuc
3382 5035 3584 5106 jugitcr

2827 5135 2880 5164 .ιῖ
2926 5131 3168 5164 Qut-da..-

2309 5154 2408 5164 -..Α
2458 5139 2658 5164 -.ξ-Διιιλ
2711 5135 2880 5164 -.ι-,ιιιῖ
2926 5131 3168 5164 Ωκζωῖθιι-
3220 5127 3564 5164 ἓηιηοηιυιίιιν
