3946 5368
377 117 483 172 57-9

990 108 1048 163 S.
1091 102 1295 160 PETRI
1334 96 1617 157 DAMIAN!
1657 94 1807 151 OPP.
1844 94 2020 149 PARS
2044 92 2179 150 SEU
2204 92 2438 149 TOMUS
2477 92 2538 147 ll.
2568 123 2638 133 —-
2672 92 3063 152 SERMONES.

3540 91 3681 150 580.

377 226 484 281 dab
512 232 695 280 autem
724 231 782 278 at
810 234 978 290 nepos
1005 216 1157 273 Iuda:
1187 214 1353 270 fuisse
1374 210 1744 284 cognoscitur,
1773 208 1865 279 qui
1907 207 1959 261 in
1992 212 2035 268 Α
2064 205 2317 261 cordibus
2363 206 2578 277 eloquia
2623 222 2778 264 sacra
2823 209 3168 275 meditantes,
3198 207 3521 266 testamenti
3570 218 3661 283 ars

376 316 684 389 genealogia
726 312 940 371 Domini
971 299 1104 365 cum
1145 307 1392 378 patribus
1430 312 1767 359 numeratur.
1796 299 1958 355 luter-

376 416 624 478 pretatttr
655 401 978 466 Aminadab,
1010 399 1189 472 populi
1228 398 1330 452 mei
1369 404 1703 464 spontaueus.
1739 391 1967 460 ideoque

377 513 487 553 non
541 498 839 565 incongrue
884 491 1156 563 signiﬁcat
1196 488 1494 551 Christum,
1525 486 1617 556 qui
1653 481 1834 553 populi
1883 480 1967 536 sui

378 596 710 657 spontaneus
742 583 864 650 fuit,
893 582 1021 653 quia
1051 596 1175 636 eum
1206 580 1348 635 Deus
1372 585 1542 644 esset,
1573 584 1764 646 sponte
1793 574 1967 631 laetus

375 688 460 733 est
500 678 681 733 homo.
708 675 812 743 Qui
844 674 990 730 enim
1018 687 1125 728 non
1158 671 1501 736 necessitate,
1533 669 1629 724 sed
1669 667 1782 722 sola
1816 666 1968 738 bonis

374 775 490 823 tate
540 783 639 823 nos
688 765 961 829 condidit,
1015 763 1232 833 propria
1287 760 1641 816 nihilominus
1686 757 1967 813 voluntate

374 859 628 916 redemit.
676 857 828 913 Unde
873 864 930 910 et
973 854 1209 910 Jacohus
1249 853 1367 908 ait:
1403 872 1421 904 ι
1456 850 1746 906 Voluntate
1781 849 1968 919 genuit

373 967 477 1008 nos
529 950 696 1007 verbo
749 947 996 1003 veritatis
1050 945 1205 1016 (Jac.
1257 944 1327 1011 ι).
1365 964 1383 997 ι
1439 942 1783 1012 Spontaueus
1838 954 1967 1010 ergo

379 1042 555 1101 factus
581 1051 666 1097 est
691 1039 871 1111 populi
908 1039 1014 1104 sui,
1052 1038 1178 1107 quia
1206 1051 1368 1106 quem
1397 1050 1428 1090 a
1460 1048 1519 1090 se
1563 1034 1798 1089 lnunana
1843 1047 1968 1101 pra-

376 1134 521 1190 vitas
549 1133 765 1203 repulit,
796 1131 908 1187 sola
937 1129 1186 1185 voluntas
1214 1128 1409 1183 divinae
1438 1126 1625 1197 gratiae
1658 1123 1964 1181 redonavit.

375 1223 648 1295 Quadriga
691 1237 824 1277 vero
850 1219 1151 1276 Aminadab
1201 1217 1406 1275 Christi
1466 1225 1555 1272 est
1612 1214 1965 1286 Evangelium

375 1316 803 1372 concordissima
855 1324 1091 1384 quatuor
1137 1310 1593 1382 evangelistarum
1648 1306 1967 1361 diversitate

375 1417 739 1478 compactum.
771 1407 942 1475 Quam
974 1420 1107 1461 sane
1132 1405 1451 1476 quadrigam
1484 1402 1737 1458 Christus
1778 1399 1966 1469 auriga

377 1501 635 1572 disponit,
666 1511 719 1557 et
747 1499 1111 1570 quadriﬁdam
1154 1497 1335 1553 mundi
1385 1495 1688 1551 machinam
1730 1492 1964 1563 agillima

2067 313 2186 353 cam
2232 298 2349 353 sine
2398 313 2548 354 mora
2596 299 2828 363 elevent,
2874 299 2921 355 si
2972 299 3235 371 quidquid
3265 314 3510 357 necesse
3553 309 3655 366 est,

2066 388 2313 458 protinus
2340 387 2595 443 doceant.
2627 388 2775 444 Unde
2817 388 2954 443 bene
2996 389 3206 459 primus
3245 396 3435 460 pastor
3475 388 3660 445 Eccle-

2068 478 2163 535 sia:
2212 487 2455 548 pastores
2510 489 2737 538 cancros
2772 480 3094 553 admonet,
3146 480 3383 536 dicens:
3420 499 3442 533 ι
3476 479 3659 534 Parati

2068 585 2281 640 semper
2312 570 2375 625 ad
2409 569 2836 626 satisfactionem
2875 571 3026 626 omni
3065 570 3311 640 poscenti
3358 585 3459 626 vos
3495 572 3661 626 ratio-

2069 677 2192 717 nem
2237 661 2303 717 de
2345 676 2408 717 ea
2450 676 2570 732 qua:
2599 662 2651 715 in
2688 661 2842 716 vobis
2885 669 2971 716 est
2997 677 3093 732 spe
3119 662 3171 733 (I
3197 659 3343 717 Petr.
3373 662 3485 734 ut).
3524 681 3545 716 ι
3584 661 3662 718 Ac

2069 754 2113 809 si
2148 764 2334 822 aperte
2379 754 2566 809 dicat:
2597 762 2657 809 ut
2703 755 3027 826 portandam
3077 770 3261 810 arcam
3309 755 3459 810 nulla
3507 770 3659 813 mora

2069 846 2393 916 pra’pediat,
2441 854 2619 903 vectes
2663 861 2693 900 a
2743 846 2963 903 circulis
3011 845 3304 917 aliquando
3347 862 3460 904 non
3507 862 3660 906 rece-

2069 938 2218 992 dant.

2139 1026 2235 1081 His
2265 1027 2443 1082 aureis
2483 1027 2722 1093 circulis,
2769 1027 3129 1094 dilectissimi,
3159 1036 3216 1084 et
3259 1043 3362 1084 nos
3394 1036 3659 1099 tanquam

2068 1125 2253 1172 vectes
2283 1116 2348 1172 de
2378 1116 2534 1187 lignis
2575 1116 2784 1173 Selhim
2817 1117 3139 1183 iuseramur,
3168 1127 3228 1173 ut
3262 1117 3425 1187 huius
3466 1120 3656 1175 mundi

2070 1206 2411 1275 putrediuem
2460 1215 2809 1276 respuentes,
2852 1208 2904 1261 in
2945 1216 3256 1263 sanctorum
3297 1208 3662 1280 evangelista-

2072 1309 2189 1349 rum
2225 1296 2433 1366 paginis
2455 1294 2656 1366 iugiter
2685 1297 3057 1352 immoremur.
3090 1297 3235 1353 Inter
3263 1308 3498 1354 caeteros
3526 1315 3661 1370 prae-

2075 1396 2217 1442 terea
2272 1397 2530 1456 provocat
2580 1402 2682 1442 nos
2724 1388 2793 1441 ad
2844 1376 3267 1455 inuitandum'se
3314 1390 3460 1445 beati
3504 1391 3663 1460 hujus

2074 1478 2263 1543 Marci,
2291 1494 2398 1534 non
2428 1479 2586 1535 modo
2609 1489 2797 1534 sancta
2827 1479 3095 1546 doctrina,
3122 1481 3216 1536 sed
3245 1481 3475 1553 insignis
3497 1483 3660 1537 etiam

372 1568 781 1664 praedicationis
823 1590 1100 1647 celeritate
1147 1588 1450 1660 percurrit,
1492 1588 1635 1642 sicut
1680 1601 1774 1655 per
1816 1584 1965 1639 Psal-

2072 1570 2203 1623 vita.
2239 1568 2336 1624 Cui
2366 1569 2511 1639 quod
2545 1583 2642 1638 per
2669 1570 2992 1640 prophetam
3022 1571 3224 1625 dicitur
3265 1586 3370 1627 non
3408 1572 3664 1628 inconve—

377 1684 596 1738 mistam
625 1683 824 1737 dicitur
848 1699 862 1736 :
898 1699 917 1731 ι
942 1680 1040 1748 Qui
1068 1680 1265 1736 emittit
1294 1678 1566 1749 eloquium
1598 1692 1753 1732 suum
1782 1684 1962 1742 terrae,

372 1772 634 1829 velociter
655 1773 830 1828 currit
860 1786 1039 1827 sermo
1065 1771 1181 1841 ejus
1201 1768 1375 1841 (Psal.
1402 1769 1624 1840 cxnvu).
1658 1788 1676 1820 ι

447 1863 646 1918 Videns
690 1880 818 1935 ergo
862 1863 1144 1935 Syuagoga
1195 1870 1418 1931 repente
1457 1860 1685 1932 gratiam
1730 1874 1965 1932 evange-

373 1953 493 2010 licae
520 1954 919 2024 praedicationis
944 1966 1231 2023 erumpere
1261 1960 1594 2022 cunctasque
1625 1952 1809 2006 mundi
1841 1967 1968 2022 pro-

376 2044 586 2099 vincias
631 2043 847 2115 agiliter
889 2042 1204 2113 pervolare,
1246 2042 1426 2097 subito
1459 2042 1672 2099 turbata
1702 2043 1807 2113 71
1838 2058 1968 2097 con-

378 2134 628 2202 queritur
661 2134 804 2203 quod
834 2133 950 2188 sola
990 2133 1043 2186 in
1085 2147 1180 2187 sua
1213 2131 1458 2202 perﬁdia,
1490 2133 1768 2188 conversis
1798 2133 1865 2188 ad
1900 2133 1967 2186 li-

376 2228 497 2279 dem
513 2226 806 2295 .gcntibus,
841 2226 1126 2280 deseratur
1156 2241 1170 2278 :
1208 2243 1226 2275 ‹
1262 2222 1493 2289 Νεεεὶνί,
1526 2225 1798 2296 inquiens,
1838 2241 1966 2281 con-

330 2380 337 2387 .
380 2313 624 2369 turbavit
662 2330 750 2369 me
794 2314 975 2369 anima
1000 2329 1130 2368 mea
1176 2323 1398 2385 propter
1425 2316 1714 2385 quadrigas
1745 2315 1968 2371 Amina-

378 2407 506 2463 dab.
560 2426 580 2460 ι
651 2408 802 2464 llane
865 2408 1215 2479 quadrifaria:
1278 2411 1679 2479 prmdicationis
1739 2414 1966 2483 gratiam

377 2498 641 2555 Dominus
670 2499 944 2572 ﬁguravit,
978 2518 1100 2557 cum
1134 2501 1304 2573 Moysi
1338 2503 1404 2558 de
1433 2503 1696 2573 portanda
1725 2521 1754 2559 a
1786 2521 1968 2563 sacer-

382 2591 599 2645 dotibus
652 2607 779 2646 arca
825 2595 1129 2662 prmccpit:
1167 2612 1183 2643 ι
1219 2591 1440 2657 Facies,
1484 2593 1692 2662 inquit,
1736 2604 1962 2664 quatuor

376 2681 612 2736 circulos
653 2698 868 2748 aureos,
900 2697 1036 2752 quos
1078 2698 1248 2751 pones
1292 2696 1388 2750 per
1423 2693 1661 2751 quatuor
1688 2698 1832 2738 arca:
1873 2700 1969 2738 an-

376 2772 561 2840 gulos;
603 2772 879 2844 faciesque
908 2784 1090 2829 vectes
1119 2776 1186 2829 de
1214 2773 1375 2843 lignis
1410 2773 1645 2839 Sethim,
1674 2786 1727 2830 et
1757 2778 1970 2845 operies

382 2878 539 2929 auro,
588 2863 919 2934 inducesquc
964 2879 1059 2934 per
1103 2865 1497 2935 circulos,'qui
1548 2875 1673 2920 sunt
1723 2867 1774 2920 in
1828 2883 1970 2922 arca:

379 2953 658 3018 lateribus,
691 2962 746 3007 ut
784 2950 1032 3023 portetur
1079 2954 1132 3007 in
1178 2955 1274 3017 eis,
1308 2955 1398 3023 qui
1444 2970 1660 3024 semper
1706 2968 1869 3010 erunt
1914 2957 1966 3010 in
1998 2934 2045 2997 (ἶ

378 3045 631 3112 circulis,
685 3055 741 3099 et
791 3060 1066 3114 nunquam
1113 3047 1469 3099 extrahuntur
1512 3047 1578 3099 ab
1631 3045 1711 3099 eis
1756 3044 1966 3113 (Exod.

380 3135 531 3205 xxv).
570 3154 589 3185 ι
632 3134 770 3201 Quid
819 3149 915 3203 per
965 3149 1187 3199 arcam,
1248 3135 1350 3188 nisi
1406 3143 1591 3189 saneta
1653 3134 1971 3204 designatur

379 3228 658 3284 Ecclesia?
710 3228 806 3284 Cui
853 3238 1087 3299 qttatuor
1139 3229 1328 3283 circuli
1381 3230 1529 3284 aurei
1590 3245 1684 3300 per
1736 3239 1971 3299 quatuor

378 3322 607 3393 angulos
646 3322 904 3390 iubentur
953 3321 1207 3392 adjungi,
1251 3322 1379 3394 quia
1431 3324 1483 3377 in
1529 3338 1627 3386 eo,
1675 3325 1821 3394 quod
1874 3340 1971 3394 per

375 3424 607 3482 quatuor
635 3413 817 3468 mundi
850 3412 1266 3483 partesdilatata
1300 3412 1560 3478 tenditur,
1590 3413 1969 3483 proculdubio

378 3513 611 3573 quatuor
634 3504 807 3559 sancti
842 3503 1115 3574 Evangelii
1152 3475 1305 3557 libris
1343 3503 1582 3558 accincta
1622 3505 1964 3574 praedicatur.

375 3597 676 3667 Veetesque
720 3597 788 3651 de
836 3595 997 3664 lignis
1043 3596 1251 3649 Selhim
1304 3594 1458 3659 ﬁunt,
1503 3595 1592 3664 qui
1645 3596 1849 3650 eisdem
1898 3596 1966 3651 ad

376 3690 705 3759 portandum
750 3689 969 3745 circulis
1020 3689 1354 3751 inseruntur,
1398 3688 1521 3758 quia
1571 3687 1739 3743 fortes
1782 3704 1966 3758 perse-

377 3782 1035 3851 verantesque‘doctores
1075 3781 1223 3835 velut
1257 3780 1609 3850 imputrihilia
1650 3780 1789 3851 ligna
1822 3797 1968 3851 qua:-

380 3872 535 3927 rendi
586 3881 744 3934 sunt,
792 3871 884 3940 qui
929 3870 1273 3926 instructioni
1302 3885 1582 3927 sacrorum
1634 3872 1967 3929 voluminum

378 3978 595 4031 semper
632 3962 977 4026 inhwreutes,
1008 3970 1214 4017 sancta:
1256 3961 1513 4017 Ecclesia:
1563 3962 1827 4016 unitatem
1876 3962 1969 4017 de-

324 4065 334 4073 ‘
379 4053 633 4108 nuntient
660 4061 714 4106 et
748 4053 902 4120 quasi
936 4051 1229 4106 intromissi
1258 4052 1478 4106 circulis
1508 4068 1692 4107 arcam
1728 4061 1963 4121 portent.

379 4144 644 4203 Vectihus
680 4145 880 4213 quippe
921 4157 1104 4197 arcam
1146 4152 1389 4212 portare,
1421 4151 1502 4197 est
1543 4144 1699 4199 bonis
1730 4144 1969 4199 doctori-

376 4235 588 4293 bus'ad
633 4245 879 4290 sanctam
919 4233 1215 4289 Ecelesiam
1262 4233 1424 4287 rudes
1473 4233 1709 4288 ﬁdelium
1758 4244 1968 4290 mentes

2070 1662 2286 1717 nicnter
2334 1670 2553 1731 aptatur
2589 1679 2604 1716 :
2642 1679 2662 1714 ι
2694 1661 2926 1726 Primus,
2959 1663 3154 1733 inquit,
3195 1664 3263 1719 ad
3309 1663 3443 1720 Sion
3489 1666 3661 1720 dicit:

2068 1754 2207 1808 Ecce
2232 1754 2444 1819 adsum,
2469 1763 2525 1808 et
2550 1744 3302 1825 Hierusalemevangelistam
3331 1755 3475 1811 dabo
3503 1755 3660 1827 (lsai.

2066 1847 2199 1919 xu).
2236 1865 2253 1897 ι
2288 1845 2388 1913 Qui
2422 1847 2678 1902 nimirum
2711 1861 2838 1901 vere
2867 1862 3065 1902 aureus
3092 1846 3195 1902 fuit
3223 1848 3485 1916 circulus,
3513 1826 3679 1919 quia:

2067 1941 2218 2005 dum,
2262 1938 2810 2011 per,pr:edieationis
2851 1936 3084 1994 cilicium
3131 1954 3253 2010 qua:
3298 1950 3491 1996 sancta
3540 1952 3665 1997 sunt

2070 2033 2272 2100 .locuit,
2300 2033 2632 2106 splendentis
2661 2033 2828 2087 etiam
2870 2033 2996 2088 vitae
3039 2032 3283 2088 moribus
3323 2034 3579 2098 radiavit,
3609 2044 3663 2090 et

2071 2137 2328 2197 tanquam
2358 2127 2528 2181 vectis
2556 2140 2623 2179 ex
2653 2124 2798 2195 ligno
2834 2124 3041 2180 Sethim
3076 2125 3403 2195 contempsit
3444 2134 3662 2181 terrena

2068 2222 2268 2286 omnia,
2286 2236 2405 2291 quae
2429 2228 2775 2290 putrescunt;
2804 2219 3044 2275 coelestia
3070 2219 3245 2289 petiit,
3273 2235 3395 2290 qua:
3420 2236 3663 2277 marces-

2069 2329 2194 2369 cere
2236 2314 2504 2367 nesciunt.
2537 2313 2640 2368 Per
2668 2312 3135 2367 obtruncationem
3173 2312 3401 2367 membri
3441 2311 3663 2367 foedavit

2070 2406 2313 2474 corporis
2339 2405 2596 2476 speciem,
2621 2420 2688 2459 ne
2717 2413 2907 2460 contra
2931 2404 3187 2461 Ecclesia:
3213 2405 3452 2476 regulam
3486 2407 3662 2461 eccle-

2070 2496 2342 2550 siasticam
2395 2495 2786 2551 conscenderet
2835 2495 3181 2566 dignitatem.
3224 2493 3330 2550 Sed
3377 2496 3527 2566 quod
3575 2496 3663 2551 ille

2070 2587 2280 2656 putavit
2325 2585 2684 2655 patrocinium
2722 2586 2829 2656 72
2870 2585 3029 2656 ﬁngar,
3063 2585 3294 2655 profecit
3340 2587 3395 2640 in
3444 2585 3659 2639 tirulum

2070 2677 2275 2746 glorim.
2318 2675 2454 2730 Nam
2502 2680 2643 2731 unde
2694 2690 2755 2731 se
2804 2675 3080 2746 indignum
3135 2676 3395 2738 reddidit,
3450 2676 3663 2748 dignior

2073 2769 2208 2830 fuit;
2258 2776 2313 2821 et
2352 2767 2494 2836 quod
2541 2765 2802 2837 fugiebat,
2831 2777 3054 2823 coaetus
3086 2767 3334 2822 incurrit.
3368 2767 3536 2821 Beata
3580 2783 3657 2830 es.

2075 2859 2489 2923 oAlexandria,
2544 2858 2856 2927 triumphali
2889 2858 3171 2929 apostolici
3220 2858 3480 2929 martyris
3536 2874 3657 2914 san-

2074 2949 2237 3019 guine
2283 2958 2599 3018 purpurata.
2630 2948 2778 3003 Felix
2807 2957 2864 3004 et
2903 2958 2980 3013 tu,
3012 2949 3186 3015 Italia,
3213 2959 3267 3005 et
3313 2951 3518 3004 dudum
3552 2952 3654 3006 sci-

2072 3038 2197 3093 licet
2240 3038 2586 3110 Evangelium
2635 3040 2925 3094 scribentis
2967 3040 3205 3104 alumna,
3253 3050 3308 3096 et
3347 3056 3494 3095 nunc
3533 3057 3654 3111 pre-

2073 3129 2211 3184 tioso
2254 3128 2610 3184 sacratissimi
2655 3129 2900 3200 corporis
2945 3129 3200 3185 thesauro
3246 3131 3399 3186 dives
3443 3129 3653 3205 ell'ecta.
3698 3114 3703 3121 ’

2072 3219 2163 3274 Sic
2207 3218 2388 3273 oriens
2432 3232 2527 3288 per
2555 3216 2873 3289 1Egyptum,
2900 3218 3157 3273 occidens
3205 3234 3302 3289 per
3352 3218 3656 3274 Romanum

2070 3310 2360 3365 decoratur
2408 3308 2717 3378 imperium.
2765 3308 2850 3362 Sit
2897 3308 2974 3363 illi
3027 3309 3219 3378 gloria,
3251 3311 3344 3380 qui
3394 3310 3657 3365 mirabilis

2070 3402 2123 3457 in
2155 3403 2357 3457 sanctis
2387 3402 2498 3456 suis
2526 3400 2698 3472 (Psal.
2728 3402 2920 3473 LXVII).
2951 3418 3045 3461 eos
3073 3403 3237 3459 etiam
3268 3403 3551 3460 mirabiles
3581 3405 3658 3458 fa-

2069 3497 2142 3550 cit
2174 3494 2228 3549 in
2260 3493 2457 3549 saecula
2490 3492 2832 3548 saeculorum.
2871 3495 3066 3548 Amen.

2543 3642 2549 3647 ,
2669 3582 2903 3639 SERth
2943 3584 3059 3639 XV.

2269 3691 2304 3729 ιι
2347 3691 2412 3730 DE
2442 3690 2486 3730 S.
2522 3690 2697 3729 IMRCO
2728 3659 3114 3733 EVANGEIJSTA.
3149 3691 3280 3737 (XXV
3306 3678 3456 3747 APR.)

2141 3768 2280 3822 Ecce
2327 3768 2513 3833 video,
2566 3768 2938 3834 dilectissimi,
2988 3771 3244 3838 quoniam
3290 3771 3359 3826 ad
3410 3786 3656 3827 mensam

2069 3862 2317 3917 ecclesia:
2357 3860 2793 3925 discumbentes,
2845 3861 2971 3916 dmn
3019 3862 3382 3932 spiritualium
3432 3862 3657 3920 delicia-

2070 3969 2189 4007 rum
2221 3952 2487 4007 alimenta
2508 3951 2806 4022 percipitis,
2837 3966 2943 4013 non
2974 3968 3082 4008 uno
3110 3967 3362 4009 sermone
3390 3955 3653 4018 contenti.

2071 4046 2249 4101 adhuc
2282 4045 2511 4099 alterum
2556 4044 2764 4098 avidius
2795 4044 3035 4098 esuritis.
3076 4042 3441 4110 Quamobrem
3473 4055 3531 4099 et
3560 4060 3658 4101 nos

2070 4139 2139 4192 ab
2190 4136 2615 4191 administrando
2672 4135 2981 4192 refectiouis
3036 4146 3231 4192 vestra:
3284 4135 3489 4191 ferculo
3552 4153 3655 4192 non

2070 4227 2407 4291 desistimus,
2438 4235 2497 4280 ut
2538 4233 2780 4281 sanctam
2821 4236 3015 4281 vestnr.
3058 4225 3358 4282 devotionis
3395 4228 3653 4294 esuriem,

375 4328 723 4400 praedicando
774 4324 1059 4381 deducere.
1107 4322 1206 4391 Qui
1262 4338 1396 4378 auro
1447 4338 1662 4393 quoque
1703 4307 2154 4391 jubenturnvel
2212 4319 2357 4376 tenui
2413 4317 2647 4388 quodam
2702 4317 2899 4388 pabulo
2954 4327 3350 4388 temperemus,
3414 4319 3655 4373 dicentes

375 4424 596 4487 oneriri,
632 4432 710 4485 ut,
747 4437 871 4476 cum
913 4435 1163 4476 sermone
1196 4420 1320 4476 aliis
1356 4421 1630 4487 insonant,
1663 4421 1761 4491 ipsi
1803 4424 1966 4478 etiam

378 4518 501 4573 vita:
544 4516 833 4587 splendore
878 4514 1196 4584 l'ulgcscant.
1239 4514 1314 4568 De
1366 4515 1566 4583 quibus
1612 4524 1736 4584 apte
1779 4515 1967 4571 subdi-

375 4617 466 4662 tur
500 4625 513 4661 :
552 4627 570 4659 ι
604 4608 706 4673 Qui
743 4620 958 4676 semper
1003 4615 1164 4662 erunt
1214 4607 1267 4661 in
1313 4607 1552 4679 circulis,
1587 4622 1688 4663 nec
1728 4623 1966 4678 unquam

376 4700 734 4755 extrahentur
770 4699 840 4755 ab
874 4699 973 4754 eis.
1009 4716 1028 4749 ι
1069 4698 1205 4766 Quia
1251 4699 1509 4753 nimirum
1544 4715 1765 4756 necesse
1794 4710 1879 4757 est
1909 4710 1970 4756 ut

376 4790 467 4858 qui
522 4789 590 4842 ad
643 4788 875 4849 cilicium
930 4789 1331 4859 praedicationis
1385 4790 1659 4844 excubant
1706 4807 1738 4845 a
1794 4808 1966 4848 sacra:

2070 4412 2279 4468 scilicet
2309 4425 2432 4465 eum
2478 4408 2732 4479 Apostolo
2766 4427 2786 4460 ι
2823 4409 3012 4464 eadem
3044 4410 3197 4465 vobis
3228 4409 3493 4474 scribere,
3523 4411 3650 4464 mihi

2067 4505 2284 4575 quidem
2348 4520 2453 4558 non
2522 4503 2765 4573 pigrum,
2834 4501 2986 4557 vobis
3043 4511 3222 4555 autem
3282 4504 3649 4569 necessarium

2068 4597 2236 4671 (Phil.
2270 4597 2377 4668 ιιι).
2414 4616 2434 4648 ι
2477 4595 2623 4650 Inter
2667 4607 2858 4651 omnes
2903 4593 3061 4665 plane
3107 4594 3360 4650 doctores
3401 4594 3651 4650 Ecclesia!

2068 4689 2286 4746 beatum
2351 4688 2495 4742 hunc
2556 4685 2833 4751 Marcum,
2884 4682 3040 4754 cujus
3090 4684 3251 4739 hodie
3305 4682 3648 4754 triumphalia

2067 4789 2216 4853 gesta
2264 4780 2578 4842 recolimus,
2606 4778 2741 4832 satis
2786 4776 3050 4846 insignem
3089 4784 3254 4846 atque
3296 4774 3646 4845 conspicuum

376 4882 628 4936 lectionis
658 4883 835 4937 studio
871 4899 978 4939 non
1013 4885 1291 4940 recedant.
1337 4882 1418 4938 Ad
1460 4885 1563 4939 hoc
1602 4899 1834 4954 namque
1873 4899 1969 4938 ve-
2062 4874 2393 4943 iudicamus.
2427 4870 2579 4926 Beati
2632 4869 2839 4925 scilicet
2883 4869 3250 4939 apostolorum
3297 4866 3556 4938 principis
3597 4873 3649 4919 et

377 4982 493 5029 etes
540 4972 593 5026 in
638 4973 858 5028 circulis
915 4990 1130 5045 semper
1188 4989 1312 5045 esse
1371 4974 1660 5045 jubentur,
1727 4984 1783 5029 ut
1841 4991 1964 5031 cum

379 5064 585 5133 portari
635 5078 816 5118 arcam
859 5067 1233 5134 opportunitas
1275 5066 1458 5136 exigit,
1492 5068 1559 5121 de
1601 5067 1966 5121 intromitten-

381 5157 464 5211 dis
492 5155 737 5210 vectibus
768 5156 913 5211 nulla
946 5159 1195 5225 portaudi
1239 5158 1462 5211 tarditas
1490 5169 1796 5228 generetur,
1838 5158 1964 5226 quia

381 5246 637 5301 videlicet
684 5262 807 5301 cum
859 5248 1136 5317 spirituale
1184 5247 1387 5316 aliquid
1434 5263 1464 5300 a
1512 5248 1744 5303 subditis
1781 5259 1969 5323 pastor

383 5337 675 5368 ἶηηηῖιιῖιιιιι
732 5338 1147 5368 ἶηηιιηιῖηἶηιηιιιι
1194 5338 1345 5368 ειηΙιιη
1387 5346 1462 5368 ηρ.
1521 5338 1563 5368 ιιῖ
1605 5346 1728 5368 Innn
1762 5345 1965 5368 nium-ni

2066 4966 2120 5018 in
2150 4964 2471 5032 baptismate
2519 4960 2660 5014 ﬁlius
2700 4969 2755 5014 et
2796 4961 2848 5013 in
2893 4960 3137 5013 doctrina
3166 4957 3480 5026 discipulus,
3511 4959 3648 5011 sicut

2068 5072 2190 5110 cum
2244 5052 2568 5108 referentem
2624 5059 2775 5121 gesta
2823 5048 3127 5106 Salvatoris
3175 5047 3401 5111 audivit,
3435 5048 3508 5101 ita
3556 5059 3648 5113 per

2071 5147 2401 5215 iuobliquam
2435 5144 2554 5198 ﬁdei
2591 5142 2865 5197 relationis
2910 5142 3107 5196 lineam
3142 5141 3324 5195 Romae
3369 5146 3590 5208 rogatus
3616 5150 3645 5190 :t

2071 5239 2339 5294 fratribus
2377 5233 2725 5305 Evangelium
2787 5233 3040 5303 scripsit.
3111 5218 3252 5286 sicut
3303 5236 3359 5284 et
3410 5228 3646 5282 clemens

2077 5325 2468 5368 Διιηειηιὶνίηης
2526 5333 2581 5368 et
2639 5322 2831 5368 Dnnins
2879 5322 3313 5368 lliemnnlitamts
3360 5318 3644 5368 enisconus
