3946 5368
169 267 268 328 531

1637 265 1870 324 SERMO
1901 265 2016 322 XV.

3349 271 3458 329 583

167 364 462 424 Christum
493 363 704 436 primus
731 360 1062 416 annuntians
1085 357 1216 430 jecit
1246 373 1396 414 nova:
1435 357 1556 414 fidei
1589 357 1766 430 [legis]
1798 367 1842 422 Α
1873 375 2064 414 omnes
2089 373 2224 428 pene
2248 359 2558 430 vaporantis
2585 358 2704 413 lizlei
2731 358 2942 416 fervore
2973 363 3219 418 succensi
3253 363 3328 420 ita
3355 381 3452 436 per

169 459 616 514 fundamentum.
664 455 730 510 Et
775 455 901 516 dum
931 468 1046 522 Ipse
1075 452 1328 522 scriptor,
1369 450 1460 522 qui
1490 461 1546 504 et
1571 452 1766 520 praedi-

168 562 328 608 cator
359 551 572 608 exstitit
621 547 918 618 Evangelii.
973 546 1137 610 idem,
1167 545 1566 614 quodammodo
1616 544 1766 600 faber

171 643 264 713 qui
292 653 352 698 et
380 641 646 712 agricola,
679 639 794 708 ipse
840 637 942 692 sibi
992 651 1262 691 vomerem
1311 635 1616 700 fabricavit,
1657 650 1766 706 quo

169 736 432 790 videlicet
461 735 530 788 ad
557 731 858 804 spargenda
897 745 1070 784 sacra:
1117 729 1240 785 ﬁdei
1285 729 1492 784 semina
1541 729 1764 782 humani

172 826 358 882 cordis
389 841 524 878 arva
556 822 841 892 proscidit.
893 821 1006 876 IIoc
1045 821 1228 890 itaque
1259 821 1418 874 modo
1447 819 1766 874 Alexandri-

171 933 297 971 nam
335 915 592 970 fundavit
633 912 942 976 ecclesiam,
973 927 1204 982 eamque
1245 926 1350 966 non
1381 926 1500 974 suo,
1531 911 1624 965 sed
1653 924 1765 964 ma-

175 1005 332 1076 gistri
365 1005 450 1060 sui
483 1004 700 1058 nomine
727 1001 984 1066 titulavit,
1013 1011 1070 1056 ut
1117 1001 1184 1056 ad
1235 1002 1494 1056 honorem
1523 1000 1584 1053 B.
1617 1000 1762 1056 Petri

173 1097 332 1150 sedes
359 1095 660 1166 apostolica
693 1102 1050 1162 nuncupetur,
1083 1095 1146 1148 ad
1175 1109 1336 1162 quam
1369 1101 1546 1146 tamen
1575 1091 1766 1146 Petrus

175 1189 478 1244 accessisse
524 1204 632 1243 non
669 1186 886 1256 legitur.
921 1183 1092 1238 Tanta
1126 1184 1288 1254 igitur
1317 1183 1574 1250 magister
1605 1193 1766 1253 atque

177 1279 475 1348 discipulus
543 1277 902 1332 unanimitate
962 1273 1272 1344 conjuncti,
1354 1283 1462 1328 tam
1526 1288 1766 1329 consona

179 1370 348 1424 sancti
384 1369 621 1438 Spiritus
651 1376 778 1423 sunt
811 1366 1164 1434 inspiratione
1205 1364 1418 1420 conﬂati
1465 1375 1522 1420 ut
1569 1373 1626 1420 et
1667 1364 1764 1430 Pe:

177 1469 291 1516 trus
347 1443 730 1515 manifestaret
778 1457 1126 1526 Evangelium
1181 1455 1394 1522 Marco,
1443 1465 1498 1510 et
1551 1455 1767 1510 Marcus

179 1560 526 1607 construeret
576 1549 860 1606 ecclesiam
909 1548 1092 1612 Petro,
1122 1557 1408 1617 quatenus,
1445 1547 1572 1602 dum
1620 1546 1764 1617 quod

183 1662 338 1700 suum
371 1653 514 1711 erat,
545 1643 684 1698 alter
714 1639 1037 1696 transferret
1081 1641 1132 1694 in
1175 1640 1428 1704 alterum,
1462 1639 1604 1708 quod
1653 1639 1768 1694 cui-

177 1753 282 1808 que
327 1745 452 1792 erat
500 1736 802 1806 proprium,
851 1747 1138 1790 commune
1184 1741 1332 1788 esset
1367 1733 1674 1798 amborum,
1705 1741 1760 1788 et
1794 1720 1838 1780 Β

180 1828 491 1884 utriuslibet
521 1836 694 1882 totum
725 1835 872 1882 esset
898 1825 1042 1896 quod
1071 1833 1298 1895 uterque
1331 1826 1608 1894 proprium
1638 1841 1764 1894 pos-

182 1919 404 1974 sideret.
457 1917 610 1974 Unde
655 1917 714 1971 B.
751 1916 944 1972 Petrus
993 1931 1114 1971 eum
1163 1916 1318 1985 quasi
1369 1916 1658 1986 specialem
1709 1925 1765 1972 et

179 2011 489 2066 unanimem
543 2025 656 2082 pra:
701 2010 916 2066 caeteris
961 2009 1130 2076 tilium
1166 2018 1348 2074 vocat,
1374 2025 1497 2064 cum
1527 2009 1764 2080 singula-

177 2107 304 2160 riter
335 2103 572 2158 Romam
615 2103 834 2158 nomine
865 2101 1156 2174 Babylonis
1200 2101 1476 2172 appellans
1509 2120 1520 2154 :
1555 2121 1572 2152 ι
1607 2101 1764 2158 Salu-

179 2205 253 2250 tat
301 2211 422 2263 vos,
466 2195 662 2266 inquit,
695 2194 938 2250 Ecclesia
990 2209 1110 2264 quae
1155 2205 1240 2248 est
1269 2195 1320 2248 in
1351 2193 1623 2263 Babylone
1651 2193 1764 2248 col-

177 2287 338 2350 lecta,
369 2295 424 2340 et
453 2285 667 2340 Marcus
694 2283 835 2338 ﬁlius
863 2297 1014 2338 meus
1035 2281 1089 2353 (l
1117 2281 1258 2336 Petr.
1280 2282 1354 2354 v).
1381 2303 1398 2334 ι
1432 2283 1542 2338 Nec
1566 2283 1762 2336 mirum

175 2379 216 2434 si
243 2375 304 2430 Β.
335 2377 556 2432 Marcus
583 2375 724 2446 apud
760 2375 1076 2445 magistrum
1127 2390 1282 2428 suum
1329 2374 1636 2444 praecipuus
1664 2390 1760 2428 ex—

175 2469 308 2524 stitit
325 2477 382 2522 et
399 2467 738 2538 privilegium
761 2482 872 2536 prae
896 2465 1107 2520 caneris
1129 2466 1438 2536 apostolicae
1459 2467 1762 2522 dilectionis

175 2561 430 2624 ohtiuuit,
456 2561 542 2615 cui
569 2559 822 2614 nimirum
847 2558 990 2614 Deus
1008 2557 1352 2628 omnipotens
1382 2567 1584 2612 lautam
1611 2558 1762 2614 verbi

177 2655 434 2709 virtutem
479 2652 740 2717 contulit,
784 2660 988 2708 tantam
1031 2651 1428 2722 priedicationis
1467 2649 1762 2708 elﬁcaeiam

175 2745 502 2814 praerogavit
547 2751 606 2798 ut
642 2758 854 2807 omnes,
883 2743 976 2812 qui
1027 2751 1151 2798 tunc
1193 2743 1260 2796 ad
1297 2741 1420 2796 ﬁdei
1458 2743 1762 2798 rudimenta

178 2837 278 2907 13
321 2835 680 2899 conﬂuerent,
733 2849 854 2889 mox
903 2849 999 2904 per
1055 2834 1446 2888 continentiam
1493 2849 1556 2889 ac
1597 2835 1764 2888 totius

177 2937 382 2982 sancta:
413 2925 844 2981 conversationis
885 2925 1218 2990 instantiam,
1256 2933 1514 2994 tauquam
1543 2925 1610 2978 ad
1648 2940 1762 2980 mo-

177 3020 396 3078 nastica:
426 3018 772 3088 perfectionis
811 3017 1084 3089 fastigium
1115 3019 1480 3087 pervolarent.
1517 3017 1670 3074 Unde
1701 3031 1756 3074 et

1871 468 2022 508 nova:
2039 453 2466 508 conversationis
2491 453 2804 508 viderentur
2831 454 3086 508 anhelare
3117 458 3454 525 propositum

1869 557 1934 598 ac
1971 543 2020 597 si
2073 543 2406 598 monachicae
2467 543 2818 612 perfectionis
2861 543 3090 598 arduum
3145 548 3456 617 arriperent

1869 636 2196 690 institutum.
2236 635 2370 690 Cum
2405 637 2588 706 itaque
2613 637 2804 692 beatus
2827 635 3058 700 Marcus,
3100 639 3244 692 velut
3271 640 3446 696 electa

1869 725 2108 782 ccelcstis
2136 727 2342 782 militia:
2389 730 2538 790 tuba,
2563 731 3059 786 vehementissimis
3111 732 3457 802 clangoribus

1869 819 2082 876 intonat
2117 829 2174 874 et
2219 821 2471 876 mandata
2527 822 2622 878 Dei
2676 833 2820 878 tanta
2879 825 3282 894 praedicationis
3337 835 3456 880 arte

1868 909 2148 980 dispensat
2177 919 2238 964 ut
2275 911 2556 966 auditores
2578 929 2704 966 suos
2727 914 2974 982 protinus
3002 914 3068 968 ad
3090 929 3314 968 summa:
3331 930 3431 983 per

1869 999 2120 1054 fectiouis
2151 999 2258 1058 alta
2291 1000 2560 1066 sustollat,
2595 1003 2724 1070 quid
2765 1003 2930 1066 aliud,
2965 1019 3126 1072 quam
3154 1003 3204 1058 in
3235 1013 3448 1075 etymo-

1868 1091 2008 1162 logia
2037 1092 2116 1146 sui
2161 1092 2396 1146 nominis
2419 1104 2733 1162 perseverat
2759 1094 2780 1146 ?
2807 1093 3021 1148 Marcus
3047 1098 3190 1148 enim
3215 1094 3454 1148 excelsus

1867 1182 2120 1236 mandato
2177 1183 2584 1252 interpretatur.
2617 1183 2682 1238 Et
2707 1198 2833 1240 vere
2881 1185 3074 1259 beatus
3113 1185 3201 1239 hic
3237 1186 3320 1238 vir
3346 1201 3454 1238 non

1867 1285 1985 1328 erat
2014 1273 2262 1328 excelsus
2285 1275 2488 1338 animo,
2525 1274 2618 1328 sed
2651 1276 2924 1339 mandato,
2957 1277 3104 1344 quia,
3143 1277 3270 1330 dum
3302 1291 3454 1330 men-

1871 1375 1978 1422 tem
2013 1376 2228 1437 gereret
2277 1367 2556 1432 Immilcm,
2621 1368 2784 1420 vitam
2817 1367 3101 1436 satagebat
3137 1369 3337 1422 habere
3357 1383 3454 1422 su-

1868 1457 2112 1522 blimem,
2153 1468 2208 1514 ct
2261 1459 2355 1529 qui
2384 1459 2594 1514 cunctis
2621 1472 2740 1514 sese
2793 1459 2843 1512 in
2875 1459 3177 1512 humilitate
3213 1460 3454 1514 Substra-

1868 1560 2050 1614 verat,
2079 1565 2174 1618 per
2199 1551 2338 1604 viam
2389 1551 2769 1606 mandatorum
2809 1549 3112 1606 cmlestium
3149 1549 3454 1604 sublimiter

1871 1643 2174 1698 incedebat.

1937 1735 2068 1789 Illud
2109 1735 2296 1798 etiam,
2331 1733 2690 1794 dilectissimi.
2727 1749 2822 1789 vos
2851 1734 3104 1804 ignorare
3137 1749 3242 1788 non
3280 1733 3454 1803 patiar

1869 1827 2124 1897 quoniam
2163 1832 2357 1880 octavo
2408 1825 2700 1882 Neroniani
2741 1827 2950 1896 imperii
2987 1842 3130 1880 anno
3155 1826 3454 1895 triumpha-

1866 1917 1972 1972 lem
2013 1917 2262 1988 martyrii
2301 1917 2536 1986 palmam
2587 1918 2779 1970 beatus
2835 1917 3048 1970 Marcus
3076 1917 3330 1980 obtinuit,
3363 1915 3452 1970 cui

1868 2023 1988 2062 mox
2013 2017 2069 2062 et
2096 2007 2340 2062 Attianos
2367 2007 2419 2062 in
2451 2007 2830 2062 Alexandriam
2859 2008 3002 2062 sedis
3031 2008 3291 2078 dignitate
3323 2024 3450 2062 suc-

1867 2097 2033 2152 cessit
2059 2106 2114 2150 et
2147 2097 2340 2152 beatus
2371 2096 2568 2152 Petrus
2610 2099 2890 2168 apostolus
2936 2097 3124 2154 Ruina:
3161 2098 3450 2169 septennio

1867 2192 2182 2261 supervixit.
2241 2190 2416 2258 Unde,
2481 2209 2718 2262 superna
2772 2195 3092 2265 disponente
3140 2196 3446 2260 clementia,

1867 2281 2072 2336 factum
2095 2293 2178 2336 cst
2207 2291 2286 2348 ut,
2309 2298 2429 2338 cum
2461 2284 2844 2340 Alexandriam
2884 2287 3034 2356 prius
3067 2297 3124 2342 et
3151 2287 3453 2358 splendori-

1867 2375 1968 2430 bus
2001 2377 2326 2446 evangelica:
2353 2375 2757 2446 praedicationis
2789 2387 2844 2434 et
2872 2380 3134 2434 ell'usionc
3163 2395 3452 2434 saerosam-

1865 2465 1938 2520 cli
1977 2466 2256 2536 sanguinis
2283 2466 2630 2532 illustrasset,
2657 2469 2724 2522 ad
2749 2467 2958 2522 Italiam
2987 2469 3181 2524 deinde
3213 2471 3448 2540 quodam

1865 2557 2195 2626 postliminio
2218 2557 2286 2612 sit
2319 2573 2590 2624 reversus,
2617 2567 2674 2614 ut
2698 2561 2887 2616 eadem
2919 2562 3258 2630 potissimum
3284 2571 3447 2622 terra.

1867 2647 1922 2702 in
1959 2663 2064 2717 qua
2095 2647 2196 2702 sibi
2245 2648 2428 2701 datum
2485 2657 2566 2702 est
2597 2649 2948 2720 Evangelium
2973 2651 3236 2718 scribere,
3264 2667 3449 2706 sacras

1867 2747 2168 2792 mereretur
2197 2738 2312 2808 ejus
2363 2739 2616 2808 reliquias
2645 2741 2947 2810 possidere,
2979 2751 3030 2798 et
3055 2742 3142 2796 ubi
3171 2743 3273 2798 sibi
3310 2759 3444 2798 con-

1865 2847 2075 2886 cessum
2109 2843 2190 2886 est
2212 2831 2533 2903 evangelica:
2563 2833 2942 2904 descriptionis
2962 2835 3127 2904 jubar
3147 2835 3444 2900 eilundere,

1866 2919 1974 2974 illic
2003 2936 2096 2990 per
2113 2919 2358 2992 glorios-c
2385 2920 2551 2990 gleba:
2581 2937 2692 2976 sua:
2713 2923 3052 2993 praesentiam
3077 2924 3323 2994 plurimis
3339 2925 3448 2980 vir-

1867 3020 2036 3066 tutum
2065 3021 2225 3081 atque
2247 3013 2728 3080 signorm‘ncradiis
2759 3024 3092 3071 coruscaret.

177 3109 350 3174 Philo,
411 3085 804 3164 disertissimus
861 3085 1188 3174 Judaeoruin,
1244 3110 1370 3164 dum
1422 3109 1488 3164 de
1523 3109 1758 3179 primatu
1791 3085 1834 3144 (ἶ
1937 3102 2108 3156 Ρυτῐο
2140 3103 2185 3156 si
2226 3103 2512 3172 diligenter
2545 3105 2786 3160 Omnium
2829 3107 3308 3177 evangelistarum,
3339 3107 3448 3180 74

175 3198 316 3252 beati
346 3197 513 3252 Marci
573 3199 714 3267 apud
751 3198 1178 3252 Alexandrinam
1213 3198 1512 3254 Ecclesiam
1545 3200 1762 3270 scripti-

177 3297 270 3350 tat,
297 3289 350 3342 in
388 3288 822 3343 Christianorum
853 3288 1010 3342 laude
1031 3296 1280 3342 versatus
1319 3303 1508 3343 eorum
1549 3289 1762 3344 habita-

174 3377 288 3433 cula
331 3378 660 3434 monasteria
700 3387 991 3448 nuncupat.
1025 3378 1090 3430 Et
1142 3394 1249 3432 non
1289 3378 1460 3432 solum
1515 3393 1612 3447 per
1637 3379 1762 3434 Ale-

173 3473 415 3527 xandriae
438 3472 594 3536 lines,
623 3473 716 3526 sed
748 3480 802 3526 et
827 3471 880 3524 iu
909 3471 1092 3526 multis
1115 3471 1256 3536 aliis,
1295 3471 1478 3526 Marco
1510 3481 1636 3526 tunc
1661 3473 1762 3526 Ec-

175 3563 394 3616 clesium
449 3562 596 3618 illati)
630 3562 1064 3626 administrante,
1102 3561 1398 3631 provinciis
1441 3561 1574 3616 tales
1591 3563 1761 3617 exsti-

175 3656 303 3710 tisse
327 3656 578 3724 perhibet
616 3653 960 3710 Cbristianos
991 3654 1179 3724 quales
1222 3665 1276 3709 et
1308 3653 1483 3709 Lucas
1515 3655 1780 3732 meminit-

175 3747 542 3818 apostolormn
610 3746 778 3800 fuisse
827 3745 1142 3814 discipulos,
1196 3744 1448 3798 videlicet
1483 3753 1540 3798 ut
1570 3760 1758 3799 eorum

173 3849 316 3896 esset
343 3855 442 3894 cor
465 3855 655 3904 unttm,
682 3847 736 3893 et
766 3839 946 3892 anima
979 3853 1082 3890 una
1120 3836 1406 3906 nullusque
1435 3851 1621 3890 eorum
1663 3835 1762 3889 ali-

174 3936 298 4006 quid
343 3933 626 4004 proprimn
675 3932 904 3996 diceret,
943 3930 1037 3984 scd
1069 3945 1258 3984 omnes
1294 3929 1476 3984 omnia
1515 3943 1758 3982 commu-

175 4026 314 4080 uiter
351 4025 693 4094 possiderent
750 4030 1000 4092 essetque
1052 4021 1193 4074 inter
1236 4034 1330 4074 eos
1385 4016 1760 4088 inseparabilis

172 4117 352 4170 unitas
384 4113 712 4174 animorum,
747 4113 887 4166 inter
926 4126 1060 4180 quos
1089 4109 1232 4164 nulla
1263 4117 1478 4182 poterat
1515 4111 1757 4162 interve-

173 4211 288 4264 nire
342 4209 628 4265 diversitas
679 4206 972 4261 I‘aculatum
1022 4207 1160 4276 (Act.
1203 4205 1300 4275 tv).
1337 4203 1480 4258 Talis
1507 4217 1638 4271 ergo
1660 4201 1760 4256 sub

173 4303 355 4357 Marco
385 4299 754 4356 Alexandrina
789 4297 894 4352 fuit
937 4296 1174 4352 Ecclesia
1213 4294 1390 4365 qualis
1426 4303 1480 4347 et
1508 4291 1760 4348 Hieroso-

171 4395 326 4468 lyma:
357 4394 522 4450 fuisse
549 4393 653 4448 sub
689 4390 984 4462 apostolica
1011 4389 1206 4460 legitur
1230 4386 1538 4457 disciplina,
1570 4394 1628 4440 ut
1661 4400 1754 4439 ne-

172 4487 378 4540 minem
413 4481 750 4554 paupertatis
789 4479 1082 4550 indigentia
1142 4486 1426 4549 premeret,
1453 4476 1630 4530 nullus
1668 4489 1759 4556 eo-

173 4595 294 4633 rum
331 4575 537 4632 divitiis
577 4574 900 4638 abundaret,
937 4572 1056 4634 scd,
1097 4571 1221 4626 dum
1251 4569 1564 4640 unicuique,
1603 4559 1762 4636 prout

173 4685 308 4741 opus
361 4679 501 4734 erat,
533 4651 862 4722 necessitas
913 4663 1288 4720 administrata
1321 4671 1656 4733 suppeteret,
1683 4660 1764 4715 lo-

174 4777 294 4816 cum
339 4761 484 4814 inter
531 4773 630 4813 eos
679 4755 902 4828 querela
955 4753 1238 4808 murmurii
1299 4749 1622 4826 [murmuro]
1655 4767 1758 4804 non

173 4853 418 4908 haberet.
449 4851 737 4922 Signiﬁcat
768 4865 899 4920 ergo
935 4848 1222 4919 praedictus
1255 4846 1408 4902 Philo
1447 4845 1587 4898 inter
1621 4859 1760 4898 nova

177 4953 300 4998 tunc
331 4942 604 4997 nascentis
637 4940 760 4994 ﬁdei
793 4937 1060 4994 cunabula
1092 4952 1155 4992 ac
1186 4945 1450 5000 teneram,
1490 4940 1551 4986 ut
1584 4933 1658 4986 ita
1683 4931 1762 4986 lo-

174 5052 332 5108 quar,
385 5036 647 5090 Ecclesitc
697 5033 952 5089 Iactamis
1001 5029 1310 5092 inlantiam,
1373 5040 1616 5098 quosque
1657 5025 1760 5080 sub

175 5124 321 5182 beati
374 5126 540 5182 Marci
607 5123 870 5192 regimine
914 5119 1243 5175 constitutos
1273 5115 1554 5173 sobrietati
1593 5115 1756 5172 simul

877 5210 1208 5234 -..-.ε....;ι...-
1255 5219 1302 5234 ..ι
1342 5210 1554 5234 ἷκε-...ἔζη
1589 5211 1721 5234 ...κια-

1791 4437 1838 4496 D

1865 3193 1918 3246 iu
1949 3194 2142 3262 quibus
2171 3194 2408 3248 defuncti
2440 3204 2584 3258 sunt,
2615 3196 2729 3250 loca
2755 3200 3140 3266 percurrimus,
3175 3201 3445 3254 nemiuem

1864 3301 2049 3340 eorum
2085 3285 2134 3338 in
2161 3300 2243 3348 eo,
2271 3301 2430 3353 quem
2465 3288 2688 3340 sortitus
2709 3297 2812 3350 est,
2839 3305 3218 3358 perseverasse
3243 3291 3448 3344 tumulo

1865 3377 2188 3446 reperimus.
2222 3377 2274 3430 In
2296 3377 2520 3432 Joannis
2554 3379 2761 3434 scilicet
2787 3382 3062 3450 sepultura
3088 3391 3208 3451 post
3235 3383 3444 3436 obitum

1865 3483 1968 3522 non
2003 3484 2200 3538 corpus
2228 3468 2366 3536 ejus,
2405 3471 2498 3524 sed
2531 3487 2726 3524 manna
2756 3483 3029 3540 repertum
3055 3482 3159 3530 est.
3183 3473 3330 3528 Bcati
3358 3489 3451 3526 νεα

1863 3575 1924 3614 ro
1952 3559 2186 3614 Matth-.ci
2213 3575 2441 3628 corpore
2487 3577 2591 3614 non
2637 3560 2938 3632 1Eth‘opia,
2996 3564 3084 3617 ubi
3135 3572 3449 3632 peremptus

1863 3653 2192 3722 agnoscitur,
2243 3653 2337 3706 sed
2385 3652 2725 3706 Salernitana
2767 3654 2946 3721 potius
2993 3654 3186 3708 civitas
3223 3656 3448 3708 decora-

1866 3751 1970 3796 tur.
2011 3742 2243 3797 Sanctus
2290 3743 2455 3798 etiam
2505 3743 2698 3806 Lucas,
2739 3757 2860 3798 cum
2896 3745 2948 3798 in
2981 3744 3248 3814 Bithynia:
3279 3746 3450 3813 parti-

1863 3834 1981 3895 bus.
2019 3835 2162 3888 sicut
2193 3835 2416 3890 historia
2470 3843 2716 3900 testatur,
2763 3835 2980 3896 abierit,
3019 3835 3274 3888 vicesimo
3305 3851 3448 3890 anno

1864 3927 2166 3982 Constantii
2233 3926 2463 3982 Casaris
2531 3927 2595 3980 de
2655 3926 2859 3980 Achaia
2925 3925 3444 3994 Constantinopolim

1866 4019 2157 4072 translatus
2175 4029 2258 4072 est
2281 4035 2402 4074 cmn
2433 4019 2793 4073 sacrosanctis
2809 4018 2949 4072 beati
2971 4017 3198 4088 apostoli
3217 4019 3446 4072 Andreae

1865 4112 2129 4182 reliquiis.
2192 4112 2290 4166 llic
2317 4127 2466 4174 vero,
2530 4111 2594 4165 dc
2642 4127 2749 4180 quo
2807 4127 2949 4166 nunc
2996 4112 3192 4182 agitur,
3225 4118 3450 4164 sanctus

1865 4202 2194 4271 evangelista
2249 4201 2463 4256 Marcus
2513 4202 2578 4256 dc
2611 4202 2936 4266 Alexandria
2975 4211 3312 4256 transvectus
3341 4207 3446 4262 est,

1868 4296 1976 4351 Deo
2021 4296 2445 4360 misericorditer
2503 4295 2844 4364 disponente,
2911 4295 3212 4356 Venetiam,
3262 4291 3448 4360 utqui

1866 4397 1994 4442 tunc
2025 4396 2194 4442 totum
2225 4385 2502 4442 Orientem
2525 4387 2670 4441 velut
2693 4401 2892 4442 aureus
2917 4383 3108 4438 luctfer
3139 4384 3447 4438 illustrave-

1867 4488 1970 4542 rat,
2001 4495 2144 4534 nunc
2173 4495 2268 4548 per
2296 4479 2483 4549 plagas
2505 4477 2727 4534 Occidui
2753 4479 2988 4535 climatis
3011 4475 3310 4546 praesentia:
3336 4489 3448 4530 sua:

1865 4570 2034 4625 radiis
2062 4569 2345 4624 enitescat.
2397 4569 2501 4622 Per
2529 4567 2824 4639 IEgyptum
2859 4567 3058 4636 quippe
3111 4566 3210 4620 sibi
3237 4564 3452 4618 dedicat

1865 4669 2064 4724 ortmn,
2091 4675 2192 4728 per
2217 4659 2495 4716 Venetiam
2529 4668 2676 4714 tenet
2695 4674 2966 4716 occasum.
2993 4657 3103 4712 Illic
3130 4655 3449 4712 Alexandri-

1867 4767 1948 4805 na:
1978 4751 2203 4806 sortitus
2218 4759 2306 4804 est
2325 4749 2569 4806 ecclesia:
2589 4750 2759 4806 solum
2780 4768 2794 4818 ;
2825 4750 2910 4804 hic
2927 4748 3268 4803 renascentis
3285 4747 3456 4816 Aqui-

1867 4845 1984 4899 leia:
2011 4859 2210 4900 novum
2240 4845 2426 4902 statuit
2467 4844 2850 4915 principatum.
2884 4841 2984 4896 Est
3013 4842 3196 4910 itaque
3223 4840 3370 4894 velut.
3389 4839 3456 4894 si-

1867 4935 1966 4990 dus
2003 4950 2226 4990 aureum
2283 4943 2396 4990 toto
2429 4935 2558 4989 orbe
2587 4934 2912 5002 praeclarum
2971 4947 3037 4986 ac
3064 4929 3260 4985 celebri
3289 4928 3456 4984 totius

1865 5023 2122 5080 Ecclesia:
2146 5025 2498 5084 veneratione
2518 5025 2894 5094 conspicuum.
3271 5065 3274 5070 .
3379 5069 3384 5072 .

1939 5116 2050 5170 Hoc
2077 5117 2263 5190 itaque
2289 5118 2460 5182 sidus,
2513 5115 2878 5176 dilectissimi,
2929 5127 3046 5180 pra:
3080 5112 3465 5184 oculisjugiter

1865 5207 2162 5234 ἱι-ιιιΑΑ-νηιιμ
2230 5210 2385 5234 [αἶ-υ.
2417 5209 2696 5234 Ξ-..21Αηιη..
2730 5201 3038 5234 Α-ΛΜΙῚῘΙΙΜ
3093 5203 3134 5234 οἶ
3169 5207 3306 5234 ἶησΛιι
3335 5216 3466 5234 οΙὶΙΙ-
