3946 5368
489 269 596 326 583

1098 263 1156 318 S.
1197 259 1402 317 PETRI
1447 257 1727 316 DAMIANI
1767 256 1918 315 OPP.
1961 252 2142 311 PARS
2180 253 2311 310 SEU
2357 253 2596 311 TOMUS
2637 256 2698 310 ll.
2739 286 2811 296 -—-
2849 255 3236 314 SERMONES.

3661 263 3760 317 58$

489 395 684 453 genam
725 380 924 435 mentis
971 384 1170 432 nostrae
1199 374 1332 430 certi
1363 388 1558 429 cursus
1585 371 1729 427 linea
1757 370 1975 442 dirigat,
2010 367 2076 422 ad
2106 369 2155 428 Α
2181 368 2467 437 quemdam
2503 367 2803 424 Martialem
2830 370 3078 440 gloriosa:
3115 373 3421 429 sanctitatis
3463 376 3760 432 antistitem

491 475 598 528 hoc
643 485 806 527 omne
845 454 1048 524 laboris
1092 466 1264 522 nostri
1301 465 1584 535 remigium
1628 461 1831 524 tendat,
1858 469 1915 516 ut
1943 475 2071 522 non,

491 563 639 634 quod
668 562 825 622 absit,
859 573 1061 630 vorago
1088 572 1200 629 .nos
1231 555 1438 628 Syllaete
1468 550 1855 625 profunditatis
1883 551 2075 606 absor-

489 656 636 716 δοίη.
662 667 772 707 non
805 665 1055 706 errorum
1095 657 1304 712 cautes,
1353 646 1438 703 vel
1466 645 1738 701 invadosa:
1776 651 1954 715 syrtes
1979 642 2079 696 im-

486 745 746 818 providos
772 742 1028 805 obruant,
1053 741 1148 796 sed
1171 740 1224 795 in
1255 747 1384 794 tutae
1406 737 1606 808 quietis
1633 742 1871 806 portum,
1899 741 1955 788 et
1976 747 2076 802 op-

491 847 619 894 tatae
650 834 1059 905 tranquillitatis
1090 834 1268 889 sinum
1310 844 1580 902 supernus
1609 842 1708 883 nos
1751 826 2079 897 gubernator

492 928 740 1000 impellat
791 927 950 983 Jesus
998 925 1248 982 Christus
1302 923 1564 980 Dominus
1593 930 1800 982 noster.
1837 919 2076 988 quicum

489 1019 604 1076 Deo
633 1018 793 1073 Patre
823 1027 878 1072 et
905 1016 1111 1088 Spiritu
1144 1023 1334 1071 sancto
1363 1012 1498 1069 vivit
1523 1020 1579 1068 et
1605 1009 1874 1080 regnxtin
1903 1023 2076 1064 saecu-

490 1111 542 1168 la
575 1111 916 1168 macularum.
955 1109 1150 1164 Amen.

1079 1196 1312 1254 SERMO
1347 1195 1485 1250 XVI.

673 1309 732 1348 nt
768 1307 836 1346 nr.
875 1307 902 1346 s
936 1304 1114 1345 mneo
1148 1301 1540 1342 IVANGELISTA.
1585 1283 1714 1356 (xxv
1753 1280 1900 1352 ιη.)
1971 1289 1984 1298 ‘

461 1365 464 1374 ’
562 1384 770 1450 Nostis,
817 1380 1174 1445 dilectissimi,
1211 1379 1338 1450 quia
1393 1378 1461 1433 de
1501 1377 1646 1432 beati
1673 1374 1838 1431 Marci
1869 1372 2079 1428 meritis

493 1479 767 1548 clarisque
796 1475 1089 1532 virtutibus
1123 1472 1388 1540 duosjam
1416 1484 1698 1528 sermones
1723 1467 2074 1530 absolvimus,

493 1571 562 1623 ah
611 1569 727 1638 ejus
781 1577 963 1624 tamen
1007 1565 1182 1620 adhuc
1220 1563 1380 1617 laude
1429 1562 1714 1631 quiescere
1762 1556 2080 1628 impellente

494 1659 828 1716 conscientia
860 1673 966 1712 non
997 1656 1260 1711 valemus.
1299 1653 1434 1708 Nam
1467 1652 1593 1706 dum
1623 1651 1738 1706 hzec
1763 1656 1819 1705 et
1847 1648 1938 1703 illa
1970 1648 2080 1702 vir-

2174 459 2292 512 c'us
2325 459 2600 514 exstitisse
2641 470 2928 530 nepotem;
2985 462 3081 517 sed
3121 479 3297 534 neque
3335 465 3565 528 Achaia,
3603 481 3759 536 quam

2177 548 2266 602 ille
2291 564 2388 618 per
2407 549 2736 620 triumphale
2758 550 3014 606 vexillum
3035 554 3218 608 crucis
3235 555 3485 619 irradiat,
3503 556 3761 613 veletiam

2176 641 2460 698 Lemovica
2492 643 2794 712 provincia,
2847 643 2901 698 in
2931 660 3036 714 qua
3067 647 3277 702 scilicet
3305 648 3408 703 iste
3438 649 3619 704 multo
3644 666 3763 721 pro-

2177 734 2445 806 digiorum
2485 744 2648 805 atque
2699 735 2981 807 signorum
3022 737 3234 810 fulgore
3284 750 3565 806 coruscat,
3612 745 3762 798 sedes

2177 829 2324 884 Petri
2371 829 2589 896 dicitur,
2627 831 2718 885 sed
2749 832 3004 902 quaelibet
3028 847 3216 888 earum
3268 835 3388 906 ejus
3419 845 3634 891 tantum
3676 838 3761 904 qui

2177 919 2280 974 sibi
2312 921 2565 990 przesidet
2590 921 2812 977 nomine
2837 922 3101 978 titulatur.
3132 923 3248 979 Hoc
3274 927 3625 995 potissimum
3648 927 3762 981 Ale-

2177 1011 2404 1066 xandria
2429 1012 2540 1067 sola
2563 1015 2886 1082 promeruit,
2911 1024 2970 1068 ut
2991 1017 3415 1086 percathedram
3427 1019 3582 1074 beati
3599 1018 3759 1075 Marci

2177 1101 2337 1157 sedes
2383 1102 2611 1172 apostoli
2648 1103 2792 1159 Petri
2847 1106 3140 1162 constituta
3191 1109 3282 1175 sit,
3315 1108 3604 1180 appellari.
3634 1109 3758 1176 Nec.

2179 1202 2240 1246 ut
2275 1191 2572 1258 credimus,
2621 1194 2826 1266 absque
2875 1195 3060 1252 divino
3103 1209 3236 1254 nutu
3279 1201 3383 1256 hoc
3431 1199 3509 1256 illi
3560 1201 3758 1258 civitati

2179 1297 2379 1339 nomen
2407 1284 2728 1355 impressum
2753 1295 2857 1343 est.
2889 1288 3212 1346 Alexandria
3234 1292 3503 1364 siquidem
3533 1295 3605 1350 ab
3630 1296 3761 1351 Ale-

2180 1377 2389 1432 xandro
2431 1376 2576 1432 dicta
2622 1387 2726 1434 est.
2779 1379 3087 1436 Alexander
3129 1392 3310 1439 autem
3374 1385 3762 1456 interpretatur

2180 1469 2356 1525 levans
2389 1472 2661 1542 augustius
2694 1473 3058 1540 tenebrarum;
3087 1476 3182 1531 sed
3210 1487 3267 1532 et
3289 1477 3648 1549 Egyptusdn
3661 1494 3758 1549 qua

2182 1559 2388 1616 scilicet
2431 1561 2761 1618 Alexandria
2816 1564 2922 1618 sita
2965 1577 3070 1632 est,
3123 1567 3347 1622 tenebar
3375 1569 3599 1623 dicitur.
3628 1570 3760 1638 Quid

2183 1658 2363 1705 autem
2403 1660 2546 1707 totus
2578 1653 2812 1709 mundus
2837 1663 2956 1709 erat
2990 1665 3117 1712 ante
3154 1657 3537 1729 Redemptoris
3566 1662 3762 1716 adven-

495 1762 671 1806 tutum
705 1751 820 1820 ejus
847 1757 996 1819 gesta
1022 1746 1407 1818 perpendimus
1429 1755 1484 1798 et
1529 1753 1638 1797 tam
1679 1740 1929 1796 sublimis
1958 1755 2080 1811 gra-
2109 1725 2154 1784 Β
2185 1748 2319 1807 tum,
2374 1741 2476 1796 nisi
2525 1744 2766 1800 densitas
2817 1755 2872 1800 et
2898 1745 3144 1802 confusio
3179 1725 3528 1805 tenebrarum
3557 1752 3584 1806 ?
3616 1752 3761 1807 Unce

494 1845 584 1898 tia:
611 1843 863 1898 meritum
889 1842 942 1895 in
972 1847 1151 1895 mente
1181 1851 1483 1901 versamus,
1516 1835 1714 1906 stylum
1741 1847 1959 1904 quoque
1978 1847 2077 1886 ex-

495 1935 711 1991 terioris
739 1933 946 1987 articuli
1003 1930 1258 1986 feriatum
1296 1929 1498 1984 habere
1531 1944 1635 1982 non
1665 1941 1968 1998 possumus.
1994 1925 2081 1979 ln-

496 2036 579 2081 ter
599 2025 778 2079 omnia
824 2024 984 2092 plane
1021 2031 1129 2075 tam
1161 2020 1440 2091 conspicui
1486 2019 1791 2090 splendoris
1821 2017 2076 2086 insignia.

495 2118 622 2172 illud
657 2116 789 2170 mihi
816 2113 1090 2184 singulare
1121 2113 1337 2167 videtur
1371 2120 1534 2181 atque
1571 2110 1904 2180 praecipuum
1935 2110 2080 2179 quod

494 2224 594 2277 per
623 2207 863 2261 Marcum
897 2204 1226 2258 Alexandria
1255 2203 1487 2258 secunda
1516 2202 1660 2256 Petri
1691 2201 1868 2265 sedes,
1895 2216 1958 2255 ac
1984 2215 2082 2270 per

497 2301 602 2354 hoc
651 2297 945 2368 apostolica
997 2296 1154 2351 sedes
1179 2305 1262 2349 est
1296 2311 1324 2348 a
1351 2295 1554 2350 sanctis
1581 2295 1834 2350 Patribus
1869 2309 2080 2347 nuneu-

497 2400 640 2458 pata.
672 2389 781 2444 Nec
801 2389 944 2443 enim
969 2386 1073 2442 ulla
1114 2387 1383 2457 scriptura
1411 2396 1642 2442 testatur
1669 2387 1981 2440 authentica
2017 2386 2078 2439 Β.

495 2481 717 2536 Petrum
740 2479 1040 2550 apostolum
1074 2478 1126 2532 in
1163 2477 1496 2532 Alexandria
1529 2479 1842 2533 cathedram
1873 2477 2080 2532 tenuis-

497 2589 572 2636 se,
625 2573 710 2628 vel
769 2589 920 2628 suam
975 2572 1165 2626 saltem
1211 2571 1320 2626 illic
1357 2571 1668 2626 exhibuisse
1717 2570 2082 2640 prmsentiam.

500 2663 630 2728 Sed,
660 2663 785 2716 dum
819 2661 1078 2726 Marcum,
1121 2661 1397 2731 egregium
1429 2660 1682 2715 videlicet
1732 2660 2080 2730 discipulum,

499 2755 574 2809 illi
614 2754 906 2825 praesidere
934 2753 1239 2818 constituit,
1281 2768 1401 2806 eam
1443 2753 1544 2808 sibi
1585 2762 1840 2823 tanquam
1868 2768 1964 2822 per
1995 2769 2085 2808 ae-

499 2863 684 2903 cessus
711 2849 793 2902 sui
824 2848 1168 2916 praesentiam
1195 2845 1482 2900 dedicavit.
1526 2845 1789 2900 Similiter
1814 2854 1869 2900 et
1901 2845 2086 2899 Evan-

500 2940 696 3009 gelium
737 2940 902 2993 Marci
948 2937 1301 3007 Evangelium
1349 2937 1549 2991 dicitur
1601 2937 1768 3001 Petri,
1825 2937 2083 3006 quoniam

502 3035 602 3086 hoc
663 3031 836 3085 fidelis
887 3030 1154 3098 interpres
1202 3028 1519 3097 simpliciter
1576 3036 1630 3080 et
1677 3028 2085 3083 immutabilizcr

2181 1847 2280 1901 per
2301 1832 2491 1888 Isaiam
2521 1835 2720 1890 dicitur
2744 1839 2769 1890 .'
2789 1856 2807 1888 ι
2838 1837 3217 1896 Habitantibus
3245 1842 3298 1896 in
3321 1843 3544 1914 regione
3563 1844 3762 1899 umbra:

2183 1923 2398 1988 mortis,
2439 1923 2528 1978 lux
2555 1935 2673 1980 orta
2700 1937 2781 1980 est
2806 1927 2885 1982 eis
2913 1927 3051 1998 (lsai
3079 1929 3177 2000 Ix).
3222 1950 3240 1982 ι
3274 1929 3624 1987 Tenebrosus
3651 1945 3763 1988 erat

2183 2017 2436 2082 mundus,
2488 2018 2614 2088 quia
2670 2020 2900 2074 necdum
2963 2021 3248 2092 splendore
3294 2023 3536 2080 ctelestis
3581 2013 3762 2096 gratia:

2182 2109 2362 2164 fuerat
2416 2110 2741 2166 illustratus.
2792 2111 3054 2168 Tcnebra:
3098 2124 3255 2169 erant
3301 2115 3556 2170 homines
3610 2117 3762 2187 hujus

2182 2200 2388 2264 mundi,
2418 2201 2541 2269 quia
2567 2201 2796 2256 necdum
2821 2201 3036 2258 fuerant
3063 2207 3130 2259 ad
3156 2221 3345 2260 verum
3373 2206 3558 2261 lumen
3590 2222 3621 2260 a
3654 2223 3762 2276 pra.

2184 2289 2366 2344 vitatis
2395 2304 2506 2344 suae
2548 2290 2793 2345 caecitate
2841 2294 3111 2348 conversi.
3142 2293 3348 2360 Quibus
3372 2293 3488 2363 jam
3516 2298 3586 2351 de
3618 2307 3759 2351 teoc-

2184 2383 2297 2437 bris
2327 2382 2659 2438 infidelitatis
2705 2385 2915 2439 eductis
2943 2394 2998 2439 et
3043 2401 3184 2441 vera:
3219 2387 3342 2442 fidei
3374 2387 3497 2442 luce
3519 2389 3763 2444 micanti»

2184 2473 2284 2527 lius
2314 2488 2410 2542 per
2444 2473 2759 2543 Apostolum
2789 2474 2989 2529 dicitur
3021 2493 3034 2528 :
3073 2495 3091 2526 ι
3131 2476 3332 2532 Fuistis
3355 2478 3761 2548 aliqtmndo_te-

2185 2565 2391 2628 nebrte,
2421 2579 2566 2619 nunc
2591 2575 2771 2619 autem
2796 2565 2885 2620 lux
2911 2567 2964 2620 in
2990 2567 3454 2640 Domino(EpIies.
3486 2572 3566 2640 v).
3598 2570 3762 2640 ιριιὶε

2186 2657 2351 2726 igitur
2377 2658 2598 2711 istarum
2633 2658 2832 2712 levavit
2854 2661 3130 2729 angustias
3159 2663 3530 2726 tenebrarum,
3560 2665 3663 2718 nisi
3689 2664 3760 2718 sol

2185 2748 2276 2802 ille
2299 2747 2522 2817 justitia:
2546 2747 2874 2819 Redemptor
2900 2759 3104 2814 uoster,
3131 2753 3222 2820 qui
3241 2751 3456 2823 dispulit
3480 2753 3759 2824 caliginem

2185 2851 2528 2907 peccatorum
2555 2838 2750 2906 ?Quis,
2791 2841 3028 2910 inquam,
3065 2842 3150 2896 ille
3180 2845 3393 2912 est,qui
3415 2845 3760 2899 tenebrarum

2185 2929 2327 2982 levat
2363 2929 2664 2999 angustias,
2703 2931 2809 2984 nisi
2841 2931 2908 2996 is,
2940 2933 3006 2986 de
3033 2948 3139 3002 quo
3159 2933 3350 2989 Petrus
3383 2936 3515 2991 dicit
3551 2951 3762 3006 προδιο-

2189 3019 2314 3074 lus:
2355 3037 2372 3070 ι
2419 3020 2520 3087 Qui
2548 3029 2767 3088 peccata
2801 3031 2984 3076 nostra
3021 3024 3135 3093 ipse
3173 3025 3394 3094 pertulit
3443 3027 3498 3080 in
3540 3043 3762 3096 corpore

501 3124 720 3193 scripsit
768 3121 910 3203 quod
945 3136 1013 3175 ex
1053 3135 1146 3174 ore
1185 3120 1434 3189 magistri
1481 3119 1748 3173 veraciter
1783 3118 1889 3189 75
1920 3135 2079 3174 cnar-
2110 3094 2153 3156 (ἶ
2186 3125 2283 3165 suo
2312 3110 2698 3182 superliguum
2754 3113 2816 3183 (Ι
2857 3112 3000 3168 l’etr.
3054 3131 3090 3169 ll
3117 3118 3165 3186 );
3229 3135 3246 3166 ι
3305 3127 3360 3171 et
3424 3134 3524 3186 per
3579 3119 3759 3173 lsaiam

500 3216 670 3270 rantis
702 3215 924 3269 audivit.
959 3213 1128 3268 Porro
1168 3222 1370 3275 autem,
1409 3228 1531 3267 cum
1571 3211 1950 3266 clavicularius
1979 3213 2081 3266 iste

499 3308 621 3361 caeli
658 3323 754 3376 per
800 3315 878 3360 tot
906 3316 1173 3360 terrarum
1228 3319 1392 3372 regna
1418 3303 1707 3372 discipulos
1729 3303 2083 3358 destinaverit

498 3401 687 3469 eisque
739 3415 837 3468 per
878 3399 1122 3452 diversas
1146 3397 1330 3451 mundi
1376 3395 1684 3465 provincias
1713 3394 2078 3448 Ecclesiarum

499 3493 741 3562 regimen
799 3489 1151 3550 commiserit,
1204 3487 1332 3557 quid
1380 3497 1466 3541 est
1511 3487 1653 3556 quod
1688 3486 1832 3540 mtlla
1868 3501 2077 3550 earum,

500 3592 698 3652 prtcter
719 3581 889 3636 solam
913 3581 1174 3635 duntaxat
1202 3577 1606 3642 Alexandriam,
1631 3578 1711 3630 vel
1735 3577 1876 3631 Petri
1902 3576 2076 3638 sedes,

500 3675 584 3729 vel
615 3673 910 3742 apostolica
935 3672 1173 3727 Ecclesia
1207 3679 1290 3725 est
1311 3669 1619 3740 appellata?
1645 3668 1929 3724 Antiochia
1963 3667 2077 3736 pla-

501 3781 570 3818 nc
608 3775 663 3818 et
707 3765 822 3835 ipsa
857 3763 1011 3818 sedes
1045 3761 1186 3817 Petri
1236 3762 1454 3825 dicitur,
1510 3761 1766 3814 nimirum
1800 3759 1941 3830 quod
1973 3759 2080 3812 illic

501 3859 615 3926 ipse
642 3871 736 3926 per
755 3870 812 3910 se
845 3855 1084 3909 tenuisse
1109 3853 1425 3908 cathedram
1468 3852 1816 3922 perhibetur;
1847 3850 2082 3904 Alexan-

502 3948 632 4002 driae
663 3962 790 4000 vero
829 3961 925 4014 per
955 3961 1012 3999 se
1037 3945 1232 3998 Petrus
1276 3944 1389 4013 ipse
1434 3960 1538 3998 non
1567 3943 1801 4013 praefuit,
1839 3943 1930 3996 sed
1961 3958 2080 3996 eam

500 4052 598 4106 per
639 4035 856 4088 beatum
908 4034 1169 4098 Marcum,
1217 4049 1376 4104 quem
1423 4033 1671 4088 videlicet
1716 4033 1903 4087 habuit
1951 4033 2080 4087 etin

499 4126 746 4179 doctrina
774 4125 1096 4194 discipulum
1127 4124 1259 4178 etin
1291 4125 1614 4194 baptismate
1649 4124 1839 4188 filium,
1874 4123 2080 4194 proprii

501 4219 738 4273 nominis
795 4218 948 4273 titulo
1010 4219 1303 4272 decoravit.
1361 4219 1561 4286 Atque,
1610 4219 1751 4288 quod
1782 4219 2082 4274 mirabilius

502 4319 606 4375 est,
634 4309 772 4364 sicut
797 4309 1038 4362 Romana
1076 4310 1230 4364 sedes
1263 4310 1479 4364 excedit
1522 4310 1940 4364 Alexandrinam
1970 4311 2082 4365 sin-

501 4403 705 4474 gularis
752 4401 1084 4458 excellentia:
1111 4402 1367 4466 culmine,
1407 4402 1485 4457 sic
1509 4412 1560 4456 et
1592 4403 1955 4458 Alexandrina
1987 4419 2082 4459 su-

503 4496 808 4567 pereminet
846 4495 1147 4550 Antiochia:
1191 4494 1424 4564 quadam
1451 4495 1715 4566 privilegii
1743 4495 2001 4565 dignitate
2024 4507 2084 4551 ut

504 4589 754 4658 superior
783 4587 869 4642 illa
891 4587 963 4641 sit
989 4588 1165 4653 sedes,
1192 4586 1280 4642 cui
1302 4587 1513 4643 Marcus
1541 4589 1657 4642 vice
1681 4587 1826 4643 Petri
1845 4587 2080 4658 praefuit,

501 4695 664 4750 quam
706 4695 766 4733 ca
794 4679 880 4733 cui
915 4681 1190 4748 propriam
1245 4679 1559 4734 cathedram
1586 4677 1777 4734 Petrus
1807 4679 1922 4749 ipse
1946 4695 2082 4750 pra:-

503 4770 660 4824 sedit.
679 4769 789 4824 Cur
807 4785 938 4840 ergo
959 4770 1194 4840 Spiritus
1218 4780 1438 4826 sanctus
1466 4771 1743 4826 beatorum
1769 4773 2080 4842 pontificum

506 4863 776 4917 mentibus
802 4872 858 4915 ut
889 4863 990 4917 hoc
1017 4871 1320 4917 statuerent
1349 4863 1656 4932 inspiravit,
1689 4865 1789 4919 nisi
1815 4866 1958 4934 quod
1989 4865 2082 4919 Pe-

506 4961 650 5006 trum
679 4962 735 5006 et
759 4951 998 5007 Marcum
1051 4962 1232 5009 mente
1256 4953 1417 5007 simul
1447 4964 1500 5008 et
1549 4955 1750 5019 animo,
1775 4954 1878 5008 fide
1907 4965 1961 5008 et
1990 4971 2085 5010 vo-

503 5038 734 5107 luntate,
774 5058 876 5094 non
918 5044 1052 5096 duos
1078 5043 1496 5112 quodammodo,
1543 5045 1638 5099 sed
1685 5060 1850 5098 unutn
1906 5047 2090 5114 potius

505 5145 628 5170 (Ich
655 5133 904 5170 nnannvit
937 5133 961 5170 τ
1001 5132 1172 5170 Tnnln
1205 5135 1405 5170 covinno.
1444 5135 1582 5170 :Jnm
1617 5134 1849 5170 Qnirilnc
1881 5151 1974 5170 anc
2007 5135 2058 5168 ἷη

2183 3203 2382 3258 dicitur
2414 3221 2426 3256 :
2466 3222 2484 3253 t
2531 3205 2663 3258 \‘crc
2696 3203 2980 3272 languores
3011 3219 3224 3263 nostros
3257 3211 3372 3278 ipse
3400 3211 3546 3277 tulit,
3584 3223 3640 3268 et
3676 3212 3765 3265 do-

2183 3293 2326 3348 lores
2356 3305 2570 3350 nostros
2603 3296 2715 3364 ipse
2742 3300 2981 3365 portavit
3017 3299 3172 3368 (lani.
3201 3304 3341 3370 uti).
3386 3323 3402 3353 ι
3442 3302 3578 3357 Nam
3618 3303 3665 3360 si
3693 3313 3760 3357 tc-

2182 3385 2363 3440 nebra:
2398 3397 2524 3442 sunt
2573 3398 2820 3456 peccata,
2876 3390 2985 3460 76
3019 3393 3284 3460 angustia:
3317 3394 3667 3449 tenebrarum
3689 3397 3763 3448 nl-

2184 3480 2358 3533 tiones
2384 3491 2509 3534 sunt
2536 3481 2723 3549 procul
2761 3482 2925 3537 dubio
2957 3493 3010 3538 et
3039 3485 3297 3554 supplicia
3330 3487 3615 3542 hominum
3646 3505 3762 3558 p;'c-

2180 3581 2448 3626 calorum.
2471 3573 2535 3626 Et
2562 3575 2684 3642 quis
2715 3575 3211 3632 istastenebrarum
3244 3579 3441 3635 levavit
3463 3585 3759 3651 angustias,

2181 3663 2291 3718 imo
2320 3665 2442 3733 quis
2472 3665 2695 3734 pertulit
2737 3667 2926 3737 dignas
2960 3669 3391 3738 delinquentium
3423 3687 3636 3742 pmnas,
3666 3676 3760 3726 nisi

2183 3755 2248 3818 is,
2279 3753 2346 3809 de
2375 3771 2480 3825 quo
2509 3755 2650 3810 idem
2710 3758 2970 3826 propheza
3023 3760 3157 3815 dicit
3189 3779 3201 3814 :
3249 3781 3266 3812 ε
3298 3761 3414 3831 Ipse
3451 3757 3633 3818 autem
3659 3764 3762 3816 vul-

2181 3857 2404 3902 neratus
2453 3856 2534 3903 est
2569 3860 2790 3920 propter
2833 3852 3148 3921 iniquitates
3175 3866 3411 3920 nostras,
3438 3857 3664 3911 attritus
3686 3868 3762 3911 est

2181 3951 2401 4010 propter
2450 3941 2656 3996 scelera
2710 3951 2894 3997 nostra
2938 3944 3174 4017 ?(1bt‘d.)
3208 3965 3225 3995 δ
3259 3946 3408 4001 Sicut
3464 3947 3764 4003 Alexander

2183 4036 2236 4090 in
2263 4035 2495 4108 Egypto
2519 4039 2706 4092 urbem
2746 4041 3054 4094 construxit
3097 4040 3506 4106 Alexandriam,
3552 4045 3632 4099 sic
3659 4042 3760 4097 Re-

2183 4127 2435 4198 demptor
2461 4137 2643 4184 noster
2667 4131 2808 4184 inter
2831 4131 2990 4198 hujus
3017 4133 3202 4186 mundi
3238 4133 3494 4188 tenebras
3523 4144 3758 4190 sanctam

2182 4221 2471 4275 aedificavit
2518 4220 2836 4275 Ecclesiam.
2891 4223 2994 4288 Qui
3026 4237 3152 4277 vere
3194 4225 3545 4278 tenebrarum
3579 4225 3764 4280 levavit

2184 4311 2483 4380 angustias,
2545 4312 2669 4366 dum
2706 4311 2975 4366 scelerum
3022 4322 3332 4368 nostrorum
3362 4316 3628 4386 supplicia
3655 4332 3763 4386 prr-

2189 4400 2309 4454 tulit
2331 4408 2387 4456 et
2409 4402 2591 4456 mundi
2615 4401 2774 4472 bujns
2795 4400 3087 4474 Egyptum
3113 4420 3251 4458 novo
3275 4420 3416 4460 verte
3442 4405 3569 4461 fidei
3596 4408 3763 4477 spien-

2188 4493 2319 4548 dore
2371 4492 2628 4563 perfudit.
2688 4493 2802 4549 Hoc
2849 4495 2973 4550 fecit
3010 4494 3260 4551 Christus
3315 4497 3368 4551 in
3415 4497 3652 4569 Egypto
3678 4513 3766 4566 per

2189 4583 2450 4648 Marcum,
2485 4585 2585 4640 hoc
2623 4599 2722 4654 per
2747 4595 2974 4641 czeteros
3024 4588 3262 4643 caelestis
3289 4591 3454 4644 curiae
3497 4601 3766 4645 senatores

2190 4674 2244 4728 in
2275 4683 2386 4728 toto
2417 4674 2548 4729 fecit
2575 4677 2705 4730 orbe
2739 4686 3024 4731 terrarum.

2263 4765 2370 4820 Sed
2395 4781 2511 4830 cur,
2536 4766 2827 4837 Egyptum
2859 4769 3015 4824 beato
3057 4768 3258 4834 Marco,
3295 4771 3517 4834 fratres,
3550 4771 3767 4827 ascribi-

2192 4874 2313 4913 mus
2364 4867 2418 4913 et
2467 4859 2856 4927 amplissimam
2916 4871 3024 4916 tam
3077 4863 3393 4919 excellentis
3416 4865 3516 4919 viri
3550 4865 3764 4936 gloriam

2191 4950 2333 5004 inter
2377 4959 2667 5020 angustum
2711 4951 2872 5005 unius
2912 4960 3069 5007 terra:
3101 4954 3356 5024 angulum
3387 4954 3770 5010 coal-clanius?

2190 5039 2295 5094 lste
2322 5041 2578 5093 nimirum
2616 5041 2852 5097 caelestis
2881 5044 3102 5098 tonitrui
3146 5046 3436 5100 vehemens
3464 5047 3595 5101 tuba
3624 5047 3742 5098 terri

2193 5131 2372 5168 Itililm-
2426 5131 2632 5168 innuat"
2689 5143 2740 5166 ιιι
2763 5133 2904 5166 un‘nl
2956 5151 3093 5166 sanna
3143 5151 3206 5166 ην
3254 5152 3381 5164 -υιιηι
3408 5137 3490 5164 Ιῖρζ
3542 5137 3739 5164 η.....;..;
