3946 5368
275 209 389 266 583

1735 225 1968 284 SERMO
2005 229 2166 286 XVII.

3443 262 3548 316 586

271 341 514 383 caurum
563 327 656 385 tibi
705 330 1113 388 commendaret
1153 331 1334 406 elegit.
1379 333 1616 390 Plurima
1643 337 1862 406 quidem
1890 343 1936 400 Α
1969 355 2085 396 rum
2117 343 2404 413 spirituum
2436 355 2664 412 coetibus
2702 359 3138 420 inenarrabiliter
3176 368 3395 434 emicat,
3429 387 3551 430 cum

277 417 598 474 divitiarum
647 419 798 491 copia
845 436 912 478 ex
963 423 1192 480 diversis
1224 426 1275 480 in
1307 433 1360 480 te
1395 427 1580 482 nmndi
1617 423 1862 498 partibus

275 509 528 576 conﬂuit,
567 514 663 568 sed
693 512 808 570 hate
841 529 1051 586 gemma
1081 515 1336 582 cmlestis,
1364 533 1484 588 qua:
1505 517 1558 572 in
1584 519 1760 574 medio
1789 521 1863 576 tui

275 605 458 672 posita
489 613 594 668 est,
619 605 672 660 in
701 606 974 662 excelsum
1009 617 1060 662 te
1093 609 1264 677 gloria
1296 611 1606 680 conspicua:
1636 612 1865 684 dignita-

281 695 354 750 tis
386 696 610 752 attollit.
655 696 1100 768 lncomparabilis
1123 703 1268 756 enim
1293 701 1394 758 iste
1431 705 1723 760 thesaurus
1746 721 1866 760 om-

276 787 368 842 nia
425 788 754 864 vibrantium
791 789 1129 846 metallorum
1185 794 1593 864 supergreditur
1641 797 1864 864 genera,

276 887 478 934 cuncta
493 859 836 950 gemmarum
867 884 1270 940 coruscantium
1321 896 1544 954 supcrat
1567 902 1862 944 ornamen-

277 977 356 1024 ta.
385 968 542 1026 Sicut
568 973 716 1030 enim
747 974 941 1030 beatus
965 973 1066 1030 Job
1095 977 1161 1032 de
1186 978 1452 1048 sapientia
1479 979 1612 1035 dicit
1636 998 1649 1036 :
1680 999 1701 1032 ι
1743 981 1862 1038 Νοη

273 1061 656 1134 adaequabitur
693 1065 742 1122 ei
785 1081 998 1134 aurum,
1047 1069 1130 1124 vel
1161 1070 1392 1138 vitrum;
1423 1088 1529 1128 non
1557 1085 1860 1130 commuta-

271 1149 482 1206 buntur
511 1167 610 1222 pro
655 1169 719 1210 ea
749 1171 878 1211 vasa
899 1158 1112 1213 excelsa
1143 1167 1196 1214 et
1235 1161 1566 1228 eminentia;
1604 1179 1708 1218 non
1761 1167 1859 1220 ad-
1899 1165 1904 1172 ’

269 1244 581 1313 aequabitur
607 1246 658 1301 ei
680 1261 870 1303 aurum
895 1249 962 1304 de
980 1249 1282 1321 Ethiopia,
1299 1269 1402 1310 nec
1425 1255 1673 1312 tinctura:
1701 1273 1858 1314 mun-

269 1330 516 1388 dissimae
531 1345 887 1406 componetur
904 1337 1046 1410 (Job.
1068 1342 1294 1412 xxviii);
1321 1362 1340 1396 ι
1369 1351 1448 1410 et,
1469 1355 1528 1400 ut
1547 1346 1856 1417 italoquar,

267 1421 388 1478 haec
400 1434 488 1478 est
511 1427 740 1496 insignis
763 1429 1007 1496 qumdam
1030 1431 1240 1500 species
1268 1435 1586 1499 aromatica,
1617 1451 1737 1506 quae
1758 1453 1853 1492 sua

267 1511 472 1567 virtute
493 1514 748 1570 mellillua
771 1517 1174 1574 cinnamomum
1194 1521 1412 1579 excellit
1437 1540 1500 1580 ac
1525 1524 1851 1592 balsamum,

263 1611 324 1654 et
346 1604 590 1656 omnium
615 1613 836 1674 superat
873 1605 1226 1678 fragrantiam
1251 1611 1672 1682 pigmentorum.

1971 435 2229 492 trabeatis
2257 446 2598 502 senatoribus
2634 451 2799 506 curiae
2842 453 3080 511 caelestis
3120 461 3396 530 exsultat,
3429 479 3554 521 eum

1967 527 2292 593 patriarcbis
2325 533 2378 588 in
2409 551 2574 593 aureo
2615 543 2918 601 sublimiter
2944 549 3078 604 solio
3119 551 3553 626 inthronizatus,

1969 631 2090 672 cum
2115 619 2374 680 laureatis
2397 633 2727 704 martyribus
2749 637 3072 696 mirabiliter
3095 659 3403 716 coronatus,
3429 667 3553 707 cum

1969 705 2054 760 his
2084 713 2335 768 omnibus
2359 717 2496 786 stola
2541 721 2756 780 indutus
2800 726 2984 796 gloriae
3013 731 3268 791 inelihldli
3313 743 3558 798 exsulta-

1969 795 2112 854 tione
2144 802 2418 872 tripudiat,
2452 811 2584 867 etin
2618 795 2912 887 conspectu
2947 827 3132 880 aeterni
3180 827 3340 900 Regis
3379 835 3550 890 melo-

1966 887 2090 946 dum
2139 891 2362 950 Alleluia
2407 897 2797 966 jucundissima
2852 915 3119 971 suavitate
3172 920 3444 979 decantat.
3501 925 3552 984 0

1963 994 2126 1050 quam
2179 985 2340 1042 beate
2387 993 2615 1048 moritur
2658 999 2750 1066 qni
2799 1003 3078 1060 moriendo
3125 1011 3330 1066 oritur!
3385 1032 3548 1084 quam

1965 1069 2199 1128 feliciter
2228 1083 2766 1154 tetuporalem_vitam
2796 1091 2914 1148 linit
2941 1097 3030 1166 qui
3062 1101 3244 1157 vivere
3265 1118 3546 1174 perpetua-

1963 1159 2089 1216 liter
2115 1165 2328 1236 incipit!
2365 1169 2503 1226 lliuc
2532 1185 2615 1230 est
2643 1181 2785 1248 quod
2817 1159 3002 1240 sancta
3035 1159 3277 1246 Ecclesia.
3307 1159 3420 1251 dies
3449 1199 3550 1254 mi-

1963 1253 2224 1320 grationis
2253 1270 2566 1318 sanctorum
2599 1269 2804 1326 natales
2843 1289 3035 1330 vocare
3067 1283 3383 1350 consuevit,
3420 1291 3544 1357 quia

1961 1351 2206 1418 protinus
2238 1354 2291 1410 in
2319 1357 2458 1414 ccelo
2481 1375 2796 1434 nascuntur,
2827 1385 2950 1425 eum
2993 1373 3046 1428 in
3089 1385 3233 1432 terra
3259 1381 3547 1440 visibiliter

1961 1443 2300 1514 moriuntur;
2331 1459 2384 1505 et
2411 1459 2538 1510 tunc
2565 1471 2690 1512 vere
2725 1461 2988 1532 incipiunt
3011 1467 3214 1534 vivere,
3241 1488 3365 1528 cum
3395 1493 3548 1532 mor-

1961 1531 2121 1588 talem
2151 1537 2406 1596 videntur
2431 1545 2597 1601 vitam
2631 1547 2807 1607 linire.

2029 1621 2372 1697 Perpendite,
2417 1633 2613 1695 fratres
2655 1643 2794 1710 mei,
2845 1646 2932 1702 hic
2969 1649 3354 1713 invictissimns
3385 1661 3542 1718 miles

2133 1691 2150 1697 ·
2357 1691 2369 1697 '
2564 1691 2608 1695 ί*
2655 1691 2794 1710 --”-·1
2845 1691 2932 1702 ἠν
2969 1691 3354 1713 ιιινικ-ιιοοιιιιυδ
3385 1691 3538 1718 "HIC:

337 1691 513 1747 Porro
533 1693 576 1749 si
605 1703 768 1750 tanta:
787 1711 884 1766 per
909 1713 1032 1754 eum
1056 1700 1341 1772 dignitatis
1375 1713 1460 1760 est
1497 1705 1845 1776 Alexandria,
1881 1696 1924 1756 Β
1959 1711 2162 1772 Christi
2190 1735 2352 1790 quam
2381 1724 2540 1794 forte,
2565 1745 2725 1800 quam
2750 1736 3026 1796 robustum
3053 1755 3240 1812 pectus
3267 1750 3538 1818 habuerit,

341 1799 426 1818 an“
453 1787 690 1818 n‘A.:AaA
719 1791 962 1818 mnnI-o..::
990 1793 1070 1818 ιιι-ἶ
1098 1810 1287 1818 ..._....__
1319 1797 1471 1818 _-__l',_
1490 1799 1552 1818 1³.
1609 1817 1615 1818 ,
1647 1809 1660 1818 Α
1702 1817 1709 1818 ,
1773 1803 1786 1818 ι
2033 1807 2043 1818 ο
2097 1809 2109 1818 ι
2247 1813 2259 1818 -
2411 1817 2419 1818 ,

261 1799 428 1853 quam
450 1787 692 1857 glorioso
719 1791 964 1861 martyrii
989 1793 1070 1848 sui
1093 1810 1290 1851 cruore
1319 1797 1577 1868 perfudit,
1607 1809 1664 1854 ut
1694 1803 1850 1859 sedes

257 1878 558 1946 apostolica
610 1891 972 1952 nuncupetur,
1003 1895 1218 1954 quantae
1269 1900 1523 1959 putamus
1557 1903 1640 1949 est
1666 1897 1846 1952 excel-

260 1967 444 2024 lentia:
467 1967 598 2024 felix
623 1971 712 2026 illa
737 1971 1044 2040 Provincia,
1077 1977 1128 2030 in
1157 1995 1262 2048 qua
1287 1997 1430 2038 nunc
1461 1987 1696 2053 pretiosa
1720 2003 1841 2042 cor-

258 2060 412 2129 poris
442 2061 562 2132 ejus
591 2062 744 2132 gleba
785 2066 1100 2122 reconditur
1136 2071 1159 2123 ?
1185 2071 1436 2143 Nunquid
1471 2092 1575 2132 non
1601 2079 1844 2150 ejusdem

257 2153 452 2221 gratia:
479 2163 536 2209 et
564 2155 846 2228 dignitatis
871 2175 994 2216 esse
1018 2165 1287 2220 credenda
1313 2177 1418 2234 est,
1449 2171 1550 2224 etsi
1589 2189 1692 2228 non
1723 2173 1841 2227 vul-

253 2255 386 2314 gato
431 2247 678 2314 nomine,
733 2251 829 2306 sed
855 2251 968 2320 ipsa
999 2269 1060 2309 re
1104 2265 1160 2310 et
1194 2273 1390 2314 arcana
1417 2276 1572 2316 sacra
1602 2269 1842 2336 mysterii

255 2336 492 2390 veritate
517 2337 544 2390 2
581 2336 706 2394 lllas
753 2339 988 2412 denique
1037 2353 1220 2413 partes
1269 2348 1544 2420 ingressus
1577 2363 1682 2421 est,
1713 2357 1840 2412 dum

251 2426 436 2481 adhuc
465 2427 578 2497 jam
618 2429 674 2482 in
699 2433 1040 2502 corruptibili
1068 2449 1234 2490 carne
1285 2443 1532 2498 mortalis
1553 2445 1838 2514 existeret;

253 2514 391 2572 istas
417 2525 600 2572 autem
627 2518 811 2591 elegit,
837 2536 960 2576 cum
984 2521 1098 2591 jam
1137 2525 1190 2580 in
1225 2537 1488 2585 internum
1511 2533 1754 2590 victurus
1785 2537 1836 2591 in

251 2605 406 2676 regni
439 2606 682 2662 coalestis
709 2609 831 2662 aula
857 2623 1128 2682 regnaret.
1171 2614 1294 2672 lllos
1326 2618 1530 2684 invisit,
1565 2632 1623 2676 ut
1646 2637 1740 2678 eos
1771 2626 1838 2681 de

249 2697 498 2753 lecebris
520 2698 858 2755 inﬁdelitatis
883 2703 948 2757 ad
979 2703 1032 2758 id
1061 2707 1206 2776 quod
1238 2707 1352 2778 ipse
1369 2709 1481 2780 jam
1501 2722 1684 2768 mente
1699 2730 1833 2770 con-

249 2799 492 2859 ceperat,
529 2806 673 2849 verte
698 2795 824 2851 lidei
851 2797 1033 2854 lumen
1059 2799 1353 2870 educeret;
1387 2805 1452 2858 ad
1481 2805 1616 2862 istos
1648 2818 1828 2866 autem

251 2881 540 2938 transferri
563 2886 750 2952 voluit,
777 2897 838 2944 ut
855 2889 978 2946 illos
1007 2893 1074 2949 ad
1101 2907 1250 2960 eum,
1277 2911 1400 2950 cum
1421 2913 1530 2969 quo
1559 2915 1702 2956 nunc
1729 2910 1830 2966 est,

247 2968 534 3028 ductorem
561 2973 786 3032 luminis
810 2993 1111 3036 revocaret.
1141 2981 1327 3040 Gaude
1351 2968 1534 3056 igitur,
1565 2998 1622 3045 et
1647 2995 1830 3048 exsul-

245 3069 374 3116 tans
413 3063 470 3116 in
497 3061 728 3122 Domino
754 3067 949 3135 plaudo
975 3071 1226 3141 Venetia,
1256 3077 1380 3145 quia
1427 3093 1525 3148 per
1553 3080 1682 3137 illud
1707 3099 1827 3154 pre-
1861 3082 1904 3142 Ο

245 3151 372 3205 tiosi
423 3152 660 3210 thesauri
693 3157 974 3227 talentum,
1015 3163 1158 3232 quod
1189 3165 1244 3220 in
1277 3175 1331 3220 te
1357 3179 1570 3226 constat
1593 3189 1716 3228 esse
1745 3193 1826 3232 re-

239 3245 546 3312 conditum,
597 3247 742 3304 facta
781 3265 841 3306 es
868 3255 1084 3322 superni
1113 3258 1256 3327 regis
1297 3263 1570 3330 aerarium,
1616 3277 1671 3320 et
1699 3269 1825 3323 dum

243 3333 300 3387 in
341 3343 436 3390 tuo
481 3338 690 3408 gremio
742 3339 917 3396 virum
957 3345 1264 3413 apostolicae
1289 3351 1478 3418 gratia:
1515 3357 1823 3426 suscepisti,

239 3433 299 3478 et
325 3425 446 3494 ipsa
469 3428 866 3496 quodammodo
891 3435 1048 3489 sedes
1077 3439 1368 3506 apostolica
1410 3441 1525 3498 ﬁeri
1557 3425 1820 3503 meruisti.

241 3513 632 3586 Quamobrem,
663 3523 806 3578 sicut
831 3534 1008 3582 mater
1029 3528 1242 3584 urbium
1273 3531 1442 3588 Roma
1465 3551 1627 3606 super
1640 3543 1819 3598 omnia

240 3621 410 3680 regna
461 3621 732 3668 terrarum
779 3617 1102 3674 sublimatur
1133 3623 1184 3675 in
1217 3625 1322 3694 77
1349 3625 1531 3692 Petro,
1555 3632 1636 3685 sic
1666 3643 1718 3686 et
1741 3644 1817 3700 tn,

239 3697 394 3753 velut
445 3699 568 3768 ejus
615 3703 844 3776 insignis
885 3707 1018 3776 ﬁlia,
1071 3725 1168 3780 per
1211 3713 1448 3770 Marcum
1489 3719 1740 3788 gloriaris
1763 3724 1817 3778 in

235 3788 472 3846 Christo.
489 3793 658 3860 Quem
680 3797 887 3856 scilicet
905 3799 1180 3858 humiliter
1201 3806 1569 3878 imploramus,
1596 3821 1674 3880 ut,
1706 3815 1810 3872 sic-

235 3881 528 3939 utbeatum
551 3885 772 3943 Petrum
799 3893 864 3946 de
889 3895 1024 3949 mari
1051 3899 1260 3952 vocavit
1281 3905 1465 3958 ctuavi
1487 3903 1702 3974 (Matth.
1729 3925 1810 3975 tv;

235 3967 386 4025 Marc
397 3981 476 4043 .t),
492 3975 686 4034 deinde
699 3996 766 4034 ne
780 3981 960 4052 lapsus
974 3987 1024 4040 iu
1042 3988 1262 4057 pelagus
1275 3967 1595 4051 obrueretur
1609 3967 1816 4070 erigen;

231 4059 300 4116 do
327 4065 622 4134 continuit,
638 4071 715 4124 sic
733 4073 1012 4144 remigium
1039 4086 1186 4132 tuum
1217 4081 1356 4136 inter
1374 4085 1686 4144 discrimina
1702 4107 1814 4146 ma-

229 4149 350 4205 rina
381 4157 676 4224 custodiat,
701 4169 756 4213 et
795 4170 846 4216 te
869 4179 992 4218 cum
1018 4165 1141 4222 liliis
1177 4171 1280 4224 tuis
1311 4175 1378 4228 ad
1408 4185 1620 4244 portum
1654 4183 1810 4248 quie-

1953 1807 2043 1876 qui
2079 1809 2143 1864 de
2178 1813 2261 1868 sui
2307 1817 2549 1885 periculo
2594 1826 2905 1884 omnimodo
2945 1848 3198 1898 securus,
3251 1841 3318 1894 de
3363 1844 3538 1902 alieno

1953 1899 2244 1970 sollicitus,
2294 1922 2402 1963 uno
2443 1913 2591 1968 verbi
2639 1915 2745 1972 tclo
2787 1927 2842 1974 et
2889 1921 3168 1982 inimicum
3211 1935 3443 2000 perculit
3484 1949 3541 1992 et

1950 1991 2342 2054 claudicantcm
2377 1999 2493 2069 jam
2539 2005 2744 2065 inﬂicto
2782 2012 2998 2070 vulnere
3039 2021 3245 2076 socium
3276 2026 3342 2079 ad
3373 2043 3536 2096 agen—

1949 2082 2076 2138 dum
2110 2085 2324 2143 fortiter
2348 2094 2622 2149 excitavit.
2647 2096 2811 2156 Docta
2837 2119 3028 2160 manus
3049 2109 3116 2162 ad
3139 2113 3381 2181 praelium
3404 2082 3532 2174 dum

1951 2176 2180 2234 vibravit
2211 2181 2446 2250 hastam,
2471 2189 2699 2258 socium,
2727 2202 2782 2248 ut
2811 2210 3080 2268 surgeret,
3113 2206 3310 2276 tetigit,
3338 2218 3392 2264 et
3417 2213 3537 2267 viu-

1947 2269 2088 2324 ceuti
2111 2271 2224 2341 jam
2256 2265 2571 2348 adversario
2595 2281 2795 2340 lethale
2822 2289 3015 2347 vulnus
3047 2293 3258 2351 inflixit.
3293 2299 3361 2355 Ut
3389 2307 3534 2359 enim

1944 2361 1998 2414 in
2049 2366 2398 2424 veracissima
2447 2381 2720 2442 gestorum
2775 2379 2921 2438 illius
2967 2399 3225 2444 narratur
3273 2393 3532 2460 historia,

1943 2469 2064 2508 cum
2093 2467 2218 2526 post
2247 2461 2413 2517 nimia
2446 2473 2712 2524 tormenta
2763 2471 3043 2533 Ursicinus
3073 2485 3358 2552 capitalem
3407 2507 3534 2546 sen-

1945 2548 2167 2603 tentiam
2189 2551 2446 2610 voluisset
2468 2560 2720 2624 evadere,
2747 2566 3068 2624 exclamavit
3095 2571 3286 2631 beatus
3313 2575 3528 2644 Vitalis,

1939 2637 2162 2693 dicens:
2193 2642 2333 2710 Noli,
2361 2646 2488 2712 noli,
2525 2649 2771 2710 Ursicino
2801 2659 3026 2726 medice,
3055 2666 3146 2734 qui
3175 2667 3311 2724 alios
3335 2687 3530 2730 curare

1937 2731 2286 2798 consuevisti,
2303 2736 2532 2806 teipsum
2553 2751 2770 2799 mtcruae
2796 2750 2980 2804 mortis
3015 2751 3195 2820 jaculo
3217 2759 3522 2819 vulnerare.

1939 2817 2262 2878 Sanctorum
2305 2817 2502 2899 quippe
2539 2833 2778 2891 virorum
2812 2848 2895 2894 est
2931 2850 3294 2916 consuetudo,
3327 2851 3526 2910 fratres

1937 2911 2064 2976 mei,
2096 2921 2158 2967 ut
2179 2914 2232 2968 in
2263 2917 2667 2978 tribulationum
2691 2927 2832 2984 bello
2861 2933 3206 3008 deprehensi,
3229 2941 3354 2998 dum
3379 2945 3528 3002 illinc

1935 3002 2272 3061 adversarios
2305 3007 2682 3082 insequentes,
2733 3019 2863 3076 hinc
2901 3039 3030 3080 suos
3072 3026 3343 3099 fugientes
3381 3039 3528 3107 aSpi-

1937 3093 2120 3162 ciunt,
2151 3097 2256 3154 illis
2284 3114 2558 3171 opponant
2601 3119 2811 3166 scutum
2858 3117 3158 3188 patientiae,
3199 3123 3316 3180 istis
3349 3129 3524 3186 intor-

1925 3558 2104 3604 rantcs
2128 3568 2394 3620 premant.
2421 3559 2764 3634 lusurgentes
2789 3586 3021 3643 namque
3047 3578 3228 3638 hostes
3249 3588 3504 3652 patieudo

1921 3639 2253 3710 despiciunt,
2286 3648 2394 3720 78
2423 3651 2758 3714 iulirmantes
2786 3676 2915 3718 vero
2953 3666 3098 3722 cives
3127 3679 3503 3744 compatiendo

1919 3731 1984 3784 ad
2011 3733 2238 3790 salutem
2269 3742 2548 3798 reducunt.
2590 3746 2699 3802 lllis
2734 3753 3010 3820 resistunt,
3043 3775 3110 3813 ne
3137 3759 3202 3816 et'
3217 3731 3350 3822 alios
3375 3771 3502 3826 sub-

1921 3821 2168 3891 trahant;
2195 3825 2312 3884 istis
2339 3841 2606 3900 metuunt,
2624 3852 2712 3905 ne,
2742 3847 3032 3902 metuendo
3053 3861 3304 3922 mortem,
3332 3859 3498 3916 vitam

1917 3911 2160 3970 funditus
2187 3920 2436 3988 perdant.
2473 3923 2624 3982 lllinc
2659 3927 2856 3995 jaeulis
2896 3937 3241 3996 adversantia
3279 3911 3499 4015 pectora

1917 4001 2147 4073 feriunt;
2182 4009 2308 4065 hinc
2332 4023 2486 4070 scuto
2511 4023 2809 4089 postposito
2835 4024 3038 4083 debiles
3065 4001 3299 4090 tuentur:
3325 4039 3504 4116 Atque

1916 4095 1990 4148 ita
2019 4099 2306 4170 utrobique
2333 4103 2616 4162 velocitate
2653 4111 3156 4186 circnmspectionis
3183 4111 3500 4199 invigilant.

1912 4197 2180 4255 quatenus
2217 4201 2274 4246 et
2315 4204 2441 4249 ante
2470 4211 2528 4252 se
2557 4200 2789 4258 audaces
2832 4208 3162 4279 confodiant,
3210 4227 3264 4270 et
3292 4197 3408 4288 post
3441 4238 3500 4276 se

1916 4275 2152 4346 trepidos
2187 4294 2216 4332 a
2247 4281 2469 4339 vulnere
2505 4287 2816 4347 defendant.
2864 4294 2970 4352 Sed
3016 4275 3262 4373 quisqttis
3289 4275 3401 4363 vult
3439 4275 3492 4366 in

1914 4381 2104 4436 campo
2129 4373 2439 4431 certaminis
2467 4377 2680 4434 fortiter
2717 4399 2896 4455 agere,
2933 4400 3108 4456 curet,
3139 4409 3358 4452 necesse
3386 4412 3494 4466 est,

1910 4455 1964 4510 in
1995 4472 2126 4528 pace
2148 4460 2446 4520 domestica
2466 4481 2526 4524 se
2547 4473 2849 4540 custodire;
2880 4477 2932 4531 in
2960 4480 3071 4534 otio
3098 4497 3156 4536 se
3182 4482 3495 4555 frequenter

1909 4563 2176 4618 exerceat,
2207 4569 2277 4608 ne
2303 4558 2524 4624 ignarus
2547 4567 2822 4631 pugnandi
2851 4567 3065 4626 incaute
3097 4573 3160 4626 ad
3191 4575 3328 4632 bella
3368 4597 3492 4649 pro-

1907 4651 2138 4708 rumpat,
2173 4659 2258 4710 nc,
2291 4647 2334 4700 si
2367 4649 2518 4704 rudis
2551 4660 2604 4704 ct
2636 4652 2918 4723 imperitus
2949 4673 3070 4713 cum
3099 4663 3339 4722 tloctiore
3363 4687 3494 4724 con—

1901 4729 2164 4798 greditur,
2193 4736 2318 4790 dum
2349 4753 2500 4794 arma
2529 4743 2699 4800 armis
2727 4757 2923 4817 prmier
2950 4752 3165 4814 solitum
3198 4775 3490 4818 conserere

1903 4821 2112 4889 nititur,
2157 4837 2448 4898 antequam
2479 4832 2690 4902 insigne
2720 4839 2919 4908 aliquid
2954 4839 3148 4912 faciat,
3197 4850 3488 4919 improviso

1902 4912 2126 4969 vulnere
2155 4929 2533 5002 prosternatur
2557 4933 2613 4977 et
2643 4929 2824 4988 victus
2855 4929 3115 5002 intereat,
3149 4941 3289 4998 unde
3317 4945 3494 4999 victor

1898 5019 2019 5060 esse
2047 5007 2174 5062 totis
2197 4995 2418 5066 nisibus“
2435 5013 2760 5080 anhelam“,

229 4237 298 4292 tis
347 4250 571 4298 aeterna
625 4248 890 4306 subducat
947 4259 1036 4323 qui
1079 4257 1206 4310 vivit
1240 4269 1292 4312 et
1327 4237 1516 4332 regnat
1541 4237 1684 4321 cum.
1701 4269 1810 4326 Dco

225 4321 390 4382 Patre
415 4328 472 4382 in
497 4333 704 4388 unitate
733 4321 977 4405 Spiritus
995 4344 1168 4397 sancti
1209 4345 1347 4401 Deus
1373 4363 1470 4417 per
1498 4355 1680 4410 omnia
1707 4372 1806 4410 sa:-

223 4417 342 4473 cula
374 4421 722 4478 szecnlorum.
761 4428 955 4484 Amen.
1829 4427 1886 4487 Β

799 4516 1030 4576 SERMO
1076 4523 1236 4579 XVII.

395 4614 436 4654 t.
472 4614 542 4654 ne
570 4617 616 4655 s.
650 4619 841 4660 \‘lTALE
873 4623 1140 4668 marrae.
1173 4621 1360 4686 (χχι-ιιι
1391 4631 1588 4696 APRIL.)

289 4685 590 4744 immensas
619 4693 730 4748 Deo
761 4694 946 4752 laudes
974 4709 1028 4754 et
1059 4705 1264 4772 gratias
1308 4710 1636 4778 referamus,
1669 4719 1798 4773 dile—

217 4777 446 4832 ctissimi
473 4778 694 4848 fratres,
721 4787 864 4852 quia,
894 4788 1020 4844 dum
1043 4807 1138 4860 per
1163 4805 1330 4851 totum
1353 4803 1538 4856 orbem
1568 4810 1798 4874 pascha-

213 4863 276 4921 lis
309 4867 584 4927 festivitas
613 4876 817 4938 rutilat,
851 4891 1051 4936 nostra:
1079 4888 1266 4952 patriae
1291 4889 1424 4946 lines
1451 4894 1613 4949 etiam
1648 4900 1790 4956 beati

214 4955 404 5016 Yitalis
462 4965 806 5034 triumphalis
860 4972 974 5050 dies
1033 4976 1284 5033 illustrat.
1339 4982 1510 5041 Hodie
1561 5005 1792 5064 namque

211 5051 358 5106 miles
385 5053 594 5110 Christi
627 5057 892 5125 gloriosus
938 5079 1036 5132 pro
1079 5066 1182 5122 fide
1225 5070 1562 5142 imperatoris
1607 5087 1690 5140 sui
1737 5088 1786 5144 in

205 5149 464 5198 :cternnm
501 5145 742 5202 victurus
776 5154 1045 5206 occubuit.
1079 5155 1279 5226 Hodie,
1327 5165 1537 5222 devicto
1565 5171 1782 5234 humani

199 5236 414 5301 generis
447 5237 697 5302 inimico,
729 5258 846 5297 cum
881 5249 1150 5314 triumpho
1178 5253 1358 5314 gloriae
1379 5277 1540 5314 regna
1571 5269 1781 5314 sim-nm
1841 5301 1847 5307 -
1897 5279 1938 5314 νς
