3946 5368
497 186 598 243 587

1167 184 1224 240 S.
1254 185 1456 242 PETRI
1497 187 1776 242 DAMIANI
1815 187 1964 243 OPP.
2004 187 2182 242 PARS
2219 187 2350 245 SEU
2383 186 2620 244 TOMUS
2658 187 2720 244 ll.
2761 219 2830 230 —-
2856 189 3246 248 SERMONES.

3632 195 3729 251 688

496 302 552 354 in
583 297 828 368 cat'npum
861 299 1167 352 certaminis
1197 301 1479 372 progredi,
1516 316 1546 354 a
1577 301 1730 355 nobis
1758 300 2063 355 nullatenus
2092 311 2138 368 Α
2167 303 2433 355 coronari.
2485 302 2635 358 Unde
2685 318 2790 357 non
2842 303 3194 359 dubitandum
3239 315 3317 360 est
3362 307 3508 376 quod
3558 309 3728 378 ipsum

499 391 761 460 potuisset
801 389 1037 458 agnosci.
1077 389 1257 445 Virtus
1297 391 1492 462 quippe
1534 406 1591 446 se
1619 391 1778 444 etiam
1825 399 2068 459 tempore

497 481 695 550 quietis
725 481 997 546 exercuit,
1038 481 1129 534 sed
1161 497 1447 552 pravorum
1478 482 1670 537 ictibus
1699 491 1856 536 tunsa
1887 483 1940 536 in
1969 483 2066 537 ad-

494 574 769 628 versitatis
793 573 896 643 pila
928 573 1204 644 fragravit.
1242 575 1306 630 Et
1333 577 1425 646 qui
1455 575 1669 644 quietus
1697 577 1749 629 in
1776 574 2066 644 semetipso

495 663 635 732 quod
667 673 784 718 erat
820 665 1102 731 continuit,
1133 675 1431 721 commotus
1455 667 1521 720 ad
1547 665 1793 720 notitiam
1820 665 2062 719 omnium

494 755 714 808 odorem
760 770 870 809 sua:
914 753 1240 810 fortitudinis
1282 757 1528 825 aspersit.
1578 755 1730 810 Sicut
1775 756 1918 810 enim
1964 771 2063 809 un-

405 866 415 874 -
501 852 699 910 guenta
747 843 987 898 redolere
1019 843 1176 899 latius
1217 845 1494 910 nesciunt,
1541 845 1641 899 nisi
1691 854 1977 910 commota,
2010 852 2064 899 et

497 933 639 986 sicut
663 942 898 987 aromata
927 932 1276 1003 fragrantiam
1309 950 1461 988 suam
1491 934 1699 989 nonnisi
1733 950 1851 989 cum
1883 935 2064 990 incen-

495 1021 696 1074 duntur
730 1023 1059 1091 espandunt,
1091 1024 1162 1077 ita
1194 1025 1364 1077 sancti
1399 1024 1497 1078 viri
1531 1039 1690 1078 omne
1730 1025 1871 1093 quod
1898 1025 2064 1079 virtu-

498 1110 640 1164 tibus
686 1111 927 1164 redolent
966 1110 1018 1165 in
1057 1111 1488 1165 tribulationibus
1519 1111 1878 1165 innotescunt.
1913 1112 2065 1168 Unde

470 1193 642 1253 "recte
690 1199 741 1253 in
789 1199 1080 1270 Evangelio
1124 1200 1354 1255 dicitur:
1404 1218 1421 1250 ι
1461 1198 1518 1254 Si
1565 1200 1859 1253 habueritis
1904 1200 2062 1254 fidem

495 1290 633 1344 sicut
665 1304 888 1359 granum
927 1289 1162 1359 sinapis,
1214 1289 1404 1344 dicetis
1451 1289 1575 1344 huic
1623 1290 1829 1344 monti:
1871 1291 2061 1346 Transi

495 1379 654 1444 hinc,
687 1388 740 1434 et
769 1379 1016 1434 transibit
1060 1379 1283 1450 (Matth.
1331 1381 1496 1451 xvu).
1534 1400 1552 1432 ι
1589 1379 1825 1435 Granum
1869 1383 2065 1452 quippe

495 1473 700 1543 sinapis
729 1473 829 1528 nisi
861 1482 1190 1540 conteratur,
1230 1488 1568 1544 nequaquam
1599 1475 1681 1530 vis
1709 1475 1918 1530 virtutis
1949 1475 2066 1545 ejus

499 1565 840 1634 agnoscitur,
886 1579 1010 1618 nam
1057 1579 1163 1619 non
1211 1564 1498 1619 contritum
1544 1562 1662 1620 lene
1706 1574 1822 1630 est;
1863 1566 1908 1620 si
1936 1581 2064 1620 vero

2167 389 2535 444 beatissimum
2562 391 2735 444 virum
2758 407 2911 445 suum
2935 393 3175 462 quotidie
3193 395 3410 464 speciali
3432 397 3731 454 devotionis

2166 479 2532 536 familiaritate
2559 483 2889 552 deposceret,
2917 495 3180 554 quatenus
3207 489 3324 558 ejus
3347 492 3732 550 sacratissimis

2165 570 2413 638 precibus
2441 570 2506 624 ad
2537 571 2778 640 martyrii
2809 572 3040 639 palmam
3071 575 3370 645 pertingere
3398 591 3729 647 mereretur,

2164 669 2223 712 ut
2253 659 2504 712 nimirum
2536 676 2672 730 quos
2707 661 3077 716 immaculatos
3108 665 3194 719 hic
3225 676 3425 721 mutuae
3454 669 3734 727 charitatis

2165 748 2478 802 devinxerat
2502 748 2788 814 thalamus,
2820 765 2924 804 non
2952 751 3133 822 dispar
3153 754 3204 807 in
3235 771 3481 824 superna:
3504 759 3734 814 beatitu-

2164 839 2307 894 dinis
2332 839 2765 910 gloriajnngeret
2791 850 2844 895 et
2870 843 3189 913 triumphus,
3227 857 3304 911 et,
3333 849 3455 916 quia
3488 851 3598 906 duo
3623 849 3733 906 fue-

2163 940 2285 984 rant
2327 930 2380 984 in
2430 946 2594 986 carne
2624 947 2760 997 una,
2791 933 2927 987 uniti
2975 935 3164 990 fierent
3207 940 3366 993 etiam
3410 941 3464 994 in
3512 957 3728 997 corona.

2161 1019 2497 1090 Quapmptcr
2529 1036 2648 1075 cum
2679 1037 2707 1074 a
2737 1021 3055 1077 Christianis
3107 1025 3197 1093 qui
3259 1036 3384 1083 tunc
3422 1039 3584 1084 erant
3626 1031 3734 1085 Ra-

2161 1123 2368 1174 venme,
2401 1119 2542 1163 esset
2571 1110 2840 1178 prohibita
2870 1127 2936 1166 ne
2971 1123 3214 1168 sanctum
3243 1131 3439 1187 corpus
3471 1119 3729 1185 auferret,

2163 1209 2217 1255 et
2265 1201 2367 1256 hac
2411 1202 2708 1256 intentione
2756 1203 2997 1272 deposita
3048 1205 3114 1258 ad
3162 1209 3372 1277 prepria
3422 1225 3730 1279 remearet,

2165 1291 2394 1346 incurrit
2433 1292 2485 1346 in
2531 1293 2775 1348 homines
2806 1293 3113 1348 idololatras
3158 1295 3374 1352 Silvano
3421 1301 3733 1356 sacrifican-

2168 1392 2265 1446 tes,
2307 1383 2397 1451 qui
2444 1383 2770 1452 deponentes
2813 1397 2931 1437 eam
2977 1384 3044 1439 de
3082 1388 3346 1456 sagmario
3377 1390 3735 1448 hortabantur

2165 1479 2223 1525 ut
2265 1487 2386 1526 cum
2419 1472 2548 1543 ipsis
2579 1473 2884 1543 epularetur
2918 1474 2985 1528 de
3029 1475 3113 1530 his
3155 1492 3271 1546 qua:
3314 1491 3472 1534 erant
3517 1483 3734 1538 Silvano

2167 1562 2460 1618 immolata.

492 1657 818 1719 conteritur,
850 1654 1160 1722 inardescit,
1193 1663 1246 1710 et
1271 1653 1530 1726 quidquid
1569 1655 1622 1708 in
1653 1670 1712 1710 se
1740 1655 2060 1711 acerrimum
2091 1659 2138 1718 B
2237 1653 2341 1709 Sed
2372 1656 2497 1724 quid
2525 1666 2596 1716 tu.
2621 1656 2777 1711 beata
2808 1657 3316 1732 Valeria?Nunqnid
3346 1665 3555 1732 poteris
3579 1667 3736 1720 vesti-

491 1750 690 1804 latebat
721 1749 972 1804 ostendit.
1007 1747 1097 1803 Sic
1136 1748 1386 1802 nimirum
1409 1788 1423 1813 ,
1471 1748 1548 1802 sic
1579 1749 1943 1818 unusquisque
1978 1749 2063 1803 vir

493 1848 713 1894 sanctus
739 1853 859 1893 cum
886 1853 988 1892 non
1019 1837 1280 1906 pulsatur,
1310 1836 1653 1906 despicabilis
1675 1852 1738 1891 ac
1765 1836 1900 1893 lenis
1920 1837 2065 1907 aspi-

491 1929 666 1993 citur;
698 1929 740 1983 si
767 1943 870 1997 qua
901 1943 1027 1982 vero
1055 1926 1201 1981 illum
1237 1927 1426 1981 tritura
1465 1927 1856 1996 persecutionis
1883 1928 2065 1998 oppri-

491 2031 623 2087 mat,
652 2037 773 2075 mox
806 2036 965 2076 omne
997 2022 1136 2089 quod
1174 2019 1402 2074 calidum
1435 2021 1576 2090 sapit
1618 2030 1872 2086 ostentat,
1901 2031 2062 2091 atque

492 2110 546 2164 in
594 2112 858 2164 fervorem
903 2110 1119 2164 virtutis
1163 2110 1390 2164 vertitur
1418 2111 1674 2180 quidquid
1722 2111 1774 2164 in
1821 2109 1910 2165 illo
1939 2120 2063 2166 ante

495 2199 822 2267 despicabile
853 2199 1231 2268 infirmumque
1274 2199 1588 2265 videbatur,
1632 2202 1879 2270 quodque
1915 2203 1967 2255 in
2004 2216 2062 2256 se

494 2307 592 2360 per
617 2291 1019 2360 tranquillitatis
1043 2299 1282 2360 tempora
1313 2290 1484 2346 libens
1504 2292 1734 2361 Operuit,
1761 2293 2062 2362 exagitatus

495 2381 927 2437 tribulationibus
973 2391 1192 2436 coactus
1241 2382 1550 2437 innotescit.
1604 2381 1752 2438 Unde
1792 2383 1928 2438 bene
1967 2399 2063 2456 per

479 2471 816 2542 Prophetam
848 2472 1079 2526 dicitur'
1123 2491 1140 2523 ι
1172 2471 1228 2526 1η
1260 2473 1345 2528 die
1376 2473 1648 2529 mandavit
1683 2474 1937 2530 Dominus
1961 2477 2064 2530 mi-

493 2562 843 2617 sericordiam
876 2576 1050 2628 suam,
1075 2572 1130 2617 et
1162 2575 1315 2618 nocte
1343 2564 1636 2619 declaravit
1660 2563 1830 2636 (Psal.
1867 2565 1996 2636 xu).
2038 2585 2056 2616 ι

495 2650 858 2707 Misericordia
906 2653 1048 2706 enim
1097 2653 1307 2707 Domini
1349 2655 1403 2708 in
1450 2655 1536 2709 die
1583 2656 1888 2722 mandatur,
1938 2657 2061 2725 quia

494 2744 545 2795 in
577 2742 864 2812 tranquillo
897 2751 1136 2813 tempore
1165 2745 1332 2799 virtus
1367 2746 1624 2801 divinitus
1659 2762 1916 2802 concessa
1942 2763 2064 2818 per-

494 2841 716 2909 cipitur;
772 2839 824 2891 in
877 2849 1031 2893 nocte
1079 2853 1207 2894 vero
1254 2840 1592 2906 declaratur,
1646 2843 1770 2910 quia
1821 2843 2015 2896 donum
2045 2881 2060 2907 ,

495 2931 634 3000 quod
677 2930 729 2982 in
771 2931 1161 3000 tranquillitate
1196 2933 1458 2997 sumitur,
1491 2931 1925 3008 tribulationibus
1951 2949 2064 2988 ma-

497 3023 797 3076 nifestatur.

565 3115 623 3171 Si
654 3116 796 3171 enim
823 3115 1262 3185 quaeriturcujus
1289 3117 1500 3172 virtutis
1520 3119 1709 3173 beatus
1729 3118 1920 3174 Vitalis
1941 3127 2064 3174 ante

493 3219 766 3263 certamen
799 3208 978 3275 fuerit,
1009 3224 1114 3278 quo
1143 3209 1436 3279 disciplina:
1457 3211 1639 3282 vigore
1667 3211 1881 3266 dommn
1909 3227 2061 3266 suam

494 3299 666 3354 bonus
691 3297 1080 3369 paterfamilias
1122 3300 1354 3364 rexerit,
1403 3316 1561 3371 quam
1603 3300 1870 3372 religioso,
1900 3316 2062 3371 quam

495 3399 684 3446 sancto
712 3391 925 3446 vivendi
953 3392 1142 3447 ordine
1167 3392 1302 3447 filios
1326 3394 1639 3460 instituerit,
1667 3395 1825 3450 beata
1850 3396 2062 3451 Valeria

495 3497 631 3536 uxor
657 3481 772 3551 ejus
801 3497 920 3536 cum
962 3482 1169 3538 duobus
1198 3483 1324 3538 filiis
1361 3484 1617 3554 requisita
1659 3485 1832 3551 dicat;
1871 3505 1888 3538 ι
1922 3497 1978 3539 ut
2009 3486 2062 3540 in

493 3588 588 3628 ore
638 3572 866 3627 duorum
925 3572 1010 3626 vel
1041 3573 1203 3628 trium
1237 3575 1449 3628 testium
1500 3583 1606 3630 stet
1647 3591 1806 3631 omne
1843 3575 2062 3631 verbum

497 3667 712 3738 (Matth.
742 3667 916 3738 xvm).
946 3686 964 3719 ι
1001 3666 1090 3720 Illa
1122 3668 1287 3733 enim,
1319 3667 1498 3722 audita
1532 3678 1702 3723 morte
1729 3669 1918 3723 Vitalis
1947 3669 2066 3723 bea-

499 3756 695 3810 tissimi
723 3754 986 3826 conjugis,
1025 3769 1129 3808 non
1161 3755 1347 3809 avidos
1368 3769 1684 3824 pervasores
1707 3755 1818 3810 suis
1845 3769 2062 3825 posses-

495 3845 737 3899 sionibus
767 3844 963 3909 timuit,
992 3858 1099 3899 non
1147 3843 1464 3912 potentioris
1503 3843 1785 3912 cujuslibet
1831 3842 2066 3912 patroci-

497 3933 648 3988 nium
679 3933 958 4002 quaesivit,
994 3948 1101 3987 non
1141 3948 1291 3987 more
1335 3933 1443 4003 79
1485 3933 1762 3989 viduarum
1795 3933 2065 4003 dispersas

497 4023 806 4090 ubicunque
852 4037 940 4076 res
985 4037 1111 4076 suas
1142 4022 1193 4076 in
1225 4030 1340 4076 tuto
1384 4022 1501 4076 loco
1539 4021 1788 4091 colligere
1831 4022 2065 4085 studuit,

503 4113 598 4167 sed
625 4111 910 4166 castissimi
949 4110 1176 4181 conjugii
1206 4110 1360 4164 ﬁdem
1387 4125 1608 4164 servans
1629 4150 1642 4174 ,
1667 4112 1732 4163 ad
1761 4111 2068 4179 impenden—

499 4202 628 4257 dum
662 4201 866 4255 funeris
892 4201 1206 4270 obsequium
1239 4200 1304 4254 de
1328 4199 1710 4254 Mediolanensi
1745 4202 1874 4256 urbe
1903 4217 2069 4271 usque

497 4293 810 4350 Ravennam
838 4291 1066 4346 mirabili
1098 4290 1309 4346 fervore
1350 4292 1614 4361 pervenit.
1657 4291 1771 4348 Non
1806 4294 1951 4348 illam
1975 4295 2067 4350 de-

499 4387 690 4442 terruit
739 4394 845 4440 tam
893 4384 1035 4455 longi
1081 4382 1363 4438 difficultas
1412 4383 1641 4449 itineris,
1678 4399 1784 4439 non
1835 4386 2066 4442 retinere

497 4477 673 4549 potuit
704 4485 877 4530 metus
907 4474 1213 4529 amittendae
1247 4472 1603 4542 possessionis
1622 4513 1636 4538 ,
1665 4488 1770 4528 non
1799 4489 1917 4528 eam
1949 4490 2070 4544 pro-

501 4569 822 4638 pinquorum
845 4606 858 4631 ,
891 4565 1005 4619 sive
1034 4564 1336 4618 concivium
1386 4577 1538 4616 amor
1584 4564 1636 4616 in
1688 4562 2069 4619 Mediolanensi

504 4659 636 4711 urbe
679 4655 950 4718 devinxit,
998 4669 1101 4708 non
1144 4668 1263 4708 eam
1308 4651 1607 4706 consularis
1651 4653 2071 4710 immanissimus

506 4747 658 4800 furor
703 4762 731 4799 a
782 4744 1050 4799 Ravenna:
1095 4742 1290 4796 finibus
1327 4743 1651 4794 exturbavit.
1702 4742 1830 4798 Illuc
1875 4745 2070 4814 quippe

505 4846 720 4891 erectus
770 4836 888 4906 ejus
941 4835 1160 4904 spiritus
1209 4833 1511 4888 medullitus
1568 4833 1910 4899 intendebat,
1961 4853 2067 4904 quo

503 4927 872 4981 beatissimum
904 4927 1101 4988 virum,
1132 4925 1331 4979 calcata
1360 4924 1472 4992 jam
1507 4936 1700 4987 morte,
1726 4929 2068 4996 prmcessisse

505 5027 853 5086 cognoverat.
889 5003 989 5071 Ubi
1025 5015 1167 5070 enim
1198 5025 1317 5071 erat
1363 5019 1648 5071 thesaurus
1677 5017 1822 5085 ejus,
1855 5020 1925 5072 ibi
1954 5029 2070 5074 erat

504 5117 559 5163 et
580 5122 676 5162 cor
702 5105 817 5174 ejus
847 5105 1060 5174 (Matth.
1094 5107 1224 5173 ιη).
1263 5106 1570 5160 [λίνωὺίιιιιν
1601 5107 1745 5160 illum
1779 5108 1829 5161 in
1861 5109 2069 5162 habita-

504 5197 783 5266 tione-jam
814 5196 1026 5265 degere,
1061 5195 1271 5250 dolebat
1301 5211 1358 5250 se
1388 5198 1560 5252 adhuc
1593 5198 1644 5251 in
1675 5199 1865 5252 exsilio
1893 5213 2066 5251 rema-

504 5306 654 5346 nere.
691 5272 772 5341 Ad
801 5286 902 5338 huc
929 5283 1018 5336 illa
1047 5292 1156 5337 toto
1182 5285 1375 5337 mentis
1405 5286 1672 5340 desiderio
1703 5287 1988 5341 anhelabat
2015 5288 2065 5340 in

2165 1743 2250 1815 gia
2280 1745 2380 1799 viri
2409 1745 2481 1799 tui
2515 1746 2833 1816 relinquere,
2866 1759 2918 1803 et
2940 1751 3304 1819 erectmnjam
3339 1756 3387 1808 in
3425 1756 3736 1810 cmlestibus

2164 1833 2402 1888 animum
2423 1835 2702 1890 diabolicis
2723 1841 3150 1908 suggestionibus
3174 1844 3467 1899 mclinare?
3487 1846 3736 1916 Nunquid

2163 1927 2386 1996 poteris,
2414 1927 2637 1982 educata
2668 1929 2718 1981 in
2749 1929 2851 1983 fide
2879 1931 3161 1998 catholica,
3184 1935 3323 2002 qunti
3357 1935 3408 1987 in
3440 1938 3738 2006 tranquilli-

2164 2024 2275 2070 tate
2303 2015 2538 2070 didicisti
2562 2018 2871 2072 carnificum
2906 2029 3112 2075 terrore
3138 2031 3483 2093 postponere,
3513 2036 3570 2079 et
3598 2028 3739 2095 posi-

2164 2113 2276 2159 tum
2311 2121 2470 2175 supra
2509 2107 2718 2161 firmam
2758 2119 2965 2177 petram
3001 2110 3118 2166 fidei
3161 2114 3570 2169 fundamentum
3602 2132 3735 2186 quo-

2162 2195 2290 2250 libet
2321 2197 2694 2266 trepidationis
2735 2199 2944 2256 turbine
2972 2203 3205 2257 violare?
3247 2206 3377 2274 Age,
3409 2221 3513 2277 age
3535 2248 3550 2269 ,
3587 2207 3736 2262 beata

2164 2285 2410 2341 Valeria!
2459 2287 2540 2342 eia
2562 2329 2576 2352 ,
2627 2289 2817 2346 nobilis
2855 2295 3131 2348 matrona!
3165 2311 3306 2350 nunc
3332 2297 3432 2351 viri
3463 2299 3538 2352 tui
3573 2301 3736 2354 docu-

2163 2385 2345 2431 menta
2386 2376 2612 2432 viriliter
2658 2379 2850 2444 recole,
2901 2390 2952 2434 et
3001 2383 3126 2450 quid
3171 2385 3264 2439 tibi
3315 2388 3450 2440 tanti
3502 2389 3738 2444 doctoris

2163 2468 2532 2538 magisterium
2585 2469 2895 2539 pmrstiterlt
2945 2471 3176 2528 declara.
3221 2474 3312 2530 Ait
3358 2477 3536 2532 enim:
3587 2477 3737 2534 Chri-

2164 2559 2337 2613 stiana
2367 2575 2508 2624 sum,
2539 2570 2591 2612 et
2625 2577 2728 2615 non
2773 2561 2898 2616 licet
2944 2565 3076 2618 mihi
3117 2566 3182 2620 de
3222 2567 3500 2622 sacrificiis
3534 2569 3732 2624 Silvani

2163 2647 2330 2703 vestri
2363 2650 2704 2703 manducare.
2749 2650 2818 2704 At
2854 2651 2926 2704 illi
2972 2652 3085 2708 hwc
3115 2655 3388 2710 audientes
3422 2667 3570 2710 tanta
3616 2673 3734 2712 eam

2164 2741 2308 2796 cmde
2340 2751 2728 2808 mactaverunt,
2757 2752 2813 2797 ut
2833 2744 2918 2798 vix
2950 2745 3268 2801 seminecem
3299 2761 3414 2801 eam
3446 2749 3528 2803 sui
3569 2750 3734 2804 homi-

2163 2845 2260 2884 nes
2285 2830 2350 2884 ad
2390 2829 2836 2887 Mediolanensem
2884 2835 3070 2888 urbem
3119 2837 3506 2904 perducerent,
3561 2840 3634 2893 ita
3681 2851 3739 2894 nt

2166 2920 2306 2976 intra
2339 2923 2573 2976 triduum
2605 2924 2760 2978 beata
2788 2923 2998 2980 Valeria
3029 2929 3286 2998 migraret
3318 2931 3384 2983 ad
3426 2931 3731 2985 Dominum.

2089 2997 2134 3061 C
2167 3010 2211 3066 Ο
2237 3027 2396 3081 quam
2427 3013 2769 3070 ineﬂ‘abiliter
2803 3017 2996 3072 divina:
3024 2997 3437 3089 dispensationis
3466 3025 3604 3077 ordo
3631 3026 3736 3078 dis-

2163 3101 2419 3170 ponitur!
2463 3119 2626 3173 quam
2668 3106 3091 3164 misericorditer
3124 3111 3368 3167 humanae
3412 3115 3738 3170 conditionis

2165 3195 2333 3250 series
2378 3196 2650 3250 variatur!
2710 3197 2899 3253 Mulier
2947 3200 3119 3254 virutn
3172 3202 3236 3256 de
3283 3206 3534 3272 paradiso
3583 3207 3738 3277 ejecit

2167 3282 2320 3354 (Gen.
2354 3285 2471 3354 ut);
2507 3285 2594 3338 vir
2622 3286 2896 3342 mulierem
2927 3292 2993 3344 ad
3029 3292 3263 3360 paradisi
3308 3295 3540 3363 patriam
3587 3313 3736 3351 revo-

2165 3373 2324 3428 cavit.
2361 3373 2474 3439 llla,
2521 3383 2578 3428 ut
2620 3375 2781 3431 homo
2823 3380 3182 3448 deciperetur,
3213 3382 3422 3438 diabolo
3465 3385 3610 3440 facta
3659 3397 3738 3441 est

2165 3464 2610 3532 instrumentum;
2639 3467 2756 3531 iste,
2783 3478 2841 3522 ut
2863 3469 3054 3524 mulier
3075 3482 3444 3536 coronaretur,
3478 3476 3737 3531 .mitabile

2165 3555 2391 3626 prmbuit
2419 3555 2628 3612 virtutis
2653 3558 2975 3628 exemplum.
3016 3560 3248 3631 Antiqua
3290 3563 3486 3617 mulier
3521 3581 3734 3634 pomum

2165 3647 2392 3701 vetitum
2426 3649 2754 3704 comedendo
2779 3650 3102 3706 miserabilis
3121 3651 3310 3722 jejunii
3342 3669 3402 3709 se
3431 3656 3577 3710 {alite
3606 3658 3736 3709 mul-

2168 3737 2331 3802 tavit;
2366 3753 2502 3792 nova
2531 3753 2657 3793 vero
2683 3739 2876 3794 mulier
2903 3739 2970 3794 ab
2997 3741 3305 3814 idolothytis
3331 3759 3389 3798 se
3417 3745 3736 3802 abstinendo

2165 3842 2380 3889 aeterna:
2427 3836 2690 3890 satietatis
2733 3837 2832 3890 sibi
2882 3837 3181 3893 convivium
3227 3843 3568 3910 praeparavit.
3619 3842 3733 3905 llla,

2165 3923 2346 3979 fructu
2393 3925 2603 3981 arboris
2623 3925 2904 3992 delectata,
2952 3927 3122 3982 beata:
3168 3931 3499 3985 amcenitatis
3541 3933 3735 3985 ostium

2167 4015 2303 4070 seris
2329 4015 2774 4086 concupiscentia:
2807 4016 2906 4072 sibi
2942 4018 3171 4073 exiendo
3195 4017 3488 4091 [exeundo]
3518 4022 3736 4075 damna-

2167 4105 2276 4171 vit;
2313 4105 2438 4170 ista,
2465 4120 2614 4160 esum
2642 4107 2884 4161 carnium
2913 4117 3217 4177 aspernata,
3244 4111 3588 4179 sempiterna.-
3615 4111 3738 4165 viri-

2169 4195 2349 4250 ditatis
2393 4211 2594 4266 pascua
2644 4197 2884 4252 clavibus
2928 4199 3028 4252 sibi
3074 4200 3414 4255 continentia:
3461 4203 3734 4271 patefecit.

2170 4286 2308 4342 Ecce
2350 4287 2550 4356 liquido
2578 4297 2723 4356 patet
2759 4305 2918 4358 quam
2947 4289 3058 4360 80
3086 4292 3369 4359 conspicua
3411 4307 3628 4346 morum
3655 4294 3739 4347 ho-

2170 4387 2378 4432 nestate
2403 4378 2486 4431 vir
2514 4386 2732 4432 sanctus
2758 4378 2810 4431 in
2840 4379 3224 4448 tranquillitate
3258 4381 3536 4445 claruerit,
3567 4384 3659 4451 qui
3688 4392 3740 4436 et

2169 4469 2530 4524 beatissimam
2561 4469 2839 4539 conjugem
2870 4469 2936 4523 ad
2967 4479 3129 4523 tantae
3160 4469 3507 4540 perfectionis
3529 4473 3738 4525 culmen

2169 4559 2372 4614 eduxit.
2407 4558 2462 4613 Si
2509 4559 2651 4612 enim
2683 4560 2750 4613 ab
2791 4559 2880 4613 illo
2921 4560 3140 4614 studere
3171 4561 3410 4615 avaritiae
3439 4563 3737 4626 didicisset,

2171 4666 2506 4720 nequaquam
2537 4665 2632 4704 sua
2671 4650 2851 4704 omnia
2891 4664 2989 4718 pro
3026 4649 3137 4704 sola
3177 4650 3449 4718 sepultura
3481 4652 3736 4707 efferendi

2175 4739 2511 4814 [venerandi]
2560 4741 2836 4795 cadaveris
2879 4740 3309 4810 contempsisset.
3352 4740 3408 4793 Si
3449 4741 3738 4796 luxuriosis

2171 4851 2292 4888 cum
2323 4848 2386 4887 eo
2415 4832 2604 4885 fuisset
2631 4846 2727 4885 usa
2765 4830 3057 4894 conviviis,
3105 4830 3358 4883 nimirum
3389 4830 3588 4884 itinere
3618 4830 3736 4884 fati-

2169 4932 2290 4994 gata
2333 4923 2620 4992 proclivius
2659 4921 3022 4991 acquiesceret
3061 4920 3206 4974 refici
3237 4935 3396 4988 quam
3425 4921 3738 4975 verberibus

2171 5029 2338 5082 usque
2370 5015 2434 5066 ad
2467 5013 2654 5066 mortis
2682 5010 2970 5066 confinium
3013 5010 3224 5063 laniari.
3265 5010 3362 5073 Et,
3408 5020 3470 5064 ut
3508 5010 3740 5066 breviter

2172 5114 2364 5160 cuncta
2413 5102 2764 5167 concludam,
2812 5101 2912 5156 nisi
2955 5101 3103 5170 pacis
3151 5109 3389 5169 tempore
3438 5117 3537 5170 per
3565 5102 3740 5156 omnia

2172 5197 2445 5251 didicisset
2479 5195 2659 5248 vivere
2698 5194 2941 5254 Christo,
2994 5192 3047 5245 in
3093 5192 3483 5262 persecutionis
3518 5192 3741 5247 articulo

2173 5298 2510 5353 nequaquam
2535 5283 2791 5350 potuisset
2820 5281 2951 5334 mori
2980 5295 3077 5349 pro
3097 5281 3328 5335 Christo.
3358 5280 3464 5335 Sed
3489 5283 3738 5350 quoniam
