3946 5368
183 317 293 374 589

1609 307 1734 361 SER
1746 308 1840 363 ΜΟ
1878 308 1918 362 Χ
1931 308 2034 362 VII.

3324 315 3430 367 590

185 441 374 485 testes.
420 428 492 484 Ut
528 427 782 498 probetur
823 439 982 495 quam
1012 424 1238 479 honeste
1269 422 1450 478 vixere
1481 430 1758 490 parentes,
1790 438 1840 495 Α
1866 431 2082 476 strenue
2114 421 2352 477 Rubrum
2396 440 2544 480 mare
2571 427 2899 494 pertransiit,
2939 436 2992 480 et
3029 426 3168 480 facto
3214 429 3425 496 agmine

186 522 253 574 ad
283 518 652 574 testimonium
682 526 938 570 vocentur
958 515 1213 568 haeredes.
1244 510 1545 567 Verisimile
1567 509 1760 579 quippe

186 620 358 665 estut
388 608 646 678 quidquid
690 607 904 660 virtutis
940 605 990 659 in
1023 613 1328 660 sanctormn
1375 603 1495 656 filiis
1523 601 1764 656 cernitur

189 709 362 752 totum
401 699 469 751 ab
501 697 629 766 ipsis
658 687 969 766 parentibus
1000 695 1252 748 traditum
1293 695 1456 748 fuisse
1491 693 1760 747 credatur.

257 787 428 858 Igitur
457 787 752 842 beatissimi
780 785 1069 839 Gervasius
1106 793 1158 838 et
1202 783 1505 848 Protasius,
1536 791 1763 849 utroque

187 885 416 945 parente
447 889 551 928 non
581 874 751 927 dicam
778 871 984 937 orbati,
1016 872 1107 925 sed
1137 872 1312 940 potius
1337 868 1762 939 splendidissima

187 985 378 1024 eorum
409 977 582 1022 morte
604 967 830 1020 feliciter
851 965 1117 1027 illustrati,
1136 964 1274 1018 sicut
1297 965 1349 1017 in
1372 971 1554 1016 sancta
1576 975 1762 1015 eorum

188 1056 426 1112 refertur
468 1055 722 1118 historia,
769 1053 899 1107 nihil
949 1065 1219 1106 terrenum
1269 1051 1506 1120 nihilque
1551 1047 1764 1103 carnale

189 1149 657 1218 concupiscentes,
687 1147 780 1200 sed
812 1146 862 1198 in
895 1161 1000 1198 uno
1030 1159 1088 1198 se
1124 1143 1402 1199 caenaculo
1444 1142 1764 1197 concluden-

191 1252 294 1305 tes,
323 1256 422 1309 per
445 1239 631 1293 decem
656 1253 822 1291 annos
847 1237 1061 1290 lectioni
1087 1245 1140 1289 et
1159 1236 1387 1290 orationi
1417 1242 1762 1289 vacaverunt.

191 1332 571 1394 Considerate,
603 1329 798 1384 fratres
841 1327 1180 1391 cbarissinii,
1220 1325 1639 1380 inaestimabilem
1673 1341 1767 1394 pa-

191 1432 360 1476 terna:
406 1420 760 1476 institutionis
811 1419 1059 1483 laudem,
1108 1418 1420 1488 perpendite
1468 1415 1764 1471 mirabilem

191 1512 376 1581 rigidae
401 1527 646 1565 censura:
674 1510 1038 1572 traditionem,
1073 1518 1253 1564 notate
1281 1509 1523 1564 relictum
1554 1508 1768 1578 pupillis

190 1619 343 1658 nova:
379 1603 807 1656 conversationis
849 1601 1183 1670 exemplum,
1215 1601 1622 1655 animadvertite
1650 1602 1764 1654 evi-

191 1691 571 1745 dentissimum
632 1700 870 1760 paterna!
929 1692 1233 1746 severitatis
1286 1691 1564 1745 indicium.
1622 1691 1770 1746 Solet

1865 513 1930 566 ad
1959 515 2392 583 repromissionis
2421 526 2617 569 terram
2650 516 3028 585 triumphando
3065 519 3308 586 pervenit
3335 519 3347 569 !
3380 517 3424 571 Ο

1863 617 2120 672 generosa
2151 606 2453 674 progenies,
2496 621 2614 674 qua:
2642 607 2913 659 nascendo
2947 608 3160 674 quidem
3189 608 3254 660 de
3281 617 3423 661 terra

1865 693 2028 745 traxit
2047 692 2329 762 originem,
2374 696 2466 748 sed
2496 693 2709 749 vivitice
2751 695 3027 748 moriendo
3055 696 3119 748 ad
3145 696 3422 752 caelestem

1864 783 2093 836 transire
2123 785 2316 837 meruit
2347 785 2661 854 dignitatem
2692 825 2704 845 ,
2743 801 2902 854 quam
2933 786 3184 840 nobilitas
3215 803 3425 841 morum

1863 873 1930 926 ad
1969 873 2301 926 nobilitatem
2346 875 2618 928 transtulit
2661 874 2968 945 angelorum
3001 876 3014 928 !
3047 876 3215 940 Quam
3259 877 3426 930 ardua

1864 962 2051 1016 domus
2077 961 2158 1014 illa
2187 962 2306 1025 fuit,
2334 979 2453 1032 quze
2480 973 2556 1017 tot
2583 963 2910 1017 clarissimos
2947 965 3092 1018 cives
3125 965 3190 1018 ad
3237 980 3420 1034 supero

1864 1066 1988 1104 nam
2036 1050 2370 1105 Hierusalem
2417 1053 2783 1106 transmittere
2836 1054 3068 1106 meruit!
3103 1055 3242 1119 Quae
3277 1054 3423 1108 enim

1865 1143 2077 1204 civitas,
2116 1143 2410 1211 quamlibet
2451 1144 2664 1198 excelsa
2691 1144 2902 1197 turritis
2946 1144 3233 1209 moenibus,
3271 1143 3429 1211 hujus

1865 1232 2199 1287 domuncula:
2248 1233 2584 1302 dignitatem.
2608 1233 2873 1288 excellere
2908 1233 3121 1302 poterit,
3161 1248 3280 1302 qua:
3305 1233 3431 1287 cmli

1866 1325 2024 1394 digna
2051 1324 2312 1379 vocabulo
2350 1325 2620 1394 copiosam
2649 1334 2945 1396 martyrum
2977 1325 3186 1378 turbam
3211 1323 3351 1378 felici
3376 1325 3429 1378 in

1866 1427 1923 1466 se
1954 1413 2290 1466 habitatione
2319 1413 2620 1466 continuit?
2655 1412 2800 1479 Quos
2823 1420 2968 1467 totus
2996 1413 3226 1466 mtmdus
3249 1421 3433 1466 tenere

1867 1500 2058 1570 dignus
2107 1500 2366 1566 nonfuit,
2424 1501 2523 1554 hos
2572 1501 2762 1555 domus
2810 1501 2902 1555 illa
2938 1501 3036 1554 sub
3075 1500 3196 1554 unis
3227 1499 3434 1555 foribus

1867 1591 2081 1644 clausit.
2115 1590 2248 1644 Nam
2279 1601 2331 1645 et
2359 1591 2648 1661 Apostolus
2667 1633 2681 1657 ,
2717 1607 2839 1646 cum
2864 1592 2930 1646 de
2955 1591 3156 1646 sanctis
3185 1592 3437 1662 martyrio

1866 1680 1966 1735 bus
1993 1680 2322 1748 loqueretur,
2369 1681 2616 1750 protinus
2647 1681 2884 1745 addidit,
2919 1681 3103 1736 dicens
3133 1697 3145 1734 :
3180 1699 3198 1730 ι
3226 1680 3431 1746 Quibus

189 1780 335 1834 inter
357 1779 558 1834 fratres
583 1780 888 1834 communis
924 1779 1220 1835 substantia
1261 1781 1536 1836 divisionis
1572 1781 1687 1836 fieri
1715 1792 1764 1835 et

1870 1769 2062 1839 dignus
2093 1785 2196 1822 non
2224 1779 2339 1823 erat
2365 1770 2592 1823 mundus
2613 1752 2799 1840 (Hebr.
2830 1770 2924 1840 xu).
2958 1790 2974 1820 ι

191 1870 474 1924 discordia:
495 1885 690 1935 causa;
724 1871 862 1926 inter
886 1873 1017 1925 istos
1045 1882 1224 1926 autem
1250 1873 1528 1928 dividenda
1553 1874 1765 1941 quidem

191 1959 480 2013 hereditas
500 1959 714 2025 aderat;
748 1963 972 2015 duorum
1006 1971 1180 2015 tamen
1214 1962 1374 2016 corda
1405 1978 1508 2015 una
1531 1963 1766 2018 charitas

193 2047 453 2116 replebat.
484 2047 558 2101 De
589 2048 846 2118 papulosa
876 2051 1008 2102 urbe
1042 2049 1244 2104 faciunt
1268 2066 1506 2105 eremum
1533 2092 1547 2116 ,
1594 2053 1767 2106 diver-

189 2138 392 2192 serium
425 2138 700 2193 habitandi
730 2147 946 2194 vertunt
971 2141 1023 2194 in
1054 2141 1372 2195 oratorium.
1399 2141 1584 2195 Solent
1604 2143 1765 2196 etiam

191 2229 600 2294 adolescentuli,
628 2231 842 2285 amissis
863 2232 1196 2301 parentibus,
1222 2246 1314 2299 per
1335 2233 1534 2301 proprii
1561 2233 1766 2286 arbitrii

189 2315 492 2372 libertatem
522 2318 793 2374 luxuriose
819 2319 1058 2374 difﬂuere
1079 2361 1092 2384 ,
1132 2331 1184 2374 et
1215 2322 1364 2390 quasi
1386 2320 1497 2388 jam
1529 2321 1608 2376 sui
1628 2320 1768 2388 juris

191 2407 358 2462 libera
390 2409 724 2480 voluptatum
753 2427 968 2466 suarum
1005 2412 1226 2467 licenter
1253 2413 1353 2467 sibi
1383 2412 1532 2467 frena
1561 2413 1765 2476 laxare,

189 2497 512 2552 ειοειιειιιεε
541 2500 805 2568 siquidem
847 2501 1184 2554 rectitudinis
1219 2509 1415 2554 metam
1445 2502 1496 2556 in
1525 2517 1588 2556 eo
1627 2502 1768 2572 quod

191 2585 334 2653 licet,
363 2603 552 2643 omnes
577 2589 666 2658 qui
694 2589 1003 2644 existimant
1026 2591 1187 2646 licere
1215 2592 1504 2662 quodlibet.
1524 2591 1612 2646 Isti
1642 2607 1769 2648 vero

190 2679 450 2746 angelicae
481 2680 674 2734 indolis
700 2681 872 2750 pueri,
902 2697 1008 2736 non
1039 2693 1276 2737 ventura:
1303 2683 1478 2737 adhuc
1507 2682 1628 2736 vitae
1657 2683 1764 2736 sol-

189 2770 356 2836 liciti,
410 2781 746 2825 terrenarum
802 2786 984 2826 rerum
1041 2787 1272 2841 opumve
1325 2771 1427 2826 sibi
1483 2772 1767 2841 provident

193 2871 484 2930 sumptum,
525 2876 630 2913 non
679 2871 851 2915 morte
899 2861 1247 2915 dissolvenda:
1292 2861 1526 2916 carnalis
1565 2861 1768 2929 copulte

189 2949 357 3002 ullum
407 2949 658 3019 pepigere
703 2949 1039 3021 conjugium,
1086 2967 1188 3004 non
1222 2951 1378 3020 equis
1416 2951 1768 3005 frementibus

190 3041 552 3107 delectantur,
596 3058 705 3097 non
752 3043 1065 3098 deliciarum
1116 3043 1351 3100 lasciviis
1389 3045 1763 3110 resolvuntur,

1938 1860 2122 1917 Gaude
2153 1861 2314 1932 igitur
2338 1861 2613 1927 Ravenna,
2642 1863 2773 1916 urbs
2813 1861 3135 1926 clarissima,
3161 1869 3433 1916 tantorum

1869 1965 2167 2026 martyrum
2203 1956 2443 2025 pretioso
2481 1957 2739 2027 sanguine
2767 1966 3058 2025 purpurata
3078 1997 3092 2022 ,
3117 1972 3254 2025 quae,
3307 1957 3436 2012 licet

1869 2061 1935 2100 ex
1985 2047 2069 2100 his
2119 2055 2352 2115 quatuor
2397 2046 2560 2100 solius
2612 2047 2753 2101 beati
2785 2047 2972 2103 Vitatis
3010 2047 3434 2103 sacratissimum

1867 2149 2062 2203 corpus
2107 2135 2460 2204 corporaliter
2509 2145 2710 2200 teneas,
2771 2151 3110 2205 nequaquam
3165 2146 3344 2192 tamen
3403 2154 3435 2189 a

1872 2223 2094 2291 reliquis
2116 2224 2288 2278 tribus
2307 2239 2406 2292 per
2427 2225 2649 2278 occulta:
2672 2225 2888 2278 virtutis
2908 2227 3229 2294 mysterium
3253 2242 3432 2282 vacas.
3453 2261 3456 2264 ~

1871 2311 2003 2366 Nam
2031 2313 2074 2366 si
2106 2314 2260 2366 beata
2291 2314 2500 2368 Valeria
2535 2330 2655 2368 cum
2686 2315 2802 2368 viro
2833 2315 3252 2385 suo,Scriptura
3277 2326 3452 2379 teste,.

1871 2401 1967 2454 fuit
2016 2402 2067 2454 in
2094 2416 2257 2455 carne
2293 2418 2397 2456 una
2435 2402 2586 2472 (Cen.
2625 2404 2710 2473 ιι),
2751 2406 3056 2460 necessario
3095 2408 3338 2475 sequitur
3379 2418 3440 2461 ut

1871 2493 2028 2546 unius
2073 2493 2253 2547 carnis
2303 2509 2406 2546 una
2464 2493 2851 2563 sitsepultura.
2896 2495 3114 2550 Etcum
3157 2497 3392 2566 legamus
3420 2516 3452 2554 ε,

1875 2603 1890 2632 ι
1928 2581 2083 2650 Quod
2111 2585 2250 2640 Deus
2287 2583 2604 2652 conjunxit,
2645 2585 2808 2638 homo
2847 2603 2952 2641 non
2981 2597 3194 2656 separet
3220 2588 3456 2658 (Matt/1..

1871 2677 2008 2747 xta),
2030 2696 2048 2729 ι
2070 2693 2170 2732 nos
2190 2677 2353 2732 etiam
2380 2677 2674 2747 gaudentes
2698 2679 2942 2733 dicamus
2962 2679 3086 2748 quia
3108 2680 3250 2748 quod
3276 2679 3452 2746 Deus,,

1869 2767 1958 2835 qui
2011 2775 2094 2820 cst
2146 2776 2349 2821 aeterna
2397 2767 2526 2830 vita,
2572 2765 2869 2835 conjunxit,
2933 2768 3242 2838 temporalis
3291 2785 3456 2824 mors.

1871 2857 2234 2912 interveniens
2274 2873 2379 2911 non
2419 2857 2620 2911 divisit.
2663 2857 2737 2911 De
2775 2857 2896 2912 filiis
2931 2866 3108 2912 autem
3140 2858 3265 2926 quid
3291 2858 3438 2910 aliud

1869 2947 2152 3004 dicendurm
2178 2956 2282 3012 est,
2310 2947 2414 3001 nisi
2436 2947 2561 3016 quia
2581 2947 2672 3016 qui
2695 2947 3008 3001 beatissimo
3030 2948 3257 3016 genitori
3287 2948 3429 3002 inso-

1869 3038 2119 3093 lubilibus
2137 3048 2341 3092 natura:
2354 3038 2952 3093 vinculissuntconnexi
2975 3038 3278 3092 nullatenus
3289 3039 3356 3093 ab
3369 3054 3448 3098 eo.

189 3147 297 3184 non
351 3131 605 3201 pretiosis
650 3132 887 3188 vestibus
935 3134 1185 3188 adornari
1237 3135 1468 3188 inaniter
1516 3135 1766 3204 cmicupi-
1796 3126 1838 3186 C
1873 3130 2341 3200 localipotuerunt
2372 3131 2664 3185 interstitio
2695 3131 2972 3199 separari?
3000 3130 3221 3201 Legitur
3255 3140 3434 3184 autem

190 3232 368 3275 scunt.
400 3221 650 3276 Mundani
674 3224 928 3292 strepitus
948 3225 1157 3294 negotia
1181 3224 1408 3296 fugiunt,
1432 3234 1764 3280 terrenarum

191 3325 375 3365 rerum
423 3311 635 3366 divitias
683 3323 1072 3381 aspernantur,
1121 3315 1444 3368 transitoria:
1491 3316 1766 3385 dignitatis

189 3401 428 3455 culmina
477 3411 769 3471 respuunt,
818 3402 1046 3456 carnalis
1093 3403 1356 3458 illecebra:
1405 3404 1765 3459 blandimenta

189 3503 565 3548 contemnunt.
599 3493 667 3548 Et
689 3510 794 3548 non
825 3495 996 3550 solum
1029 3494 1198 3549 aliena
1228 3510 1331 3549 non
1365 3496 1642 3561 ambiunt,
1673 3497 1766 3550 sed

189 3593 245 3638 et
269 3584 450 3638 omnia
480 3598 576 3638 sua
603 3584 825 3654 prodiga
864 3583 1245 3638 misericordiae
1283 3583 1531 3654 largitate
1557 3585 1764 3654 disper-

190 3684 341 3744 gunt.
390 3673 468 3729 De
514 3683 627 3729 tota
673 3675 856 3728 mundi
899 3674 1180 3729 latitudine
1221 3690 1385 3728 unam
1420 3674 1519 3728 sibi
1558 3675 1764 3744 glebam

191 3763 559 3834 angustissimi
591 3764 826 3818 carceris
851 3762 1070 3833 eligunt,
1101 3763 1214 3828 ubi,
1233 3763 1515 3817 collectisa
1534 3764 1766 3816 vanitate

190 3857 376 3909 mundi
406 3855 642 3924 undique
664 3854 928 3918 sensibus,
949 3855 1114 3909 solam
1137 3853 1409 3909 Creatoris
1429 3854 1510 3906 sui
1533 3854 1764 3923 speciem

192 3945 501 4000 medullitus
539 3946 991 4016 contemplantur.
1022 3947 1102 4001 Ad
1156 3946 1326 4011 illum,
1375 3945 1604 4001 claustra
1652 3945 1764 4014 jam

190 4038 371 4090 carnis
399 4037 741 4103 excedentes,
768 4037 994 4092 assidua:
1011 4037 1370 4092 meditationis
1400 4038 1574 4092 stmlio
1605 4038 1766 4106 spiri-

192 4136 305 4180 tum
337 4128 596 4196 dirigunt,
629 4127 694 4181 ad
728 4127 877 4180 illum
907 4128 1110 4180 amoris
1141 4127 1288 4180 nimii
1317 4128 1523 4182 facibus
1555 4127 1762 4181 accensi

193 4217 320 4269 totis
345 4215 1038 4272 visceribusinardescunt.
1075 4216 1205 4269 Erat
1248 4217 1446 4286 quippe
1489 4218 1766 4286 utriusque

193 4321 344 4359 mens
377 4307 430 4358 in
467 4321 702 4374 superno
727 4306 992 4360 desiderio
1033 4308 1222 4370 anxia,
1255 4323 1285 4360 a
1316 4308 1765 4376 concupiscentiis

191 4399 421 4451 terrenis
451 4397 660 4460 aliena;
711 4412 862 4451 amor
908 4413 1136 4468 namque
1166 4414 1345 4463 verus,
1387 4399 1474 4466 qui
1509 4397 1646 4452 hanc
1676 4414 1762 4451 re-

1867 3219 1995 3287 quia
2015 3218 2207 3283 Adam,
2231 3234 2352 3272 cum
2381 3219 2612 3288 primum
2639 3234 2862 3274 uxorem
2889 3220 3041 3285 vidit,
3074 3220 3321 3289 protinus
3351 3221 3434 3274 di—

1868 3310 1982 3363 xit:
2014 3327 2032 3360 ι
2062 3309 2176 3368 Hoc
2203 3325 2347 3364 nunc
2369 3325 2430 3363 os
2456 3324 2521 3363 cx
2543 3309 2754 3364 ossibus
2779 3310 2935 3375 meis,
2952 3319 3005 3364 et
3026 3326 3153 3365 caro
3182 3311 3247 3364 de
3271 3326 3434 3364 carne

1869 3414 1986 3452 mea
2019 3397 2172 3467 (Gen.
2199 3399 2279 3469 ιι).
2315 3418 2334 3451 ι
2365 3399 2420 3453 Si
2451 3414 2582 3470 ergo
2610 3399 2739 3463 Eva,
2777 3401 2902 3468 quia
2934 3402 3000 3455 de
3031 3400 3130 3454 viri
3159 3400 3327 3454 latere
3355 3411 3437 3454 cst

1868 3490 2121 3555 formata,
2158 3506 2222 3546 os
2263 3505 2328 3546 ex
2366 3491 2579 3547 ossibus
2607 3490 2721 3561 eius
2755 3502 2806 3547 et
2843 3507 2968 3548 caro
3013 3492 3079 3547 de
3119 3507 3280 3548 carne
3321 3491 3438 3561 ejus

1870 3581 2086 3645 dicitur,
2103 3596 2202 3636 cur
2223 3596 2327 3635 non
2354 3592 2407 3636 et
2426 3583 2545 3647 lilii,
2561 3585 2654 3651 qui
2677 3584 2741 3636 de
2764 3584 2959 3638 lumbis
2979 3585 3148 3652 patris
3161 3586 3432 3648 exierunt,

1868 3671 2053 3723 eadem
2091 3679 2148 3724 et
2187 3685 2309 3724 ossa
2345 3679 2400 3724 et
2426 3687 2644 3726 carnem
2675 3688 2795 3726 cum
2825 3682 2978 3741 patre
3009 3673 3210 3727 habere
3245 3672 3433 3727 dican-

1871 3759 1989 3812 tur?
2007 3758 2160 3814 Licet
2177 3775 2305 3831 ergo
2328 3759 2553 3829 sejuncti
2575 3762 2856 3816 videantur
2877 3775 2971 3830 per
2994 3761 3272 3814 intervalla
3291 3760 3430 3815 loco-

1868 3867 2008 3917 rum,
2051 3867 2146 3925 per
2173 3852 2444 3908 occultum
2492 3863 2671 3908 tamen
2715 3854 2952 3924 mystica:
3001 3853 3215 3908 virtutis
3256 3854 3428 3924 juncti

1867 3953 1993 3997 sunt
2013 3953 2433 4000 sacramentum.

1935 4035 2120 4091 Gaude
2150 4037 2331 4106 igitur,
2346 4037 2539 4092 nobilis
2563 4037 2693 4092 urbs
2721 4037 2997 4104 Ravenna,
3021 4047 3075 4094 et
3099 4038 3225 4093 totis
3252 4038 3303 4092 in
3328 4038 3431 4094 Do-

1867 4127 2014 4182 mino
2042 4129 2340 4184 visceribus
2367 4130 2661 4198 delectare,
2691 4146 2830 4200 quae,
2857 4129 2982 4185 licet
3007 4131 3176 4186 ardua
3213 4133 3287 4186 sis
3316 4148 3441 4204 mu-y

1867 4219 1994 4274 ralis
2021 4221 2281 4273 machina:
2305 4221 2646 4286 celsitudine,
2679 4222 2846 4275 multo
2874 4232 3055 4276 tamen
3083 4223 3350 4278 excelsior
3375 4239 3436 4278 es

1864 4309 2141 4364 beatorum
2171 4320 2464 4381 martyrum
2491 4311 2779 4382 dignitate,
2809 4312 3033 4381 lapi-leis
3056 4315 3272 4382 quidem
3304 4329 3430 4384 pro-

1868 4400 2184 4470 pugnaculis
2210 4401 2695 4470 incxpugnabiliter
2710 4403 2908 4465 cincta,
2926 4401 3016 4456 sed
3040 4403 3189 4456 valde
3214 4403 3328 4455 inex
3341 4420 3437 4472 pu-

191 4487 452 4556 pleverat,
470 4488 522 4540 in
540 4487 752 4542 ﬂetibus
772 4463 1065 4542 cruciabat:
1088 4488 1211 4553 Sed,
1231 4490 1354 4542 dum
1378 4463 1427 4542 in
1461 4489 1548 4543 tali
1573 4489 1764 4543 ardore
1794 4463 1842 4522 Β
1867 4463 2130 4560 gnabilius
2152 4463 2367 4544 fortium
2384 4463 2582 4545 Christi
2604 4491 2833 4543 militum
2857 4463 3191 4558 protectione
3215 4463 3431 4543 vallata.

190 4580 585 4641 cruciarentur,
619 4577 748 4647 ipsis
771 4576 880 4631 suis
903 4577 1229 4632 cruciatibus
1249 4577 1354 4646 81
1389 4578 1762 4646 pascebantur,

193 4676 244 4720 et
273 4668 457 4721 tandiu
491 4669 545 4721 in
577 4666 876 4720 admirabili
909 4667 1066 4737 hujus
1099 4668 1522 4722 conversationis
1555 4666 1767 4720 fervore

192 4761 508 4827 persistunt,
538 4759 710 4814 donec
739 4758 969 4828 gloriosa
1005 4769 1286 4828 parentum
1331 4760 1500 4812 secuti
1545 4759 1765 4830 vestigia

192 4864 288 4918 pro
316 4851 422 4904 ﬁde
448 4849 652 4904 Christi
686 4849 942 4918 martyrio
968 4858 1312 4902 coronantur.
1343 4847 1604 4902 Nimirum
1634 4863 1766 4916 quo-

197 4958 308 4995 rum
340 4940 538 4994 imitati
581 4947 709 4994 sunt
755 4939 993 5008 exempla
1034 4939 1258 4992 vivendo
1306 4947 1358 4991 et
1404 4956 1434 4991 a
1473 4937 1666 5006 quibus
1712 4939 1765 4993 in

197 5042 336 5085 terra
367 5040 496 5085 sunt
523 5028 816 5085 carnaliter
858 5031 1007 5093 editi,
1051 5043 1236 5082 eorum
1277 5037 1400 5083 sunt
1447 5028 1669 5097 collegio
1713 5029 1766 5083 in

361 5123 396 5140 ι·
449 5119 782 5142 ι.--ιξο-.ιιῖ-.ιι
818 5135 868 5144 ι...

1085 5126 1131 5144 ΑΙ
1183 5136 1314 5146 ηιιηη
1364 5119 1590 5146 ΛΑ“ο“.-1;ι1
1638 5136 1733 5148 “-Α

1869 4583 1999 4650 Qua:
2056 4581 2452 4650 quodammodo
2507 4581 2767 4635 Romanis
2813 4582 3030 4636 arcibus
3082 4581 3441 4635 amicabilitcr

1869 4671 2083 4732 wmula,
2113 4671 2189 4724 sic
2215 4686 2310 4738 per
2343 4671 2476 4723 duos
2519 4670 2817 4739 pracipuos
2859 4677 3156 4739 martyres,
3209 4671 3440 4726 Vitalent

1868 4759 2116 4814 videlicet
2138 4766 2190 4812 et
2212 4759 2603 4828 Apollinarem,
2635 4769 2809 4815 mater
2834 4775 2953 4814 esse
2986 4762 3226 4814 meruisti
3260 4771 3312 4815 et
3343 4764 3440 4815 do-

1868 4851 2012 4906 mina
2049 4852 2553 4921 circumpositarum
2595 4853 2962 4921 quarumlibet
2999 4853 3234 4908 urbium.
3288 4845 3444 4910 Sicut

1873 4943 1962 4997 illa
1990 4958 2086 5012 per
2118 4943 2250 4998 duos
2285 4959 2524 4999 summos
2568 4947 2875 5014 apostolos,
2906 4944 3124 4997 Petrum
3153 4947 3263 5016 82
3296 4948 3447 5002 vide-

1873 5033 1998 5086 licet
2021 5041 2076 5086 et
2103 5031 2326 5087 Paulum
2349 5075 2362 5097 ,
2396 5032 2558 5086 totius
2581 5033 2732 5088 orbis
2761 5034 2862 5089 sibi
2902 5032 3143 5088 vindicat
3181 5036 3452 5107 principa-

1872 5133 1984 5150 ...νὴ
2026 5123 2348 5150 ηαιίιμκέιιιιλι..
2372 5124 2587 5150 -ηίῖιιιιῖη
2610 5125 2914 5150 ηἶυῖολιξιι..η
2934 5123 3068 5150 tanta
3110 5127 3145 5150 τι
