3946 5368
469 388 567 446 591
1004 379 1061 435 S.
1090 375 1296 434 PETRI
1336 370 1621 430 DAMIANI
1659 367 1811 427 OPP.
1851 364 2033 423 PARS
2071 362 2201 421 SEU
2243 360 2482 419 TOMUS
2518 360 2581 417 ll.
2618 389 2689 403 —--
2728 353 3118 415 SERMONES.
3624 344 3735 400 $9!

466 504 584 571 iam
611 514 710 571 per
738 497 1021 581 beatorum
1080 498 1382 558 martyrum
1423 483 1617 539 merita
1659 477 1859 537 multos
1904 476 2053 532 cives
2077 480 2131 539 Α
2156 472 2360 530 femore
2385 486 2528 537 meo,
2556 480 2610 527 et
2637 469 2807 526 facies
2830 467 2963 526 mihi
2997 463 3427 523 misericordiam
3449 470 3507 518 et
3531 462 3734 518 verita-

1559 573 1578 581 -
1644 573 1655 581 .
1847 569 1859 581 ο
2156 577 2166 581 -
2331 577 2340 581 -
2576 580 2583 581 ,
2612 563 2756 581 ,_I--_
2809 577 2893 581 __-
2946 561 2996 581 2_
3064 557 3280 581 ’,Ἰ-.-.Α
3338 556 3429 581 --Δ
3469 553 3734 581 ,εις-..εἶμι-

467 590 711 663 parturis
730 573 894 643 coelo.
923 582 1054 652 Quae
1097 580 1243 637 enim
1289 592 1401 648 prie
1446 573 1767 630 confusione
1809 569 2052 623 virorum
2153 577 2260 622 tem
2287 577 2348 622 ut
2376 581 2485 622 non
2534 563 2764 636 sepelias
2808 577 2896 618 tne
2946 561 3002 615 in
3046 557 3308 631 Egypto,
3337 556 3431 612 sed
3465 553 3739 611 dormiam

466 685 696 755 antiqua
717 679 900 737 fueras
932 673 1250 749 Babylonia,
1280 670 1394 740 ipsa
1428 681 1527 738 per
1550 663 1849 720 novitatem
1876 658 2052 713 virtu—
2152 674 2276 714 cum
2306 657 2550 730 patribus
2585 655 2817 726 meis,|et
2840 652 3060 708 auferas
3081 668 3168 706 me
3187 653 3254 707 de
3279 650 3382 706 hac
3404 658 3582 713 terra,
3608 659 3740 701 con-

468 789 584 834 tum
615 789 757 832 nova
783 767 1123 828 Hierusalem
1146 764 1294 820 facta
1322 777 1383 818 es
1406 759 1551 815 vivis
1573 754 1831 812 nimirum
1865 749 2056 822 lapidi—

469 870 571 928 bus
602 865 890 929 adornata,
920 869 980 916 ut
999 859 1112 931 jam
1136 852 1338 928 populo
1379 861 1473 911 tuo
1512 864 1618 903 non
1660 842 1932 901 immerito
1959 854 2058 912 per

2155 750 2360 818 dasque
2382 747 2435 801 in
2457 745 2706 818 sepulcro
2729 741 3017 812 majorum.
3038 759 3056 791 ι
3086 738 3183 794 Cui
3208 737 3487 808 respondit
3506 733 3738 803 Josepb:

2165 857 2185 890 t
2211 838 2324 911 Ego
2352 836 2547 892 faciam
2569 836 2710 908 quod
2724 831 2956 902 iussisti.
2980 851 2999 885 ι
3027 831 3096 886 Ει
3119 829 3207 886 ille
3232 847 3246 884 :
3278 826 3438 885 dura
3468 842 3625 899 ergo,
3658 826 3744 879 in-

472 956 702 1014 Paulum
733 954 949 1010 dicatur
974 968 989 1004 :
1025 967 1045 1002 ι
1082 946 1202 1003 lam
1247 958 1356 999 non
1387 940 1520 997 estis
1547 935 1785 1006 hospites
1814 940 1869 988 et
1895 928 2060 985 adve—
2157 929 2296 1000 quit,
2322 924 2621 997 mihi(Gen.
2649 925 2839 995 acvit).
2870 943 2891 978 ι
2917 922 3033 991 Quo
3049 919 3559 994 jurantegadoravit
3583 914 3746 971 Israel

473 1062 579 1113 nc.
631 1045 729 1104 sed
774 1042 909 1101 estis
954 1040 1106 1096 cives
1171 1043 1484 1092 sanctorum
1542 1037 1599 1083 et
1643 1020 1923 1081 domestici
1966 1019 2060 1075 Dei

391 1133 432 1205 με.
477 1109 851 1210 (Ephes.-tt);t
881 1141 939 1188 et
966 1146 1062 1203 per
1087 1128 1309 1184 Petrum
1336 1142 1350 1178 :
1386 1141 1404 1176 t
1436 1121 1547 1177 Vos
1569 1116 1706 1173 estis
1742 1128 1915 1186 genus
1952 1109 2061 1166 ele-

482 1199 652 1298 ctum,
664 1199 845 1299 regale
858 1199 1245 1283 sacerdotium,
1260 1230 1392 1298 gens
1402 1219 1610 1274 sancta,
1624 1205 1855 1280 populus
1875 1199 2064 1271 acqui-

474 1294 692 1381 sition'is
716 1294 770 1392 (ἶ
792 1316 943 1373 Betr.
974 1313 1060 1385 tt).
1082 1331 1102 1364 ι
1135 1309 1246 1367 Nec
1280 1294 1398 1364 leve
1425 1304 1523 1359 tibi
1552 1302 1736 1357 datum
1759 1306 1846 1352 est
1871 1294 2064 1350 divinre

479 1388 789 1473 dilectionis
814 1408 1076 1467 indicium
1114 1405 1169 1462 in
1200 1417 1268 1459 eo
1289 1399 1434 1473 quod
1458 1399 1650 1454 beatus
1683 1391 1877 1449 Vitalis
1897 1388 2065 1446 etiam

476 1515 604 1579 post
630 1504 846 1562 felicem
870 1497 1157 1556 transitum
1186 1507 1343 1553 suum
1370 1492 1426 1546 in
1463 1498 1516 1543 te
1555 1484 1725 1540 voluit
1750 1480 1953 1537 habere
1980 1492 2066 1533 se—

477 1564 760 1671 pulcrum.
784 1589 904 1646 Non
930 1595 1015 1647 est
1036 1598 1232 1658 passus
1256 1595 1322 1636 ex
1345 1588 1400 1636 te
1424 1590 1581 1635 suum
1611 1585 1809 1642 corpus
1837 1564 2066 1629 auferri,

483 1652 611 1757 quia
642 1682 815 1741 noluit
843 1688 897 1737 te
931 1652 1220 1751 patrocinii
1246 1671 1329 1727 sui
1362 1665 1696 1740 protectione
1728 1655 1971 1716 destitui.
2008 1652 2067 1707 ln

485 1744 596 1849 qua
628 1788 689 1831 re
720 1771 820 1830 tibi
865 1744 1054 1841 utique
1088 1761 1294 1835 magis,
1321 1771 1485 1830 quam
1534 1750 1690 1808 uxori
1735 1744 2066 1805 beatissima:

2161 1020 2348 1075 Deum.
2388 1016 2527 1088 Quid
2552 1026 2637 1074 est
2661 1017 2787 1083 hoc,
2810 1014 3009 1071 fratres
3034 1013 3179 1069 mei?
3227 1010 3363 1080 Quid
3396 1010 3501 1066 sibi
3552 1007 3671 1062 vult
3714 1024 3743 1087 a_

2161 1118 2312 1166 tanto
2331 1110 2452 1165 viro
2477 1118 2588 1164 tam
2615 1106 2773 1164 anxia
2805 1105 3103 1177 sepeliendi
3124 1103 3371 1174 corporis
3399 1081 3748 1158 sollicitudo?

2162 1200 2221 1256 Si
2248 1200 2393 1255 enim
2426 1199 2531 1256 hoc
2584 1213 2653 1255 ex
2706 1197 2945 1252 humana
2989 1192 3381 1251 consuetudine
3429 1192 3748 1254 metiamur,

2162 1288 2403 1362 profecto
2426 1288 2558 1344 nihil
2580 1288 2801 1360 dignum
2826 1295 2972 1341 tanta
2996 1283 3326 1356 prophetica
3347 1280 3553 1338 mentis
3572 1276 3752 1334 excel-

2162 1379 2328 1435 lentia
2345 1379 2673 1459 reperimus.
2711 1375 3023 1447 Ubicunque
3060 1374 3202 1430 enim
3226 1387 3424 1442 corpus
3449 1372 3752 1427 humanum

2165 1472 2451 1543 sepelitur,
2477 1464 2583 1526 non
2630 1469 2754 1525 ideo
2796 1467 2878 1525 vel
2918 1468 3100 1524 minus
3141 1465 3402 1537 perfecta,
3438 1462 3531 1518 vel
3573 1462 3756 1516 minus

2167 1564 2409 1637 gloriosa
2435 1565 2557 1633 ejus
2584 1560 2911 1617 resurrectio
2951 1558 3130 1614 futura
3158 1556 3346 1629 procul
3377 1554 3546 1611 dubio
3572 1551 3757 1608 credi-

2171 1664 2282 1710 tur.
2319 1655 2424 1710 Setl
2448 1654 2494 1709 si
2524 1654 2734 1725 mystici
2768 1644 3098 1708 sacramenti
3138 1647 3483 1719 profunditas
3509 1646 3565 1699 in
3596 1641 3758 1712 hujus

2169 1744 2466 1800 dubietatis
2511 1743 2744 1814 caligine
2802 1740 3141 1811 requiratur,
3179 1735 3528 1807 perspicuum
3573 1731 3759 1785 lumen

477 1824 754 1939 praestitit,
792 1824 1079 1935 qui,‘dum
1113 1824 1233 1909 tum
1260 1824 1483 1906 utilitati
1515 1839 1809 1905 consuluit,
1858 1843 2065 1891 sanctae
2093 1829 2141 1891 B
2168 1833 2538 1908 intelligentia:
2578 1833 2679 1904 ipsi
2718 1832 2809 1905 qui
2867 1831 3137 1887 invenerit
3189 1829 3415 1884 orietur.
3475 1824 3758 1882 Cadavera

478 1934 748 2017 voluntati
776 1934 895 2025 ejus
937 1966 1045 2009 non
1076 1944 1368 2019 acquievit.
1410 1939 1683 2009 Scriptum
1712 1944 1945 2000 namque
1982 1934 2067 1982 est

488 2050 616 2122 quia
649 2022 838 2104 sancta
860 2040 1098 2105 Valeria,
1127 2037 1255 2094 dum
1282 2031 1426 2090 beati
1462 2027 1654 2084 Vitalis
1684 2022 1847 2079 vellet
1872 2031 2069 2088 corpus

482 2109 721 2207 a-uferre,
745 2153 778 2193 a
810 2130 1139 2192 Christianis
1166 2124 1443 2200 prohibita
1464 2128 1628 2176 estet
1663 2130 1807 2187 saepe
1833 2113 1888 2168 in
1912 2109 2071 2166 visio-

482 2240 647 2297 nibus
689 2237 759 2293 ab
805 2234 926 2307 ipso
962 2227 1236 2287 admonita
1267 2237 1336 2280 ne
1369 2224 1619 2279 sanetum
1650 2228 1847 2286 corpus
1874 2225 1904 2266 a
1925 2207 2069 2265 malo

487 2328 710 2388 herniae
735 2328 874 2384 bene
899 2322 1135 2396 positum
1156 2317 1402 2375 violaret.

555 2421 717 2478 Certe
748 2432 854 2474 non
896 2394 1116 2487 possum
1157 2409 1363 2475 dicere,
1399 2403 1597 2461 fratres
1637 2400 1765 2466 mei,
1795 2412 1958 2469 quam
1982 2394 2071 2466 ju-

485 2515 687 2582 cunde,
714 2527 882 2585 quam
910 2504 1306 2566 delectabiliter
1343 2509 1619 2558 certamen
1669 2495 1833 2567 hujus
1876 2505 2071 2563 pugnae

466 2605 792 2670 .considero,
815 2615 979 2674 quam
1010 2596 1324 2654 avidissime
1364 2602 1506 2648 totos
1547 2587 1869 2646 interiorum
1912 2581 2074 2639 Iunii-

489 2715 620 2758 num
665 2673 850 2755 radios
905 2694 974 2751 ad
1023 2688 1395 2764 spectaculum
1460 2691 1662 2741 sancta:
1702 2673 2077 2736 contentionis

481 2788 756 2864 cxpando.
810 2783 1092 2857 Perpendo
1140 2780 1415 2837 diversam
1467 2771 1795 2845 litigantium
1859 2766 2071 2828 aciem;

488 2854 621 2939 hinc
646 2877 903 2937 videlicet
917 2854 1236 2938 civitatem,
1267 2867 1394 2924 inde
1425 2879 1589 2921 unam
1634 2858 1842 2932 aspicio
1883 2854 2077 2912 mulie-

489 2985 638 3038 rem;
670 2970 726 3024 in
750 2965 928 3023 medio
964 2977 1095 3020 vero
1128 2959 1367 3033 positum
1417 2967 1615 3025 corpus
1665 2948 1841 3006 sancti
1885 2943 2077 3003 Vitalis

494 3036 724 3119 materia
757 3067 843 3115 est
863 3064 926 3111 et
952 3068 1117 3112 causa
1142 3047 1479 3109 certaminis.
1522 3044 1762 3113 Quaeque
1794 3054 1924 3112 pars
1962 3036 2077 3092 suis

492 3151 909 3226 allegationibus
934 3148 1130 3213 utitur,
1166 3153 1225 3201 et
1254 3154 1480 3200 causam
1501 3151 1655 3194 suam
1678 3133 1893 3190 diversa
1934 3129 2077 3202 juris

495 3221 708 3302 ratione
736 3248 937 3298 tuetur.
961 3237 1061 3293 illa
1092 3233 1290 3306 repetit
1316 3230 1409 3301 jus
1434 3227 1672 3297 antiqua:
1690 3221 2076 3295 possessionis,

493 3337 599 3392 ista
620 3329 846 3405 opponit
879 3326 1090 3384 titulum
1122 3322 1322 3379 divina:
1345 3313 1748 3380 concessionis;
1797 3311 1887 3368 illa
1935 3324 2075 3365 con-

493 3398 745 3500 queritur
798 3419 902 3477 sibi
955 3415 1221 3472 violenter
1272 3411 1546 3476 ablatum;
1586 3407 1689 3461 ista
1726 3419 1758 3461 e
1806 3398 2086 3458 contrario

499 3489 701 3574 asserit
734 3512 818 3569 eis
844 3508 1026 3567 divina
1077 3504 1180 3562 sibi
1229 3500 1562 3574 benignitate
1615 3497 1893 3554 donatum.
1944 3489 2087 3546 Dicit

492 3608 590 3665 illa
618 3625 632 3662 :
664 3604 801 3662 Rem
829 3598 1064 3675 proximi
1095 3598 1174 3654 tui
1203 3610 1310 3653 non
1350 3591 1708 3662 concupiscas
1739 3585 1938 3659 (Exod.
1967 3582 2082 3652 xx).

497 3699 813 3773 Respondet
857 3697 1002 3752 ista:
1030 3691 1185 3761 Quod
1235 3698 1385 3744 tuum
1442 3700 1549 3742 non
1594 3691 1711 3747 est,
1755 3694 1824 3736 ne
1873 3684 2089 3748 repetas

499 3769 656 3868 (Luc.
679 3791 781 3864 vt).
802 3789 946 3846 Dicit
964 3787 1056 3844 illa
1079 3803 1092 3840 :
1120 3782 1228 3841 Sed
1245 3780 1380 3838 mihi
1400 3786 1505 3844 est,
1533 3775 1729 3846 inquit,
1753 3769 1949 3827 dotatis
1971 3782 2088 3822 lna-

498 3861 747 3949 trimonii
782 3882 900 3955 lege
938 3878 1282 3951 coniunctus.
1323 3869 1638 3942 Respondet
1670 3867 1773 3922 ista
1803 3881 1819 3919 :
1852 3861 1989 3931 Quia
2034 3867 2090 3916 et

502 3982 641 4043 mihi
703 3987 788 4037 est
839 3976 1081 4050 pretioso
1138 3968 1388 4041 martyrii
1450 3962 1715 4035 sanguine
1771 3958 2087 4014 foederatus.

498 4071 759 4136 Habuisti
796 4078 888 4136 tu,
913 4068 1042 4124 dum
1081 4064 1265 4130 licuit,
1300 4058 1583 4129 coniugem
1625 4065 1807 4119 tuum;
1854 4051 2015 4107 liceat
2038 4057 2095 4105 et

495 4166 645 4229 mihi
676 4162 882 4219 habere
926 4160 1047 4216 sine
1095 4153 1339 4212 molestia
1368 4158 1666 4221 martyrem
1718 4159 1922 4201 meum.
1972 4140 2093 4196 Tibi

490 4344 856 4418 triumphalis
881 4339 1127 4412 martyrii
1148 4336 1317 4408 gloria
1349 4339 1664 4390 coronatus.
1696 4327 1838 4383 Audi
1863 4325 2095 4396 Aposto-

485 4445 621 4500 tlum
668 4416 980 4497 dicentem:
1019 4452 1039 4487 ι
1079 4430 1272 4488 Mulier
1320 4426 1538 4498 alligata
1587 4430 1672 4478 est
1709 4419 1812 4491 legi
1853 4416 2094 4487 quandiu

506 4535 595 4590 vir
615 4530 731 4602 ejus
755 4527 918 4592 vivit;
950 4539 1075 4580 cum
1108 4530 1288 4577 autem
1312 4515 1512 4573 obierit
1538 4513 1622 4568 vir
1642 4509 1780 4582 ejus,
1806 4508 1985 4565 soluta
2012 4513 2095 4561 est

488 4647 542 4693 .a
568 4598 690 4699 lege
716 4623 818 4680 viri
851 4620 901 4694 (Ι
933 4617 1057 4674 Car.
1085 4615 1207 4687 vti),
1232 4633 1251 4666 ι
1287 4611 1345 4668 Si
1376 4624 1507 4681 ergo
1533 4617 1590 4662 tu
1615 4603 1790 4662 soluta
1827 4615 1886 4657 es
1924 4616 1953 4654 a
1995 4598 2096 4654 viri

488 4688 653 4795 ,lege‘,’
680 4732 800 4791 quae
829 4688 882 4770 in
910 4725 1077 4768 carne
1106 4707 1285 4764 adhuc
1303 4703 1464 4768 vivis,
1488 4697 1758 4770 quomodo
1787 4693 1886 4759 illi,
1909 4690 2001 4762 qui
2026 4688 2095 4745 ad

498 4811 759 4869 coelestia
815 4819 978 4876 regna
1010 4801 1134 4877 jam
1186 4795 1444 4858 transiit,
1490 4791 1774 4847 innectere
1823 4782 2097 4840 vinculum

513 4899 756 4973 quieris?
787 4871 904 4952 Sed
922 4891 990 4947 ad
1010 4871 1380 4947 dirimendum
1405 4879 1710 4950 hujusntodi
1737 4871 2102 4932 contentionis

514 4965 1007 5057 sanctae-litigium,
1037 4979 1270 5036 accessit
1298 4977 1415 5047 ipse
1434 4973 1626 5029 beatus
1651 4976 1864 5039 martyr
1902 4965 1957 5020 in
1987 4977 2103 5018 me-

530 5085 666 5106 le“...
710 5088 756 5106 ιιι
774 5074 1095 5106 ..ηηΑ-υινιλω
1112 5069 1299 5106 ..νην-ἴε
1322 5062 1556 5106 ηιιρνιιΙπι
1580 5058 1837 5106 ἰιηηηςηίι

2169 1927 2370 2001 quippe
2386 1935 2744 1991 mortuorum,
2768 1932 2990 1995 peccata
3015 1920 3327 1992 signiﬁcant
3346 1916 3550 1986 injuste
3572 1916 3759 1970 viven-

2171 2020 2329 2074 tium.
2371 2019 2524 2074 Sicut
2571 2017 2717 2072 enim
2756 2022 2877 2086 post
2912 2000 3217 2068 contactum
3268 2023 3563 2080 corporum
3614 2021 3761 2061 mor-

2172 2120 2390 2167 tuorum
2420 2109 2507 2164 lex
2536 2106 2785 2180 praecipit
2810 2104 3058 2161 homines
3084 2099 3361 2176 purificari
3394 2097 3597 2169 (Nam.
3622 2094 3760 2163 xix),

2172 2202 2246 2258 ita
2269 2202 2432 2257 etiam
2471 2208 2595 2270 post
2634 2196 3091 2269 perpetrationctn
3137 2193 3456 2249 delictorum
3501 2186 3764 2257 jubcmur

2171 2307 2270 2364 per
2300 2290 2677 2364 paenitentiam
2705 2286 2872 2343 ablui.
2894 2286 3035 2341 Hinc
3064 2284 3318 2340 nimirqu
3352 2280 3441 2336 illa
3482 2278 3759 2334 sententia

2173 2384 2320 2439 dicta
2354 2391 2471 2439 est:
2507 2399 2526 2434 ‹
2557 2379 2657 2447 Qui
2685 2379 2992 2448 baptizatur
3014 2391 3044 2429 a
3077 2383 3311 2436 mortuo,
3333 2379 3388 2425 et
3411 2370 3615 2425 iterum
3648 2375 3766 2420 tan-

2174 2475 2251 2547 git
2272 2472 2590 2544 illum,quid
2620 2469 2842 2541 prodest
2866 2467 3066 2522 lavatio
3091 2464 3239 2534 ejus?
3265 2483 3283 2516 ι
3318 2459 3513 2531 (Eccli.
3546 2454 3765 2526 xxxiv.)

2176 2564 2499 2637 Baptizatur
2530 2564 2729 2633 quippe
2760 2577 2789 2616 a
2821 2568 3058 2622 mortuo,
3099 2556 3190 2628 qui
3221 2554 3518 2609 mundatur
3550 2548 3766 2603 fletibus

2175 2674 2205 2714 a
2233 2665 2488 2728 peccato;
2519 2655 2614 2710 sed
2645 2660 2766 2723 post
2794 2649 3121 2720 baptismum
3144 2656 3416 2702 mortuum
3448 2642 3651 2712 tangit,
3674 2638 3766 2709 qui

2175 2749 2391 2819 culpam
2421 2754 2541 2818 post
2564 2743 2839 2814 lacrymas
2864 2739 3088 2811 repetit.
3127 2734 3414 2806 Sepultura
3453 2745 3589 2786 vero
3619 2744 3766 2784 mor-

2181 2849 2398 2896 tuorum
2444 2835 2820 2893 remissionem
2872 2830 3142 2903 significat
3183 2834 3559 2898 peccatorum.
3619 2819 3771 2877 Unde

2178 2947 2277 3006 per
2302 2928 2632 2999 Prophetant
2672 2924 2911 2981 dicitur:
2948 2939 2968 2972 ι
2999 2919 3189 2983 Beati,
3238 2927 3472 2986 quorum
3526 2911 3771 2966 remissa:

2179 3002 2312 3083 sunt
2339 3020 2674 3092 iniquitates,
2702 3024 2758 3073 et
2781 3030 3010 3086 quorum
3039 3019 3177 3068 tecta
3199 3019 3325 3066 sunt
3345 3016 3577 3080 peccata
3596 3002 3773 3072 (Psal.

2181 3115 2358 3188 sui).
2394 3133 2413 3166 t
2451 3112 2551 3168 Ubi
2579 3125 2707 3179 ergo
2735 3105 3041 3177 sepelicnda
3071 3100 3514 3159 erantcadavera
3540 3097 3774 3167 patriar-

2107 3188 2153 3252 ο
2183 3187 2428 3269 charum,
2465 3202 2568 3258 nisi
2593 3202 2647 3256 iu
2674 3215 2738 3254 ea
2765 3208 2909 3254 terra
2939 3196 3031 3251 ubi
3083 3194 3172 3250 ille
3206 3200 3327 3250 erat
3366 3187 3779 3258 crucifigeudus

2182 3295 2340 3367 cujus
2359 3294 2619 3363 sanguine
2647 3291 2788 3347 facta
2812 3295 2895 3344 est
2928 3285 3176 3343 remissio
3200 3290 3553 3355 peccatorum
3571 3278 3598 3331 ἲ
3646 3281 3776 3345 Quae

2185 3403 2314 3460 ergo
2339 3400 2501 3442 causa
2518 3384 2615 3438 fuit
2636 3391 2692 3436 ut
2708 3379 3020 3450 patriarcha
3036 3375 3202 3431 Jacob
3219 3372 3382 3443 sepeli
3395 3381 3549 3426 retur
3568 3370 3622 3423 in
3635 3367 3775 3423 Chao

2187 3456 2501 3536 navnmorum
2528 3484 2693 3537 terra,
2720 3472 2909 3525 eadem
2931 3467 3031 3522 fuit
3059 3477 3119 3521 ut
3158 3466 3348 3520 beatus
3378 3460 3576 3516 Vitalis
3599 3456 3776 3527 sepul-

2186 3583 2338 3625 crum
2357 3566 2458 3621 sibi
2486 3560 2792 3635 Specialiter
2820 3559 3045 3629 eligeret
3070 3556 3122 3610 in
3155 3554 3286 3609 urbe
3304 3554 3594 3607 Ravenna.
3624 3550 3777 3603 Sicut

2182 3661 2332 3716 enim
2359 3658 2447 3714 ille
2466 3673 2562 3729 per
2584 3654 2921 3724 sepulturam
2962 3649 3047 3705 sui
3096 3646 3360 3717 corporis,
3393 3643 3775 3699 remissionem

2184 3763 2535 3825 peccatorum
2566 3749 2621 3803 in
2649 3747 2757 3802 illis
2785 3744 2969 3799 mundi
2997 3741 3226 3805 finibus,
3254 3739 3380 3809 quia
3414 3739 3486 3793 ibi
3516 3736 3777 3791 Dominus

2190 3850 2311 3901 erat
2332 3837 2751 3908 cruciﬁgendus,
2774 3831 3095 3905 significavit
3122 3846 3245 3886 esse
3273 3831 3538 3891 futuram,
3577 3828 3652 3880 ita
3681 3826 3778 3881 iste

2191 3933 2336 3989 hanc
2373 3930 2746 3987 felicissimam
2778 3923 3053 3979 urbemad
3077 3921 3333 3992 baptismi
3364 3921 3603 3990 gratiam
3633 3927 3691 3973 et
3712 3914 3776 3969 ad

2194 4027 2356 4082 ﬁdem
2378 4023 2581 4079 Christi
2604 4018 2856 4092 cognovit
2879 4014 3136 4071 divinitus
3158 4028 3278 4069 esse
3305 4011 3637 4068 vocandam.

2265 4119 2609 4189 Quapropter
2629 4114 2857 4169 obsecro
2884 4125 2978 4164 vos
3002 4117 3058 4164 et
3091 4092 3389 4171 admoneo,
3434 4102 3778 4159 dilectissimi

2194 4214 2419 4277 fratres,
2452 4218 2656 4265 tantam
2679 4205 3023 4278 dignitatem,
3048 4217 3207 4272 quam
3249 4198 3488 4270 gratuito
3526 4197 3624 4252 Dei
3668 4212 3781 4253 mu-

2195 4322 2326 4365 nere
2360 4298 2706 4373 suscepistis,
2753 4297 2973 4353 assidua
3016 4294 3368 4349 meditatione
3413 4290 3675 4352 recolite,
3727 4294 3781 4341 et

2197 4398 2387 4468 dignas
2429 4392 2594 4448 tantis
2625 4386 2909 4445 beneficiis
2946 4383 3150 4456 gratias
3185 4397 3291 4437 non
3326 4380 3500 4437 solum
3540 4393 3640 4433 ore
3698 4376 3777 4431 vel

2198 4490 2383 4556 corde,
2413 4485 2506 4544 sed
2544 4484 2708 4541 etiam
2761 4479 2938 4553 dignis
2991 4476 3247 4548 operibus
3302 4471 3507 4528 referre
3561 4478 3774 4531 curate,

2199 4584 2439 4639 dicentes
2463 4589 2677 4647 semper
2721 4558 2842 4628 cum
2891 4568 3161 4639 Propheta
3195 4584 3209 4621 :
3247 4583 3265 4615 ι
3304 4563 3442 4633 Quid
3483 4563 3778 4618 retribuam

2201 4672 2453 4738 Domino,
2474 4685 2573 4740 pro
2597 4665 2850 4724 omnibus
2882 4679 3002 4734 qua:
3041 4660 3294 4716 retribuit
3320 4656 3494 4713 mihi?
3544 4655 3777 4711 Calicem

2202 4762 2457 4821 salutaris
2483 4757 2772 4829 accipiam,
2798 4762 2853 4810 et
2878 4768 3074 4809 nomen
3091 4748 3303 4806 Domini
3328 4743 3778 4816 invocabo(Psal.

2201 4858 2346 4930 cxv).
2370 4877 2388 4911 ι
2413 4854 2529 4910 Non
2547 4852 2838 4908 abhorreat
2856 4856 3246 4903 momentaneae
3261 4841 3498 4913 potionis
3521 4840 3782 4895 amaritu-

2204 4950 2384 5006 dinem
2410 4945 2597 5001 bibere
2627 4942 2721 5012 qui
2753 4941 2819 4995 ad
2856 4946 3129 5011 perpetuae
3164 4933 3557 4991 incolumitatis
3598 4931 3779 4985 dulce-

2205 5042 2385 5099 dinem
2420 5035 2689 5093 desiderat
2733 5031 3038 5103 pervenire.
3083 5027 3186 5096 Qui
3235 5024 3350 5079 vult
3395 5024 3595 5079 ascribi
3649 5024 3781 5076 inter
