3946 5368
184 306 294 364 593

1552 301 1785 358 SERMO
1821 305 1959 362 XVII
1991 309 2088 362 bis.

3344 300 3452 358 595

183 422 329 487 Non,
363 421 581 488 fratres,
612 436 717 477 non
753 429 931 491 potest
958 420 1071 475 lleri
1103 428 1163 475 ut
1199 420 1265 474 ad
1308 435 1498 490 magna
1540 421 1759 488 praemia
1791 430 1838 488 Α
1866 421 1993 474 litiae
2041 420 2247 489 antiqui
2302 419 2471 474 hostis
2506 419 2715 483 obviat,
2755 427 2812 472 ut
2847 417 3136 488 aliquando
3171 430 3264 474 eos
3288 417 3456 472 etiam

187 514 561 583 perveniatur,
588 513 686 567 nisi
713 527 808 582 per
835 526 1056 579 magnos
1081 509 1312 564 labores.
1332 508 1482 564 Sicut
1504 509 1646 564 enim
1670 525 1768 578 per

187 604 508 674 Apostolum
535 603 734 658 dicitur
758 621 772 656 :
808 623 825 654 ι
851 602 952 656 Per
981 602 1176 658 multas
1207 601 1584 655 tribulationes
1608 615 1769 670 Opor-

189 705 264 750 t-:t
292 711 393 750 nos
418 695 624 765 ingredi
654 695 706 748 in
737 709 957 764 regnum
986 693 1080 747 Dei
1101 691 1238 762 (Act.
1267 692 1401 761 xxv).
1435 711 1454 745 ι
1481 691 1632 747 Unde
1654 692 1766 761 ipsa

190 784 404 842 Veritas
435 787 570 842 dicit
594 805 606 839 :
635 805 653 837 ι
682 786 725 839 Α
755 797 992 854 tempore
1022 784 1242 838 Joannis
1269 783 1522 851 Baptista:
1549 799 1769 854 regnum

192 873 283 926 Dei
310 874 423 926 vim
453 873 676 944 patitur,
697 873 979 928 etviolenti
999 874 1210 941 rapiunt
1234 870 1360 925 illud
1385 870 1600 940 (Matth.
1624 872 1716 941 xi).
1745 889 1763 922 ι

257 963 478 1018 Caduca
516 979 646 1033 ergo
684 963 864 1018 saeculi
915 961 1095 1031 hujus,
1143 961 1339 1016 fratres
1380 963 1520 1027 mei,
1558 962 1768 1016 blandi-

188 1063 368 1107 menta
393 1055 760 1124 despicite,ad
782 1054 1017 1109 caelestis
1042 1053 1226 1122 patriae
1243 1052 1434 1122 gaudia
1461 1052 1771 1107 medullitus

186 1145 466 1210 anhelate,
499 1147 681 1201 carnis
707 1147 973 1200 incentiva
1006 1145 1313 1215 reprimite,
1349 1144 1598 1198 mandata
1633 1143 1766 1208 Dei,

186 1250 305 1304 quae
332 1249 463 1291 ante
499 1236 1064 1308 percipitis,0peribns
1110 1236 1426 1304 adimplcte;
1475 1234 1544 1288 ab
1587 1249 1772 1290 amore

187 1326 281 1380 Dei
312 1327 464 1381 nulla
489 1343 586 1382 vos
620 1328 803 1382 mundi
833 1328 1162 1397 prosperitas
1192 1326 1464 1387 retrahat,
1505 1323 1648 1378 nulla
1678 1340 1772 1380 vos

189 1418 494 1473 adversitas
544 1419 776 1489 frangat,
843 1433 950 1472 non
1001 1431 1200 1486 corpus
1256 1424 1495 1471 vestrum
1560 1415 1772 1470 luxuria

187 1507 410 1576 polluat,
441 1525 549 1564 non
574 1510 786 1564 invidiae
809 1508 1021 1563 flamma
1040 1515 1342 1571 consumat,
1362 1520 1466 1562 non
1489 1521 1584 1562 vos
1609 1506 1774 1562 elatio

189 1599 357 1662 inﬂet,
390 1616 500 1654 non
533 1609 871 1655 terrenarum
905 1616 1082 1655 rerum
1112 1601 1378 1672 cupiditas
1404 1610 1630 1671 gravet,
1667 1613 1773 1654 non

187 1704 279 1742 vos
306 1690 375 1743 ab
407 1705 597 1745 amore
624 1692 852 1760 proximi
904 1690 1178 1745 iracundia
1233 1691 1472 1753 dividat,
1527 1705 1631 1744 non
1681 1705 1774 1743 vos

1871 526 2005 580 quos
2025 509 2138 578 jam
2171 511 2312 579 cepit
2336 511 2574 572 amittat,
2602 519 2656 566 et
2687 511 2840 580 quasi
2873 509 2939 565 ab
2967 524 3062 564 ore
3089 509 3230 564 illius
3257 508 3460 563 cadum

1869 603 1958 671 qui
1991 610 2108 670 post
2133 611 2470 671 perpetratas
2499 600 2685 671 culpas
2722 600 2788 654 ad
2818 599 3177 654 innocentiam
3209 599 3456 653 redeunt.

1870 690 2001 758 Quis
2029 693 2194 754 enim.
2233 705 2327 746 ore
2379 691 2521 744 illius
2566 689 2734 746 semel
2779 701 2990 760 captus,
3038 689 3312 744 maxillam
3340 688 3458 758 ejus

1868 783 2144 846 evaderet,
2181 784 2224 838 si
2261 783 2538 853 perforata
2588 799 2693 838 non
2729 783 2915 839 esset?
2964 784 3044 836 An
3092 798 3198 837 non
3238 782 3456 836 beatum

1871 869 2178 932 Ursicinum
2201 882 2328 929 tunc
2357 875 2666 940 momordit,
2697 889 2818 929 cum
2849 883 2967 944 post
2994 875 3158 929 nimia
3185 881 3455 929 tormenta

1871 961 2140 1016 carnificis
2171 963 2402 1034 gladium
2446 963 2788 1019 formidavit?
2818 967 2896 1019 An
2940 980 3048 1019 non
3089 965 3236 1018 illum
3269 965 3321 1018 in
3361 979 3459 1017 ore

1871 1053 1937 1107 ad
1967 1053 2180 1120 plenum
2214 1055 2405 1120 tenuit,
2437 1056 2652 1126 quando
2683 1057 2838 1112 idolis
2883 1059 3191 1113 sacrilicare
3225 1071 3458 1112 consen—

1871 1143 1983 1198 sit?
2012 1144 2138 1209 Sed,
2181 1146 2305 1202 dum
2346 1163 2444 1217 per
2483 1149 2918 1204 exhortationem
2963 1149 3156 1205 V'italis
3184 1149 3458 1219 gloriosis-

1871 1234 1994 1288 simi
2032 1237 2286 1305 martyris
2332 1237 2399 1290 ad
2430 1238 2591 1291 vitam
2623 1238 2798 1304 rediit,
2831 1238 3125 1296 Leviathan
3171 1241 3272 1297 iste
3331 1254 3457 1296 eum

1872 1324 2052 1395 aliquo
2078 1327 2235 1380 modo
2266 1329 2421 1398 quasi
2452 1343 2548 1398 per
2573 1329 2805 1384 maxillae
2831 1347 2942 1386 sua:
2977 1332 3220 1387 foramen
3251 1331 3456 1387 amisit.

1870 1417 2023 1474 Sicut
2061 1419 2203 1474 enim
2245 1420 2295 1475 in
2342 1431 2528 1477 sancta
2561 1431 2832 1491 gestorum
2879 1423 3023 1479 illius
3071 1432 3330 1478 narratur
3373 1423 3458 1478 hi-

1872 1509 2061 1574 storia,
2102 1525 2224 1564 cum
2270 1520 2392 1581 post
2442 1513 2606 1566 nimia
2660 1522 2922 1568 tormenta
2970 1513 3316 1570 decollandus
3369 1528 3461 1566 ve-

1873 1600 2040 1656 nisset
2068 1599 2350 1656 Ursicinus
2393 1602 2458 1656 ad
2489 1602 2737 1672 palmam,
2785 1605 3021 1675 expavit,
3054 1615 3110 1660 et
3139 1607 3265 1660 dum
3297 1604 3461 1658 vcllet

1874 1694 2122 1757 evadere,
2152 1693 2470 1748 exclamavit
2500 1693 2706 1761 Vitalis,
2735 1696 2957 1752 dicens:
3005 1696 3144 1762 Noli,
3178 1697 3309 1763 noli,
3350 1695 3458 1752 Ur-

187 1796 481 1848 pravorum
555 1782 697 1836 vitiis
765 1782 983 1837 dilectio
1057 1784 1361 1838 inordinata
1429 1782 1720 1853 conjungat
1751 1797 1766 1847 ;
1801 1785 1844 1845 Β
1873 1782 2041 1838 sicine
2068 1783 2292 1848 medice,
2323 1785 2413 1853 qui
2442 1784 2575 1841 alios
2599 1802 2790 1842 curare
2822 1788 3172 1851 consuevisti,
3205 1796 3255 1844 te
3282 1787 3456 1858 ipsum

189 1881 463 1926 transacta
490 1872 632 1926 mala
681 1873 857 1943 digna:
902 1874 1234 1944 pteaitentia:
1281 1873 1492 1929 ﬂetibus
1544 1875 1770 1944 tcrgite,

187 1965 528 2019 lmminentia
561 1981 690 2020 vero
719 1977 879 2020 cauta
910 1967 1215 2036 provisione
1244 1967 1408 2021 vitate
1427 2009 1441 2032 ,
1487 1975 1772 2021 venturum

189 2055 487 2109 terribilem
516 2055 761 2112 Iudicem
790 2068 915 2112 ante
944 2059 1142 2113 mentis
1177 2058 1362 2113 oculos
1400 2060 1582 2128 ponite
1602 2100 1617 2121 ,
1667 2057 1774 2112 dis-

191 2147 329 2201 tricti
356 2148 630 2201 examinis
659 2149 983 2202 sententiam
1016 2149 1207 2219 trepidi
1231 2149 1549 2212 formidate,
1583 2158 1775 2220 quale-

188 2251 317 2300 nas,
347 2251 512 2307 quem
545 2253 688 2293 nunc
724 2250 1010 2294 venturum
1049 2247 1353 2294 metuentes
1375 2279 1388 2303 ,
1422 2239 1776 2296 lnunanitatis

188 2325 300 2396 «jus
329 2342 555 2382 crucem
603 2329 842 2398 bajulare
891 2332 1167 2400 satagitis,
1221 2331 1272 2385 in
1321 2331 1619 2399 maiestatis
1667 2347 1777 2388 sua

191 2419 357 2488 gloria
422 2423 766 2488 postmodum
833 2423 1140 2477 venientem
1208 2423 1383 2478 securi
1449 2433 1504 2478 et
1564 2424 1776 2480 alacres

192 2511 420 2566 videatis
440 2511 626 2568 Jesnm
649 2514 921 2569 Christum
947 2514 1235 2570 Dominum
1259 2517 1628 2585 nostrum.qui
1652 2531 1774 2571 cum

193 2601 349 2658 Patre
385 2613 444 2659 et
479 2603 688 2676 Spiritu
717 2614 908 2662 sancto
935 2605 1066 2662 vivit
1092 2615 1145 2662 et
1171 2616 1358 2678 regnat
1381 2609 1434 2662 in
1465 2607 1658 2662 stecula
1692 2623 1777 2664 se-

189 2692 458 2752 culorum.
487 2699 678 2755 Amen.

705 2791 938 2850 SERMO
975 2791 1117 2848 XVII
1147 2794 1242 2848 bis.

271 2897 331 2938 tt.
372 2898 444 2938 ne
483 2898 689 2940 saacro
727 2901 923 2942 vmu:
963 2901 1234 2942 titanas.
1280 2887 1476 2957 (xxvttt
1519 2885 1666 2955 Αριι.)

257 2972 339 3026 Ad
370 2973 662 3041 pulchrum
703 2976 866 3031 nimis
888 2977 1253 3046 spectaculum
1283 2984 1338 3029 et
1371 2974 1688 3030 delectabile
1711 2974 1778 3030 ad

192 3062 508 3130 videndum,
554 3065 755 3122 fratres
798 3067 1140 3133 charissimi,
1189 3067 1448 3121 hodierna
1489 3066 1777 3120 festivitate

1876 1882 2090 1928 aeterna:
2117 1875 2307 1929 mortis
2326 1872 2508 1942 jacnlo
2536 1876 2847 1944 vulnerare;
2873 1887 2926 1932 et
2946 1879 3038 1948 qni
3066 1893 3161 1947 per
3182 1879 3460 1948 passiones

1876 1964 2070 2019 nimias
2105 1965 2300 2020 venisti
2347 1965 2414 2021 ad
2459 1967 2715 2036 palmam,
2769 1984 2838 2022 ne
2879 1971 3076 2040 perdas
3123 1984 3376 2026 coronam
3429 1987 3460 2024 a

1877 2057 2102 2112 Domino
2134 2058 2226 2113 tibi
2257 2069 2522 2129 paratam.
2549 2060 2594 2116 Ο
2624 2061 2885 2116 mirabilis
2905 2062 3105 2118 Christi
3138 2063 3313 2128 miles,
3346 2064 3460 2134 qui,

1877 2146 2002 2201 dum
2028 2148 2204 2204 adhuc
2236 2159 2462 2206 terrena:
2492 2151 2696 2206 militiae
2725 2153 2892 2207 armis
2929 2153 3251 2223 accingitur,
3278 2154 3467 2209 divino

1877 2236 2243 2293 inﬂammante
2271 2238 2498 2310 Spiritu,
2532 2251 2752 2312 repente
2779 2243 2846 2297 ad
2876 2243 3157 2313 spirituale
3181 2252 3459 2300 certamen

1878 2327 2116 2385 fervidus
2155 2332 2461 2388 animatur!
2497 2333 2540 2391 Ο
2570 2350 2738 2390 novus
2762 2345 2813 2390 et
2853 2335 3288 2408 incomparabilis
3337 2337 3462 2401 tiro,

1876 2419 1991 2490 qui,
2038 2422 2088 2475 in
2139 2423 2256 2492 ipso
2297 2423 2527 2479 tirocinii
2559 2426 2641 2480 sui
2675 2425 2827 2481 initio
2869 2427 3077 2482 medias
3117 2426 3463 2483 frementium

1878 2509 2114 2565 hostium
2159 2521 2405 2568 catervas
2456 2515 2781 2583 irrumpens,
2835 2515 2888 2569 in
2949 2516 3122 2586 ipsum
3171 2525 3460 2588 tyrannum

1877 2599 2273 2670 imperterritus
2303 2604 2478 2668 irruit,
2526 2613 2581 2658 et
2620 2605 3036 2662 commilitonem
3067 2621 3223 2662 suum
3265 2607 3332 2662 de
3365 2607 3467 2663 sub

1877 2691 2008 2760 ipsis
2041 2693 2423 2750 trucidantium
2462 2695 2654 2767 gladiis
2689 2696 2978 2752 liberavit!
3005 2698 3202 2753 Doctus
3246 2707 3302 2754 et
3347 2697 3461 2753 fer-

1878 2784 2224 2840 ventissimus
2265 2786 2420 2843 miles
2457 2786 2682 2853 Christi,
2727 2788 2780 2844 in
2820 2789 3031 2844 hostem
3083 2788 3342 2859 impetum
3385 2788 3467 2844 fa-

1877 2875 2046 2940 ciens,
2079 2875 2270 2944 repulit
2301 2876 2592 2944 captivum,
2611 2878 2676 2932 ad
2699 2893 2758 2934 se
2785 2879 2990 2934 socium
3015 2880 3199 2944 traxit,
3226 2889 3281 2936 et
3302 2879 3468 2936 detri-

1879 2973 2116 3020 mentum
2147 2981 2257 3020 sua:
2286 2967 2489 3022 militize
2517 2969 2766 3024 restituto
2796 2969 2964 3025 milite
2999 2971 3289 3040 reparavit.

1951 3052 2310 3111 Considerare
2365 3055 2528 3123 libet,
2585 3058 2780 3116 fratres
2830 3059 3172 3127 charissimi,
3233 3069 3466 3116 mentem

191 3154 574 3219 convenimus,
601 3163 655 3209 et
684 3155 1056 3211 admirabilem
1084 3155 1426 3226 triumphalis
1453 3172 1642 3225 pugnae
1669 3156 1778 3210 vic-
1805 3144 1850 3208 C
1882 3147 2026 3203 beati
2070 3147 2254 3202 Vitalis
2301 3159 2538 3220 quantus
2585 3151 2748 3206 ardor
2791 3151 3076 3207 charitatis
3122 3151 3464 3216 accenderat,

193 3243 388 3296 toriam
423 3243 598 3300 oculis
615 3244 736 3300 fidei
761 3246 1104 3316 contemplati
1136 3261 1341 3301 sumus.
1371 3244 1613 3301 Vidimus
1634 3247 1778 3301 enim

193 3335 479 3404 antiquum
506 3337 796 3392 draconem
827 3353 950 3392 cum
977 3337 1199 3393 homine
1230 3339 1518 3407 congredi;
1552 3339 1782 3394 vidimus

192 3436 524 3478 venenosam
587 3425 906 3481 civilitatem
962 3427 1200 3483 melioris
1260 3428 1527 3498 serpentis
1581 3428 1779 3482 astutia

192 3517 477 3585 superari;
513 3516 751 3572 vidimus
788 3519 938 3574 illum
991 3521 1083 3589 qui
1139 3521 1357 3575 vincere
1384 3528 1778 3585 consueverat,

193 3610 472 3664 enerviter
522 3611 753 3676 cedere;
797 3612 1032 3667 vidimus
1063 3627 1186 3668 eum
1236 3612 1328 3683 qui
1365 3621 1668 3682 prostratus
1690 3609 1777 3679 ja-

191 3711 400 3766 cuerat,
426 3702 634 3773 ereptis
660 3703 848 3773 spoliis
873 3704 940 3758 de
965 3703 1290 3772 triumphato
1314 3703 1469 3757 hoste
1495 3702 1778 3756 victoriam

193 3806 496 3864 reportare.
541 3797 689 3852 Illinc
724 3797 1101 3868 perspeximus
1132 3797 1434 3866 rugientem
1475 3795 1684 3849 leonem
1723 3795 1778 3849 in

191 3885 395 3941 Christi
419 3903 638 3958 gregem
661 3889 972 3944 immaniter
991 3887 1253 3954 fremere;
1275 3889 1401 3943 hinc
1423 3903 1553 3943 vero
1581 3903 1779 3944 novum

192 3974 361 4030 David
390 3987 603 4047 raptam
630 3994 783 4034 ovem
821 3980 886 4033 de
912 3980 1153 4035 cruentis
1181 3978 1478 4034 avidissimi
1513 3979 1780 4048 przedonis

189 4067 446 4123 dentibus
505 4069 756 4125 liberare.
824 4071 916 4127 Ille
979 4071 1243 4142 siquidem
1304 4071 1475 4126 aridis
1533 4070 1780 4127 faucibus

192 4158 415 4215 inhians
446 4162 746 4217 humanum
773 4165 1093 4233 sanguinem
1122 4163 1437 4230 sitiebat,et
1467 4174 1653 4234 aperto
1668 4181 1779 4220 sua:

193 4251 414 4307 malitia:
438 4262 658 4322 gutture
679 4269 834 4310 ovem
858 4255 1058 4311 Christi
1085 4255 1350 4326 deglutire
1367 4253 1478 4324 jam
1507 4265 1772 4326 cmperat;

193 4340 292 4396 iste
341 4359 477 4398 vero
535 4343 714 4415 gladio
765 4346 1024 4415 spiritus,
1077 4348 1220 4416 quod
1268 4355 1352 4402 est
1398 4349 1623 4402 verbum
1682 4348 1776 4404 Dei

193 4431 414 4502 (Ephes.
446 4432 690 4504 vi),ejus
736 4451 830 4490 ora
885 4435 1230 4506 transfigens,
1276 4444 1486 4507 captam
1539 4438 1775 4506 prtedam

195 4523 458 4581 violenter
480 4526 686 4595 eripuit
707 4535 761 4581 et
781 4543 878 4596 per
902 4526 1167 4593 foramen,
1191 4527 1332 4596 quod
1359 4527 1411 4581 iu
1439 4528 1655 4582 maxilla
1681 4528 1778 4584 Le-
1805 4507 1856 4566 Β

197 4613 415 4670 viathan
457 4614 700 4682 fecerat,
734 4616 801 4670 ab
825 4619 941 4687 ipso
983 4631 1120 4687 pene
1174 4617 1364 4672 mortis
1411 4616 1672 4673 barathro
1709 4620 1776 4673 ad

198 4705 316 4760 vitae
346 4723 546 4778 pascua
583 4709 877 4763 revocavit.
920 4707 1072 4764 Unde
1121 4708 1256 4762 bene
1302 4707 1369 4761 ad
1409 4707 1628 4762 beatum
1675 4705 1777 4761 Joh

199 4810 322 4850 voce
349 4797 638 4853 Dominica
674 4797 913 4852 dicitur:
952 4815 970 4848 ι
1009 4796 1259 4866 Nunquid
1287 4797 1496 4851 armilla
1527 4795 1776 4866 perfora-

198 4885 276 4940 bis
305 4876 580 4944 maxillam
610 4887 950 4943 Leviathan?
981 4888 1101 4958 (Job
1124 4887 1236 4957 χι..)
1267 4907 1286 4940 ο
1334 4886 1439 4942 Per
1478 4885 1776 4942 Leviathan

200 4979 409 5052 quippe,
441 4981 535 5051 qui
569 4979 990 5034 additamentum
1015 4995 1193 5033 eorum
1219 4979 1438 5044 dicitur,
1467 4986 1660 5035 cautus
1687 4977 1778 5035 ille

201 5069 482 5128 devorator
520 5073 751 5128 humani
787 5071 998 5142 generis
1039 5071 1376 5142 designatur,
1415 5072 1528 5142 qui,
1552 5072 1678 5126 dum
1721 5088 1781 5130 se

202 5161 530 5221 divinitatem
557 5162 766 5220 homini
801 5165 998 5220 addere
1028 5165 1316 5232 5p0pondit
1338 5205 1352 5230 ,
1398 5163 1780 5222 immortalita-

202 5261 298 5308 tem
332 5256 586 5321 sustulit;
636 5254 730 5324 qni
757 5253 1224 5323 praevaricationis
1259 5269 1477 5324 quoque
1524 5254 1736 5326 culpam
1764 5297 1779 5323 ,

205 5358 341 5366 an-..
374 5347 544 5366 --..!,4--
594 5347 1131 5366 L-..!--2_..-,-!A-..ZA

1883 3242 1996 3310 qui,
2022 3251 2079 3295 ut
2117 3239 2370 3297 fraterna:
2394 3242 2552 3298 saluti
2588 3243 2918 3310 consuleret,
2954 3245 3168 3300 sibimet
3193 3243 3294 3313 ipsi
3319 3244 3466 3314 peric

1883 3333 2062 3388 culum
2103 3349 2207 3388 non
2260 3335 2482 3390 timebat
2537 3335 2722 3390 Balteo
2757 3337 3020 3406 siquidem
3053 3335 3272 3391 militari
3323 3351 3462 3405 pra:-

1882 3427 2109 3487 cinctns.
2164 3427 2326 3482 claris
2376 3427 2579 3493 militiae
2619 3428 2785 3482 titulis
2813 3428 3115 3499 insignitus,
3168 3428 3221 3482 in
3267 3426 3462 3482 ordine

1881 3521 2122 3588 equitum
2177 3521 2430 3590 scriptus,
2464 3520 2748 3592 chlamyde
2795 3520 2986 3576 bellica
3037 3521 3354 3584 decoratus,
3399 3519 3467 3573 de

1881 3613 2171 3681 semetipso
2209 3613 2462 3666 manebat
2503 3613 2722 3666 omnino
2763 3626 3008 3667 securus.
3066 3610 3175 3666 Sed
3215 3625 3339 3664 cum
3383 3609 3466 3664 vi-

1882 3701 2035 3754 deret
2074 3700 2347 3756 interioris
2377 3701 2582 3756 militiae
2611 3703 2816 3756 socium
2850 3702 2903 3755 in
2946 3702 3299 3756 tentationum
3327 3698 3467 3755 bello

1881 3793 2276 3864 deprehensum
2323 3793 2422 3848 sub
2468 3793 2735 3863 ingruenti
2779 3793 3007 3849 telorum
3058 3793 3316 3862 grandine
3351 3791 3466 3862 jam

1882 3884 2132 3948 deiicere,
2177 3892 2234 3940 ct
2276 3883 2476 3937 amisso
2519 3882 2793 3952 patientia:
2837 3883 3024 3954 clypeo
3072 3896 3235 3952 super
3264 3881 3466 3936 nudum

1881 3972 2104 4029 hostiles
2138 3971 2343 4043 gladios
2371 3972 2674 4036 imminere,
2708 3971 2956 4044 protinus
2987 3973 3038 4026 in
3073 3970 3303 4026 medium
3339 3985 3470 4041 pro-

1880 4065 2013 4130 silit,
2043 4073 2098 4120 et
2127 4065 2476 4134 semetipsum
2505 4063 2748 4132 periculo
2773 4063 2964 4118 mortis
2987 4061 3206 4131 ohjecit,
3224 4061 3468 4115 imitatus

1879 4158 2261 4227 imperatorem
2298 4171 2479 4213 suum.
2524 4154 2776 4210 videlicet
2819 4154 3040 4210 humani
3092 4151 3312 4224 generis
3360 4149 3468 4206 Re—

1879 4249 2236 4321 demptorem,
2261 4247 2374 4319 qui,
2400 4256 2462 4301 ut
2489 4261 2586 4302 nos
2615 4247 2938 4311 viveremus,
2971 4252 3202 4302 mortem
3227 4241 3468 4314 pertulit.

1877 4351 1952 4406 et,
2001 4351 2060 4396 ut
2099 4355 2198 4396 nos
2225 4341 2290 4396 de
2330 4339 2463 4408 jugo
2497 4339 2779 4394 diabolicae
2809 4336 3092 4407 potestatis
3133 4335 3389 4403 eriperet,
3436 4347 3468 4386 a

1878 4433 2142 4488 membris
2163 4430 2359 4486 diaboli
2388 4446 2446 4485 se
2470 4429 2709 4499 cruciﬁgi
2737 4428 3000 4498 permisit.
3026 4428 3227 4480 Aderat
3249 4423 3466 4492 quidem

1881 4536 2110 4592 corpore
2160 4522 2213 4576 in
2265 4520 2528 4590 obsequio
2576 4518 2904 4582 consularis,
2957 4524 3136 4571 mente
3180 4528 3312 4569 vero
3353 4512 3466 4582 jam

1882 4614 2174 4668 transierat
2211 4611 2275 4665 ad
2308 4610 2556 4664 militiam
2593 4606 2885 4662 Creatoris.
2918 4603 3235 4674 Accipiebat
3275 4600 3344 4656 ab
3378 4599 3470 4656 illo

1881 4704 2165 4776 praesentis
2193 4701 2318 4756 vitae
2345 4701 2693 4770 stipendium,
2723 4697 3073 4766 exspectabat
3107 4693 3176 4750 ab
3213 4695 3314 4749 isto
3341 4708 3467 4764 per-

1881 4806 2103 4869 petuum
2139 4795 2334 4849 futura:
2368 4791 2722 4848 beatitudinis
2757 4789 3168 4858 municipatum.
3196 4785 3472 4856 Suscipie.

1883 4889 1977 4944 bat
2022 4886 2092 4940 ab
2125 4883 2214 4940 illo
2245 4883 2580 4946 donativum,
2620 4880 2766 4949 quod
2812 4875 3188 4949 temporaliter
3219 4873 3470 4935 videbat;

1882 4978 2138 5048 sperabat
2178 4976 2246 5031 ab
2291 4975 2394 5032 isto
2435 4972 2708 5036 braviutn,
2751 4971 2894 5041 quod
2939 4967 3168 5023 necdum
3218 4978 3480 5038 percurso

1884 5067 2060 5125 stadio
2095 5065 2280 5122 videre
2311 5081 2416 5120 non
2457 5070 2719 5134 poterat,
2769 5062 2957 5118 dicens
3001 5073 3130 5113 cum
3175 5058 3480 5129 Apostolo:

1890 5179 1908 5213 ι
1945 5157 2063 5212 Non
2085 5155 2577 5228 contemplantibus
2601 5152 2756 5210 nobis
2780 5169 2901 5225 qua:
2927 5149 3204 5205 videntur.
3231 5151 3338 5208 Sed
3366 5160 3490 5222 qua

1885 5248 2137 5303 videntur
2167 5243 2484 5316 temporalia
2513 5251 2660 5308 sunt,
2695 5257 2817 5314 qua:
2855 5249 3038 5299 autem
3087 5255 3194 5295 non
3235 5241 3492 5296 videntur

1886 5349 2082 5366 ...Α-ι..-
2134 5348 2257 5364 ..η-ι
2288 5338 2369 5364 ΙΙΙ
2402 5335 2508 5362 Ρ-..
2556 5336 2630 5362 .-.\
2689 5356 2706 5362 -
2741 5333 3041 5362 D..L2I.-kno
3075 5332 3148 5360 31Ιῖ
3184 5332 3348 5360 -m-::
3384 5332 3488 5358 κεί-
