3946 5368
503 314 607 370 595

486 518 614 587 '86
640 492 857 569 flamma
881 511 947 565 de
964 516 1223 579 vaporato
1247 505 1364 574 ejus
1390 513 1607 574 pectore
1624 496 1898 556 aestuavitl
1932 492 2073 558 Noli,

490 607 637 670 'noli,
681 603 871 673 inquit,
904 600 1152 656 Ursicine
1178 597 1403 660 medice,
1434 593 1523 664 qui
1552 590 1685 646 alios
1722 600 1912 643 curare
1948 599 2076 641 con-

484 692 751 756 'suevisti,
785 701 837 745 te
868 691 1041 760 ipsum
1076 698 1290 742 aeternae
1332 683 1521 738 mortis
1546 680 1727 750 jacule
1768 677 2069 732 vulnerare.

505 782 615 837 Nec
649 783 701 837 in
735 780 994 836 auditoris
1023 794 1118 833 cor
1161 776 1352 846 frigida
1380 773 1701 830 descendere
1737 769 1925 840 potuit,
1955 781 2076 837 quae

488 880 602 942 'per
631 871 1020 928 exhortationis
1046 868 1208 925 verba
1238 884 1303 923 ex
1335 867 1450 936 ipso
1480 865 1711 935 Spiritus
1740 854 1907 917 sancti
1955 860 2076 928 igne

504 964 790 1034 processit.
816 962 1053 1017 Audiens
1080 961 1221 1014 enim
1251 959 1365 1013 bace
1394 955 1692 1018 Ursicinus,
1723 967 1858 1022 genu
1880 949 2075 1019 posito,

484 1056 891 1125 'spiculatorem
936 1060 997 1109 ut
1039 1052 1227 1108 feriret
1266 1051 1531 1112 hortatur,
1602 1058 1767 1115 agens
1814 1042 2073 1114 perniten-

481 1144 634 1198 ‘tiam
662 1144 806 1214 quod
835 1135 1135 1212 expavisset
1157 1138 1356 1194 Christi
1386 1136 1720 1207 martyrium.

489 1245 495 1253 '
578 1233 684 1289 Sed
722 1235 848 1287 dum
883 1232 1022 1287 beati
1075 1229 1309 1286 Ursicini
1352 1227 1531 1296 lapsus
1569 1224 1802 1286 auditur,
1845 1220 2073 1291 alicujus

509 1326 723 1381 animus
765 1326 997 1381 fortasse
1026 1331 1273 1378 movetur
1303 1335 1401 1374 cur
1435 1318 1777 1388 omnipotens
1811 1315 1953 1368 Deus
1980 1326 2072 1367 eos

485 1433 642 1487 -quos
675 1419 728 1473 in
759 1429 1079 1488 perpetuum
1109 1415 1291 1484 elegit,
1327 1428 1463 1482 quos
1502 1425 1600 1481 per
1625 1407 2070 1465 abundantiorem

505 1510 734 1578 gratiam
762 1509 924 1564 etiam
953 1508 1020 1562 ad
1063 1506 1307 1575 martyrii
1354 1505 1566 1560 culmen
1612 1500 1857 1564 assumit,
1891 1499 1943 1553 in
1984 1511 2074 1567 pe-

509 1600 728 1656 riculosi
758 1600 968 1655 timoris
1012 1598 1322 1668 voraginem
1374 1596 1566 1651 cadere
1605 1591 1927 1661 impediente
1956 1603 2071 1643 car-

508 1692 593 1747 nis
622 1692 934 1746 infirmitate
958 1689 1249 1759 permittit.
1284 1686 1458 1751 Unde,
1483 1686 1606 1755 quia
1634 1681 1885 1739 satisﬁeri
1908 1679 2067 1734 cilius

1036 306 1095 363 S.
1133 305 1336 361 PETRI
1378 299 1658 359 DAMIANI
1695 297 1845 356 OPP.
1886 290 2064 349 PARS
2105 287 2239 345 SEU
2286 267 3134 345 TOMUS|1.:SERMONES.

488 428 569 483 λιιι
610 424 728 495 ejus
754 438 848 479 ore
882 430 1007 477 tunc
1049 418 1278 489 prodiit!
1333 429 1494 486 quam
1543 411 1746 467 fervida
1794 403 2072 463 charitatis
2098 404 2151 464 Α
2175 400 2356 464 verbo,
2398 399 2529 471 fugit
2561 397 2737 463 Elias;
2778 404 2835 453 et
2873 394 3026 468 fugit,
3057 409 3163 451 non
3199 409 3325 462 uno,
3358 390 3485 449 non'
3511 372 3773 452 duobus.‘

3643 275 3741 334 E96

2175 506 2283 546 non
2315 491 2487 545 tribus
2533 490 2741 555 diebus,
2791 489 2884 544 sed
2931 490 3110 559 potius
3157 487 3515 559 quadraginta
3552 486 3742 542 diebus

2175 588 2231 635 et
2257 580 2612 651 quadraginta
2636 580 2912 634 noctibus!
2945 579 3223 650 Ingressus
3249 579 3390 634 enim
3418 592 3601 634 sermo
3625 593 3743 631 mu-

2176 669 2323 724 lieris
2349 668 2401 723 in
2443 684 2541 724 cor
2583 669 2702 739 ejus
2747 670 2899 738 quasi
2945 669 3164 737 quidam
3208 668 3416 738 gladius
3452 667 3653 731 fuerat,
3689 679 3743 724 et

2176 758 2378 812 amisso
2406 757 2632 813 rationis
2668 757 2894 813 consilio
2920 758 3046 827 quid
3072 757 3182 828 87
3214 765 3399 827 ageret
3446 756 3739 811 nesciebat.

2177 846 2334 901 Tanti
2366 845 2574 901 itineris
2603 846 2777 917 spatio
2804 855 2948 903 metu
2975 847 3281 916 exagitante
3301 843 3563 913 iactatus,
3601 843 3743 899 velut

2175 950 2297 990 eum
2334 936 2570 991 secundo
2611 935 2804 992 talibus
2839 951 2998 991 cursu
3031 934 3271 1004 impulsae
3299 933 3454 988 navis
3494 933 3740 987 arborem

2173 1042 2243 1082 ex
2290 1028 2519 1083 adverso
2571 1028 2728 1083 turbo
2781 1027 3042 1096 corripuit
3090 1028 3461 1097 impetumque
3512 1024 3740 1089 reflexit,

2176 1119 2248 1174 ita
2280 1119 2557 1190 prophetae
2589 1120 2829 1174 animum
2856 1119 3072 1174 virtutis
3100 1118 3219 1173 velo
3247 1117 3600 1188 navigantem
3626 1131 3740 1170 mu-

2175 1209 2324 1265 lieris
2352 1211 2576 1279 perculit
2595 1226 2792 1276 sermo,
2828 1218 3101 1280 totamque
3133 1211 3250 1278 ejus
3278 1210 3459 1265 navim
3490 1223 3591 1278 per
3626 1222 3741 1262 om-

2173 1320 2273 1360 nes
2318 1303 2620 1360 fermidinis
2668 1304 2893 1369 fluctus,
2948 1303 3162 1358 turbato
3207 1310 3439 1365 rectore,
3494 1298 3737 1368 iactavit.

2173 1395 2312 1463 Quid
2338 1411 2466 1467 ergo
2490 1405 2568 1461 tu,
2597 1395 2752 1450 Elia?
2782 1396 2861 1450 Tu
2889 1395 3031 1451 enim
3069 1409 3130 1450 es
3158 1394 3248 1464 qui
3276 1392 3442 1448 verbo
3466 1391 3740 1447 clauseras

2172 1487 2367 1542 coelum
2392 1496 2448 1541 et
2474 1486 2824 1542 fraudaveras
2848 1486 3072 1550 imbres,
3106 1484 3198 1553 qui
3235 1484 3599 1537 mandaveras
3635 1478 3741 1553 aeri

2171 1584 2224 1629 et
2254 1575 2467 1629 divinos
2496 1576 2648 1646 ignes
2691 1575 2982 1638 eduxeras,
3013 1574 3105 1644 qui
3125 1549 3306 1627 falsos
3331 1569 3634 1625 salubriter
3660 1549 3741 1622 in;

2171 1666 2341 1721 terfiei
2367 1666 2608 1734 iusseras
2633 1665 2964 1743 sacerdotes,
2993 1665 3082 1733 qui
3113 1670 3433 1719 constanter
3454 1661 3510 1715 in
3544 1659 3741 1714 faciem

503 1781 1108 1846 eredimus,‘breviter
1161 1778 1569 1847 reSpondemus.
1625 1772 1809 1829 Sancti
1864 1770 2063 1826 etenim

2171 1758 2574 1828 exprobaveras
2604 1771 2784 1828 regem
2815 1758 2960 1828 quod
2990 1757 3106 1827 ipse
3140 1764 3195 1811 et
3221 1755 3415 1810 domus
3444 1769 3545 1809 sua
3571 1767 3741 1822 popu-

498 1871 622 1933 viri,
652 1872 740 1941 qui
770 1881 868 1940 per
895 1870 1060 1926 divini
1094 1868 1331 1923 muneris
1356 1867 1584 1938 gratiam
1625 1864 1689 1918 ad
1719 1860 2067 1934 perfectionis

488 1963 709 2018 culmen
760 1964 1064 2028 elevantur,
1107 1962 1344 2032 quandiu
1397 1960 1450 2014 in
1495 1959 1597 2013 hac
1646 1957 1753 2012 \‘ita
1804 1965 1953 2019 sunt,
2000 1969 2068 2008 ne

497 2052 673 2122 aliqua
706 2052 938 2108 elatione
976 2052 1323 2122 superbiant,
1374 2048 1697 2119 quibusdam
1751 2043 2065 2099 tentationi-

495 2141 597 2194 bus
629 2141 1016 2212 reprimuntur,
1066 2148 1127 2194 ut
1170 2152 1512 2208 nequaquam
1564 2144 1770 2190 tantum
1804 2132 2068 2203 proficere

492 2231 711 2297 valeant
746 2241 1006 2300 quantum
1049 2231 1254 2292 volunt.
1294 2227 1371 2283 Ne
1409 2227 1575 2296 igitur
1618 2225 1947 2281 extollantur
1972 2237 2068 2293 per

494 2321 760 2390 superbiae
786 2321 996 2385 vitium,
1028 2328 1087 2375 n't
1125 2320 1176 2373 in
1217 2319 1297 2374 eis
1326 2317 1571 2387 quaedam
1617 2329 1869 2370 mensura
1898 2313 2068 2368 virtu-

495 2420 629 2464 tum.
661 2410 798 2465 Hinc
825 2420 910 2466 est
947 2411 1090 2465 enim
1121 2409 1264 2479 quod
1298 2407 1463 2471 Elias,
1502 2407 1627 2460 dum
1666 2412 1745 2458 tot
1779 2400 2069 2458 virtutibus

493 2500 550 2552 in
582 2499 688 2553 alta
719 2498 1056 2569 profecisset,
1090 2499 1321 2569 quadam
1350 2510 1604 2552 mensura
1634 2505 1932 2563 suspensus
1957 2499 2062 2557 est,

494 2589 621 2644 dum
666 2589 994 2655 Jezabelem,
1038 2589 1283 2661 quamvis
1323 2588 1586 2659 reginam,
1622 2593 1801 2640 tamen
1847 2582 2066 2638 mulier-

493 2678 670 2735 culam
713 2680 844 2753 fugit
884 2680 1005 2752 (III
1049 2680 1168 2750 Reg.
1217 2679 1353 2749 xix).
1386 2677 1667 2749 Perpendo
1696 2675 1893 2746 quippe
1921 2674 2066 2729 hunc

496 2770 648 2824 mira:
694 2770 910 2826 virtutis
962 2770 1135 2825 virum
1186 2769 1364 2840 ignem
1412 2768 1481 2824 de
1529 2766 1668 2823 caelo
1721 2767 1961 2830 trahere,
2010 2772 2065 2820 et

495 2861 739 2916 secundo
761 2861 1253 2931 quinquagenarios
1282 2861 1430 2915 viros
1454 2875 1576 2915 cum
1602 2858 1715 2915 suis
1741 2857 2065 2929 sequacibus

493 2951 757 3019 petitione
805 2952 985 3008 subita
1033 2967 1382 3008 concremare
1433 2950 1554 3021 (IV
1601 2950 1727 3022 Reg.
1783 2950 1846 3022 ι),
1897 2952 2064 3006 verbo

490 3039 665 3095 ctelos
712 3041 779 3094 ad
831 3041 1040 3111 pluvias
1089 3042 1339 3112 aperire,
1390 3049 1635 3096 mortuos
1688 3040 2060 3104 suscitantem,

2170 1850 2280 1904 lum
2316 1851 2513 1905 evertit
2534 1850 2718 1915 Israel,
2744 1850 2833 1919 qui
2859 1849 3076 1905 dixeras
3102 1867 3115 1903 :
3158 1867 3177 1899 ι
3209 1847 3355 1902 Vivit
3378 1848 3664 1911 Dominus,
3698 1846 3742 1900 si

2168 1940 2274 1994 erit
2300 1939 2514 2009 pluvia,
2544 1947 2638 1994 aut
2685 1954 2796 2004 ros,
2849 1940 2951 1995 nisi
3001 1939 3054 1993 in
3091 1938 3257 1993 verbo
3287 1937 3402 1993 oris
3452 1936 3562 1992 mei
3613 1934 3740 2006 (Ill

2167 2029 2293 2101 Reg.
2342 2028 2499 2102 xvn),
2527 2049 2548 2084 ι
2601 2031 2691 2100 qui
2737 2030 2953 2086 domum
2997 2029 3191 2096 viduae,
3241 2029 3517 2099 spicarum
3560 2041 3740 2083 aream

2166 2130 2223 2178 et
2270 2123 2506 2178 torcular
2548 2122 2756 2178 feceras
2792 2123 2930 2188 olei,
2977 2122 3068 2192 qui
3106 2122 3160 2176 in
3199 2121 3454 2176 omnibus
3508 2120 3738 2188 impera-

2166 2225 2327 2266 veras
2374 2210 2689 2280 elementis,
2730 2225 3036 2267 sermonem
3082 2224 3224 2265 nunc
3272 2223 3510 2265 exuaves
3560 2221 3737 2262 mere-

2166 2308 2352 2365 tricis?

2235 2401 2374 2470 Quid
2404 2416 2531 2473 ergo
2559 2402 2779 2467 mirum,
2812 2400 3009 2456 fratres
3037 2399 3165 2465 mei,
3193 2399 3240 2454 si
3274 2406 3398 2468 post
3429 2396 3600 2451 nimia
3632 2403 3740 2450 tor-

2165 2502 2344 2549 menta
2371 2493 2560 2549 beatus
2590 2491 2872 2549 Ursicinus
2896 2489 3134 2562 gladium
3169 2487 3471 2544 consularis
3500 2486 3735 2556 expavit,

2165 2583 2600 2655 quandoquidem
2630 2583 2745 2653 ipse
2782 2581 3010 2638 eximius
3036 2581 3418 2651 prophetarum
3445 2577 3620 2639 Elias,
3647 2577 3734 2629 vix

2165 2676 2325 2732 alicui
2355 2676 2527 2745 impar
2552 2683 2895 2738 sanctorum,
2936 2687 3043 2727 non
3077 2670 3199 2736 viri,
3226 2670 3321 2724 sed
3364 2668 3605 2732 feminae,
3633 2681 3739 2720 non

2164 2771 2282 2826 viso
2313 2770 2509 2841 gladio,
2540 2769 2634 2825 sed
2664 2768 2848 2823 audito
2877 2765 3145 2820 minarum
3175 2763 3343 2817 verbo
3364 2801 3377 2825 ,
3411 2767 3491 2815 tot
3531 2758 3739 2813 dierum

2166 2862 2437 2921 curriculo
2464 2861 2612 2916 velut
2638 2873 2832 2915 cervus
2865 2869 3152 2928 percussus
3179 2852 3377 2924 sagitta
3426 2848 3742 2904 formidinis

2166 2953 2335 3024 fugit?
2379 2950 2575 3019 Quanti
2614 2956 2795 3003 autem
2842 2945 3021 3002 meriti
3058 2944 3204 2999 Elias
3235 2940 3420 3006 fuerit,
3462 2940 3597 2994 hinc
3632 2937 3741 2992 cito

2167 3045 2452 3115 colligitur,
2478 3043 2521 3097 si
2559 3039 2866 3111 evangelica
2893 3036 3190 3092 auctoritas
3214 3033 3280 3088 de
3307 3047 3372 3088 eo
3396 3031 3464 3085 ad
3495 3030 3740 3084 testimo-

491 3124 719 3186 ventura
780 3147 993 3203 quoque
1047 3111 1343 3203 prophetia:
1406 3133 1597 3202 spiritu
1648 3130 2057 3200 praevidentem.
2091 3111 2134 3170 (ἶ
2168 3111 2320 3195 nium
2344 3135 2659 3191 deducatur.
2688 3130 2768 3185 Ad
2798 3127 3115 3184 Zachariam
3155 3137 3386 3193 namque
3416 3122 3485 3177 de
3511 3119 3738 3175 Joannis

495 3220 605 3275 Sed
636 3237 825 3277 rursus
873 3222 1055 3278 animo
1105 3223 1344 3276 occurrit
1396 3222 1558 3292 quia,
1609 3230 1894 3292 postquam
1947 3220 2061 3274 haec

492 3312 673 3368 omnia
705 3313 1029 3369 mirabiliter
1056 3312 1202 3378 fecit,
1237 3312 1484 3369 muliebri
1512 3327 1709 3384 pavore
1744 3313 2063 3382 perterritus

490 3414 618 3462 ante
653 3422 813 3461 unam
846 3406 1216 3462 mulierculam
1255 3401 1411 3477 fugit.
1447 3404 1744 3459 Considero
1785 3403 1962 3457 virmn
1996 3402 2063 3456 ti-

493 3514 646 3554 mere
691 3498 1001 3570 perculsum
1040 3500 1105 3554 de
1144 3513 1306 3552 manu
1350 3496 1565 3551 Domini
1610 3504 1836 3549 mortem
1883 3501 2063 3563 petere

494 3604 597 3644 nec
634 3589 903 3659 accipere,
939 3589 1005 3644 de
1045 3605 1207 3645 manu
1253 3585 1494 3642 mulieris
1537 3594 1763 3640 mortem
1812 3584 2063 3654 fugiendo

496 3681 690 3735 vitare.
725 3680 1010 3747 Quatrebat
1060 3680 1204 3735 enim
1251 3688 1516 3741 mortem,
1563 3677 1689 3730 dum
1739 3674 1947 3747 fugeret
1984 3673 2065 3728 di-

490 3784 622 3825 cens
649 3787 663 3824 :
698 3791 715 3821 ι
746 3768 958 3826 Sufficit
986 3770 1142 3834 mihi,
1176 3768 1418 3834 Domine,
1449 3766 1573 3821 tolle
1601 3765 1835 3820 animam
1864 3778 2061 3819 meam.

495 3856 679 3929 Neque
728 3859 873 3914 enim
924 3859 1113 3914 melior
1160 3873 1279 3912 sum
1326 3872 1488 3927 quam
1532 3863 1713 3925 patres
1763 3854 1867 3908 mei
1923 3852 2062 3923 (III

486 3947 623 4017 Reg.
653 3950 731 4018 ιι).
756 3966 774 4000 ι
828 3949 978 4004 Unde
1014 3963 1145 4017 ergo
1170 3949 1249 4004 sic
1274 3956 1463 4017 potens
1494 3955 1551 4001 ut
1582 3954 1660 4002 tot
1689 3944 1807 4000 illas
1839 3944 2065 3998 virtutes

490 4038 691 4094 faciat?
730 4040 882 4097 Unde
921 4050 1029 4094 tam
1062 4041 1259 4094 charus
1286 4038 1396 4093 Deo
1441 4046 1499 4092 ut
1536 4038 1700 4092 etiam
1732 4034 1960 4091 mortuis
1987 4035 2066 4089 vi-

490 4138 600 4183 tam
631 4130 904 4192 restituat,
934 4131 1037 4185 nisi
1080 4131 1207 4199 quia
1238 4126 1505 4199 profundo
1545 4127 1741 4182 divina:
1778 4125 2061 4194 dispensa-

495 4219 658 4274 tionis
701 4220 932 4276 consilio
975 4235 1244 4274 mensura:
1284 4218 1479 4274 occulti
1524 4216 1825 4272 libraminis
1872 4230 2064 4286 appen-

489 4310 714 4376 duntur,
759 4319 818 4364 ut
857 4310 954 4381 ipsi
1000 4324 1223 4364 summa:
1270 4307 1549 4378 religionis
1585 4305 1687 4361 viri
1734 4314 1789 4360 et
1835 4304 2061 4360 multum

486 4403 707 4458 valeant
752 4418 848 4474 per
892 4403 1125 4458 divinam
1148 4400 1467 4471 potentiam,
1504 4407 1561 4454 et
1606 4413 1794 4453 rursus
1829 4398 2060 4473 quadam

2164 3224 2516 3297 promissione
2549 3219 2768 3293 angelus
2806 3219 2978 3274 dicit:
3027 3236 3045 3269 ι
3076 3216 3193 3288 Ipse
3221 3214 3490 3286 pratcedet
3523 3220 3657 3265 ante
3680 3209 3741 3262 il-

2163 3320 2275 3374 lum
2308 3317 2362 3371 in
2395 3315 2583 3385 sp’nritu
2615 3320 2669 3367 et
2698 3312 2901 3366 virtute
2944 3309 3075 3364 Elia:
3117 3306 3267 3378 (Luc.
3296 3305 3357 3377 l).
3390 3324 3407 3356 ι
3441 3303 3523 3358 De
3549 3300 3738 3356 eodem

2162 3423 2376 3481 quoque
2422 3406 2631 3461 Joanne
2677 3402 2938 3459 Dominus
2979 3406 3232 3462 testatur,
3275 3395 3502 3451 dicens:
3553 3413 3574 3444 ι
3601 3393 3741 3446 lntcr

2164 3508 2319 3555 natos
2348 3495 2632 3551 mulierum
2659 3509 2767 3548 non
2798 3491 3035 3549 surrexit
3064 3487 3236 3557 major
3256 3486 3468 3542 Joanne
3491 3484 3739 3553 Baptista

2164 3587 2374 3660 (Matth.
2408 3584 2508 3657 ιιι).
2531 3621 2544 3638 .
2582 3583 2643 3639 Si
2664 3598 2794 3653 ergo
2830 3582 2971 3636 inter
3015 3578 3261 3635 homines
3310 3573 3486 3643 major
3528 3571 3740 3627 Joanne

2162 3694 2319 3736 nemo
2345 3677 2602 3743 surrexit,
2625 3677 2747 3745 quis
2768 3673 2940 3744 major
2962 3672 3097 3735 Elia,
3112 3670 3202 3740 qui
3219 3682 3379 3723 uuam
3401 3666 3664 3719 virtutem
3684 3670 3743 3717 et

2163 3786 2326 3825 unum
2354 3783 2477 3824 eum
2507 3767 2714 3822 Joanne
2742 3764 2987 3834 spiritum
3016 3760 3240 3816 habuit?

2232 3862 2339 3920 Sed
2363 3863 2490 3917 dum
2536 3862 2812 3915 timentem
2844 3856 3148 3912 Ursicinum
3192 3851 3376 3907 timido
3399 3846 3518 3904 Elia
3551 3845 3739 3902 defen-

2161 3955 2290 4010 dere
2337 3953 2585 4017 nitimur,
2625 3951 2789 4006 etiam
2830 3947 3117 4003 infirmitas
3145 3943 3337 4000 summi
3366 3938 3607 4010 pastoris
3636 3937 3736 3992 Ec-

2162 4043 2339 4101 clesiae
2380 4043 2447 4099 ad
2478 4040 2795 4097 memoriam
2828 4044 3130 4093 revocatur.
3162 4033 3280 4090 Una
3312 4032 3456 4087 enim
3491 4028 3741 4084 mulieris

2160 4149 2291 4191 voce
2320 4132 2619 4205 perculsus,
2652 4130 2777 4185 dum
2808 4128 2941 4183 mori
2974 4125 3169 4189 timuit,
3194 4123 3361 4177 vitam
3392 4119 3634 4189 negavit.
3669 4117 3731 4171 Et

2162 4235 2291 4280 tunc
2315 4223 2508 4278 Petrus
2544 4221 2596 4276 in
2643 4230 2786 4274 terra
2829 4217 2896 4272 de
2940 4214 3166 4271 Domino
3202 4209 3449 4282 proferre
3496 4208 3739 4262 testimo-

2162 4316 2309 4370 nium
2356 4329 2464 4369 non
2511 4311 2851 4384 praesumpsit
2894 4306 3128 4379 (Matth.
3175 4302 3375 4370 xxvu),
3425 4313 3550 4354 cum
3600 4297 3741 4352 latro

2163 4422 2285 4463 eum
2316 4406 2369 4460 in
2397 4419 2558 4460 cruce
2584 4401 2829 4459 conﬁteri
2875 4415 2978 4455 non
3012 4397 3189 4452 timuit
3222 4394 3372 4466 (Luc.
3403 4391 3590 4460 χχιιι).
3619 4388 3731 4456 Qua

486 4508 741 4548 mensura
781 4492 1042 4549 moderati
1084 4492 1193 4546 sint
1228 4505 1325 4560 per
1348 4488 1718 4545 inlirmita'tem
1764 4487 1960 4542 suam?
2004 4486 2059 4541 In
2090 4457 2217 4551 Din
2266 4509 2327 4549 re
2377 4490 2859 4549 considerandum.
2886 4487 3039 4542 nobis
3091 4493 3175 4539 est
3230 4457 3332 4537 cur
3393 4457 3737 4547 omnipotens

487 4582 593 4637 illis
619 4599 852 4653 namque
895 4582 1185 4637 virtutibus
1212 4580 1357 4636 Elias
1381 4580 1508 4650 quid
1550 4578 1617 4633 de
1658 4578 1885 4634 Domino
1913 4592 2064 4633 acce-

486 4684 660 4746 perat,
710 4676 762 4729 in
810 4675 929 4730 istis
972 4689 1103 4728 vero
1137 4670 1547 4729 infirmitatibus
1583 4668 1713 4740 quid
1742 4670 1807 4726 de
1832 4684 1891 4725 se
1916 4678 2064 4740 pote-

486 4776 594 4834 rat,
640 4768 987 4838 agnoscebat.
1031 4765 1122 4820 Illa
1163 4765 1400 4834 potentia
1445 4763 1618 4818 virtus
1662 4762 1912 4828 exstitit,
1957 4762 2059 4818 ista

488 4873 617 4915 vero
656 4859 944 4914 inlirmitas
970 4866 1152 4932 custos
1194 4856 1409 4912 virtutis
1449 4854 1550 4910 fuit
1612 4855 1671 4910 In
1712 4854 1817 4910 illis
1841 4855 2059 4909 virtuti-

487 4948 591 5002 bus
628 4949 953 5006 ostendebat
991 4947 1123 5017 quid
1165 4952 1470 5014 acceperat,
1521 4944 1574 4998 in
1619 4944 1738 4998 istis
1775 4942 2064 4998 virtutibus

494 5040 596 5076 Ima
626 5041 766 5076 naaml
798 5048 1076 5076 «nonnon-nl
1124 5035 1479 5076 maclmlinlml-
1526 5033 1582 5076 In
1612 5032 1890 5076 miraculis
1916 5032 2062 5076 Elian

2165 4584 2307 4639 Deus
2333 4598 2456 4639 eum
2503 4595 2662 4651 quem
2711 4587 2920 4634 cunctae
2946 4574 3203 4630 Ecclesiae
3240 4570 3521 4639 praeficere
3558 4568 3741 4637 dispo-

2163 4678 2291 4743 suit,
2321 4675 2528 4730 ancillae
2557 4686 2744 4727 vocem
2784 4668 3165 4740 pertimescere
3207 4671 3261 4718 et
3295 4676 3355 4717 se
3384 4674 3593 4731 negare
3620 4673 3735 4729 pcr-

2164 4769 2333 4824 misit.
2366 4766 2519 4834 Quod
2544 4763 2797 4818 nimirum
2826 4773 3034 4828 magna:
3064 4766 3241 4811 aetum
3272 4752 3492 4822 pietatis
3521 4752 3734 4819 dispen-

2164 4860 2373 4915 satione
2411 4854 2809 4927 cognoscimus,
2841 4858 2901 4905 ut
2926 4850 2993 4913 is,
3030 4847 3125 4917 qui
3159 4845 3375 4900 futurus
3403 4850 3524 4898 erat
3555 4850 3735 4910 pastor

2165 4949 2439 5013 Ecclesiae,
2468 4947 2521 5001 in
2568 4959 2663 5001 sua
2706 4943 2863 5012 culpa
2906 4941 3143 4996 disceret
3169 4935 3401 5006 qualiter
3429 4933 3556 4989 aliis
3581 4936 3733 4987 misc-

2165 5043 2267 5076 ..ο-ιζ
2310 5039 2577 5076 (Ioh-uiuant
2646 5035 2804 5076 Drin:
2848 5034 3032 5076 “arma
3080 5044 3205 5076 eum
3250 5025 3490 5076 οειειιιὶίι
3538 5024 3644 5076 sibi
3680 5030 3732 5076 et
