3946 5368
205 311 313 367 597

1581 299 1811 358 SERMU
1852 299 1987 357 XVII
2016 305 2110 358 bis.

3356 311 3460 366 598

207 436 370 476 nemo
391 422 703 491 superbiat;
735 420 801 476 de
828 419 981 491 lapsu
1010 419 1172 475 etiam
1201 434 1297 474 suo
1336 419 1497 473 Petro
1527 425 1779 489 surgente
1808 417 1855 478 Α
1882 417 2044 474 elatio
2072 419 2298 475 forsitan
2330 431 2608 492 potuisset,
2633 438 2753 493 quae
2780 423 2924 478 illum
2948 423 3116 479 multo
3137 424 3456 495 profundius

213 525 374 565 nemo
395 511 666 580 desperet.

281 602 324 655 E
351 610 542 656 contra
571 641 588 666 ,
617 616 777 670 quam
809 600 1131 656 mirabiliter
1165 599 1444 669 Scriptura
1491 599 1672 652 divina
1697 614 1785 652 su-

209 691 413 760 perbos
434 692 650 760 premit,
669 706 788 759 qua:
803 690 1218 760 bumileseri‘git.
1241 690 1410 744 Unam
1425 704 1658 755 namque
1672 703 1784 742 rem

208 788 427 848 gestam
452 781 652 844 retulit;
678 791 734 834 et
761 782 973 836 diverso
1001 782 1157 835 modo
1192 781 1450 850 superbos
1474 779 1692 847 quidem
1719 777 1784 832 ad

211 870 538 924 humilitatis
552 869 918 935 formidinem,
942 872 1170 925 humiles
1181 885 1310 925 vero
1323 871 1389 924 ad
1407 871 1518 939 spei
1537 868 1787 923 fiduciam

212 961 514 1015 revocavit.
538 959 912 1016 Inaestimabile
941 976 1131 1031 nempe
1152 970 1234 1015 est
1263 961 1366 1016 hoc
1396 974 1592 1015 novum
1624 957 1790 1012 medi-

210 1053 445 1104 camenti
469 1066 662 1120 genus,
679 1052 819 1121 quod
840 1067 946 1106 uno
965 1053 1258 1121 eodemque
1277 1053 1464 1108 ordine
1484 1050 1714 1120 positum
1737 1057 1790 1102 et

212 1145 512 1210 premendo
566 1144 805 1198 exsieeat
849 1145 1052 1198 tumida
1080 1184 1094 1208 ,
1142 1152 1196 1198 et
1244 1142 1571 1198 sublevando
1615 1140 1790 1194 infun-

212 1233 294 1285 dit
339 1233 456 1302 88
511 1233 739 1287 arentia.
781 1233 856 1287 De
907 1232 1170 1302 majorum
1220 1247 1452 1302 namque
1499 1247 1596 1286 nos
1641 1231 1790 1300 lapsu

215 1324 437 1387 terruit,
485 1325 578 1378 sed
619 1326 684 1378 de
733 1325 1073 1394 reparatione
1121 1325 1410 1379 roboravit.
1465 1322 1557 1378 Sic
1597 1322 1792 1391 quippe

213 1426 451 1482 seraper,
496 1414 576 1467 sic
609 1429 708 1469 nos
742 1415 934 1468 divinae
963 1413 1380 1483 dispensationis
1422 1413 1791 1467 misericordia

213 1512 270 1558 et
312 1506 692 1574 superbientes
735 1506 998 1575 reprimit,
1043 1515 1099 1561 et
1135 1521 1203 1560 ne
1243 1505 1309 1560 ad
1362 1505 1789 1574 desperationem

215 1610 540 1651 corruamus
570 1596 740 1652 fulcit.
779 1598 1134 1652 Considerare
1171 1598 1302 1652 libet
1347 1598 1486 1652 intra
1527 1597 1789 1650 munitum

215 1691 406 1762 gratiae
436 1691 613 1746 sinum
652 1700 855 1761 quanto
885 1692 1024 1746 Deus
1051 1691 1436 1748 misericordia:
1467 1690 1648 1744 favore
1691 1705 1789 1744 nos

1886 521 2170 580 mergeret,
2197 511 2299 565 nisi
2326 528 2448 566 eum
2476 513 2644 567 levior
2672 515 2983 569 tentationis
3011 529 3139 568 aura
3163 515 3452 584 pulsasset.

1887 599 2176 668 Postquam
2206 601 2348 654 enim
2384 601 2637 656 Dominus
2674 612 2883 658 mentes
2914 617 3124 658 nostras
3156 605 3222 658 ad
3248 605 3456 675 perfec-

1888 687 2087 742 tionem
2126 688 2364 752 roborat,
2399 704 2520 743 mox
2551 691 2818 746 visitando
2853 693 3208 748 tentatiouum
3260 695 3464 750 aculeis

1886 778 2100 846 probat.
2131 777 2230 844 Qui
2265 790 2321 833 et
2364 780 2671 834 accedendo
2703 783 2863 835 corda
2912 791 3092 836 nostra
3125 784 3192 837 ad
3234 785 3462 839 virtutes

1889 869 2153 936 provenit,
2185 875 2239 920 et
2271 869 2571 924 recedendo
2603 871 2814 924 concuti
2845 872 3140 925 tentatione
3176 872 3464 941 permittit.

1890 955 2023 1010 Nam
2055 958 2100 1011 si
2132 966 2252 1026 post
2279 958 2539 1013 virtutum
2581 974 2809 1014 munera
2839 960 2982 1014 nulla
3015 976 3114 1016 nos
3150 962 3464 1016 tentationis

1890 1063 2019 1102 aura
2045 1058 2376 1115 concuteret,
2403 1052 2506 1106 hoc
2523 1053 2634 1121 jam
2657 1067 2715 1107 se
2738 1053 2938 1108 habere
2959 1054 3172 1109 animus
3197 1069 3263 1110 ex
3289 1069 3462 1110 semec

1893 1141 2032 1209 tipso
2065 1140 2314 1209 jactarct.
2354 1141 2426 1195 Ut
2458 1157 2588 1212 ergo
2635 1152 2690 1198 et
2746 1143 3015 1198 ﬁrmitatis
3067 1145 3203 1200 dona
3259 1145 3464 1200 utiliter

1893 1229 2089 1286 habeat
2114 1239 2168 1286 et
2203 1231 2568 1288 inﬁrmitatem
2597 1249 2750 1288 suam
2789 1235 3059 1289 humiliter
3091 1246 3464 1307 recognoscat,

1892 1335 1986 1389 per
2008 1336 2281 1377 accessum
2309 1323 2496 1392 gratia:
2517 1324 2582 1378 ad
2607 1324 2711 1378 aLa
2738 1325 3054 1386 sustollitur,
3079 1335 3132 1380 et
3154 1341 3246 1396 per
3277 1342 3459 1382 reces-

1891 1423 2009 1463 sum
2044 1409 2171 1479 qu‘d
2207 1410 2409 1481 sitas
2434 1425 2501 1465 ex
2531 1412 2821 1481 semetipso
2852 1412 3142 1466 salubriter
3175 1413 3464 1481 experitur.

1891 1498 2042 1566 Quod
2077 1500 2212 1554 bene
2242 1501 2397 1555 nobis
2437 1501 2598 1555 etiam
2631 1515 2697 1554 ex
2739 1500 2959 1555 historia
3006 1515 3173 1554 sacra:
3222 1501 3468 1554 lectionis

1895 1590 2156 1653 innuitur,
2183 1606 2286 1660 qua
2315 1589 2568 1647 Salomon
2592 1602 2646 1644 et
2671 1591 2926 1646 divinitus
2955 1591 3232 1661 accepisse
3261 1592 3467 1658 sapien-

1895 1679 2020 1731 tiam
2053 1678 2267 1742 dicitur,
2300 1687 2355 1732 et
2389 1687 2566 1734 tamen
2618 1688 2738 1748 post
2770 1688 3048 1749 acceptam
3079 1681 3322 1733 eamdem
3373 1695 3460 1733 sa-

217 1761 478 1836 continet.
507 1782 644 1836 Ecce
661 1784 752 1852 qui
775 1798 832 1838 se
846 1783 919 1853 de
930 1783 1215 1839 virtutibus
1237 1784 1465 1847 extollit,
1485 1798 1581 1853 per
1603 1781 1789 1835 vitium

1909 1770 2146 1839 nentiam
2178 1769 2520 1825 meretricum
2554 1771 2735 1824 statim
2763 1769 3002 1840 pulsatus
3028 1770 3322 1838 quaestione
3353 1783 3465 1822 me-

217 1872 282 1924 ad
307 1871 682 1937 humilitatem
701 1861 858 1929 redit.
888 1875 988 1940 Qui
1010 1875 1178 1945 gratia
1201 1884 1436 1943 accepta:
1462 1872 1672 1926 virtutis
1695 1887 1790 1926 ex-

220 1956 449 2028 tollitur,
492 1981 599 2020 non
637 1965 834 2036 gladio,
879 1968 993 2031 sed,
1037 1975 1098 2020 ut
1141 1967 1213 2021 ita
1264 1967 1516 2029 dixerim,
1563 1965 1796 2020 medica-

221 2065 407 2111 mento
437 2056 772 2110 vulneratur.
808 2055 946 2122 Quid
987 2057 1131 2110 enim
1163 2057 1368 2121 virtus,
1414 2057 1515 2111 nisi
1563 2056 1796 2110 medica-

221 2147 505 2202 mentum?
523 2147 589 2202 Et
607 2149 734 2216 quid
760 2149 970 2211 vitium,
996 2148 1099 2202 nisi
1131 2147 1351 2202 vulnus?
1379 2147 1513 2214 Quia
1543 2162 1671 2218 ergo
1699 2163 1798 2202 nos

222 2237 286 2292 de
314 2239 714 2293 medicamento
743 2239 935 2294 vulnus
964 2238 1212 2301 facimus.
1254 2238 1382 2294 facit
1415 2240 1556 2293 Deus
1586 2239 1650 2294 de
1684 2238 1798 2292 vul-

221 2339 350 2378 nere
379 2327 859 2391 medicamentum,
881 2336 939 2380 ut
960 2325 1268 2396 qui’virtute
1288 2328 1638 2397 percutimur,
1668 2327 1798 2382 vitio

222 2431 503 2472 curemur.
549 2417 658 2474 Nos
693 2435 924 2488 namque
964 2419 1220 2474 virtutum
1251 2422 1390 2475 dona
1427 2430 1802 2488 retorquemus

225 2507 278 2561 in
302 2524 461 2561 nsum
492 2509 770 2573 vitiorum,
797 2510 886 2564 ille
916 2511 1170 2566 vitiorum
1197 2510 1336 2564 mala
1361 2511 1586 2565 assumit
1610 2511 1663 2563 in
1685 2518 1803 2562 arte

226 2597 519 2663 virtutum;
540 2601 705 2668 utqui
735 2600 1094 2656 humilitatem
1121 2602 1360 2656 curantis
1387 2599 1638 2671 fugimus,
1657 2599 1803 2654 salu-

229 2697 334 2744 tem
361 2691 681 2745 concedenti
715 2691 1146 2760 inseparabiliter
1178 2692 1498 2746 luereamus.

298 2779 408 2834 Sed
444 2781 584 2835 inter
615 2781 725 2837 haec
755 2782 1030 2836 sciendum
1063 2790 1140 2836 est
1172 2781 1314 2850 quod
1342 2780 1584 2849 plerique
1627 2779 1802 2834 homi-

229 2885 357 2922 num
381 2871 564 2938 quoin
587 2871 773 2923 multis
794 2879 1052 2924 corruunt
1076 2869 1277 2923 arctius
1299 2868 1552 2940 ligantur,
1576 2882 1806 2936 cumque

229 2974 326 3013 eos
356 2961 613 3028 antiquus
650 2959 818 3014 hostis
848 2975 914 3014 ex
950 2975 1054 3014 uno
1083 2959 1210 3013 vitio
1241 2958 1508 3028 percutit,
1537 2967 1596 3012 ut
1628 2958 1807 3012 conci-

230 3049 392 3110 dant,
431 3065 496 3102 ex
535 3049 639 3103 alio
668 3049 881 3119 quoque
925 3050 1082 3120 ligat,
1114 3065 1183 3104 ne
1212 3058 1454 3117 surgant.
1495 3049 1808 3103 Cousideret

1896 1868 2134 1914 moratur
2160 1859 2277 1930 (III
2311 1859 2436 1928 Reg.
2477 1859 2578 1928 ιιι).
2611 1858 2729 1914 Mox
2779 1860 2919 1914 enim
2952 1869 3008 1913 ut
3037 1859 3264 1929 gratiam
3306 1867 3468 1913 tanta:

1897 1952 2242 2007 revelationis
2293 1952 2527 2021 accepit,
2575 1963 2845 2008 certamen
2901 1953 3133 2022 turpium
3185 1952 3470 2006 mulierum

1895 2043 2132 2112 pertulit,
2164 2043 2289 2114 quia
2317 2044 2566 2098 nimirum
2607 2059 2768 2114 saepe,
2801 2058 2920 2098 cum
2951 2053 3183 2100 mentem
3233 2052 3472 2100 nostram

1898 2133 2169 2187 concessis
2197 2131 2484 2186 virtutibus
2517 2133 2781 2202 respectio
2819 2133 3020 2188 intimae
3051 2133 3314 2189 claritatis
3349 2133 3472 2186 illu-

1901 2223 2089 2288 minat,
2123 2224 2260 2278 hanc
2292 2223 2453 2278 etiam
2483 2223 2703 2278 lubricae
2751 2225 3106 2295 cogitationes
3139 2225 3378 2288 turbant,
3415 2231 3474 2276 ut

1900 2331 2057 2385 quem
2081 2314 2355 2369 snblevata
2377 2314 2618 2383 impenso
2641 2329 2862 2368 munere
2881 2313 3224 2384 perfectionis
3243 2313 3471 2377 exaltat,

1901 2408 2064 2462 etiam
2092 2406 2385 2460 tentatione
2406 2404 2612 2476 pulsata
2643 2406 2771 2474 quid
2802 2406 2874 2460 sit
2900 2405 3155 2460 inveniat.

1971 2496 2199 2552 Videbat
2238 2505 2416 2552 autem
2459 2497 2652 2551 beatus
2703 2505 2904 2566 martyr
2968 2495 3244 2551 Ursicinus
3284 2510 3477 2550 omnes

1902 2588 2043 2642 circa
2113 2603 2172 2642 se
2234 2587 2528 2643 crudeliter
2573 2585 2846 2649 fremere,
2926 2587 2992 2640 ad
3055 2586 3471 2656 expugnandum

1903 2677 2098 2733 Christi
2132 2692 2323 2732 nomen
2355 2676 2797 2732 irrationabiliter
2824 2677 3091 2740 insanire,
3123 2683 3348 2732 cunctos
3380 2691 3477 2745 per

1906 2767 2136 2837 abrupta
2171 2767 2372 2822 erroris
2405 2767 2458 2821 in
2484 2766 2845 2837 praecipitium
2875 2767 3115 2832 tendere,
3145 2779 3336 2820 omnes
3380 2780 3477 2820 ve-

1906 2857 2088 2911 ritatis
2145 2858 2317 2922 viam,
2380 2857 2595 2912 amissis
2636 2857 2817 2912 cordis
2867 2856 3036 2912 oculis
3084 2856 3354 2926 ignorare,
3419 2862 3478 2910 et

1911 2946 2111 3002 idcirco
2143 2955 2288 3002 tanta
2317 2948 2638 3017 cogitatione
2664 2949 2931 3017 potuisset
2959 2946 3182 3002 forsitan
3226 2947 3481 3002 arbitrari

1914 3041 2182 3095 neminem
2229 3053 2515 3110 superesse
2548 3041 2638 3109 qui
2665 3040 2777 3094 suis
2802 3040 3006 3094 meritis
3033 3039 3234 3094 valeret
3257 3041 3482 3108 aequari.

231 3154 363 3206 ergo
393 3137 555 3192 bono
589 3154 710 3192 cum
748 3153 854 3206 quo
883 3138 1193 3192 adversario
1227 3137 1424 3192 bellum
1452 3146 1623 3207 gerat,
1665 3147 1718 3192 et
1760 3139 1805 3193 si
1832 3112 1882 3178 α
1913 3130 2247 3201 Quapropter
2261 3131 2441 3186 divina
2468 3131 2614 3185 illum
2645 3131 2812 3200 pietas
2840 3131 3033 3185 cadere
3063 3131 3129 3184 ad
3146 3141 3478 3186 momentum

226 3226 341 3294 jam
379 3244 436 3282 se
478 3228 531 3282 in
580 3228 759 3297 aliquo
799 3228 1083 3296 deliquisse
1125 3228 1426 3297 perpendit,
1469 3227 1655 3282 saltem
1689 3238 1805 3296 pust

233 3320 450 3388 culpam
505 3321 871 3388 pertimescat,
922 3329 977 3374 ut
1024 3320 1262 3375 studiose
1307 3320 1544 3375 vitentur
1587 3320 1807 3375 vulnera

233 3410 432 3480 quibus
487 3410 797 3480 frequenter
845 3394 1190 3477 interficitur,
1238 3413 1378 3481 quod
1430 3410 1584 3465 valde
1627 3427 1809 3466 rarum

237 3512 313 3555 est
349 3511 409 3556 ut
452 3501 626 3556 hostis
653 3513 835 3556 noster
860 3503 1153 3556 electorum
1179 3501 1480 3571 aegritudini
1511 3501 1675 3555 etiam
1701 3498 1812 3553 vul-

238 3591 462 3645 neribus
509 3591 803 3646 medeatur.
855 3591 1188 3646 Erudiendos
1239 3591 1380 3644 enim
1431 3589 1632 3644 electos
1685 3604 1813 3645 suos

244 3684 506 3738 Dominus
535 3699 676 3753 saepe
709 3684 961 3738 teutatori
992 3682 1226 3752 subjicit.
1259 3682 1409 3744 Sicut
1429 3689 1552 3752 post
1577 3681 1812 3750 paradisi

241 3775 503 3836 claustra,
541 3783 664 3843 post
701 3774 840 3828 tertii
873 3774 994 3830 cmli
1045 3782 1270 3837 secreta,
1316 3788 1383 3826 ne
1426 3770 1811 3826 revelationum

241 3865 618 3932 magnitudine
661 3863 860 3920 Paulus
895 3864 1168 3934 apostolus
1207 3862 1392 3918 extolli
1437 3862 1722 3930 potuisset,
1764 3861 1816 3915 ei

244 3955 463 4010 Satanae
498 3955 723 4025 angelus
759 3955 914 4009 datus
943 3963 1044 4010 est.
1084 3955 1223 4009 Ecce
1265 3953 1355 4023 qui
1390 3951 1626 4022 paradisi
1669 3951 1818 4019 prius

244 4058 458 4102 secreta
489 4047 813 4112 considerat,
851 4048 918 4102 ad
963 4046 1306 4115 semetipsum
1357 4044 1589 4109 rediens,
1630 4051 1818 4097 contra

244 4141 428 4195 carnis
456 4140 654 4195 bellum
680 4140 908 4205 laborat,
938 4139 1105 4209 legem
1137 4138 1295 4192 aliam
1324 4137 1378 4190 in
1411 4135 1664 4188 membris
1696 4149 1818 4188 sus-

248 4232 404 4294 tinet,
436 4231 592 4299 cujus
618 4230 908 4285 rebellione
938 4229 1147 4300 fatigari
1191 4227 1410 4296 spiritus
1439 4225 1608 4293 legem
1639 4225 1816 4278 docet.

249 4321 378 4376 Post
413 4321 757 4376 donationem
787 4335 914 4390 ergo
945 4319 1184 4374 muneris
1226 4319 1364 4372 Deus
1393 4316 1661 4370 hominem
1693 4329 1820 4384 pro—

249 4411 361 4476 bat,
395 4412 520 4480 quia
559 4423 616 4465 et
658 4411 853 4466 collato
886 4424 1109 4464 munere
1155 4407 1414 4469 sublevat,
1447 4415 1502 4460 et
1548 4407 1820 4460 abstracto

251 4501 548 4571 paululum,
572 4501 745 4570 ipsum
774 4500 874 4554 sibi
899 4499 1171 4554 hominem
1199 4497 1550 4551 demonstrat.
1580 4497 1732 4564 Quod
1762 4511 1827 4551 eo

252 4606 422 4659 usque
463 4591 649 4661 procul
683 4590 845 4645 dubio
881 4590 1134 4658 patimur,
1175 4602 1303 4656 quo,
1352 4587 1563 4641 detersa
1589 4586 1827 4642 funditus

256 4684 374 4737 labe
404 4683 634 4752 peccati,
680 4683 745 4736 ad
784 4681 1063 4750 promissa:
1115 4679 1534 4749 incorruptionis
1578 4679 1828 4733 substan-

257 4775 384 4828 tiam
409 4773 786 4828 reformemur.
801 4770 904 4825 Sed
929 4770 1040 4839 ipsa
1064 4768 1167 4822 hac
1190 4768 1484 4822 tentatione
1527 4767 1828 4835 disponitur

258 4873 316 4917 ut
349 4864 439 4934 qui
485 4864 613 4918 elati
648 4863 824 4932 perire
855 4868 1122 4930 poterant,
1154 4859 1420 4914 humiliati
1449 4874 1479 4912 a
1525 4857 1828 4927 perditione

258 4962 561 5008 SCI'VCIIIUI'.

329 5042 552 5100 Secreto
598 5055 727 5111 ergo
766 5038 1179 5109 dispensationis
1206 5037 1418 5104 ordine,
1451 5039 1592 5093 unde
1640 5039 1831 5095 saevire

623 5132 634 5143 ι
683 5131 694 5142 ι
779 5131 808 5143 ο.
913 5131 947 5143 ιο
989 5131 1000 5143 I
1060 5127 1091 5143 Ι*
1152 5129 1162 5139 ι
1227 5129 1260 5143 I,
1341 5129 1352 5139 ο
1524 5126 1605 5143 ηκ·

456 5135 593 5162 οἶα-ιο
623 5131 872 5162 ἶηῖηηῖιηο
1150 5129 1272 5162 ἶηιΙΩ
1303 5129 1388 5162 nio
1424 5126 1703 5162 nol-“nilni-
1739 5128 1828 5162 λη-

261 5151 403 5162 τλῆ-ης
413 5144 445 5162 ἰ.

1914 3221 2101 3286 voluit,
2132 3231 2184 3275 et
2215 3237 2338 3277 mox
2368 3223 2434 3276 de
2461 3231 2674 3276 terrena
2703 3221 2889 3274 militia
2924 3221 3192 3276 hominem
3221 3222 3311 3289 qui
3349 3236 3472 3275 eum

1911 3306 2144 3384 erigeret
2177 3312 2436 3367 divinitus
2483 3313 2756 3377 excitavit,
2813 3321 2891 3376 ut,
2943 3313 3067 3366 dum
3117 3312 3182 3366 de
3228 3310 3476 3365 saeculari

1911 3407 2073 3459 etiam
2126 3405 2334 3460 ordine
2366 3405 2533 3459 multo
2587 3420 2647 3459 se
2697 3404 2972 3459 fortiorem
3023 3413 3073 3457 et
3129 3402 3484 3460 robustiorem

1913 3503 2179 3560 cerneret,
2209 3495 2274 3548 ad
2305 3496 2731 3566 cognoscendam
2763 3494 3130 3548 inﬁrmitatem
3173 3508 3324 3548 suam
3356 3509 3478 3548 cer-

1914 3589 2087 3641 vicem
2137 3585 2317 3640 cordis
2360 3585 2639 3639 humiliter
2683 3584 2982 3637 inclinaret.
3033 3581 3170 3636 Hine
3212 3591 3296 3648 est
3339 3583 3480 3650 quod

1914 3679 2094 3742 Elias,
2139 3678 2206 3732 de
2251 3693 2360 3746 quo
2402 3677 2648 3744 superius
2697 3675 2898 3729 dictum
2946 3684 3056 3738 est,
3100 3673 3227 3728 dum
3271 3673 3488 3728 Jezabel

1916 3770 2134 3824 territus
2162 3768 2390 3838 fugeret,
2415 3777 2466 3822 et
2491 3783 2549 3822 se
2574 3767 2743 3821 solum
2768 3767 2875 3822 Deo
2915 3782 2981 3822 ex
3011 3767 3262 3821 omnibus
3291 3779 3481 3834 super-

1915 3860 2096 3915 stitem
2124 3859 2437 3921 aestimaret,
2466 3856 2649 3910 dicens
2676 3877 2687 3909 :
2729 3875 2746 3906 ι
2779 3856 3020 3919 Domine,
3045 3856 3333 3924 prophetas
3360 3864 3478 3909 tuos

1916 3949 2258 4013 occiderunt,
2291 3947 2479 4001 altaria
2507 3957 2594 3999 tua
2636 3945 2992 3999 demolierunt
3011 3985 3025 4009 ,
3055 3953 3110 3998 et
3138 3959 3239 4014 ego
3267 3943 3485 3998 relictus

1917 4055 2035 4095 sum
2085 4039 2254 4103 solus,
2301 4049 2356 4093 et
2395 4047 2644 4107 quaerunt
2689 4037 2924 4090 animam
2971 4052 3146 4090 meam
3196 4035 3315 4109 (III
3358 4036 3487 4108 Reg.

1919 4128 2064 4200 xix);
2096 4148 2114 4180 ι
2159 4137 2216 4182 ιιι
2245 4127 2535 4182 elationem
2566 4126 2759 4179 mentis
2782 4125 2898 4194 ejus
2937 4124 3255 4194 reprimeret
3303 4125 3489 4181 Domi-

1921 4237 2042 4285 nus,
2076 4219 2349 4289 respondit
2377 4219 2560 4273 dicens
2595 4234 2608 4270 :
2641 4215 2662 4268 ι’
2693 4215 2897 4283 Reliqui
2931 4215 3060 4269 mihi
3093 4224 3295 4285 septem
3328 4215 3496 4270 millia

1921 4313 2181 4376 virorum,
2209 4309 2299 4378 qui
2343 4323 2449 4362 non
2489 4314 2852 4362 curvaverunt
2896 4321 3067 4374 genua
3093 4322 3188 4361 sua
3214 4315 3340 4360 ante
3368 4306 3498 4360 Baal

1931 4400 2154 4473 (Ibid.).
2191 4418 2210 4450 ι
2273 4398 2492 4452 Certum
2519 4395 2714 4465 quippe
2770 4405 2853 4448 est
2898 4395 3040 4462 quod
3094 4395 3271 4448 cordis
3313 4394 3499 4448 oculos

1854 4457 1906 4516 ι)
1931 4457 2224 4562 exstinguit
2247 4490 2361 4560 qui,
2398 4504 2518 4543 cum
2547 4495 2691 4541 recte
2737 4485 2873 4556 agit,
2922 4485 3263 4539 considerare
3310 4486 3501 4554 proxi—

1930 4598 2136 4636 morum
2179 4580 2368 4634 merita
2404 4576 2641 4646 negligit.
2679 4576 2751 4629 At
2790 4583 3012 4639 contra,
3053 4590 3244 4644 magno
3279 4575 3497 4629 humili-

1933 4672 2058 4726 tatis
2083 4672 2233 4725 radio
2264 4670 2613 4737 semetipsum
2659 4667 2931 4721 illuminat
2957 4667 3048 4736 qui
3090 4668 3315 4722 aliorum
3357 4670 3498 4724 bona

1929 4761 2197 4816 subtiliter
2245 4766 2470 4829 pensat;
2520 4757 2646 4827 quia
2690 4756 2817 4811 dum
2874 4772 3078 4825 eaquae
3121 4759 3235 4826 ipse
3292 4757 3508 4823 fecerit,

1932 4851 2072 4907 facta
2102 4850 2235 4906 foris
2262 4859 2318 4906 et
2341 4852 2406 4905 ab
2431 4849 2550 4904 aliis
2570 4850 2856 4919 conspicit,
2880 4863 3022 4912 eum,
3053 4849 3144 4917 qui
3171 4853 3236 4905 de
3265 4850 3503 4922 singula-

1936 4944 2097 4998 ritate
2141 4942 2286 4998 intus
2329 4955 2613 5012 erumpere
2636 4940 2868 5006 nititur,
2922 4940 3187 5007 superbia:
3235 4952 3500 4999 tumorem

1938 5036 2152 5107 premit.
2202 5053 2220 5086 ι
2254 5033 2490 5102 Reliqui,
2523 5031 2720 5100 inquit,
2751 5032 2886 5088 mibi
2928 5040 3131 5097 septem
3160 5033 3327 5088 millia
3361 5035 3508 5088 viro,-

1939 5144 2056 5162 Ilum
2125 5127 2217 5162 nni
2258 5141 2361 5162 nnn
2392 5133 2760 5162 nllrvgvnrnnt
2792 5135 2959 5162 annua
3000 5134 3095 5162 sua
3147 5133 3273 5162 unto
3313 5123 3443 5162 non}
3492 5143 3510 5162 ι
