3946 5368
460 285 570 359 ass

1070 286 1128 342 Β.
1169 287 1371 343 PETRI
1401 281 1685 343 DAMIANI
1723 278 1873 335 OPP.
1902 273 2082 330 PARS
2103 272 2236 330 SEU
2267 274 2503 333 τοιιυε
2539 275 2688 330 Π.--
2722 268 3109 330 SERMONES.

3544 209 3557 220 δ

464 406 718 475 tioqnmn
732 401 979 475 nequiter
1002 403 1239 471 claudat,
1254 405 1380 474 quia
1396 403 1489 475 qui
1518 400 1737 457 humilis
1756 408 1812 454 et
1825 395 2038 454 occulta
2064 390 2114 452 Α
2141 391 2389 462 sumpsit.
2418 389 2511 444 Ait
2528 388 2674 444 enim
2699 405 2714 442 :
2751 404 2772 437 ι
2800 384 3011 452 Mulier,
3035 398 3201 455 quam
3229 380 3594 475 dedisti_mibi
3632 364 3749 475 so-i

465 496 565 563 Dei
608 506 860 561 noverat,
895 497 1072 551 elatus
1100 503 1154 550 et
1177 503 1362 564 aperta
1388 493 1682 549 nesciebat.
1705 490 1775 546 Ut
1812 504 1944 559 ergo
1979 488 2040 543 Β.

469 586 750 643 Ursicinus
797 587 1115 643 barathrum
1179 586 1431 642 elationis
1468 585 1767 649 evaderet,
1820 582 2043 653 dignum

466 679 571 732 fuit
623 688 682 732 ut
718 679 963 735 cadendo
1005 679 1240 735 disceret
1267 678 1390 748 quia
1439 692 1545 733 non
1577 691 1693 742 sua,
1734 674 1828 731 sed
1869 674 2043 728 aliena

462 772 669 827 virtute
706 771 963 827 stetisset.
996 770 1249 826 Permisit
1286 771 1468 826 divina
1512 767 1804 825 clementia
1857 765 2039 822 excel-

466 873 585 917 sam
625 861 860 930 paradisi
912 860 1136 917 cedrum
1188 860 1382 916 leviter
1428 860 1675 922 concuti,
1708 873 1776 913 ne
1802 859 2044 913 irruente

466 946 715 1004 validiori
760 949 974 1003 turbine
1002 949 1261 1005 radicitus
1308 948 1570 1018 potuisset
1590 946 1763 1003 evelli.
1788 945 2044 1002 Permisit

465 1037 692 1093 militem
717 1053 874 1093 suum
919 1038 1003 1093 vel
1046 1038 1113 1092 ad
1159 1046 1493 1093 momentum
1533 1036 1816 1092 hostilibus
1852 1033 2044 1104 gladiis

463 1131 694 1194 cedere,
725 1131 1074 1200 utpmnitcns
1127 1129 1266 1200 fugae
1304 1130 1598 1185 ferventius
1643 1126 1902 1198 potuisset
1926 1123 2044 1180 ani-

472 1234 680 1275 mosum
696 1230 886 1291 pectus
901 1222 968 1275 ad
992 1220 1228 1275 rediviva
1252 1235 1441 1275 rursus
1454 1219 1749 1275 certamina
1763 1231 2042 1285 reparare,

466 1318 734 1379 quatenus
784 1313 850 1365 de
918 1311 1154 1381 fugiente
1219 1310 1464 1381 protinus
1516 1310 1918 1378 insequentem,
1978 1306 2045 1362 de

463 1403 611 1458 victo
638 1402 837 1458 faceret
860 1418 1013 1458 versa
1034 1403 1155 1457 vice
1182 1401 1460 1457 victorem.
1490 1400 1734 1454 Amando
1765 1396 2044 1454 Ursicinus

466 1507 686 1548 carnem
735 1507 887 1548 suam
915 1493 1187 1549 Christum
1227 1492 1475 1547 deserere
1510 1491 1700 1552 voluit,
1730 1488 1827 1544 sed
1857 1501 2046 1542 rursus

467 1584 709 1639 timendo
755 1584 1031 1640 Christum
1083 1585 1255 1655 ipSam
1296 1598 1514 1639 carnem
1559 1582 1701 1638 ultro
1746 1577 2042 1636 feriendam

463 1676 809 1736 carnificibus
855 1677 1094 1732 tradidit.
1147 1676 1226 1731 Ex
1280 1690 1388 1745 quo
1429 1674 1692 1745 peccavit,
1729 1688 1796 1728 ex
1831 1670 1944 1742 90
1977 1683 2043 1725 eo

465 1771 752 1829 emendare
787 1770 1032 1840 protinus
1079 1739 1312 1823 studuit.
1356 1739 1511 1824 Un‘de
1558 1765 1776 1821 admisit
1804 1739 2037 1834 culpam,
2068 1739 2116 1799 Β

464 1865 592 1920 inde
629 1863 885 1919 sustinuit
924 1860 1313 1931 pmrritentiam.
1339 1857 1657 1915 Consulatus
1692 1857 1837 1913 enim
1883 1855 2038 1912 Ursi-

462 1955 643 2018 cinus,
687 1968 823 2025 genu
869 1961 1026 2008 terra:
1070 1952 1266 2021 posito,
1303 1949 1682 2022 spiculatorem
1747 1957 1809 2004 ut
1854 1947 2041 2003 feriret

463 2045 734 2111 hortatur,
773 2058 940 2115 agens
968 2043 1342 2115 paenitentiam
1368 2039 1513 2114 quod
1548 2038 1857 2111 expavisset
1881 2036 2037 2093 Chri-

464 2139 537 2193 sti
565 2139 905 2210 martyrium.
1921 2148 1931 2158 ‘

540 2229 762 2294 Discite,
813 2228 1027 2295 fratres,
1079 2228 1271 2285 discite
1322 2228 1616 2300 perfectam
1665 2224 2040 2298 paenitentiam

469 2335 661 2392 agere;
694 2321 885 2376 discite
916 2329 1096 2376 reatus
1123 2320 1291 2376 vestri
1322 2318 1560 2374 maculas
1577 2318 1749 2389 plcnze
1776 2332 2040 2387 compun-

465 2411 664 2467 ctionis
690 2410 905 2467 ﬂetibus
928 2410 1240 2476 emundare,
1272 2408 1543 2473 videlicet,
1573 2417 1632 2462 ut
1670 2415 2040 2464 consummata

463 2498 606 2556 mala
627 2498 864 2572 perfecta
892 2500 1097 2555 diluant
1125 2499 1380 2564 lamenta,
1411 2513 1478 2554 ne
1498 2499 1619 2567 plus
1643 2497 2041 2567 instringamini

465 2593 520 2647 in
553 2591 737 2649 debito
769 2591 1061 2663 perpetrati
1093 2590 1301 2661 operis,
1331 2598 1387 2645 et
1412 2589 1591 2644 minus
1621 2586 1842 2643 solvatis
1868 2586 1921 2640 in
1950 2585 2042 2640 ﬂe-

463 2684 612 2739 tibus
639 2681 1043 2739 satisfactionis.
1092 2679 1367 2751 Scriptum
1394 2680 1591 2751 quippe
1631 2686 1754 2734 est:
1798 2696 1816 2730 α
1848 2677 2040 2733 Polum

464 2768 611 2830 dedit
630 2773 852 2830 nobisin
869 2773 1124 2845 lacrymis
1149 2774 1202 2827 in
1227 2787 1481 2828 mensura
1501 2769 1675 2840 (Psal.
1707 2770 1916 2835 Lxxrx),
1938 2787 1955 2820 ι
1985 2777 2043 2822 ιιι

467 2868 720 2922 nimirum
745 2866 1168 2937 uniuscujusque
1180 2879 1332 2920 mens
1348 2871 1554 2919 tantum
1570 2862 1876 2934 paenitendo
1894 2875 2041 2915 com-

450 2955 778 3025 -pnnetionis
804 2971 914 3011 suat
942 2955 1092 3010 bibat
1113 2954 1398 3026 lacrymas,
1428 2962 1687 3024 quantum
1711 2964 1769 3007 se
1799 2949 2044 3006 meminit

471 3063 503 3102 ι
534 3047 643 3104 Deo
667 3048 873 3102 aruisse
907 3062 1002 3118 per
1026 3047 1230 3118 culpas.
1265 3045 1527 3101 Timendo
1549 3045 1746 3116 quippe
1785 3045 1846 3098 Β.
1881 3043 2037 3099 Ursi-

2146 481 2306 546 ciam,
2333 481 2450 550 ipsa
2471 478 2603 533 mihi
2631 477 2781 532 dedit
2804 476 2871 532 de
2894 475 3064 546 ligno,
3091 484 3150 530 et
3171 474 3380 532 comedi
3395 471 3556 545 (Gen.
3578 468 3719 542 κὴ.»

2143 570 2242 638 Qui
2284 569 2500 639 quidem
2545 583 2644 639 per
2671 567 2919 622 timorem
2963 566 3311 635 semetipsum
3356 561 3726 618 absconsum:

2142 662 2372 734 fugerat,
2388 661 2482 717 sed
2497 668 2678 716 tamen
2700 658 2993 729 requisitus
3022 657 3533 726 innotuitquantum
3554 646 3745 710 etiam'

2143 756 2342 809 timens
2367 752 2720 808 tumescebat.
2752 749 2886 805 Cum
2910 748 3113 805 etenim
3135 762 3203 803 ex
3231 753 3462 817 peccato
3481 758 3729 814 prtesz

2142 862 2298 920 poena
2335 845 2613 910 metuitur,
2656 850 2713 899 et
2756 842 2955 900 amissa
2994 841 3090 898 Dei
3135 839 3304 896 facies
3334 853 3447 894 non
3477 843 3750 923 amatum;

2146 939 2308 993 timor
2351 952 2419 992 ex
2469 945 2682 992 tumore
2720 942 2823 999 est,
2852 947 2958 989 non
2989 948 3056 988 ex
3102 930 3431 987 humilitate.
3466 926 3727 998 Superbit

2141 1031 2339 1103 quippe
2381 1029 2472 1100 qui
2514 1036 2820 1099 peccatum,
2868 1026 2917 1082 si
2981 1024 3142 1081 liceat
3184 1037 3295 1079 non
3339 1018 3560 1091 puniri,
3612 1032 3725 1073 non

2142 1121 2364 1186 deserit,
2386 1120 2478 1175 sed
2504 1118 2683 1190 potius
2708 1116 2995 1174 defendere
3041 1113 3246 1171 tumida
3284 1109 3527 1169 elatione
3579 1122 3722 1179 prae-

2144 1213 2326 1269 sumit.

2215 1304 2543 1360 Studeamus
2587 1305 2769 1375 itaque
2818 1318 2980 1367 nune,
3028 1301 3384 1370 dilectissimi,
3432 1299 3722 1356 beatorum

2145 1404 2441 1468 martyrum
2461 1395 2692 1452 virtutes
2720 1394 2941 1460 imitari,
2974 1402 3034 1449 ut
3059 1395 3130 1451 ab
3157 1392 3497 1466 lmperatore
3518 1404 3726 1463 martyo

2146 1503 2265 1542 rum
2291 1502 2413 1543 cum
2456 1487 2660 1543 eisdem
2706 1501 3015 1542 mereamur
3052 1487 3396 1557 postmodum
3447 1483 3721 1544 coronari.

2146 1576 2343 1633 Eorum
2370 1576 2593 1648 vestigia
2625 1584 2906 1632 teneamus
2928 1575 2981 1628 in
3007 1573 3115 1640 via,
3145 1588 3374 1646 quorum
3402 1574 3724 1630 societatem

2147 1668 2345 1724 habere
2373 1668 2744 1724 desideramus
2772 1666 2826 1720 in
2865 1665 3061 1737 patria.
3107 1662 3356 1721 Profecto
3380 1664 3495 1721 iltie
3520 1664 3727 1719 erimus

2142 1762 2283 1832 quod
2309 1770 2456 1825 sunt,
2482 1759 2526 1814 si
2563 1759 2651 1814 hic
2693 1756 2957 1813 fuerimus
2979 1754 3122 1825 quod
3169 1754 3263 1810 hic
3299 1754 3543 1809 luerunt.
3586 1748 3726 1807 Nam

2141 1853 2186 1907 si
2217 1849 2595 1920 compatimur,
2622 1856 2678 1905 et
2721 1844 3200 1916 conreguabimus;
3233 1842 3280 1899 si
3333 1840 3728 1898 eommorimur

2140 1955 2195 1998 et
2223 1941 2570 1997 convivemus
2610 1936 2693 2011 (Il
2739 1936 2874 1993 Tim.
2906 1937 2985 2007 2).
3034 1933 3151 1991 Non
3176 1947 3304 2006 ergo
3329 1933 3641 1989 dividamur
3667 1930 3725 1986 in

2134 2028 2361 2103 itinere,
2386 2034 2430 2091 si
2455 2034 2604 2106 iungi
2655 2033 2901 2088 volumus
2952 2031 3059 2103 91
3104 2027 3562 2101 inperventione.
3617 2024 3727 2079 Do-

2139 2140 2258 2187 ceat
2285 2144 2384 2185 nos
2424 2129 2483 2183 B.
2527 2125 2719 2181 Vitalis
2761 2125 2962 2181 habere
2990 2122 3165 2177 zelum
3211 2118 3576 2181 rectitudinis,
3623 2117 3726 2171 do-

2140 2230 2262 2277 ceat
2296 2235 2394 2275 nos
2430 2218 2492 2275 Β.
2534 2216 2818 2273 Ursicinus
2859 2214 3087 2269 formam
3131 2220 3317 2268 tenere
3363 2207 3721 2271 humilitatis;

2140 2314 2329 2369 doceat
2372 2320 2599 2380 uterque
2652 2308 2881 2380 gemina:
2933 2320 3154 2362 servare
3205 2301 3484 2358 vinculum
3539 2299 3725 2355 chari-

2145 2404 2289 2458 tatis.
2357 2400 2450 2456 ille
2501 2400 2699 2470 quippe
2739 2396 2965 2467 gemina;
3018 2391 3303 2451 ebaritatis
3353 2391 3552 2447 ardore
3601 2402 3725 2443 suc-

2142 2508 2366 2556 census,
2420 2499 2479 2545 ut
2529 2496 2841 2558 pereuntem
2874 2483 3179 2555 proximum
3208 2482 3463 2537 liberaret
3485 2487 3544 2534 et
3569 2493 3727 2532 mun-

2141 2587 2266 2639 dam
2328 2582 2436 2636 Deo
2486 2577 2604 2648 ejus
2670 2576 2961 2648 imaginem
3033 2574 3316 2638 redderet,
3368 2569 3726 2639 semetipsum

2142 2679 2363 2734 omnino
2391 2674 2669 2745 despexit,
2705 2682 2761 2727 et
2804 2667 3161 2726 crudelissimi
3201 2662 3566 2736 persecutoris
3604 2675 3728 2715 seno

2146 2771 2371 2825 tentiam
2439 2781 2545 2822 non
2611 2761 2848 2832 expavit.
2917 2759 3023 2815 lste
3087 2770 3216 2811 vero
3280 2750 3599 2822 corripienti
3666 2764 3727 2804 se

2144 2861 2388 2933 proximo
2435 2855 2712 2912 humiliter
2750 2851 2948 2924 paruit,
2987 2858 3043 2906 et
3083 2847 3150 2902 ad
3185 2851 3535 2915 conspectum
3563 2839 3727 2896 Creao

2146 2932 2279 3010 toris
2321 2951 2400 3007 sui
2430 2946 2752 3018 quantocius
2777 2957 3001 3016 pergere
3021 2955 3116 3013 per
3135 2938 3367 3011 gladium
3390 2932 3723 3007 properavit.

2217 3042 2323 3099 Sed
2351 3041 2604 3111 quoniam
2645 3037 2789 3092 hunc
2814 3045 3120 3091 sermonem
3148 3033 3214 3084 de
3241 3026 3516 3095 triumpho
3541 3021 3719 3079 sancti

468 3137 626 3193 cinus
662 3144 911 3200 mortem,
945 3136 1071 3192 vitae
1109 3137 1222 3205 jam
1274 3137 1558 3192 deserebat
1601 3145 1898 3198 auctorem,
1944 3135 2037 3189 sed
2065 3102 2112 3167 ο
2145 3133 2333 3191 Vitalis
2366 3132 2609 3189 scribere
2656 3125 3054 3199 proposuimus,
3085 3121 3238 3191 plura
3286 3127 3472 3173 tamen
3524 3128 3724 3205 occur-

467 3242 589 3282 cum
618 3228 781 3283 verba
803 3227 1094 3284 salutifera:
1121 3229 1516 3283 exhortationis
1544 3228 1770 3298 accepit,
1792 3227 2039 3298 protinus

468 3318 684 3390 erigens
714 3332 773 3374 se
822 3327 1011 3374 contra
1043 3321 1275 3390 seipsam
1310 3335 1533 3376 carnem
1571 3321 1731 3374 morti
1759 3319 2039 3375 ultroneus

466 3410 710 3477 tradidit,
743 3408 896 3478 cujus
920 3410 1129 3466 vivendi
1157 3425 1338 3466 amore
1367 3410 1632 3482 peccavit.
1663 3408 1779 3465 Non
1808 3410 2040 3481 denique

467 3500 691 3569 restitit,
715 3516 821 3557 non
851 3502 903 3556 in
930 3503 1093 3559 verba
1136 3517 1195 3558 se
1247 3504 1672 3574 praesumptoriae
1709 3501 2040 3560 defensionis

472 3594 668 3660 erexit,
701 3610 807 3650 non
829 3595 1204 3666 paenitentiam
1232 3595 1463 3662 distulit,
1494 3596 1586 3651 sed
1613 3611 1735 3652 mox
1758 3594 2042 3651 salutifero

471 3685 818 3756 corripientis
848 3686 1077 3757 imperio
1101 3686 1376 3742 humiliter
1413 3686 1669 3742 obedivit.
1718 3686 1858 3741 Sunt
1884 3702 2036 3741 narrt-

465 3789 573 3843 que
603 3775 840 3830 nonnulli
868 3777 985 3847 qui,
1039 3792 1161 3833 cum
1211 3778 1277 3833 de
1325 3791 1419 3832 ore
1465 3777 1829 3848 proximorum
1880 3776 2040 3830 verba

470 3867 830 3936 correptionis
860 3867 1106 3932 audiunt,
1138 3882 1263 3923 mox
1297 3869 1349 3922 in
1383 3868 1518 3922 iram
1545 3876 1924 3938 prorumpunt,
1964 3866 2044 3920 vi-

470 3956 545 4010 tio
572 3957 789 4011 tumidae
809 3956 1058 4014 elationis
1089 3957 1368 4022 inﬂantur,
1395 3965 1451 4011 et
1479 3956 1725 4028 capitalis
1749 3956 2045 4012 inimicitia:

468 4046 679 4102 facibus
720 4048 1197 4103 inardescunt:lli
1245 4048 1498 4104 nimirum
1546 4048 1613 4104 de
1653 4049 2048 4104 medicamento

473 4138 667 4194 salutis
692 4140 975 4195 materiam
1001 4140 1105 4195 sibi
1137 4139 1337 4195 faciunt
1360 4139 1717 4210 aegritudinis,
1745 4149 1801 4195 et
1818 4138 2046 4194 curandi

467 4233 810 4297 cauterium,
859 4232 1174 4287 vumcrandi
1230 4233 1668 4287 instrumentum.
1729 4229 1833 4298 Qui
1879 4231 2049 4287 multo

468 4324 712 4381 deterius
738 4340 837 4396 per
864 4323 1194 4381 defensionis
1219 4324 1500 4378 audaciam
1540 4323 1708 4379 Deum
1737 4324 1803 4378 ad
1832 4323 2049 4378 iracun-

469 4418 613 4473 diam
642 4424 957 4489 provocant,
985 4430 1145 4488 quam
1173 4423 1302 4470 tunc
1326 4429 1449 4470 cum
1469 4414 1742 4469 communi
1757 4413 1940 4469 carnis
1961 4412 2046 4467 in-

467 4510 729 4566 firmitate
774 4510 1093 4579 peceabant.
1136 4506 1264 4563 Plus
1296 4506 1440 4562 enim
1489 4505 1755 4575 delinquit
1790 4505 1911 4574 quis
1948 4504 2045 4559 de-

468 4603 1024 4674 fendendopeecatum
1038 4617 1198 4673 quam
1221 4599 1467 4655 faciendo
1493 4604 1791 4670 peccatum.
1816 4598 2049 4654 Peccare

468 4694 669 4768 quippe
697 4696 992 4755 humanum
1020 4703 1125 4764 est,
1160 4702 1441 4763 peccatum
1461 4705 1594 4747 vero
1621 4689 1907 4747 defendere
1935 4690 2047 4744 dia-

470 4784 707 4840 bolicnm
738 4794 841 4839 est.
873 4783 1028 4840 Unde
1056 4792 1110 4840 et
1140 4782 1426 4839 Psalmista
1457 4782 1697 4837 divinum
1723 4778 2046 4848 adiutorium

467 4872 747 4931 humiliter
790 4875 1061 4947 implorat,
1116 4874 1338 4929 dicens:
1399 4872 1564 4928 «Non
1622 4872 1907 4926 absorbent
1958 4862 2046 4925 m'e

467 4965 836 5033 profundum,
904 4980 1079 5036 neque
1134 4976 1323 5035 urgeat
1376 4978 1539 5036 super
1602 4978 1690 5017 me
1744 4972 1939 5030 puteus
1981 4976 2045 5016 os

472 5070 632 5110 suum
683 5053 857 5110 iPsal.
889 5057 1099 5110 exvnti.
1138 5077 1156 5108 ι
1190 5056 1464 5110 Profunda
1492 5055 1690 5110 auiooe
1727 5054 2047 5109 absorbetur

2142 3235 2294 3283 rente
2323 3223 2549 3279 materia
2582 3220 2649 3276 de
2687 3217 2935 3274 Ursicino
2962 3211 3124 3268 locuti
3153 3223 3362 3273 sumus,
3400 3220 3567 3261 nemo
3610 3202 3728 3258 exi-

2140 3314 2323 3371 stimet
2346 3312 2471 3381 quia
2499 3310 2565 3365 de
2590 3305 2883 3379 propositae
2916 3300 3232 3357 intentionis
3275 3293 3494 3351 tramite
3533 3291 3726 3347 devia-

2139 3406 2334 3461 vimus.
2366 3380 2503 3456 Cum
2546 3398 2691 3452 enim
2723 3393 2781 3449 S.
2814 3390 3045 3447 Ursicini
3080 3387 3387 3455 triumphus
3429 3380 3724 3443 attollitur.

2141 3492 2436 3553 beatissimi
2478 3502 2693 3561 quoque
2737 3484 2927 3542 Vitalis
2972 3479 3299 3553 pneconium
3334 3492 3441 3532 non
3490 3482 3726 3529 tacetur.

2147 3589 2309 3645 Salus
2334 3585 2531 3656 quippe
2559 3579 2711 3652 aegri,
2742 3577 2860 3632 laus
2882 3583 2966 3631 est
2994 3570 3220 3636 medici;
3257 3579 3311 3624 et
3337 3565 3532 3638 peritia
3564 3562 3731 3656 disci-

2143 3679 2274 3752 puli,
2308 3653 2477 3748 gloria
2504 3680 2589 3729 est
2616 3665 2982 3752 praeceptoris.
3036 3661 3262 3730 Magnus
3303 3657 3578 3752 siquidem
3616 3653 3730 3752 illc,

2145 3744 2238 3845 qui
2288 3744 2388 3842 pro
2418 3767 2525 3822 vita
2568 3762 2705 3820 mori
2752 3750 2974 3824 didicit;
3007 3755 3102 3811 sed
3154 3752 3314 3845 longe
3335 3747 3596 3845 superior
3633 3744 3727 3845 qui

2143 3837 2574 3919 momentaneam
2611 3854 2775 3909 vitam
2821 3864 2921 3921 pro
2958 3856 3164 3905 aeterna
3200 3841 3479 3913 despicere
3511 3837 3717 3894 docuit.

2142 3959 2324 4015 Fortis
2355 3954 2462 4018 ille,
2490 3950 2584 4023 qui
2614 3960 2857 4003 amarum
2887 3942 3077 4010 salutis
3105 3936 3360 4011 poculum
3408 3932 3600 3988 bibere
3628 3943 3724 4000 po-

2144 4050 2278 4115 tuit;
2311 4044 2405 4102 sed
2434 4022 2601 4100 multo
2624 4037 2818 4095 fortior
2848 4036 2970 4098 iste,
2996 4031 3089 4103 qui
3122 4044 3245 4085 eum
3275 4025 3344 4082 de
3370 4022 3505 4115 ipsis
3529 4032 3725 4092 perpe-

2150 4114 2269 4196 tuat
2314 4135 2504 4191 mortis
2559 4129 2809 4186 faucibus
2855 4132 3103 4196 potenter
3150 4118 3356 4176 eduxit.
3406 4114 3546 4171 Cum
3597 4124 3728 4183 ergo

2148 4224 2493 4297 triumphalis
2523 4218 2761 4279 Ursicini
2792 4216 2968 4271 virtus
2993 4211 3273 4276 attollitur,
3299 4206 3569 4278 gloriosus
3590 4216 3725 4274 quo-

2147 4333 2251 4391 que
2278 4296 2340 4373 B.
2377 4313 2568 4370 Vitalis
2589 4313 2762 4367 honor
2781 4314 3031 4377 augetur.
3060 4302 3173 4358 lmo
3187 4296 3449 4391 quidquid
3468 4306 3726 4391 maguum

2146 4385 2348 4468 dicitur
2372 4411 2437 4464 de
2464 4412 2715 4472 utroque,
2747 4407 2921 4455 totum
2958 4396 3024 4451 ad
3047 4393 3274 4469 gloriam
3300 4385 3579 4445 Creatoris
3603 4396 3723 4455 per-

2149 4505 2286 4559 tinet
2313 4500 2612 4567 utriusque.
2642 4512 2662 4546 ι
2686 4490 2871 4561 Neque
2894 4488 3039 4543 enim
3065 4482 3158 4555 qui
3178 4472 3724 4567 plantatestaliquid,

2150 4607 2326 4665 neque
2375 4590 2468 4661 qui
2508 4564 2692 4657 rigat,
2744 4580 2841 4637 sed
2883 4578 2973 4652 qui
3016 4576 3411 4632 incrementum
3442 4567 3537 4623 dat
3589 4564 3722 4619 Deut

2179 4687 2202 4739 Ι
2234 4685 2358 4741 Cor.
2394 4685 2501 4741 ut).
2533 4698 2555 4734 ο

2179 4687 2202 4739 Ι
2234 4685 2358 4741 Cor.
2394 4697 2453 4737 tn
2488 4719 2501 4733 .
2533 4698 2555 4734 ο

2150 4689 2170 4758 (
2222 4778 2366 4832 Inter
2392 4681 2509 4829 11320
2538 4783 2653 4834 vos,
2692 4767 2889 4823 fratres
2917 4756 3244 4822 cnarissimi,
3272 4753 3340 4808 ad
3370 4746 3720 4816 vosmetipsos

2154 4870 2345 4933 redite,
2359 4875 2515 4922 actus
2539 4868 2750 4916 vestros
2770 4855 2997 4913 sollicita
3020 4844 3423 4906 examinatione
3445 4839 3723 4902 discutite;

2147 4969 2203 5016 et
2232 4931 2533 5028 quilaudes
2556 4958 2857 5024 martyrum
2882 4944 3117 5001 libenter
3136 4936 3355 5028 auditis,
3380 4931 3484 5004 ipsi
3513 4936 3719 5028 quoque

2148 5018 2474 5107 laudabilem
2522 5018 2715 5099 vitam'
2748 5039 2950 5096 habere
2993 5040 3205 5092 curate.
3262 5046 3281 5079 ι
3312 5025 3429 5082 Non
3470 5030 3554 5078 est
3583 5018 3731 5079 enim
