3946 5368
208 252 310 325 aut

1597 272 1828 328 SERMO
1867 273 2050 328 XVIII.

3345 273 3456 332 60$

207 385 348 437 inter
373 381 578 439 milites
601 381 824 439 Christi.
868 383 1070 440 Desunt
1112 385 1354 441 exterius
1381 381 1588 447 hostes,
1629 393 1780 440 verte
1808 396 1853 449 Α
1882 386 2192 442 convocatis
2219 386 2412 442 amicis
2433 395 2488 443 et
2515 386 2724 452 vicinls,
2755 386 3164 459 congratulatus
3185 395 3270 444 est
3295 387 3452 458 (an-

206 491 401 530 mauus
446 476 502 530 in
550 486 621 540 te,
658 486 712 532 et
756 477 951 530 mullos
994 476 1281 532 seditiosos
1323 477 1562 533 invenies
1606 477 1772 532 cives.

206 567 372 621 Doma
416 569 748 637 superbiam,
795 568 980 639 jngnla
1019 569 1372 632 iracundiam,
1403 570 1686 637 exstingue
1715 568 1782 622 li-

203 655 464 719 bidinem,
499 658 732 727 reprime
760 659 1069 721 avaritiam,
1097 659 1284 714 occide
1313 659 1586 721 invidiam,
1619 666 1693 718 et.
1721 666 1780 713 ut

199 745 445 799 breviter
474 759 600 800 cum
625 745 884 815 Apostolo
917 756 1110 803 cuncta
1142 749 1488 819 complectar,
1519 747 1780 815 Cruci/iac

199 850 412 888 carnem
448 845 595 890 tuam
624 852 743 890 cum
780 838 916 891 vitiis
963 848 1010 892 et
1059 840 1488 906 concupiscentiis
1531 837 1673 907 (Gal.
1697 840 1776 907 v),

198 923 300 978 hoc
342 932 434 978 est
483 925 698 980 fortiter
725 941 906 997 agere,
956 929 1056 984 hoc
1091 937 1176 983 est
1214 928 1446 984 viriliter
1493 929 1774 983 dimicare.

196 1014 331 1069 Nam
360 1018 497 1086 quid
535 1019 712 1088 juvat,
746 1021 791 1074 si
837 1019 984 1075 circa
1029 1019 1228 1074 vallum
1264 1030 1318 1074 te
1351 1036 1458 1074 non
1494 1020 1778 1074 obsideant

197 1109 341 1163 acies
360 1111 829 1180 persequentium,
851 1120 904 1167 et
934 1111 1076 1166 intra
1102 1112 1252 1166 urbis
1279 1111 1476 1167 mmnia
1501 1121 1777 1181 grassetur

195 1200 479 1254 barbaries
506 1201 814 1255 vitiorum?
861 1202 970 1256 Imo
1015 1202 1145 1272 quid
1187 1202 1427 1270 prodest,
1455 1202 1498 1254 si
1531 1202 1772 1255 membra

195 1290 393 1345 diaboli
425 1301 604 1346 tecum
632 1292 871 1347 exterius
899 1308 1003 1345 non
1034 1290 1344 1362 conﬂigant,
1374 1300 1429 1344 et
1457 1292 1570 1359 ipse
1588 1291 1775 1344 diabo-

197 1379 275 1433 lus
322 1380 659 1435 intrinsecus
704 1389 756 1435 te
783 1381 967 1449 quieto
991 1380 1112 1450 jure
1142 1379 1450 1450 possideat?
1479 1378 1611 1432 Nam
1648 1379 1772 1448 qui-

195 1483 404 1536 cunque
428 1469 547 1537 ejus
579 1469 837 1524 voluntati
863 1470 1092 1540 subjecti
1123 1479 1272 1534 sunt,
1302 1470 1456 1539 quasi
1483 1469 1669 1539 quieto
1703 1468 1772 1522 ab

193 1557 420 1624 illojure
447 1561 812 1629 possidentur,
838 1570 891 1614 et
916 1561 1178 1630 superbus
1198 1574 1387 1616 eorum
1417 1575 1506 1614 rex
1537 1560 1770 1630 quadam

191 1653 483 1705 securitate
499 1651 955 1721 perfruitur.dum
974 1668 1160 1707 eorum
1181 1654 1432 1708 cordibus
1452 1653 1769 1708 inconcussa

1883 475 1997 545 xv),
2030 476 2101 530 ita
2137 485 2192 530 et
2217 493 2340 542 nos,
2371 477 2593 534 invento
2621 493 2709 544 eo,
2739 494 2844 535 non
2884 480 3027 548 quod
3057 479 3173 551 ipse
3203 481 3453 550 perdide-

1879 574 1983 629 rat,
2006 569 2100 622 sed
2129 583 2238 637 quo
2287 584 2386 625 nos
2431 571 2671 640 perditos
2724 571 3075 641 acquisierat,
3121 571 3325 641 justum
3371 581 3456 628 est

1877 655 2126 727 gloriari,
2168 660 2468 730 praesertim
2515 677 2638 716 cum
2685 661 2978 732 Apostolus
3017 660 3164 717 dicat
3203 677 3220 717 :
3267 681 3286 714 ι
3323 661 3454 718 Mihi

1880 757 2059 803 autem
2086 749 2228 805 absit
2275 751 2520 821 gloriari,
2565 753 2667 808 nisi
2715 754 2767 808 in
2811 768 2973 810 cruce
3023 755 3236 810 Domini
3282 759 3454 811 nostri

1875 835 2001 891 Jcsn
2050 839 2256 894 Christi
2287 839 2427 910 (Gal.
2461 843 2570 912 vt),
2607 861 2625 893 ι
2659 852 2916 912 tantoque
2946 845 3266 913 propensius
3295 844 3454 914 spiri-

1880 929 2078 986 tualem
2113 931 2358 987 lmtitiam
2403 934 2572 989 alacri
2616 936 2872 990 debemus
2915 945 3095 990 mente
3142 937 3450 1006 concipere,

1877 1032 2081 1089 quanto
2107 1039 2211 1078 non
2239 1025 2549 1094 ignoramus
2571 1036 2628 1081 ct
2651 1027 2823 1094 ipsum
2849 1028 3100 1082 humana:
3131 1028 3320 1083 salutis
3349 1029 3454 1083 iui-

1827 1105 1838 1118 ’
1876 1113 2072 1167 micum
2095 1115 2332 1169 amarius
2351 1117 2646 1186 suspirare.
2668 1117 2945 1174 Gaudebat
2961 1137 3193 1190 namque
3209 1120 3451 1176 diabolus

1876 1203 1943 1258 ad
1972 1206 2305 1261 evadendum
2349 1208 2719 1278 ignominiosa:
2761 1227 2871 1272 sua:
2905 1211 3234 1266 confusionis
3255 1227 3453 1282 oppro-

1875 1293 2073 1359 brium,
2093 1297 2234 1365 quod
2261 1297 2582 1366 triumphale
2609 1299 2884 1365 vexillum,
2901 1300 3002 1356 sub
3021 1316 3129 1370 quo
3145 1302 3453 1370 perdiderat

1852 1384 1973 1441 .sub
1996 1399 2102 1452 quo
2129 1396 2433 1454 prostratus
2451 1398 2506 1443 et
2538 1389 2841 1459 captivatus
2866 1390 3062 1455 fuerat,
3090 1402 3316 1445 eatenus
3341 1407 3454 1444 ma-

1875 1485 2029 1529 neret
2051 1475 2343 1542 occultum,
2365 1489 2419 1534 et
2438 1479 2607 1534 rniute
2629 1497 2741 1536 sure
2768 1482 3021 1545 dedecus,
3045 1481 3187 1552 quod
3204 1497 3455 1536 succum-

1874 1569 2049 1623 bendo
2077 1569 2394 1640 pertulerat,
2423 1588 2714 1644 suppresso
2743 1577 2897 1646 signo
2933 1577 3174 1631 victoriae
3197 1590 3455 1643 compen-

1874 1660 2047 1716 sabat.
2072 1663 2140 1715 At
2177 1662 2265 1716 ubi
2314 1674 2589 1733 repertum
2621 1676 2726 1731 est,
2777 1667 2867 1720 ubi
2915 1683 3038 1721 cum
3087 1676 3232 1720 tanta
3282 1666 3454 1736 gloria

189 1752 458 1810 potestate
487 1745 814 1800 dominatur.
836 1743 942 1801 Sed
964 1761 1084 1800 cum
1116 1744 1533 1814 uniuscujusque
1554 1746 1774 1815 Spiritus
1807 1740 1846 1801 Β
1876 1749 2176 1807 Christauze
2201 1753 2470 1808 devotioni
2509 1764 2566 1809 et
2607 1757 2789 1824 pietati
2834 1757 3118 1827 perpendit
3164 1771 3287 1811 esse
3324 1770 3453 1809 eon-

189 1835 254 1889 ad
280 1835 595 1892 Conditoris
625 1839 948 1893 desiderium
978 1837 1283 1901 recalescit,
1326 1853 1449 1892 cum
1498 1846 1774 1903 torporem

187 1926 529 1998 negligentia:
551 1929 773 1994 deserit,
795 1939 851 1984 et
873 1929 1044 2000 frigus
1075 1930 1506 1985 insensibilitatis
1535 1929 1775 1998 pristinae

186 2018 308 2090 igne
355 2019 532 2074 sancti
584 2020 785 2077 amoris
845 2021 1147 2088 succendit,
1197 2036 1319 2076 cum
1375 2020 1640 2076 libertatis
1685 2020 1772 2074 in-

185 2111 380 2178 genitae
423 2112 707 2177 meminit,
767 2119 822 2168 et
871 2111 1038 2168 teneri
1070 2112 1138 2167 ab
1187 2110 1344 2168 hoste
1403 2126 1592 2167 servus
1649 2125 1773 2166 cru-

186 2200 386 2267 bescit,
415 2203 544 2272 quia
579 2203 722 2258 idem
753 2203 922 2259 hostis
952 2217 1012 2258 se
1063 2203 1373 2257 considerat
1397 2199 1608 2270 despui,
1643 2201 1770 2270 quia

182 2292 289 2362 92
326 2293 448 2348 vias
497 2293 594 2348 Dei
649 2296 795 2350 videt
854 2295 1229 2366 apprehendi,
1283 2293 1429 2348 dolet
1471 2303 1660 2348 contra
1713 2309 1772 2350 se

183 2394 398 2453 captum
430 2386 591 2440 reniti
619 2429 634 2453 ,
680 2403 801 2442 mox
832 2388 949 2442 zelo
985 2388 1320 2450 accenditur,
1349 2403 1472 2442 mox
1500 2389 1566 2442 ad
1597 2397 1772 2442 certa-

181 2489 302 2529 men
353 2485 628 2540 movetur,
662 2493 785 2532 mox
816 2489 1005 2533 contra
1039 2479 1388 2533 rebellantem
1433 2487 1669 2534 mentem
1709 2494 1768 2532 se

181 2576 385 2621 excitat
409 2577 575 2639 atque
618 2570 671 2623 in
702 2571 848 2624 omni
881 2581 998 2625 arte
1043 2571 1387 2626 lacerationis
1431 2573 1672 2640 instigat,
1712 2581 1772 2625 ut

181 2658 540 2714 tentationum
584 2661 762 2730 jacula
796 2663 1156 2731 iutorquendo
1201 2662 1468 2717 confodiat
1503 2677 1595 2716 cor
1626 2663 1770 2732 quod

178 2748 381 2802 dudum
439 2752 625 2819 quieto
681 2750 806 2821 jure
855 2753 1186 2822 possidebat.
1251 2753 1412 2820 Quasi
1469 2754 1770 2807 dormiebat

177 2838 400 2908 quippe,
433 2840 558 2892 dum
583 2842 789 2908 sepitus
815 2841 868 2896 in
901 2858 1068 2910 pravo
1096 2843 1258 2897 corde
1305 2845 1632 2912 quiesceret,
1672 2844 1766 2898 sed

177 2931 450 2984 excitatur
483 2932 534 2984 in
561 2934 944 3001 provocatione
967 2934 1308 2998 certaminis,
1339 2950 1459 2988 cum
1486 2933 1577 3003 jus
1601 2935 1770 2990 admi-

177 3021 305 3074 serit
336 3035 605 3090 perversa:
632 3022 1035 3077 dominationis.
1084 3024 1357 3092 Scriptum
1387 3025 1584 3092 quippe
1619 3034 1704 3078 est
1746 3043 1761 3078 :

182 3130 199 3161 ι
235 3111 358 3175 Fili,
392 3117 655 3168 accedens
689 3112 754 3166 ad
785 3115 1105 3168 servitutem
1141 3115 1253 3178 Dei,
1287 3124 1368 3169 sta
1400 3114 1680 3182 injustitia
1707 3126 1762 3170 et
1789 3099 1833 3160 (ἶ

178 3205 394 3266 timore,
445 3216 503 3260 et
548 3221 790 3276 prmpara
833 3208 1072 3261 animam
1119 3217 1264 3260 tuam
1310 3208 1376 3261 ad
1410 3208 1762 3262 tentatiouem

175 3297 470 3368 (Ecclt'.tt).
493 3317 511 3347 ι
551 3297 808 3367 Quisquis
837 3297 980 3352 enim
1013 3299 1216 3368 accingi
1251 3299 1301 3352 in
1326 3299 1509 3353 divino
1537 3301 1765 3355 servitio

174 3398 454 3458 properat,
482 3389 610 3457 quid
644 3389 788 3442 aliud
817 3404 980 3458 quam
1015 3405 1074 3445 se
1119 3398 1305 3444 contra
1336 3390 1541 3460 antiqui
1574 3391 1766 3444 adver-

175 3484 302 3537 sarii
328 3492 606 3538 certamen
655 3492 833 3553 parat,
881 3493 941 3538 ut
988 3483 1124 3538 liber
1173 3484 1224 3536 in
1272 3483 1572 3537 certamine
1629 3484 1765 3538 ictus

174 3577 455 3645 suscipiat,
494 3577 584 3644 qui
619 3577 836 3646 quietus
876 3576 976 3630 sub
1019 3576 1304 3644 tyrannide
1352 3576 1404 3629 in
1450 3575 1764 3642 captivitate

176 3667 500 3720 serviebat?
543 3665 598 3720 In
636 3666 736 3719 hoc
782 3665 1104 3729 certamine,
1152 3664 1490 3719 dilectissimi
1549 3663 1761 3728 fratres,

175 3766 359 3811 noster
389 3760 604 3812 animus
627 3772 686 3812 se
715 3772 932 3826 semper
957 3764 1229 3818 exerceat,
1260 3756 1326 3809 ad
1367 3755 1526 3823 hujus
1570 3769 1764 3824 pugnae

174 3850 460 3904 victoriam
494 3865 649 3904 mens
693 3858 878 3903 nostra
930 3849 1055 3904 totis
1093 3849 1390 3902 visceribus
1429 3848 1760 3902 inardescat.

180 3959 198 3992 ι
233 3941 350 3995 Non
377 3943 523 3995 enim
556 3941 927 4002 coronabitur,
961 3940 1065 3994 nisi
1095 3940 1184 4010 qui
1209 3939 1446 4006 legitime
1469 3938 1763 3993 certaverit

175 4029 257 4094 (Il
294 4030 432 4083 Tim.
478 4034 578 4099 tr);
619 4050 637 4083 ι
686 4038 951 4100 quatenus
980 4030 1074 4098 qui
1108 4045 1250 4084 nunc
1277 4029 1540 4082 imitando
1571 4029 1761 4083 beatos

176 4131 448 4194 martyres
490 4123 728 4192 legitime
765 4123 1043 4177 decertare
1071 4121 1468 4184 contendimus,
1504 4129 1758 4192 percepta

174 4233 376 4275 corona
408 4218 654 4272 victoria:
679 4216 732 4271 in
763 4225 1024 4272 :cternum
1051 4230 1173 4270 cum
1212 4214 1328 4283 ipso
1378 4227 1508 4284 rege
1558 4221 1762 4282 marty-

177 4325 292 4364 rum
325 4309 679 4365 ineii‘abilitcr
723 4307 1081 4363 exsultemus.
1133 4304 1233 4372 Qui
1292 4304 1466 4360 trinns
1512 4312 1568 4360 et
1621 4319 1762 4359 unus

177 4401 316 4457 Deus
342 4401 478 4455 vivit
508 4408 559 4455 et
609 4399 873 4469 gloriatur
897 4396 1131 4469 [regnat]
1162 4412 1258 4467 per
1307 4385 1516 4452 infinita
1563 4396 1758 4453 szccula

176 4493 518 4550 szeculorum.
542 4493 740 4548 Amen.

831 4652 1100 4714 MAIUS.

175 4756 280 4816 Ill.
332 4754 546 4817 Sermo
581 4753 654 4814 de
687 4751 1050 4812 Inventione
1083 4759 1309 4813 sanctae
1343 4752 1591 4812 Cruces.

178 4856 284 4915 XI.
317 4855 530 4915 Sermo
573 4852 647 4913 de
692 4852 759 4913 S.
812 4851 1102 4934 Anthimo
1138 4857 1432 4928 martyre.

175 4955 341 5014 XIV.
373 4953 584 5014 Sermo
617 4949 690 5011 de
718 4951 783 5012 S.
823 4949 1152 5030 Boni/“acia
1197 4955 1483 5026 martyre.

175 5054 309 5116 XV.
346 5055 560 5116 Sermo
613 5050 687 5111 de
731 5051 981 5128 Spiritu
1031 5056 1243 5108 sancto
1296 5055 1351 5108 et
1417 5047 1547 5127 ejus
1610 5065 1752 5125 gra-

250 5163 356 5216 na.
735 5248 962 5305 SERMO
1003 5245 1188 5302 XHll.

328 5360 392 5368 --
432 5355 758 5368 -....-υ...-Αι-ις
799 5355 1015 5368 ’.ι-,ρ--η
1058 5352 1237 5368 μηνί-ιι-
1297 5336 1376 5368 Ino
1411 5341 1524 5368 ιιιιὶ
1558 5336 1570 5366 Ὶ

1875 1840 2140 1909 spicuum,
2189 1843 2462 1898 erubescit
2495 1860 2554 1899 se
2589 1845 2784 1914 ubique
2823 1845 2935 1915 jam
2987 1845 3171 1900 videre
3210 1853 3449 1914 prostra-

1875 1939 2130 1996 stratum.
2182 1933 2290 2004 93
2335 1936 2458 2002 quia
2491 1935 2689 2004 ubique
2721 1935 2931 1990 titulum
2971 1936 3166 1990 divina:
3211 1935 3450 1990 victorias

1873 2023 2046 2078 cernit
2082 2034 2343 2080 erectum.
2382 2026 2694 2097 Ubicunque
2717 2027 2863 2081 enim
2891 2027 3103 2097 signum
3132 2026 3310 2080 crucis
3343 2027 3451 2081 eri-

1872 2115 2035 2186 gitur,
2060 2115 2166 2170 illic
2180 2119 2367 2186 procul
2398 2119 2561 2174 dubio
2589 2129 2644 2174 et
2669 2119 2870 2174 Christi
2893 2119 3138 2183 victoria,
3165 2126 3222 2172 et
3249 2117 3450 2173 diaboli

1873 2211 2158 2280 captivitas
2179 2213 2480 2266 denatatnr.
2514 2211 2684 2266 Porro
2712 2222 2892 2266 autem
2934 2221 3256 2266 veternosus
3279 2210 3451 2265 hostis

1869 2316 1968 2369 per
1990 2301 2191 2371 lignum
2217 2301 2451 2371 primtun
2482 2302 2756 2355 hominem
2783 2301 3004 2364 vicerat,
3037 2314 3362 2368 omnemque
3388 2298 3452 2352 il-

1871 2390 1976 2444 lius
2003 2392 2314 2460 progeniem
2368 2405 2467 2462 per
2505 2391 2746 2460 quinque
2797 2389 2962 2444 millia
3001 2389 3115 2443 fere
3159 2403 3448 2452 annorum,

1873 2486 2126 2551 tanquam
2154 2497 2391 2545 servum,
2423 2482 2522 2534 sub
2543 2481 2676 2550 jugo
2705 2496 2816 2536 sua:
2848 2481 3148 2552 tyrannidis
3171 2480 3446 2548 opprime-

1871 2571 1983 2625 bat.
2017 2570 2173 2626 Venit
2201 2584 2381 2626 autem
2433 2570 2624 2636 Filius,
2659 2582 2910 2640 tanquam
2956 2573 3106 2641 gigas
3130 2571 3195 2623 ad
3224 2584 3450 2624 curren-

1869 2664 1993 2717 dam
2021 2663 2163 2717 viam
2201 2662 2372 2734 (Paul.
2426 2663 2606 2732 xvm),
2669 2671 2732 2716 ut
2776 2661 3077 2718 debellaret
3128 2677 3316 2716 aereas
3347 2675 3450 2731 po-

1871 2764 2115 2818 testates,
2146 2765 2202 2810 et
2253 2755 2451 2824 lignum
2496 2756 2638 2825 ligno
2667 2756 2949 2826 Opposuit,
2978 2757 3104 2808 dum
3145 2770 3243 2825 per
3269 2753 3450 2808 crucis

1871 2846 2284 2900 amaritudinem
2319 2847 2532 2916 ex5puit
2580 2856 2895 2901 venenatam
2927 2845 3071 2915 pomi
3100 2845 3245 2900 illius
3294 2843 3448 2899 veliti

1870 2936 2220 3004 voluptatem.
2273 2934 2484 2989 Primus
2525 2936 2736 2990 scilicet
2781 2935 2942 2991 homo
2968 2951 3091 2990 cum
3130 2949 3349 2988 manum
3379 2933 3450 2988 ad

1871 3027 2142 3088 arborem,
2187 3024 2401 3079 diabolo
2441 3027 2742 3090 suadente,
2791 3026 3055 3095 porrexit,
3109 3022 3452 3094 tauquamli-

1864 3136 2013 3190 gnem
2049 3119 2243 3173 tabula:
2275 3119 2697 3188 chirographum
2743 3119 3002 3173 dedititiae
3049 3117 3327 3173 servitutis
3365 3117 3450 3172 in-

1865 3214 2102 3282 scripsit.
2132 3213 2413 3266 Secundus
2442 3213 2602 3265 homo
2629 3227 2750 3266 cum
2781 3211 2832 3265 in
2856 3226 3020 3266 cruce
3041 3226 3233 3265 manus
3255 3217 3446 3264 exten-

1863 3303 1966 3366 dit,
1995 3303 2297 3357 cautionem
2329 3303 2475 3356 illam
2517 3302 2781 3356 lethtl'era:
2824 3303 3092 3371 pactionis
3131 3299 3443 3372 [passionis]

1863 3393 2238 3447 oblitterandae
2278 3392 2495 3447 delevit.
2541 3392 2645 3447 Per
2688 3393 2891 3463 lignum
2939 3407 3070 3462 ergo
3120 3393 3260 3447 servi
3294 3392 3443 3455 lacti,

1863 3499 1960 3554 per
1986 3485 2188 3556 lignum
2211 3500 2398 3539 sumus
2429 3485 2663 3539 libertati
2695 3485 2935 3555 pristina:
2965 3485 3221 3539 restituti.
3246 3483 3352 3538 Per
3380 3484 3444 3539 li-

1863 3591 2027 3645 gnum
2051 3577 2117 3630 de
2147 3575 2396 3645 paradiso
2436 3574 2711 3629 fueramus
2751 3575 2933 3644 ejecti,
2975 3588 3072 3644 per
3101 3574 3303 3644 lignum
3352 3588 3445 3628 su-

1863 3680 1984 3720 mus
2021 3666 2072 3719 in
2105 3665 2334 3734 patriam
2359 3665 2620 3720 revocati.
2652 3665 2718 3718 Et
2744 3665 2834 3734 qui
2875 3679 2971 3734 per
2998 3663 3199 3733 lignum
3239 3663 3445 3717 inimici

1862 3759 2099 3826 deputati
2134 3757 2352 3823 fuimus,
2401 3773 2499 3827 per
2534 3764 2932 3812 sacramentum
2961 3756 3140 3811 crucis
3164 3755 3216 3809 iu
3259 3755 3447 3808 amici-

1863 3849 1993 3903 tiam
2040 3848 2134 3904 Dei
2173 3858 2230 3904 et
2271 3849 2325 3902 in
2361 3847 2674 3916 angelorum
2711 3845 3059 3900 concordiam
3107 3841 3447 3898 reconciliati

1860 3955 2068 4004 sumus,
2103 3949 2337 3995 testante
2380 3937 2660 4009 Apostolo,
2707 3937 2798 4008 qui
2835 3937 2903 3991 de
2926 3935 3146 3992 Christo
3172 3936 3238 3990 ad
3269 3934 3452 4004 Ephe-

1862 4033 1973 4088 sios
1997 4032 2222 4101 loquens
2251 4033 2326 4087 ait
2353 4047 2372 4087 :
2407 4049 2426 4082 ‹
2462 4030 2582 4101 Ipse
2607 4039 2711 4096 est,
2743 4030 2941 4099 inquit,
2978 4043 3083 4098 pax
3113 4035 3324 4092 nostra,
3352 4025 3446 4096 qui

1863 4125 1990 4180 fecit
2025 4135 2254 4196 utraque
2305 4138 2510 4189 unum;
2555 4131 2610 4178 et
2639 4121 2873 4177 medium
2904 4120 3164 4190 parietem
3197 4117 3448 4173 macerias

1861 4215 2183 4284 dissolvens,
2217 4215 2531 4270 inimicitias
2562 4213 2616 4268 in
2649 4225 2812 4268 carne
2847 4226 2942 4265 sua
2976 4227 2989 4263 :
3023 4209 3193 4278 legem
3225 4209 3448 4263 manda-

1863 4315 2040 4363 torum
2078 4307 2311 4362 decretis
2348 4321 2648 4369 evacuans,
2682 4312 2742 4359 ut
2769 4303 2904 4358 duos
2933 4302 3131 4357 condat
3159 4301 3212 4354 in
3242 4305 3446 4354 semet-

1864 4400 1981 4470 ipso
2019 4400 2072 4454 in
2110 4415 2276 4454 unum
2315 4413 2514 4454 novum
2569 4397 2866 4460 hominem,
2895 4394 3100 4449 faciens
3122 4407 3348 4463 pacem;
3390 4399 3448 4444 ut

1789 4461 1838 4523 θ
1866 4491 2180 4546 reconciliet
2217 4492 2404 4546 ambos
2449 4490 2503 4544 in
2553 4503 2660 4542 uno
2681 4501 2910 4556 corpore
2943 4487 3051 4540 Deo
3073 4499 3172 4553 per
3203 4497 3444 4545 crucem,

1869 4583 2198 4639 interliciens
2224 4580 2539 4635 inimicitias
2575 4579 2628 4634 in
2660 4577 2952 4645 semetipso
2978 4575 3193 4644 (Ephes.
3218 4573 3304 4644 ιι).
3336 4593 3356 4626 ι

1937 4673 2050 4726 Hoc
2086 4671 2316 4740 denique
2341 4670 2531 4725 salutis
2565 4670 2818 4724 humana}
2842 4664 3096 4720 vexillum
3133 4678 3237 4724 non
3271 4661 3444 4718 solum

1864 4764 1949 4818 lex
1987 4778 2083 4832 per
2120 4764 2379 4831 quasdam
2417 4763 2623 4832 typicas
2665 4756 3051 4829 intelligendas
3079 4766 3135 4810 et
3159 4755 3448 4825 aanigmata

1860 4856 2188 4926 prteiigurat,
2217 4855 2312 4910 sed
2347 4863 2402 4909 et
2439 4854 2682 4909 omnium
2729 4851 3119 4926 prephetarum
3155 4847 3374 4902 oracula
3397 4855 3452 4901 et

1861 4956 2056 5002 cuncta
2073 4946 2272 5000 veteris
2298 4943 2640 5000 instrumenti
2663 4951 2967 5004 veneratur
2990 4937 3308 4992 auctoritas.
3329 4935 3460 5003 Qua:

1860 5048 1946 5095 est
1971 5038 2116 5094 enim
2147 5039 2289 5093 sacri
2316 5037 2513 5106 eloquii
2537 5034 2749 5107 pagina
2767 5086 2787 5113 τ
2812 5046 2932 5108 qua:
2954 5027 3130 5081 crucis
3148 5029 3466 5100 mysterium

1863 5146 1970 5186 non
2004 5130 2264 5194 redoleat,
2287 5139 2342 5184 et
2367 5129 2433 5183 ad
2459 5131 2586 5192 hoc,
2613 5139 2814 5196 quasi
2842 5124 2908 5181 ad
2933 5116 3101 5172 totius
3119 5117 3370 5172 humana:
3390 5133 3477 5172 sa-

1863 5225 1992 5280 lutis
2011 5233 2366 5294 caput.atque
2390 5218 2791 5296 principium,
2822 5229 2930 5282 non
2957 5207 3232 5265 intendat?
3259 5210 3336 5264 Ex
3369 5210 3485 5296 qui—

1863 5320 1963 5368 bus
1990 5313 2245 5368 nimirum
2302 5327 2407 5366 non
2459 5310 2708 5368 otiosum
2770 5295 3093 5368 ﬁci-edimus.
3127 5296 3174 5350 Si
3204 5297 3377 5366 aliqua
3401 5295 3491 5348 hic
