3946 5368
504 251 611 306 605

1109 249 1165 305 S.
1199 249 1401 305 PETRI
1436 250 1716 306 DAMIANI
1753 250 1903 306 OPP.
1946 247 2127 304 PARS
2167 247 2299 304 SEU
2339 246 2575 305 TOMUS
2612 248 2675 329 II.
2716 280 2786 292 —
2820 236 3208 311 SEIIMONES.

3639 258 3748 315 σοι

505 367 727 420 accedat
773 364 825 419 in
865 363 1121 429 medium,
1166 363 1259 433 qui
1299 362 1426 417 dum
1465 362 1747 418 immolare
1773 362 1883 415 Deo
1908 359 2075 414 ﬁlium
2108 362 2149 421 Α
2183 359 2338 414 ﬁdem
2392 359 2629 427 videant,
2679 365 2770 432 qui
2818 374 3046 421 eatenus
3075 366 3194 421 ﬁdei
3218 366 3401 425 oculos
3425 382 3537 424 non
3578 368 3746 452 habe-

510 456 696 521 voluit,
737 464 929 511 cuncta
961 470 1100 526 pene
1124 470 1221 525 per
1243 455 1487 511 ordinem
1527 452 1797 523 passionis
1837 452 2077 506 Domini-

504 561 583 602 ea:
621 553 957 601 sacramenta
1008 545 1260 615 signavit.
1294 543 1446 599 Sicut
1482 544 1627 599 enim
1651 541 1948 606 Abraham,
1985 541 2075 610 qui

503 647 652 704 pater
676 635 910 690 excelsus
935 636 1152 700 dicitur,
1184 636 1401 689 unicum
1429 643 1485 689 et
1511 634 1768 689 dilectum
1806 631 1970 686 ﬁlium
1996 630 2080 685 of-

501 726 649 782 ferre
677 727 787 782 Deo
812 743 918 781 non
950 728 1233 790 dubitavit,
1263 726 1337 780 ita
1358 735 1413 780 et
1432 740 1674 781 summus
1701 723 1867 779 Pater
1891 723 2079 792 unige-

504 818 674 873 nitum
702 819 1057 887 dilectumque
1110 817 1304 872 Filium
1343 832 1441 886 pro
1476 816 1632 870 nobis
1683 815 1933 870 omnibus
1965 823 2078 867 tra-

507 911 662 965 didit.
715 912 780 965 Et
806 912 943 965 sicut
979 911 1125 966 Isaac
1152 912 1267 980 ipse
1296 911 1394 965 sibi
1436 911 1574 981 ligna
1600 910 1835 980 portavit
1882 908 2076 978 quibus

503 1010 620 1056 erat
650 1002 1025 1071 imponendus,
1049 1002 1119 1055 ita
1141 1017 1354 1071 quoque
1375 1001 1620 1055 Christus
1635 1001 1812 1055 crucis
1828 1014 1938 1054 sum
1957 1013 2078 1069 ges-

506 1098 641 1152 tavit
666 1097 717 1150 in
749 1097 986 1150 humeris
1013 1096 1244 1166 lignum,
1275 1095 1328 1148 in
1359 1093 1474 1164 quo
1489 1102 1607 1150 erat
1643 1108 1739 1163 pro
1764 1102 1946 1146 nostra
1983 1105 2075 1145 sa-

422 1202 427 1209 ·
503 1189 615 1242 lute
655 1201 933 1257 passurus.
988 1186 1100 1239 Duo
1140 1196 1317 1239 autem
1367 1184 1507 1238 servi
1535 1183 1607 1236 illi
1648 1181 1831 1251 procul
1869 1179 2073 1234 dimissi

502 1276 717 1331 Iudaeos
768 1276 1094 1346 signiﬁcant,
1139 1275 1253 1343 qui,
1306 1289 1428 1327 cum
1456 1272 1725 1328 serviliter
1747 1272 1992 1325 viverent
2021 1278 2078 1324 et

503 1365 797 1421 carnaliter
844 1373 1114 1434 saperent,
1162 1378 1268 1417 non
1324 1362 1707 1416 intellexerunt
1756 1361 2073 1415 altissimam

504 1455 861 1509 humilitatem
890 1452 1309 1525 [paupertatem]
1345 1452 1569 1517 Christi,
1616 1461 1777 1520 atque
1825 1451 1943 1505 ideo
1968 1464 2076 1503 non

504 1544 866 1599 ascenderunt
896 1545 948 1598 in
978 1552 1245 1607 montem,
1290 1544 1466 1597 locum
1512 1542 1763 1596 videlicet
1799 1541 2074 1596 sacriﬁcii.

503 1634 612 1689 Cur
645 1643 822 1688 autem
852 1635 957 1687 duo
983 1635 1148 1697 servi,
1180 1635 1283 1687 nisi
1306 1634 1452 1703 quia,
1478 1644 1732 1703 peccante
1764 1632 2071 1696 Salomone,

2177 450 2326 506 bant.

2248 540 2448 598 Verum
2476 560 2575 600 nos
2603 546 3157 607 dumsacriﬁcantem
3187 553 3463 610 Abraham
3496 554 3747 627 aliquan-

2178 641 2231 688 to
2260 633 2501 703 longiore
2537 652 2784 694 sermone
2810 642 3206 711 prosequimur,
3258 645 3328 699 ab
3354 644 3478 700 aliis
3515 660 3637 716 qua:
3662 648 3747 700 di-

2174 724 2345 776 cenda
2374 734 2518 790 sunt,
2551 727 2750 782 diutius
2779 732 3156 800 praepedimur.
3201 732 3313 789 Hoc
3341 750 3541 806 nempe
3565 738 3745 792 crucis

2176 813 2489 882 mysterium
2540 824 2596 870 et
2635 816 2800 873 Iacob
2850 819 3144 889 ﬁguraliter
3190 826 3481 893 expressit,
3532 828 3747 881 cumde

2173 905 2390 961 Christo
2427 908 2567 965 inter
2589 910 2788 979 reliqua
2817 915 2980 969 verba
3007 916 3402 973 benedictionis
3430 918 3634 982 intulit,
3664 918 3745 973 di-

2174 1008 2342 1051 cens:
2388 1015 2408 1049 σ
2437 997 2664 1054 Lavabit
2711 1000 2765 1054 in
2810 1001 2938 1057 vino
2990 1004 3182 1060 stolam
3224 1021 3398 1069 suam,
3452 1018 3509 1063 et
3539 1009 3591 1062 in
3620 1023 3746 1062 san-

2173 1087 2334 1155 guine
2396 1104 2512 1143 uvae
2562 1091 2781 1159 pallium
2856 1109 3012 1148 suum
3084 1094 3238 1163 (Gen.
3281 1096 3466 1167 χιιι).
3522 1116 3542 1149 ι
3594 1095 3744 1150 Stola

2174 1176 2376 1230 Christi
2403 1186 2459 1233 et
2489 1179 2709 1247 pallium
2742 1183 3029 1239 multitudo
3053 1195 3133 1240 est
3159 1188 3420 1256 gentium,
3451 1202 3590 1256 quas
3621 1196 3749 1243 tunc

2174 1264 2435 1321 Dominus
2488 1267 2683 1334 induit,
2741 1273 2956 1340 quando
3012 1274 3112 1327 sibi
3143 1290 3238 1329 eas
3272 1290 3372 1344 per
3401 1276 3639 1344 gratiam
3663 1288 3747 1331 re-

2174 1354 2500 1424 demptionis
2528 1357 2795 1427 adjunxit,
2818 1362 2957 1416 sicut
2979 1377 3076 1431 per
3094 1365 3413 1434 prophetam
3437 1365 3745 1434 pollicetur,

2176 1443 2363 1498 dicens
2390 1462 2403 1498 :
2444 1463 2464 1496 (
2495 1446 2628 1501 Vivo
2648 1463 2779 1519 ego.
2810 1450 2941 1506 dicit
2969 1451 3248 1519 Dominus,
3295 1454 3398 1509 nisi
3431 1455 3537 1509 hos
3561 1469 3747 1510 omnes

2175 1533 2391 1588 induam
2446 1536 2589 1591 sicut
2625 1539 3005 1594 vestimentum
3052 1540 3207 1610 (hui.
3236 1545 3408 1613 thx).
3471 1561 3493 1595 ι
3545 1541 3747 1597 Stolam

2174 1638 2304 1693 ergo
2330 1640 2484 1679 suam
2528 1625 2788 1684 Dominus
2829 1629 2883 1683 in
2906 1630 3052 1695 vino,
3077 1640 3133 1686 et
3156 1631 3375 1701 pallium
3397 1633 3452 1686 in
3485 1633 3750 1701 sanguine

502 1740 569 1779 ex
605 1741 710 1779 una
759 1725 1052 1780 Israelitica
1088 1725 1239 1795 plebe
1270 1701 1377 1779 duo
1400 1701 1526 1779 facti
1557 1734 1681 1779 sunt
1707 1724 1923 1795 populi?
1944 1724 2074 1791 Qui-
2108 1701 2149 1760 Β
2178 1728 2293 1769 “Va
2328 1714 2482 1781 lavit.
2519 1719 2734 1787 quando
2771 1720 2911 1774 sicut
2941 1719 3132 1778 botrus
3176 1723 3233 1777 in
3267 1724 3449 1778 crucis
3470 1723 3620 1794 ligno
3660 1738 3751 1792 pe-

502 1818 604 1871 bus
623 1817 811 1886 utique
834 1831 976 1884 saepe
1006 1831 1101 1884 per
1128 1816 1450 1884 prophetam
1484 1815 1682 1869 dicitur
1709 1831 1723 1867 :
1757 1833 1775 1865 ι
1807 1813 2077 1869 Adversa—

503 1909 609 1964 trix
638 1908 823 1972 Israel,
870 1918 924 1963 et
970 1908 1372 1978 pnevaricatrix
1400 1906 1532 1962 Ittda
1583 1906 1718 1977 (Jer.
1747 1909 1848 1977 ιιι).
1886 1927 1905 1960 ι
1946 1906 2073 1962 Asi-

502 2012 607 2052 nus
652 2005 832 2051 autem
861 1996 950 2050 ille
977 2011 1085 2065 quo
1114 2006 1240 2050 tunc
1282 1997 1532 2049 utebatur
1551 1996 1847 2061 Abraham,
1890 1996 2075 2051 insen-

503 2093 622 2142 sata
644 2081 1337 2140 eratstultitiaIudmorum.
1352 2081 1570 2153 94111³
1592 2083 1752 2151 plane
1773 2084 1927 2138 bruta
1942 2082 2078 2139 stul-

502 2177 623 2230 titia
649 2175 828 2229 omnia
857 2182 1197 2228 sacramenta
1246 2173 1519 2241 portabat,
1566 2189 1687 2242 quae
1718 2182 1900 2228 tamen
1946 2175 2078 2243 quid

503 2263 687 2327 ferret,
719 2263 860 2318 velut
882 2261 1195 2317 irrationale
1224 2262 1447 2326 animal,
1468 2262 1766 2330 ignorabat.
1795 2261 1915 2318 Iam
1946 2279 2078 2320 vero

503 2354 631 2423 quid
657 2363 740 2408 est
769 2353 910 2423 quod
938 2353 1137 2408 dictum
1173 2360 1257 2408 est
1283 2353 1363 2408 eis
1391 2370 1404 2405 :
1441 2371 1459 2404 ι
1494 2352 1817 2421 Exspectate
1847 2354 1931 2408 hic
1953 2368 2076 2409 cum

504 2445 678 2510 asino,
707 2453 992 2514 postquam
1043 2453 1221 2498 autem
1261 2443 1699 2508 adoraverimus,
1743 2454 2078 2499 revertemur

503 2541 569 2596 ad
602 2538 732 2593 vos?
752 2557 769 2589 ι
804 2535 958 2607 (Gen.
982 2537 1142 2607 χχιι.)
1164 2536 1303 2591 Audi
1322 2535 1665 2605 Apostolum:
1694 2554 1713 2586 ι
1734 2535 1976 2599 Caecitas,
1997 2537 2079 2592 in-

502 2631 640 2701 quit,
673 2645 739 2684 cx
764 2637 916 2700 parte
944 2629 1105 2683 Israel
1139 2628 1279 2683 facta
1314 2636 1418 2692 est,
1451 2638 1509 2682 ut
1534 2628 1810 2698 plenitudo
1837 2631 2077 2698 gentium

503 2722 752 2784 intraret,
773 2729 825 2774 et
848 2720 925 2774 sic
947 2718 1124 2773 omnis
1148 2718 1314 2773 Israel
1336 2718 1515 2773 salvus
1544 2718 1700 2773 ﬁeret
1726 2717 1895 2787 (Rom.
1926 2720 2026 2789 xl).
2052 2739 2075 2779 λ

504 2811 643 2877 Quid
698 2819 781 2864 est
830 2808 974 2864 enim
1020 2808 1164 2877 quod
1217 2807 1453 2868 dicitur:
1488 2825 1506 2858 ι
1537 2806 1763 2862 Caecitas
1804 2823 1873 2863 ex
1923 2819 2078 2878 parte

500 2900 664 2956 Israel
705 2901 843 2954 facta
868 2900 987 2955 est?
1025 2917 1044 2950 ι
1097 2898 1210 2955 Hoc
1246 2906 1329 2953 cst
1367 2897 1612 2953 videlicet
1644 2916 1657 2952 :
1704 2917 1723 2950 ‹
1760 2897 2078 2968 Exspectate

502 2994 592 3048 hic
618 3009 739 3048 cum
774 2994 943 3050 asino.
983 3012 1000 3046 ι
1034 2992 1106 3048 Ut
1133 2992 1408 3062 plenitudo
1434 2992 1672 3061 gentium
1698 2991 1944 3057 intraret,
1974 2993 2077 3047 hoc

2174 1806 2377 1874 pendit.
2408 1805 2559 1862 Tunc
2610 1809 2753 1863 enim
2796 1823 2864 1864 ex
2908 1809 3078 1866 latere
3099 1812 3217 1883 ejus
3263 1812 3486 1884 sanguis
3525 1821 3582 1866 et
3612 1826 3749 1881 aqua

2173 1893 2445 1963 proﬁuxit.
2505 1893 2612 1952 Sed
2653 1912 2792 1967 aqua
2823 1913 2921 1955 nos
2967 1900 3162 1966 abluit,
3200 1904 3467 1973 sanguine
3495 1901 3748 1961 redemit.

2175 1983 2433 2038 nimirum
2477 1994 2535 2040 ut
2572 1987 2860 2048 exhiberet
2902 1989 3006 2043 sibi
3032 2004 3283 2058 sponsam
3320 2005 3426 2046 non
3458 1991 3749 2045 habentem

2176 2075 2464 2141 maculam,
2502 2090 2679 2146 neque
2723 2092 2908 2145 rugam
2940 2079 3156 2148 (Eplm.
3196 2079 3270 2140 vl.
3308 2080 3503 2135 Crucis
3552 2089 3753 2151 myste-

2177 2165 2317 2220 rium
2372 2166 2512 2221 idem
2564 2166 2731 2222 Iacob
2778 2177 2905 2223 tunc
2957 2171 3123 2224 etiam
3172 2179 3425 2239 patenter
3479 2171 3751 2236 exhibuit,

2176 2256 2392 2324 quando
2440 2254 2709 2324 iuniorem
2780 2259 3036 2329 Ephraim
3092 2259 3336 2316 Manasse
3390 2260 3752 2332 primogenito

2176 2348 2487 2418 prteferens,
2532 2350 2585 2404 in
2612 2351 2826 2406 modum
2851 2353 3030 2407 crucis
3066 2368 3227 2423 super
3252 2368 3344 2408 eos
3373 2353 3603 2408 brachia
3630 2367 3753 2422 per-

2176 2441 2404 2494 mutavit
2433 2438 2585 2511 (Gen.
2626 2445 2836 2514 xum).
2868 2443 2973 2497 Per
3005 2459 3220 2500 crucem
3265 2460 3505 2514 namque
3546 2443 3751 2499 factum

2175 2538 2259 2584 est
2311 2537 2367 2583 ut
2392 2532 2618 2600 populus
2654 2533 2915 2602 gentium,
2949 2542 3204 2603 tanquam
3242 2535 3592 2606 primogeniti
3633 2535 3754 2604 jure

2176 2632 2460 2691 praerepto,
2491 2624 2743 2693 populum
2770 2624 3444 2701 praecederetIudgcorum.
3486 2626 3623 2681 Illud
3644 2625 3753 2696 95

2177 2714 2557 2782 quoquequod
2601 2715 2652 2768 in
2683 2714 2870 2770 Exodo
2898 2715 3131 2784 legiturr
3145 2717 3211 2771 ad
3244 2717 3543 2772 Dominicae
3574 2717 3753 2771 crucis

2178 2801 2412 2857 refertur
2435 2803 2616 2873 procul
2647 2804 2807 2859 dubio
2843 2816 3262 2862 sacramentum.
3297 2806 3444 2861 Dixit
3471 2807 3621 2861 enim
3646 2805 3751 2860 Do-

2178 2893 2356 2946 minus
2384 2893 2453 2946 ad
2480 2892 2697 2965 Moysen
2727 2912 2739 2946 :
2776 2914 2794 2946 ‹
2828 2893 3039 2964 Projice
3079 2898 3289 2967 virgam
3314 2912 3478 2966 quam
3510 2898 3564 2951 in
3590 2912 3753 2951 manu

2178 2994 2379 3054 gestas,
2405 2983 2457 3037 in
2487 2993 2685 3038 terram
2719 3003 2733 3039 :
2765 2994 2818 3041 et
2838 2987 3082 3058 projecit,
3107 2997 3161 3043 et
3188 2987 3360 3044 factus
3395 2997 3480 3044 est
3509 3003 3751 3058 serpens.

504 3089 609 3147 est,
645 3090 927 3152 postquam
974 3081 1401 3146 adoraverimus,
1452 3080 1542 3136 ubi
1593 3080 1842 3137 videlicet
1868 3082 2073 3138 sam-i6.
2101 3070 2146 3132 ϐ
2178 3075 2410 3145 Expavit
2444 3075 2587 3130 illico
2617 3076 2847 3148 Moyses,
2874 3088 2930 3132 et
2967 3078 3122 3150 fugit.
3153 3080 3217 3134 Ει
3239 3080 3317 3133 ait
3343 3079 3418 3133 illi
3445 3080 3751 3135 Dominus:

504 3173 647 3228 cium
685 3173 976 3228 Dominicze
1018 3174 1196 3228 erucis
1234 3174 1510 3242 impletum
1538 3188 1635 3243 per
1658 3189 1845 3229 omnes
1890 3184 2077 3245 gentes

506 3259 673 3316 fuerit
726 3262 1096 3331 praedicatum.
1131 3263 1282 3329 Quod
1311 3271 1489 3316 autem
1532 3263 1813 3332 sequitur:
1848 3282 1868 3315 ‹
1910 3264 1974 3319 Et
1999 3266 2078 3320 sic

497 3337 683 3408 omnis
724 3352 890 3411 Israel
930 3355 1109 3410 salvus
1140 3354 1262 3421 ﬁet,
1297 3374 1316 3407 ›
1347 3355 1449 3411 hoc
1488 3363 1605 3421 est,
1650 3366 1985 3412 revertemur
2010 3358 2078 3412 ad

505 3458 624 3499 VOS.
780 3493 784 3499 .

580 3532 718 3598 Quid
772 3542 856 3588 est
905 3542 1084 3588 autem
1121 3534 1262 3604 quod
1298 3535 1441 3588 aries
1478 3534 1619 3590 inter
1649 3549 1842 3604 vepres
1868 3536 2079 3590 haerens

505 3625 762 3680 cornibus
808 3625 1099 3689 invenitur,
1144 3626 1233 3694 qui
1265 3641 1362 3696 pro
1391 3626 1540 3682 Isaac
1587 3627 1894 3683 immolatus
1921 3628 2082 3684 oﬁ‘er-

506 3716 630 3771 tur?
658 3715 800 3771 Crux
834 3732 1025 3786 nempe
1052 3732 1251 3772 cornua
1282 3718 1463 3784 habet,
1489 3718 1596 3773 duo
1636 3718 1902 3788 siquidem
1936 3719 2079 3790 ligna

506 3808 737 3863 invicem
794 3818 1207 3879 componuntur,
1261 3818 1316 3865 et
1367 3810 1448 3865 sic
1507 3812 1677 3866 ~rucis
1706 3812 1938 3879 speciem
1960 3813 2083 3868 red-

511 3900 667 3954 dunt.
698 3899 833 3954 Hinc
859 3911 941 3955 est
984 3901 1127 3955 enim
1158 3902 1298 3969 quod
1326 3902 1394 3956 de
1418 3901 1636 3957 Christo
1665 3904 1925 3973 scriptum
1954 3913 2036 3959 est
2064 3923 2077 3958 :

513 4009 532 4040 ι
566 3989 779 4044 Cornua
809 4001 930 4046 sunt
956 4008 1013 4045 tn
1040 3993 1289 4048 manibus
1321 3993 1437 4061 ejus
1463 3992 1629 4065 (Hab.
1660 3995 1764 4063 ιιι).
1803 4015 1821 4048 ι
1854 3995 2078 4052 “terens

506 4094 638 4149 ergo
665 4081 918 4135 cornibus
958 4082 1120 4145 aries,
1159 4082 1406 4139 Christus
1454 4093 1538 4140 est
1592 4086 1884 4143 cruciﬁxus
1939 4088 2083 4142 inter

509 4169 784 4223 aculeatas
824 4177 878 4223 et
923 4170 1203 4227 vulniﬁcus
1242 4170 1549 4228 Iudaeorum
1580 4160 1912 4244 iniquitates,
1943 4179 2084 4234 sicut

511 4259 625 4329 ipse
677 4272 772 4328 per
823 4256 1110 4313 Ieremiam
1166 4262 1537 4330 conqueritur,
1584 4263 1814 4320 dicens:
1847 4287 1866 4318 ι
1903 4267 2083 4337 Spinis

509 4358 857 4421 peccatorum
910 4364 1130 4404 suorum
1180 4351 1536 4408 circumdedit
1584 4369 1674 4409 me
1726 4358 1955 4427 populus
1996 4360 2083 4415 hic

2179 3166 2537 3236 Apprehende
2579 3169 2805 3221 caudam
2828 3168 2976 3238 ejus;
3018 3178 3075 3224 et
3096 3170 3469 3241 apprehendit,
3502 3169 3759 3239 factaque

2179 3271 2265 3315 est
2295 3261 2488 3314 iterum
2530 3260 2680 3329 virga
2711 3257 2907 3331 (Exod.
2946 3262 3040 3332 tv).
3076 3281 3096 3314 ι
3126 3262 3315 3317 Cuncti
3362 3262 3572 3331 liquido
3601 3263 3757 3318 novi-

2181 3367 2302 3406 mus
2339 3352 2463 3420 quia
2492 3367 2715 3421 serpens
2743 3352 2913 3407 suasit
2937 3353 3140 3407 humini
3186 3360 3415 3407 mortem
3459 3351 3620 3422 (Gen.
3648 3353 3755 3423 ιιι).

2181 3441 2321 3511 Ergo
2343 3457 2488 3496 mors
2509 3457 2538 3495 a
2561 3452 2832 3512 serpente.
2861 3442 2993 3510 Quis
3026 3452 3207 3497 autem
3240 3443 3388 3513 virga
3407 3482 3424 3507 ,
3458 3444 3569 3498 nisi
3594 3443 3755 3498 Chri-

2180 3542 2316 3595 stus,
2347 3533 2413 3586 de
2438 3547 2546 3600 quo
2570 3533 2831 3601 propheta
2871 3533 3002 3587 dicit
3032 3551 3045 3586 :
3081 3553 3099 3584 ι
3141 3532 3279 3600 Quia
3303 3534 3618 3602 egredietur
3645 3533 3754 3587 vir-

2180 3639 2244 3695 ga
2273 3624 2339 3679 de
2364 3625 2538 3689 radice
2559 3623 2755 3679 Iesse?
2786 3644 2805 3677 ι
2841 3624 2998 3696 (Isai.
3023 3624 3122 3695 ιι.)
3156 3626 3312 3696 Virga
3338 3626 3536 3694 itaque
3563 3626 3619 3680 in
3646 3640 3758 3680 ser-

2182 3728 2416 3787 pentem,
2445 3715 2694 3772 Christus
2733 3717 2785 3770 in
2817 3727 3066 3771 mortem.
3090 3716 3296 3787 Moyses
3324 3726 3510 3771 autem
3541 3717 3757 3787 expavit

2181 3814 2237 3859 et
2274 3805 2428 3875 fugit,
2453 3806 2579 3874 quia
2602 3821 2865 3875 suspenso
2892 3807 2945 3860 in
2974 3821 3135 3861 cruce
3160 3806 3249 3877 vel
3272 3807 3541 3861 moriente
3572 3806 3753 3861 Domi-

2181 3909 2272 3958 no,
2295 3895 2471 3950 omnis
2496 3894 2583 3948 ille
2606 3894 2968 3964 apostolorum
2996 3910 3251 3950 numerus
3274 3895 3632 3949 tremefactus
3665 3910 3755 3949 ex-

2181 3985 2347 4056 pavit,
2375 3995 2430 4041 et
2449 4002 2479 4041 a
2509 3994 2673 4042 certae
2696 3987 2808 4056 spei
2834 4001 2899 4041 ac
2930 3986 3099 4041 ﬁrmae
3123 3987 3245 4042 ﬁdei
3277 3987 3554 4043 soliditate
3576 4002 3753 4043 reces-

2184 4080 2274 4134 sit.
2325 4078 2459 4146 Quia
2511 4094 2638 4135 vero
2697 4080 2869 4134 cauda
2922 4089 3167 4134 extrema
3202 4095 3329 4149 pars
3376 4082 3630 4150 corporis
3655 4090 3754 4143 est,

2183 4168 2312 4238 quid
2340 4169 2441 4223 nisi
2472 4168 2633 4224 ﬁnem
2658 4170 2949 4225 Dominiae
2977 4168 3243 4241 signiﬁcat
3269 4171 3585 4240 passionis?
3616 4171 3756 4242 Moyo

2184 4276 2270 4317 ses
2298 4260 2462 4330 igitur
2482 4260 2706 4316 caudam
2738 4261 3118 4331 apprehendit,
3140 4271 3194 4316 et
3219 4262 3355 4317 nihil
3371 4261 3426 4315 in
3454 4264 3606 4333 virga
3624 4263 3760 4316 ultra

2187 4351 2454 4421 serpentis
2490 4350 2717 4406 formam
2760 4353 3026 4422 apparuit,
3065 4354 3195 4421 quia
3219 4353 3487 4423 completo
3519 4354 3758 4408 Domini-

510 4441 645 4513 (Jer.
697 4439 850 4512 xxx).
886 4459 905 4492 ι
943 4439 1168 4496 Peracto
1226 4442 1513 4509 sacriﬁcio,
1566 4445 1765 4501 dicitur
1801 4449 2076 4519 Abralne;
2112 4426 2160 4484 D
2188 4459 2263 4498 cae
2308 4445 2573 4515 passionis
2598 4446 2883 4514 crucisque
2927 4446 3208 4516 mysterio,
3229 4454 3285 4500 et
3313 4445 3492 4501 ﬁdelis
3534 4448 3759 4517 quisque

515 4551 537 4586 ι
573 4534 629 4588 In
658 4533 862 4589 semine
920 4542 1010 4587 tuo
1050 4518 1437 4590 benedicentur
1487 4550 1677 4593 omnes
1704 4550 1895 4609 gentes
1925 4518 2076 4613 (Gen.

512 4623 650 4694 xm)
676 4666 691 4688 ,
729 4642 749 4675 ι
778 4632 833 4678 et
877 4632 1162 4694 postquam
1214 4625 1473 4682 Dominus
1525 4629 1701 4684 dicit:
1749 4649 1768 4683 ‹
1809 4632 2082 4689 Fodernnt

511 4732 704 4771 manus
728 4732 878 4772 meas
915 4725 971 4771 et
996 4718 1159 4786 pedes
1183 4734 1330 4774 meos
1357 4719 1508 4789 (Ι)εαί
1538 4722 1685 4793 xm),
1722 4743 1741 4777 ι
1775 4726 1934 4794 paqu
1961 4740 2082 4798 post

513 4807 566 4860 iu
593 4806 781 4861 eodem
810 4805 1024 4861 Psalmo
1044 4808 1298 4877 subjicit:
1335 4830 1352 4861 ‹
1387 4810 1840 4882 Reminiscenlur,
1868 4827 1925 4873 et
1949 4836 2081 4876 con-

510 4904 793 4950 vertentur
829 4896 897 4951 ad
925 4896 1208 4952 Dominum
1236 4900 1472 4956 universi
1498 4901 1630 4958 ﬁnes
1658 4913 1837 4973 teme,
1867 4918 1922 4963 et
1946 4911 2079 4966 ado-

516 4985 713 5036 rabunt
749 4985 802 5036 in
852 4998 1146 5036 conspectu
1196 4989 1313 5036 eius
1351 5007 1541 5036 nmnea
1585 4997 1776 5036 πιαίνει»
1816 5002 2055 5036 «nntium

2192 4545 2316 4591 tunc
2356 4536 2423 4591 ad
2473 4536 2633 4591 ﬁdem
2673 4537 2851 4603 rediit,
2879 4547 2935 4592 et
2961 4537 3210 4592 Christus
3236 4550 3562 4608 consumpta
3592 4547 3759 4592 morte

2191 4628 2419 4698 idipsum
2475 4629 2528 4682 in
2587 4643 2646 4684 se
2693 4629 2835 4699 quod
2862 4627 3040 4683 fuerat
3073 4640 3171 4698 per
3204 4629 3627 4684 resurrectionis
3650 4628 3756 4698 glo-

2189 4723 2323 4774 riam
2354 4719 2641 4788 reparavit.

2257 4810 2375 4865 Iam
2404 4825 2532 4865 vero
2559 4810 2688 4879 quid
2734 4820 2817 4866 est
2844 4810 2984 4880 quod
3011 4809 3305 4866 Israelitica
3335 4809 3488 4881 plebs
3524 4810 3760 4881 postibus

2189 4904 2467 4958 domorum
2496 4902 2562 4958 de
2590 4902 2849 4973 sanguine
2868 4903 2990 4973 agni
3014 4900 3235 4971 jubetur
3262 4903 3545 4972 imponere
3565 4902 3757 4974 (Exod.

2193 4993 2309 5036 ull,
2346 4993 2445 5036 nisi
2479 5004 2530 5036 nl
2557 5009 2654 5036 nne
2677 4994 2975 5036 nrmﬁanmt
3007 4995 3442 5036 nrtmnmtihrieti
3492 4996 3588 5036 mli
3612 5008 3763 5036 vol-ne
