3946 5368
190 299 299 354 605

1592 298 1824 352 διίιηιυ
1863 299 2038 352 XVIII.

3325 296 3428 360 606

191 416 293 479 tni,
327 414 558 472 Domine
585 411 756 484 (Ρεαι.
783 413 878 484 ιγ).
919 432 936 465 ι
977 411 1130 480 Quod
1179 420 1354 465 tamen
1387 410 1629 465 securius
1676 410 1756 463 di-
1784 414 1829 470 Α.
1862 411 2035 480 (Cant.
2085 413 2201 480 vn).
2227 431 2245 462 ι
2281 410 2509 466 Fructus
2569 424 2761 481 nempe
2807 409 2984 466 crucis
3027 425 3215 468 omnes
3273 410 3428 466 electi

187 506 460 576 gnlusqne
507 517 803 570 cantamus,
856 505 900 558 si
935 505 1114 557 Rubro
1135 502 1246 570 jam
1273 503 1405 556 mari
1442 501 1758 555 transmisso

189 604 245 646 et
295 595 450 648 hoste
477 597 723 650 demerso
760 604 1066 664 tympanum
1098 608 1219 646 cum
1257 593 1422 646 Maria
1454 591 1650 662 Moysis
1673 606 1760 644 so-

191 698 318 736 rore
346 681 638 737 deferimus
667 681 862 749 (Exod.
915 682 1026 752 xv).
1081 681 1217 746 Quid
1264 692 1346 735 est
1395 690 1570 734 autem
1622 689 1761 748 tym-

189 787 391 840 panum
433 773 682 842 portare?
728 772 864 825 Audi
915 772 1196 826 Dominum
1258 771 1524 824 dicentem
1557 787 1568 822 :
1605 788 1623 820 ί
1661 768 1760 833 Qui

190 861 305 913 vult
336 861 522 914 venire
551 871 669 929 post
699 877 802 925 me,
837 862 1065 930 abneget
1112 861 1456 930 semetipsum
1484 900 1498 923 ,
1530 868 1582 914 ct
1615 859 1763 913 tollat

190 965 412 1002 crucem
445 965 593 1028 suam
627 951 883 1020 quotidie,
917 960 973 1006 et
1009 960 1266 1020 sequatur
1293 967 1378 1005 me
1409 950 1558 1021 (Luc.
1598 952 1695 1014 ιι).
1736 969 1755 1003 t

191 1042 292 1108 Qui
322 1042 469 1095 enim
500 1058 717 1096 carnem
759 1058 911 1097 suam
949 1059 1071 1097 cum
1101 1044 1246 1097 vitiis
1287 1052 1341 1098 ct
1375 1044 1758 1112 concupiscen-

193 1133 283 1185 tiis
311 1132 580 1201 crucifigit
610 1130 804 1203 (Calat.
837 1135 910 1201 v),
939 1135 1030 1202 qui
1065 1133 1302 1186 membra
1333 1150 1425 1188 sua
1445 1173 1458 1197 ,
1491 1149 1609 1201 qua:
1637 1141 1761 1186 sunt

191 1235 358 1290 super
401 1231 623 1284 terram,
677 1223 993 1277 abstinendo
1047 1225 1336 1279 mortificat
1362 1225 1497 1296 (Col.
1539 1224 1641 1290 tu),
1675 1225 1761 1279 ille

193 1324 321 1363 vere
347 1325 471 1363 cum
498 1310 663 1364 Maria
698 1321 1006 1381 tympanum
1037 1297 1234 1382 portat,
1267 1314 1390 1382 quia
1413 1314 1758 1382 semetipsum

191 1415 218 1454 a
269 1403 449 1457 noxiis
479 1414 704 1458 terrena:
738 1404 1026 1473 voluptatis
1052 1403 1364 1458 humoribus
1395 1402 1602 1455 aridutn
1647 1417 1760 1455 scr-

190 1497 300 1543 vat.
344 1488 504 1544 Juxta
551 1493 776 1547 rationis
832 1493 996 1562 igitur
1046 1493 1482 1562 consequentiam
1513 1530 1527 1553 ,
1579 1501 1635 1544 et
1675 1490 1762 1543 hic

191 1588 504 1651 tympanum
570 1582 746 1636 crucis
806 1581 1123 1653 mysterium
1181 1597 1286 1638 non
1337 1581 1566 1637 obscure
1622 1579 1762 1635 desi-

190 1679 339 1738 gnat.

1859 506 2001 548 sunt.

1927 585 2183 640 Ascendit
2211 587 2370 657 igitur
2396 586 2654 643 Dominus
2685 588 2737 642 in
2773 588 3024 658 palmam,
3049 596 3104 643 et
3127 589 3425 658 apprehen-

1860 674 1935 727 dit
1979 676 2180 729 fructus
2227 675 2362 744 ejus,
2409 679 2532 746 quia
2581 693 2704 732 mox
2750 687 2807 732 ut
2841 679 2892 731 in
2921 693 3079 733 cruce
3115 693 3216 748 pro
3243 687 3427 732 nostra

1860 764 2031 818 salute
2083 767 2356 836 pependit.
2399 783 2586 823 omnes
2622 769 2821 824 electos
2850 771 2916 824 ad
2955 771 3304 839 semetipsum
3333 785 3429 838 per

1862 857 2060 910 amoris
2108 857 2432 912 desiderium
2494 861 2678 914 traxit.
2726 861 2791 914 Et
2822 869 2945 915 tunc
2976 871 3160 914 sancta
3192 859 3428 914 Ecclesia

1858 961 1956 1014 per
2007 948 2232 1000 duorum
2280 947 2746 1003 Testamentornm
2780 951 2946 1004 ubera
2979 949 3237 1019 spiritalis
3265 950 3431 1018 cmpit

1860 1035 2059 1089 lmtitiae
2093 1036 2213 1089 vina
2245 1034 2563 1100 diffundere,
2595 1048 2757 1109 atque
2786 1041 3006 1094 odorem
3039 1040 3280 1093 cmlestis
3311 1055 3430 1093 conc

1860 1128 2207 1196 cnpiscentiaz
2229 1129 2584 1182 humanarum
2611 1130 2870 1183 mentium
2895 1130 3117 1183 naribus
3143 1130 3427 1198 inspirare,

1861 1229 1918 1272 ut
1951 1219 2172 1273 incitata
2204 1219 2268 1272 ad
2295 1220 2696 1288 obsequendmn
2726 1234 2876 1274 mens
2905 1228 3087 1272 nostra
3120 1219 3218 1272 sibi
3251 1228 3427 1288 gratn.

1861 1311 1996 1373 lans,
2029 1310 2174 1364 dicat
2207 1328 2220 1362 :
2264 1330 2280 1361 ι
2312 1310 2489 1365 Trahe
2520 1327 2603 1365 me
2633 1321 2750 1380 post
2785 1321 2834 1365 te
2865 1352 2878 1374 ,
2911 1327 3189 1365 cnrremus
3217 1311 3268 1363 in
3299 1311 3429 1362 odo-

1862 1415 1972 1453 rem
2000 1410 2390 1470 unguentornm
2421 1411 2632 1454 tuormn
2659 1401 2830 1471 (Cant.
2863 1401 2921 1470 ι).
2963 1421 2980 1452 ι
3012 1400 3160 1467 Quod
3189 1402 3429 1470 profecto

1861 1503 1914 1548 et
1940 1503 2090 1564 petra
2117 1493 2202 1547 illa
2231 1492 2371 1549 Oreb
2401 1494 2450 1546 in
2476 1494 2758 1562 Raphidim
2785 1494 2916 1548 satis
2945 1507 3197 1561 expresse
3224 1492 3430 1545 denun-

1861 1586 1979 1649 tiat,
2019 1601 2180 1655 quam
2217 1586 2364 1654 virga
2398 1583 2630 1655 Moyses,
2662 1585 2888 1638 Domino
2919 1584 3166 1652 jnbcnte,
3211 1596 3432 1651 percus-

1863 1680 1948 1742 sit,
1983 1688 2036 1733 et
2064 1693 2232 1747 aquas
2260 1677 2442 1731 elicuit
2481 1678 2675 1748 (Exod.
2704 1678 2857 1747 xvn).
2889 1677 3036 1730 Hanc
3064 1691 3194 1729 sane
3218 1683 3428 1744 petram

259 1761 532 1817 Przeterea
581 1772 636 1819 et
685 1765 813 1820 illud
859 1781 964 1821 non
1014 1766 1456 1822 inconvenienter
1495 1766 1754 1832 occurrit,
1787 1745 1832 1804 Β
1859 1768 2058 1823 tlhristi
2107 1745 2344 1822 tenuisse
2375 1745 2598 1838 figuram
2636 1776 2689 1821 et
2717 1745 3004 1835 Apostolus
3028 1774 3273 1829 testatur,
3306 1780 3428 1818 cum

191 1851 331 1918 quod
356 1851 605 1907 videlicet
641 1854 968 1910 lsraeliticus
989 1855 1214 1926 p0pulus
1245 1857 1298 1910 in
1327 1855 1474 1910 Mara
1500 1856 1759 1912 adversus

190 1940 410 2011 Moysen
440 1951 760 2008 murmurat,
787 1943 1086 2000 vociferans
1111 1943 1315 2001 scilicet
1356 1960 1461 2000 non
1500 1960 1559 2000 se
1601 1960 1760 2016 posse

191 2033 430 2101 reperire
470 2034 613 2103 quod
660 2035 826 2090 bibat.
859 2035 1008 2092 Tunc
1039 2037 1274 2092 ostendit
1306 2037 1473 2109 Moysi
1502 2036 1760 2092 Dominus

189 2123 392 2194 lignum
427 2167 442 2189 ,
495 2126 636 2195 quod
687 2141 809 2182 cum
867 2127 956 2184 ille
1004 2129 1236 2183 misisset
1298 2130 1350 2184 in
1396 2131 1759 2185 amarissimas

188 2234 380 2288 aquas,
407 2220 460 2274 in
485 2220 820 2276 dulcedinem
844 2223 1090 2290 protinus
1117 2232 1241 2278 sunt
1265 2239 1537 2279 conversa:
1562 2224 1755 2294 (Exod.

185 2308 300 2377 xv).
373 2308 516 2374 Quid
570 2311 712 2364 enim
748 2327 945 2366 amarce
974 2313 1076 2367 illa:
1105 2330 1278 2384 aane,
1305 2315 1406 2368 nisi
1453 2316 1578 2386 quia
1619 2315 1760 2370 occi-

188 2399 364 2454 dentis
390 2399 606 2466 litterae,
639 2413 692 2457 et
718 2404 863 2458 durae
897 2415 1058 2475 atque
1094 2406 1338 2476 insipida:
1362 2407 1492 2478 legis
1527 2410 1757 2477 speciem

188 2493 412 2546 tenent?
462 2493 734 2565 Scriptum
789 2505 872 2550 est
923 2497 1110 2551 enim:
1169 2516 1186 2548 ι
1219 2496 1511 2552 Constituit
1563 2498 1758 2568 popqu

187 2599 285 2640 suo
317 2585 579 2644 Dominus
645 2589 840 2659 legem,
887 2597 942 2643 et
984 2589 1207 2660 judicia,
1262 2600 1316 2646 et
1368 2593 1592 2646 tentavit
1635 2607 1754 2646 enm

188 2679 404 2751 (Ibid.).
434 2699 454 2733 ι
497 2680 564 2738 Ει
612 2680 736 2736 alibi
771 2700 784 2735 :
834 2700 853 2732 ι
886 2681 998 2752 Ego
1052 2683 1171 2736 dedi
1217 2683 1295 2737 eis
1348 2692 1610 2752 praecepta
1652 2697 1756 2737 non

185 2773 352 2836 bona,
386 2771 681 2840 etjudicia,
713 2773 768 2827 in
796 2775 990 2844 quibus
1020 2790 1124 2828 non
1154 2774 1333 2829 vivent
1360 2774 1574 2844 (Ezccli.
1605 2774 1749 2845 xx)»

187 2860 284 2916 Cui
327 2871 507 2916 tamen
537 2862 638 2934 legi
662 2863 706 2919 si
736 2864 1002 2920 confessio
1033 2867 1208 2922 crucis
1236 2876 1290 2920 et
1319 2867 1607 2921 Dominica:
1635 2883 1754 2936 pas-

186 2951 358 3006 sionis
389 2955 705 3023 mysterium
738 2957 1039 3025 copulatur,
1074 2957 1320 3025 protinus
1345 2957 1487 3026 quod
1511 2971 1753 3009 amarum

187 3037 386 3102 fuerat,
433 3043 485 3094 in
524 3043 783 3112 spiritalis
821 3045 1183 3116 intelligentiae
1230 3045 1564 3100 dulcedinem
1587 3047 1753 3100 verti-

189 3138 272 3182 tnr
354 3129 656 3186 Notandum
720 3141 896 3187 autem
948 3134 1099 3203 juxta
1157 3136 1436 3190 veritatem
1491 3136 1754 3200 historiae,

188 3222 333 3289 quod
359 3237 499 3289 aqua
522 3223 573 3276 in
598 3222 930 3279 dulcedinem
963 3242 1136 3291 versa,
1165 3228 1387 3283 subinde
1419 3229 1645 3299 populus
1667 3246 1758 3284 vc-

187 3313 265 3365 nit
289 3312 402 3383 96
430 3316 482 3367 in
509 3313 701 3378 Helim,
729 3317 816 3371 ubi
862 3330 1017 3372 erant
1069 3321 1346 3376 duodecim
1394 3323 1566 3377 fontes
1594 3340 1757 3394 aqua-

185 3414 386 3458 rumet
410 3408 752 3477 septuaginta
815 3410 1024 3478 palma}.
1085 3409 1221 3478 Quid
1283 3414 1425 3468 enim
1474 3415 1766 3468 duodecim

186 3492 384 3559 fontes,
437 3496 539 3550 nisi
596 3497 875 3553 duodecim
908 3510 1030 3554 sunt
1059 3502 1306 3571 apostoli,
1339 3518 1474 3572 quos
1501 3503 1757 3556 Dominus

187 3587 252 3640 ad
280 3588 386 3642 hoc
409 3590 705 3655 constituit,
738 3601 795 3645 ut
823 3593 970 3646 arida
1000 3603 1053 3647 et
1082 3595 1380 3663 squalentia
1409 3596 1628 3649 humani
1663 3609 1756 3664 ge-

187 3679 333 3734 neris
362 3689 580 3748 pectora
611 3697 719 3736 suce
746 3683 1141 3752 pnedicationis
1166 3685 1602 3742 inundationibus
1641 3690 1758 3745 irri-

185 3773 415 3836 garent?
461 3771 598 3839 Quid
647 3787 775 3828 vero
833 3776 1166 3844 septuaginta
1195 3777 1490 3845 palmarum
1513 3782 1752 3845 arbores,

187 3859 288 3912 nisi
323 3860 542 3914 totidem
593 3870 716 3916 sunt
760 3862 1029 3933 discipuli,
1061 3880 1194 3934 quos
1219 3875 1342 3920 ante
1383 3867 1571 3923 faciem
1602 3887 1755 3927 suam

188 3951 391 4004 idcirco
417 3952 564 4005 misit
597 3951 749 4018 (Luc.
782 3953 858 4022 x),
901 3963 958 4006 ut
983 3970 1076 4023 per
1103 3957 1463 4014 eos-victoria:
1499 3976 1609 4015 sua:
1645 3963 1754 4031 pal-

186 4054 302 4092 mas
326 4041 557 4094 mundus
579 4043 929 4109 agnosceret?
971 4044 1038 4096 Et
1078 4055 1224 4100 certe
1250 4048 1378 4102 satis
1416 4065 1651 4119 congrue
1679 4053 1756 4106 vi-

185 4129 342 4182 detur
372 4131 813 4198 consequentium
846 4147 1021 4186 rerum
1053 4136 1184 4188 ordo
1215 4137 1521 4205 dispositus,
1554 4150 1609 4194 nt
1649 4145 1755 4211 pri-

188 4235 274 4273 mo
308 4221 541 4290 populus
571 4223 856 4278 duceretur
893 4226 959 4278 ad
1010 4225 1239 4280 litteram
1293 4229 1439 4299 legis,
1468 4248 1496 4284 a
1528 4248 1632 4301 qna
1674 4234 1754 4286 ni-

186 4310 404 4375 mirum,
461 4312 587 4365 dum
639 4329 818 4368 amara
864 4315 982 4380 fuit,
1046 4319 1276 4373 transire
1332 4336 1433 4374 non
1470 4325 1657 4390 potuit.
1687 4323 1754 4378 At

1859 1857 2027 1913 dicit:
2068 1877 2085 1907 ι
2116 1856 2376 1910 Bibcbant
2433 1867 2608 1910 autem
2666 1856 2731 1909 de
2779 1854 3032 1922 Spiritali,
3064 1862 3430 1922 consequente

1859 1963 1950 2003 eos
1980 1957 2160 2017 petra;
2197 1958 2344 2016 petra
2391 1957 2567 2002 antem
2612 1954 2730 1999 erat
2769 1945 3014 2000 Christus
3045 1943 3096 2013 (l
3122 1943 3243 1997 Cor.
3296 1943 3370 2012 χ).
3403 1963 3422 1996 ι

1860 2037 1995 2092 lluic
2039 2038 2218 2108 itaque
2249 2046 2413 2106 petrae
2463 2036 2664 2106 lignum
2718 2035 2897 2090 crucis
2943 2034 3195 2094 accessit,
3225 2043 3277 2087 et
3305 2049 3429 2087 mox

1860 2140 2115 2198 tanquam
2149 2145 2300 2199 aqua:
2326 2126 2637 2198 profluentis
2666 2127 3034 2181 inundantiam
3068 2127 3214 2196 larga
3255 2125 3427 2178 sancti

1860 2222 2095 2293 Spiritus
2120 2223 2256 2276 dona
2285 2222 2544 2291 profudit.
2591 2221 2671 2275 Ad
2717 2235 2848 2289 quas
2875 2220 3128 2273 nimirum
3177 2218 3426 2273 haurien-

1859 2314 1954 2381 das
1985 2329 2152 2384 aquas
2180 2329 2367 2367 omnes
2409 2313 2654 2367 sitientes
2699 2312 2889 2366 invitat
2931 2312 3063 2379 ipse,
3089 2327 3210 2365 cum
3244 2310 3378 2363 dicit
3409 2326 3423 2364 :

1864 2427 1882 2457 ι
1920 2405 1976 2461 Si
2019 2407 2140 2474 quis
2169 2407 2303 2467 sitit,
2334 2406 2514 2460 veniat
2539 2405 2604 2460 ad
2649 2421 2752 2470 tne,
2794 2414 2850 2458 et
2874 2403 3045 2468 bibat,
3075 2413 3128 2457 et
3155 2404 3218 2457 de
3239 2411 3430 2457 ventre

1858 2500 1975 2565 eius
2002 2499 2165 2552 fluent
2194 2513 2346 2566 aquae
2389 2499 2522 2551 viva;
2549 2496 2727 2564 (Joan.
2754 2495 2872 2566 vti).
2907 2514 2924 2547 ι
2961 2493 3072 2549 Hoc
3121 2500 3317 2554 autem,
3355 2493 3431 2544 in-

1859 2591 1974 2660 quit
1999 2589 2346 2659 evangelista,
2385 2606 2402 2637 ι
2435 2588 2649 2642 dicebat
2685 2588 2750 2640 de
2775 2586 3000 2654 Spiritu,
3059 2598 3221 2639 auem
3272 2597 3430 2637 acce-

1859 2684 1999 2750 pturi
2025 2689 2182 2735 erant
2209 2681 2492 2735 credentes
2524 2679 2576 2732 in
2609 2693 2730 2733 enm
2765 2677 2976 2748 (Ibid).
3013 2697 3032 2730 ι

1929 2773 2033 2826 Sed
2085 2771 2212 2842 quid
2271 2771 2324 2824 in
2375 2769 2592 2838 reliquis
2627 2769 2827 2822 diutius
2877 2767 3248 2829 immoramur,
3296 2767 3424 2820 dum

1859 2871 2066 2917 constet
2112 2876 2230 2916 esse
2276 2861 2612 2930 perspicuum
2651 2859 2794 2928 quod
2815 2866 2868 2912 et
2907 2857 3036 2923 ipsa:
3071 2855 3279 2918 tabulae,
3308 2871 3430 2926 qua:

1862 2955 1951 3009 Dei
1979 2954 2145 3023 digito
2175 2952 2389 3022 scripta:
2441 2958 2584 3016 sunt,
2639 2950 2813 3004 crucis
2845 2947 3137 3004 Dominica:
3171 2947 3432 3016 prmtule-

1860 3045 1968 3100 rint
1987 3044 2420 3099 sacramentum?
2455 3043 2650 3097 Decem
2685 3025 2914 3111 namque
2944 3049 3209 3110 praecepta
3251 3040 3302 3093 in
3350 3039 3430 3094 eis

1859 3136 2057 3205 scripta
2113 3143 2257 3198 sunt,
2294 3142 2348 3187 et
2400 3132 2652 3186 denarius
2681 3147 2933 3188 numerus
2982 3131 3148 3200 perX
3175 3131 3436 3196 litteram,

1857 3241 1976 3297 qurc
2039 3224 2216 3278 crucis
2259 3221 2513 3292 exprimit
2559 3221 2812 3289 speciem,
2871 3221 3204 3291 designatur.
3237 3221 3290 3274 ln
3330 3219 3430 3274 hac

1857 3330 1987 3369 sane
2020 3310 2220 3375 littera,
2271 3325 2388 3379 qua:
2438 3311 2716 3364 denarimn
2773 3310 2824 3362 in
2878 3323 2936 3364 se
2981 3309 3215 3363 continet
3245 3324 3431 3362 nume-

1855 3423 1998 3468 rum,
2046 3405 2126 3459 sic
2178 3419 2314 3457 unus
2368 3419 2502 3472 apex
2551 3418 2580 3454 a
2635 3416 2846 3456 summo
2901 3401 2950 3454 in
2986 3401 3148 3454 imum
3177 3416 3271 3468 per
3296 3400 3431 3454 obli-

1857 3512 2020 3566 quum
2045 3494 2276 3557 ducitur,
2303 3502 2358 3547 ut
2381 3493 2516 3547 alter
2537 3506 2751 3560 quoque
2782 3506 2884 3544 non
2910 3491 3092 3560 dispar
3119 3506 3212 3560 per
3251 3500 3426 3544 trans-

1855 3603 2067 3641 versam
2100 3588 2326 3649 lineam,
2367 3585 2643 3655 productis
2683 3583 2933 3652 utrinque
2985 3582 3242 3646 brachiis,
3274 3598 3424 3636 com-

1856 3679 2124 3746 pingatnr.
2177 3676 2244 3729 Et
2283 3677 2360 3730 sic
2393 3675 2561 3744 apicis
2612 3674 2890 3741 utriusque
2941 3671 3077 3725 facta
3129 3669 3436 3739 complexio

1854 3769 1962 3838 97
1993 3783 2098 3821 non
2130 3766 2298 3821 solum
2323 3767 2646 3818 exteriorem
2673 3763 2849 3817 crucis
2903 3761 3185 3831 prmlendit
3238 3761 3428 3830 imagi—

1857 3875 1998 3923 nem,
2027 3859 2119 3912 sed
2142 3867 2196 3912 et
2218 3856 2498 3927 mysticam
2537 3855 2653 3924 ejns
2679 3852 2965 3922 quamdam
3014 3852 3227 3905 videtur
3283 3851 3432 3903 indi-

1857 3964 1982 4004 care
2018 3950 2294 4003 virtutem.
2345 3946 2486 4000 Dicit
2535 3945 2676 3998 enim
2724 3943 3028 3997 Dominus:
3085 3961 3102 3993 ι
3141 3940 3254 3994 Non
3305 3941 3428 3994 veni

1856 4040 2063 4095 solvere
2109 4039 2320 4109 legem,
2364 4037 2457 4091 sed
2506 4033 2798 4104 adimplere
2847 4032 3060 4103 (Matth.
3116 4031 3189 4101 v).
3253 4051 3269 4081 ι
3325 4030 3429 4084 Per

1856 4134 2034 4188 crucis
2065 4131 2247 4199 itaque
2274 4138 2670 4182 sacramentum
2699 4134 2964 4195 praecepta
2997 4124 3193 4178 veteris
3221 4123 3432 4177 instrn-

1858 4221 2020 4275 menti
2049 4218 2372 4288 evangelicae
2401 4217 2587 4284 gratim
2613 4213 2903 4284 copulavit,
2934 4222 3006 4278 et,
3040 4222 3097 4264 ut
3122 4212 3191 4265 ita
3217 4212 3436 4279 loquar,

1857 4311 1963 4366 duo
1990 4310 2336 4363 Testamenta
2369 4305 2515 4359 velut
2540 4304 2699 4358 unius
2721 4304 2979 4357 doctrinae
3007 4317 3202 4369 corpus
3227 4300 3427 4354 elfecit.

188 4413 469 4471 postquam
521 4413 602 4459 est
649 4421 742 4474 per
781 4405 978 4476 lignum
1006 4410 1129 4464 vitae
1164 4410 1334 4466 dulcis
1357 4412 1566 4478 eﬂ‘ecta,
1594 4425 1646 4470 et
1671 4418 1744 4470 in-
1790 4427 1834 4484 ε)
1863 4405 1928 4458 Ει
1957 4403 2171 4472 quidem
2199 4400 2374 4470 primo
2403 4399 2541 4451 data:
2571 4404 2698 4451 sunt
2744 4395 2934 4449 tabulae
2957 4434 2974 4460 ,
3034 4394 3128 4448 sed
3180 4393 3432 4484 protinus

188 4493 353 4563 telligi
400 4495 758 4562 spiritualiter
805 4498 987 4565 C(Bpil,
1022 4499 1160 4553 illico
1184 4501 1272 4555 Dci
1315 4503 1538 4572 populus
1565 4505 1629 4558 de
1655 4505 1757 4560 Ve-

187 4586 285 4639 teri
315 4584 667 4642 Testamento
693 4588 756 4641 ad
781 4590 1100 4658 apostolicos
1140 4592 1314 4648 fontes
1353 4603 1406 4648 et
1454 4597 1752 4665 palmarmn

187 4678 427 4740 arbores,
459 4679 508 4732 id
541 4686 624 4732 est
649 4680 714 4732 ad
741 4679 1013 4751 Evangelii
1044 4684 1271 4751 gratiam
1305 4689 1538 4742 transiit.
1577 4689 1640 4742 Et
1662 4689 1754 4744 be-

189 4783 251 4821 ne
286 4778 408 4837 post
461 4777 741 4838 acceptum
784 4771 1103 4842 Decalogum
1141 4777 1418 4845 septuplus
1440 4778 1753 4846 praedicato-

187 4873 302 4915 rum
354 4875 616 4915 numerus
667 4863 1028 4927 constituitur,
1082 4865 1208 4933 quia
1257 4882 1352 4934 per
1380 4867 1745 4938 septiformem

187 4954 354 5008 sancti
382 4953 620 5024 Spiritus
662 4955 888 5023 gratiam
914 4969 1076 5010 omne
1103 4959 1411 5012 mandatum
1443 4961 1636 5015 divina:
1683 4963 1751 5018 le-

188 5043 264 5112 gis
292 5045 569 5116 impletur.
604 5043 711 5100 Nec
742 5045 1007 5101 immerito
1034 5045 1191 5115 plane
1219 5043 1597 5117 prmdiéatores
1626 5069 1750 5109 crn-

191 5133 262 5188 cis
288 5136 593 5204 palmarum
642 5135 890 5190 videntur
911 5135 1130 5192 nomine
1155 5137 1386 5207 figurati,
1411 5141 1535 5194 dum
1565 5152 1615 5196 et
1637 5145 1748 5214 ipsa

1139 5227 1183 5252 δικ
1218 5229 1264 5252 2-.
1295 5243 1348 5252 ΑΑ
1382 5231 1577 5252 -ν-ξΙῗ--ι
1611 5235 1634 5252 ιι
1703 5249 1710 5252 .

186 5236 304 5252 Anu-
330 5225 448 5252 ξ..-Α
478 5224 700 5252 ’.ζηηηινιι
745 5226 808 5252 ητα
834 5228 1000 5252 ἰα’-κη
1064 5227 1183 5252 ηεαδ-κ
1218 5229 1228 5252 2

1863 4505 2004 4556 sunt,
2039 4493 2232 4564 populo
2260 4491 2668 4562 prtcv-aricantc,
2699 4487 2934 4542 effracta:
2981 4483 3178 4554 (Exod.
3211 4483 3428 4552 xxxii);

1861 4586 2098 4641 secundo
2125 4599 2251 4638 vero
2273 4585 2470 4636 dantur
2499 4579 2692 4634 tabula:
2716 4619 2730 4641 ,
2765 4579 2856 4633 sed
2895 4584 3153 4646 perpetuo
3179 4587 3430 4642 perman-

1860 4694 2020 4732 surae.
2075 4677 2240 4730 Plane
2291 4674 2498 4743 priores
2542 4669 2735 4723 tabula:
2781 4669 2969 4737 prisca:
3017 4665 3150 4733 legis
3207 4673 3434 4717 tenuere

1862 4769 2104 4835 figuram,
2139 4779 2257 4834 qum
2283 4779 2312 4816 a
2341 4763 2424 4816 sui
2454 4761 2628 4815 cultus
2655 4758 2915 4828 obsequio
2945 4765 3060 4810 erat
3088 4754 3434 4826 postmodum

1860 4857 2094 4914 desitura
2140 4851 2482 4926 [defectura].
2518 4853 2865 4907 Postmodum
2924 4861 3052 4899 vero
3104 4845 3301 4898 dantur
3348 4852 3472 4897 ta-‘

1856 4951 2014 5014 liulze,
2063 4951 2157 5005 sed
2206 4965 2312 5004 non
2357 4946 2716 5014 franguntur;
2750 4943 2873 5014 quia
2921 4937 3053 4990 Novi
3103 4935 3439 4992 Testamenti

1856 5045 2052 5115 gratia,
2076 5058 2195 5112 qua:
2222 5057 2318 5110 per
2345 5039 2523 5095 crucis
2548 5045 2631 5091 est
2658 5039 2892 5096 solidata
2932 5030 3250 5098 mysterium
3277 5070 3292 5094 ,
3323 5026 3434 5082 nul-
3489 5114 3491 5117 γ

1856 5139 1968 5192 lum
1997 5135 2144 5189 novit
2170 5135 2371 5189 habere
2399 5129 2698 5186 defectum.
3492 5123 3495 5126 ’

1927 5226 2095 5252 ἴδη-..κ
2147 5233 2326 5252 anno...
2380 5237 2479 5252 nan
2527 5237 2652 5252 σι’-ηε.
2726 5227 2811 5252 ξΙΙοι

2868 5214 3072 5252 Voturia
3117 5211 3442 5252 Toctnmnnl'l
