3946 5368
508 236 613 294 607

1103 247 1164 303 Β.
1191 248 1394 307 PETRI
1419 250 1701 310 DAMIANI
1725 220 1877 317 OPP:
1908 254 2089 317 PARS
2119 255 2251 315 SEU
2274 255 2511 318 TOMUS
2530 260 2594 317 ll.
2617 292 2687 304 -—
2706 261 3094 323 SERMONES.

3668 269 3773 330 608

508 348 1114 445 initium—piemtudinis.
1148 358 1287 414 Area
1312 360 1539 429 scilicet,
1580 377 1766 424 sancta
1808 382 1928 426 erat
1975 369 2080 424 ΕΟ·
2111 369 2157 430 Δ
2188 376 2431 425 calorum
2462 385 2521 427 se
2547 374 2797 445 contagio
2822 389 2920 445 Per
2955 375 3330 436 ωάίῧωιίοηὶδ
3378 379 3643 439 [falch
3666 386 3772 441 nli-

507 437 692 495 clesia.
718 440 845 497 Tria
880 459 1005 501 vero
1035 450 1454 508 continebantur
1477 455 1529 510 in
1558 470 1709 523 arca,
1756 460 1875 514 duze
1903 460 2085 516 videli-

509 535 596 580 cet
641 526 872 598 lapideae
921 530 1136 602 tabulae,
1181 554 1301 609 quae
1343 541 1586 611 profecto
1632 546 1860 603 duorum
1893 549 2085 605 Testa-

504 629 809 678 menlorum
868 627 1097 684 innuunt
1152 643 1467 704 perpetuam
1530 638 1882 706 ﬁrmitatem,
1947 658 2085 713 quas

2188 457 2470 514 nisterium
2511 471 2764 534 purgant.

2256 548 2369 605 Sed
2391 552 2709 621 quibusdam
2761 554 2988 615 fortasse
3029 560 3311 632 displiceat
3358 566 3510 635 quod
3551 580 3655 622 nos
3697 567 3766 623 ad

2187 640 2397 698 laudem
2421 646 2598 700 crucis
2624 655 2702 701 tot
2721 648 2860 703 sacri
2890 649 3091 719 eloquii
3113 654 3361 723 exempla
3390 656 3763 726 congerimus,

501 711 665 766 etiam
698 714 878 770 crucis
910 718 960 771 in
991 734 1051 775 se
1097 725 1414 793 mysterium
1462 730 1745 785 continere
1780 711 2090 803 supra'do-
2186 742 2240 787 et
2278 733 2421 788 velut
2444 734 2763 791 instructam
2791 738 3136 797 instrumenti
3178 711 3381 799 veteris
3407 711 3588 800 aciEm
3638 711 3768 801 huic

501 804 731 859 coimus.
768 807 915 863 Urna
959 827 1173 883 quoque
1225 831 1389 873 aurea
1436 820 1642 876 habens
1689 840 1908 878 manna.
1958 810 2084 880 Haec

499 893 745 963 profecto
769 915 957 969 puram
980 910 1143 973 atque
1164 907 1430 963 sinceram
1455 926 1673 967 carnem
1701 914 2079 985 Redemptoris

505 988 786 1055 exprimit,
816 1007 937 1063 qua)
985 997 1171 1063 procul
1217 999 1379 1055 dubio
1421 1002 1757 1061 dulcedinem
1809 1019 2084 1078 perpetuae

501 1079 798 1139 divinitatis
873 1085 1115 1142 includit.
1188 1090 1317 1158 Quae
1360 1093 1587 1149 dulcedo
1634 1104 1760 1150 tunc
1800 1097 1851 1151 in
1907 1098 2084 1167 palato

501 1180 811 1227 nostrarum
844 1178 1105 1232 mentium
1136 1184 1333 1250 sapuit,
1367 1200 1433 1238 ex
1467 1202 1574 1255 quo
1605 1188 1759 1242 miles
1785 1190 2081 1258 pendentis

500 1259 554 1315 in
612 1278 772 1319 cruce
824 1267 1033 1323 Domini
1091 1271 1230 1327 latus
1260 1276 1471 1345 aperuit
1528 1278 1708 1347 (Joan.
1765 1278 1921 1350 xtx);
1959 1297 2080 1336 eam

499 1351 690 1408 botrus
722 1357 967 1413 videlicet
993 1377 1283 1431 expressus
1309 1375 1412 1430 est,
1446 1369 1536 1440 qui
1580 1369 1707 1424 dum
1748 1372 2079 1439 calcaretur,

501 1448 739 1501 torcular
791 1451 1022 1505 calcavit
1070 1455 1236 1510 solus.
1280 1457 1464 1513 Tertio
1511 1461 1563 1514 in
1606 1478 1730 1517 arca
1778 1463 1880 1517 fuit
1930 1465 2079 1536 virga

497 1536 700 1602 Aaron,
724 1554 843 1608 qua:
871 1552 989 1611 post
1019 1546 1320 1602 ariditatem
1347 1548 1528 1605 ﬂoruit
1556 1550 1747 1624 (Nunt.
1777 1555 1933 1623 xvtt).
1952 1554 2082 1621 Quze

499 1626 752 1683 nimirum
782 1633 912 1702 quid
949 1635 1091 1691 aliud
1137 1639 1427 1709 signiﬁcat,
1461 1644 1561 1699 nisi
1615 1648 1809 1700 summi
1858 1648 2079 1718 verique

2186 825 2334 895 regio
2364 826 2556 881 vexillo
2583 841 2805 898 prorsus
2833 831 3096 889 intentam
3141 851 3334 906 parere
3372 848 3765 895 monstramus.

2183 910 2393 980 Quibus
2440 926 2590 972 certe
2644 919 2773 987 quid
2822 920 2965 976 aliud
3015 923 3301 981 dicendum
3348 939 3458 993 est,
3490 929 3596 984 nisi
3623 930 3767 1000 quod

2184 1005 2471 1076 Apostolus
2503 1011 2788 1079 perhibet,
2838 1013 3028 1070 dicens
3057 1034 3072 1071 :
3107 1034 3126 1068 ι
3168 1017 3405 1075 Verbum
3448 1022 3635 1076 crucis
3671 1036 3765 1091 pe-

2184 1100 2464 1155 reuntibus
2485 1101 2700 1171 quidem
2746 1105 2977 1160 stultitia
3019 1118 3140 1175 est;
3191 1110 3276 1165 his
3298 1121 3481 1167 autem
3503 1114 3597 1183 qui
3634 1112 3767 1170 salvi

2183 1192 2339 1260 ﬁunt,
2382 1196 2431 1249 id
2461 1208 2543 1251 est
2567 1199 2743 1262 nobis,
2773 1201 2950 1255 virtus
2980 1203 3075 1258 Dei
3116 1214 3200 1259 est
3224 1204 3276 1273 (I
3299 1204 3425 1261 Car.
3454 1206 3518 1275 ι).
3558 1227 3577 1259 ι
3603 1206 3767 1275 Quid-

2183 1285 2309 1354 quid
2336 1287 2479 1342 enim
2510 1288 2576 1342 de
2603 1290 2783 1344 crucis
2806 1290 2965 1347 laude
3001 1293 3317 1351 disserimus
3342 1338 3358 1363 ,
3406 1298 3461 1352 in
3490 1297 3614 1365 ejus
3656 1314 3765 1354 non

2186 1374 2479 1447 ambigitur
2508 1378 2808 1434 redundare
2838 1383 3167 1449 praeconium
3196 1386 3285 1456 qui
3313 1387 3497 1443 crucis
3527 1386 3768 1443 illustre-

2183 1465 2260 1520 vit
2283 1468 2498 1537 propria
2525 1480 2700 1525 morte
2728 1472 3011 1528 vexillum.

2253 1556 2356 1612 Per
2380 1560 2493 1615 lucc
2520 1560 2722 1631 itaque,
2758 1561 2952 1620 fratres
2980 1564 3124 1629 mei,
3155 1582 3274 1637 quze
3313 1569 3461 1625 dicta
3487 1579 3621 1626 sunt
3645 1612 3661 1635 ,
3698 1570 3769 1626 li-

2184 1648 2347 1716 quido
2376 1648 2630 1721 colligere
2681 1667 2967 1722 possumus
2998 1657 3125 1725 quia
3172 1659 3275 1714 hoc
3322 1660 3567 1715 cmlestis
3604 1662 3768 1715 victo-

497 1720 767 1788 poutiﬂcis
802 1725 968 1779 nostri
1006 1726 1132 1782 illud
1180 1730 1415 1786 salutare
1461 1734 1714 1789 vexillum
1763 1736 2082 1794 immortalis
2112 1722 2158 1784 Β
2189 1739 2281 1792 ria:
2310 1720 2545 1810 signum,
2580 1720 2847 1813 perquod
2897 1720 3126 1803 mundus
3167 1758 3286 1803 erat
3324 1751 3391 1806 de
3429 1751 3766 1822 captivitatis

498 1812 774 1869 memorim
789 1831 1003 1886 semper
1024 1819 1293 1875 viriditate
1310 1821 1580 1889 ﬂoridum,
1600 1835 1652 1876 et
1668 1825 2079 1882 exuberantiam

496 1900 771 1962 fructuum
814 1908 1092 1967 fertilitate
1139 1912 1449 1970 fecundum.
1488 1916 1632 1972 Crux
1678 1919 1823 1973 enim
1868 1935 2082 1990 semper

496 1994 637 2051 viret
669 2000 719 2051 in
745 2014 861 2067 Spe,
890 2000 1044 2057 ﬂoret
1073 2005 1124 2058 in
1152 2006 1276 2064 ﬁde.
1297 2006 1583 2063 fruetiticat
1608 2009 1658 2063 in
1692 2009 1976 2065 ςιινιιίιιιιθ.
2018 2011 2084 2065 Et

497 2096 781 2157 postquam
807 2108 835 2146 a
862 2102 1077 2149 terreno
1102 2098 1301 2167 cespite
1325 2100 1545 2167 prmcisa
1568 2111 1670 2167 est,
1708 2100 2081 2173 frondet,quia

498 2179 743 2249 quisquis
774 2199 867 2252 per
895 2201 1134 2241 amorem
1166 2192 1345 2244 crucis
1379 2207 1408 2245 a
1443 2194 1675 2247 terrenis
1706 2211 1763 2249 se
1792 2194 2081 2254 desideriis

498 2266 553 2321 in
583 2267 695 2338 ipsa
727 2275 924 2328 mentis
971 2277 1148 2331 radice
1176 2277 1400 2351 [utentis
1449 2283 1710 2356 radicem]
1759 2288 2036 2354 praescidit
2064 2328 2079 2354 ,

500 2357 568 2412 ad
632 2359 1003 2421 haereditatem
1075 2368 1579 2429 immarcescibilem
1648 2379 2079 2445 capessendam,

498 2456 555 2503 et
606 2464 818 2523 semper
872 2456 1099 2514 virentia
1159 2471 1379 2519 :eterna:
1442 2466 1565 2520 vitae
1626 2481 1828 2537 pascua
1885 2484 2082 2524 conva-

498 2542 673 2602 lescit.

577 2642 779 2701 Verum
810 2648 940 2719 quid
969 2651 1201 2722 amplius
1226 2653 1291 2709 de
1321 2652 1479 2710 laude
1523 2655 1696 2711 beatze
1725 2671 1905 2712 CI'UCIS
1935 2655 2083 2713 edis-

497 2755 698 2803 seram,
723 2742 1158 2812 quandoquidem
1184 2746 1365 2800 omnia
1400 2746 1487 2800 illa
1518 2748 1787 2802 sacriﬁcia
1831 2763 1951 2818 qum
1982 2747 2082 2802 sub

497 2830 745 2900 legalium
770 2835 1215 2889 caaremoniarum
1247 2837 1350 2890 ritu
1375 2836 1554 2891 offerri
1576 2836 1855 2905 iubentur,
1884 2838 1951 2892 ad
1978 2838 2081 2892 hoc

498 2936 663 2975 unmn
713 2924 986 2993 singulare
1045 2940 1344 2996 verumque
1417 2927 1745 2983 sacriﬁcimn
1806 2930 1951 2999 quod
2025 2931 2080 2985 in

498 3026 626 3067 arca
667 3016 845 3070 crucis
893 3016 1131 3071 oblatum
1179 3029 1262 3073 est
1310 3018 1799 3075 rcferantur?Per
1850 3021 2077 3075 vitulum

2183 1830 2418 1899 antiqua:
2449 1831 2677 1887 vinculis
2706 1834 3088 1903 absolvendus,
3129 1840 3197 1893 ab
3230 1840 3349 1909 ipso
3392 1849 3583 1897 mundi
3614 1858 3766 1913 prm-

2183 1920 2323 1991 cipio
2349 1921 2535 1978 Patres
2564 1925 2812 1989 adorant,
2852 1926 3139 1998 Propheta:
3187 1933 3564 2001 praenuntiant
3591 1974 3608 1998 ,
3648 1948 3764 1988 om-

2185 2028 2387 2084 nesque
2418 2031 2695 2072 sacrarum
2731 2017 3091 2094 [sanctarum]
3116 2021 3527 2092 Snzripturarum
3554 2025 3764 2097 pagina

2184 2104 2551 2174 praeﬁgurant.
2581 2106 2790 2178 Quippe
2818 2111 2961 2179 quod
2994 2127 3093 2165 nos
3112 2112 3410 2169 adoramus
3437 2114 3492 2169 in
3517 2129 3768 2178 munere,

2184 2191 2388 2263 illijam
2433 2195 2832 2251 venerabantur
2877 2199 2930 2253 in
2974 2199 3097 2255 ﬁde.
3142 2201 3209 2256 Et
3260 2203 3403 2271 quod
3453 2202 3601 2272 apud
3658 2202 3770 2259 illos

2184 2293 2302 2337 erat
2331 2285 2652 2355 quilmsdam
2703 2288 3081 2360 :euigmatibus
3124 2290 3412 2362 ﬁguratum
3443 2332 3458 2358 ,
3511 2307 3617 2348 nos
3663 2307 3759 2363 per

2183 2372 2494 2432 Mediatoris
2514 2377 2740 2448 gratiam
2760 2379 2872 2452 jam
2907 2380 3151 2436 videmus
3183 2381 3489 2452 impletum.
3524 2391 3588 2437 ιιι
3622 2384 3767 2453 quod

2182 2464 2257 2519 illi
2281 2468 2741 2537 prmsagiebantur
2770 2485 2866 2540 per
2889 2472 3161 2541 spiritum.
3181 2488 3278 2527 nos
3303 2473 3415 2543 jam
3448 2488 3548 2543 per
3567 2487 3769 2543 corpo-

2182 2556 2351 2611 ralem
2382 2572 2671 2615 cernamns
2702 2571 2759 2614 et
2787 2560 3181 2630 amplectamur
3210 2562 3488 2616 obtutum.
3518 2559 3565 2619 Ο
3593 2561 3769 2616 admi-

2183 2650 2351 2702 randa
2372 2648 2681 2705 Conditoris
2704 2652 2872 2705 nostri
2896 2652 2982 2721 pia
3009 2652 3333 2707 clementia!
3364 2669 3397 2707 ο
3426 2651 3771 2722 pmdicanda

2182 2738 2473 2810 singularis
2522 2742 2693 2795 nostri
2732 2741 3112 2811 Redemptoris
3166 2743 3483 2798 humilitas!
3532 2742 3771 2797 Atracis-

2182 2829 2335 2885 sinne
2366 2830 2554 2886 mortis
2578 2832 2763 2886 subire
2786 2831 3040 2904 dignatus
3066 2842 3151 2887 est
3178 2847 3417 2903 poenam,
3440 2840 3499 2887 ut
3526 2848 3630 2887 nos
3652 2847 3772 2903 pro-

2182 2922 2406 2978 veheret
2468 2923 2534 2977 ad
2589 2940 2867 2979 coronam.
2918 2926 3315 2997 Turpissimum
3379 2926 3570 2983 crucis
3615 2924 3775 2997 elegit

2181 3017 2397 3086 propria
2425 3014 2704 3072 voluntate
2736 3017 3061 3089 supplicium
3082 3059 3100 3084 ,
3134 3029 3193 3072 ut
3219 3033 3319 3073 nos
3361 3017 3431 3073 de
3480 3018 3771 3076 servitutis

499 3119 752 3173 namque,
779 3107 869 3173 qui
911 3108 978 3161 de
1008 3120 1256 3164 armento
1303 3110 1486 3166 offerri
1531 3113 1841 3182 przccipitur
1881 3113 2079 3183 (Exod.
2110 3100 2311 3181 Cjugo
2334 3110 2650 3165 sublimaret
2675 3111 2740 3165 ad
2779 3126 3024 3180 regnum.
3058 3111 3303 3167 Maledici
3353 3128 3463 3167 non
3517 3111 3769 3181 respuit,

396 3250 404 3257 ,
498 3200 698 3268 xxix),
754 3198 1084 3269 Redemptor
1139 3212 1341 3265 noster,
1399 3203 1489 3271 qui
1544 3203 1610 3257 de
1651 3203 2081 3272 patriarcharum

496 3288 778 3345 descendit
813 3293 1088 3362 progenie,
1127 3292 1411 3363 ﬁguratur.
1460 3293 1558 3348 llic
1591 3294 1846 3348 nimirum
1898 3304 2085 3349 aratro

499 3383 681 3437 cruris
708 3398 818 3437 suae
847 3392 1044 3438 terram
1068 3387 1247 3440 carnis
1292 3396 1492 3440 nostra:
1541 3388 1876 3457 perdomuit,
1924 3396 1979 3441 et
2017 3402 2085 3442 ex

498 3471 735 3543 Spiritus
756 3476 927 3531 sancti
958 3466 1167 3532 semine
1217 3477 1478 3531 virtutum
1526 3494 1623 3531 nos
1664 3476 1816 3547 fruge
1866 3478 2079 3532 ditavit.

498 3564 596 3621 Hic
634 3566 836 3622 vitulus
877 3569 997 3623 sine
1045 3569 1251 3622 macula
1300 3586 1404 3623 non
1450 3571 1502 3623 in
1560 3569 1943 3633 tal‘eruaculo,
1988 3568 2083 3624 sed

496 3668 621 3713 ante
655 3660 854 3715 ostium
888 3658 1005 3726 ejus
1051 3676 1080 3713 a
1134 3660 1258 3715 ﬁliis
1299 3661 1479 3714 Aaron
1509 3659 1838 3715 offerebatur
1882 3660 2079 3722 (Exod.

497 3754 647 3820 xxix)
676 3769 691 3817 ;
725 3751 850 3821 quia
873 3760 927 3804 et
960 3750 1236 3815 Dominus,
1274 3752 1364 3821 qui
1398 3753 1515 3807 sine
1550 3760 1771 3821 peccato
1810 3761 1894 3805 est
1922 3750 2081 3821 (Isai.

496 3842 638 3911 ιιιι),
674 3842 775 3896 sub
804 3843 959 3896 Anna
1010 3850 1065 3896 ct
1108 3843 1311 3911 Caipba
1344 3841 1498 3912 (Luc.
1542 3842 1625 3911 ιιι)
1671 3854 1825 3897 extra
1869 3853 2080 3912 portam

495 3943 580 3990 est
608 3933 917 3989 crucifixus.
952 3935 1070 4004 Ipse
1100 3936 1283 4003 Agnus
1308 3936 1397 4006 qui
1433 3936 1616 3990 mundi
1648 3946 1871 4006 peccata
1899 3937 2081 3990 deter-

498 4025 571 4079 sit
596 4024 776 4092 (loan.
806 4022 867 4096 t).
894 4024 1010 4093 Ipse
1042 4026 1248 4088 lnedus,
1274 4027 1365 4095 qui
1410 4035 1692 4082 auctorem
1728 4027 1935 4096 peccati
1968 4026 2083 4081 dia-

496 4114 701 4179 bolum,
733 4115 912 4170 crucis
958 4115 1136 4186 gladio
1175 4114 1467 4186 jugulavit.
1517 4116 1637 4185 Ipse
1686 4117 1971 4182 columba,
2026 4118 2080 4172 in

497 4206 653 4276 cujus
682 4206 935 4260 nimirum
976 4206 1159 4275 specie
1201 4206 1437 4277 Spiritus
1486 4216 1709 4261 sanctus
1749 4222 1911 4278 super
1954 4223 2079 4264 cum

498 4298 566 4352 ad
594 4294 846 4353 Iordanis
871 4295 1066 4351 ﬂuenta
1093 4298 1372 4352 descendit
1392 4297 1613 4367 (Matth.
1640 4293 1741 4369 ιιι).
1769 4299 1889 4369 lpsc
1912 4301 2079 4355 etiam

499 4399 696 4453 turtur,
727 4391 852 4462 quia
893 4398 1166 4461 perpetua:
1204 4390 1477 4446 castitatis
1520 4398 1711 4445 auctor
1733 4391 1846 4462 98
1870 4392 2076 4457 existit,

2187 3210 2244 3255 ut
2290 3217 2387 3255 nos
2432 3202 2497 3257 de
2548 3201 2835 3257 maledicto
2881 3201 3014 3274 legis
3061 3203 3384 3259 absolveret.
3434 3202 3769 3260 Probrosam

2187 3304 2414 3347 mortem
2444 3292 2683 3362 pertulit,
2716 3304 2775 3348 ut
2826 3309 2926 3350 nos
2970 3295 3039 3349 ab
3068 3304 3285 3350 aeternae
3332 3295 3530 3349 mortis
3570 3309 3770 3365 oppro-

2182 3372 2305 3456 brio
2333 3385 2608 3441 liberaret.
2644 3385 2798 3442 Unde
2819 3395 2875 3441 et
2918 3386 3209 3456 Apostolus
3240 3405 3253 3440 :
3291 3405 3309 3437 ι
3348 3386 3609 3442 Christus
3633 3428 3649 3451 ,
3695 3388 3773 3442 in-

2185 3451 2320 3543 qnii,
2356 3490 2454 3530 nos
2502 3477 2733 3532 redemit
2776 3477 2844 3532 de
2891 3451 3178 3534 maledicto
3212 3477 3387 3549 legis,
3440 3477 3624 3533 factus
3672 3492 3767 3547 pro

2185 3565 2342 3620 nobis
2373 3566 2713 3623 maledictum
2743 3608 2759 3635 ,
2810 3569 2937 3638 quia
2987 3569 3252 3639 scriptum
3287 3577 3411 3623 est:
3447 3567 3769 3624 Maledictua

2185 3656 2381 3721 omnis,
2412 3658 2501 3727 qui
2534 3659 2726 3728 pendet
2761 3660 2815 3713 iu
2864 3659 3010 3729 ligno
3040 3675 3054 3722 ;
3090 3667 3149 3713 ut
3195 3659 3247 3713 in
3294 3660 3554 3730 gentibus
3602 3659 3767 3714 bene-

2185 3751 2348 3806 dictio
2373 3750 2600 3806 Abrahae
2630 3751 2779 3806 ﬁeret
2829 3751 2881 3805 in
2913 3751 3128 3807 Christo
3159 3751 3286 3808 Jcsu
3318 3792 3331 3816 ,
3382 3763 3442 3806 ut
3488 3753 3758 3823 pollicita-

2187 3842 2383 3895 tionem
2411 3842 2631 3911 spiritns
2652 3842 2979 3912 accipiamus
3006 3857 3101 3911 per
3133 3843 3292 3897 ﬁdem
3321 3840 3465 3912 (Gal.
3497 3845 3608 3912 ιιι).
3644 3864 3665 3896 ι

2253 3934 2390 4000 Quia
2412 3948 2562 4003 ergo,
2592 3932 2790 3988 fratres
2822 3935 2950 3998 mei,
2979 3933 3258 3990 servitutis
3281 3932 3414 4004 jugo
3435 3934 3645 4000 soluti,
3672 3934 3766 3990 be-

2184 4024 2544 4079 nedictionem
2569 4024 2799 4079 Abrahae
2827 4024 2881 4078 in
2910 4023 3128 4080 Christo
3168 4022 3282 4092 jam
3329 4039 3521 4079 sumus
3562 4024 3764 4096 adepti,

2183 4115 2310 4184 quid
2339 4123 2524 4177 restat,
2552 4114 2652 4168 nisi
2681 4123 2737 4167 ut
2765 4130 2829 4168 ea
2854 4130 2994 4184 quae,
3022 4113 3196 4184 gratia
3221 4113 3613 4182 praeveniente,
3643 4128 3764 4184 per-

2181 4208 2440 4274 cepimus,
2456 4206 2618 4261 etiam
2647 4221 2744 4277 per
2768 4206 2887 4259 vit-.e
2913 4206 3161 4260 meritum
3187 4204 3570 4275 Redemptoris
3593 4206 3764 4262 nostri

2182 4302 2321 4355 dona
2363 4315 2660 4364 servenms,
2696 4315 2764 4355 ne
2806 4299 2896 4369 qui
2946 4314 3044 4369 per
3086 4299 3414 4370 baptismum
3462 4300 3518 4355 in
3547 4299 3766 4356 Christo

2183 4390 2540 4453 renascimur,
2568 4390 2863 4445 secundum
2897 4397 3136 4446 veterem
3161 4405 3350 4445 rursus
3377 4390 3668 4446 hominem
3692 4390 3767 4444 vi-

497 4482 639 4538 sicut
669 4454 769 4537 sibi
812 4497 843 4537 a
890 4454 1088 4553 sponsa
1129 4482 1329 4537 dicitur
1358 4499 1372 4535 :
1410 4500 1429 4532 ι
1476 4480 1748 4552 Speciosa:
1794 4498 1943 4555 gena:
1976 4491 2081 4538 tuae
2108 4454 2157 4515 θ
2183 4492 2391 4547 ventes,
2422 4482 2488 4537 ad
2512 4480 2875 4535 danmationis
2900 4479 3017 4550 ejus
3039 4482 3363 4538 sententiam
3394 4481 3767 4537 revocemur?

497 4573 642 4630 sicut
666 4573 893 4627 turturis
922 4571 1100 4641 (Cant.
1133 4574 1195 4645 ι).
1230 4592 1248 4626 ι

568 4662 826 4720 Eamdent
851 4679 1012 4735 porro
1032 4664 1260 4720 viviﬁca:
1282 4665 1465 4721 crucis
1492 4663 1725 4720 hostiam
1757 4664 2079 4737 designabat

496 4762 552 4810 et
572 4754 734 4809 vitula
759 4755 847 4811 illa
884 4755 1025 4822 rufa,
1056 4772 1198 4826 qua},
1227 4766 1386 4814 actate
1429 4759 1647 4829 quidem
1686 4759 1897 4829 integra
1922 4800 1938 4825 ,
1981 4764 2077 4817 sed

494 4844 608 4917 jugi
636 4860 756 4901 esse
775 4845 999 4914 jubctur
1026 4848 1215 4916 ignara
1239 4845 1428 4919 (Num.
1474 4850 1610 4919 xtx).
1648 4847 1783 4903 Rufa
1817 4851 2074 4906 nimirum

496 4935 666 4990 vitula
707 4951 836 4991 caro
875 4946 960 4991 est
1009 4936 1330 5006 Salvatoris,
1356 4955 1511 4996 rosea
1559 4940 1770 4995 scilicet
1818 4943 2079 5012 sanguine

497 5028 785 5101 passionis.
815 5028 1074 5086 Perfectae
1093 5032 1309 5100 quidem
1340 5035 1516 5090 anatis
1545 5033 1807 5089 Dominus
1848 5036 1916 5089 ad
1948 5051 2076 5106 pas-

497 5120 711 5178 sionem
738 5120 910 5185 venit,
945 5123 1040 5176 sed
1085 5124 1203 5194 ejus
1245 5126 1440 5180 collum
1477 5125 1668 5198 jugum
1721 5129 1933 5198 peccati
1982 5145 2079 5184 cu-

495 5209 858 5291 juslibet'non
877 5212 1105 5268 attrivit.
1146 5214 1248 5282 Qui
1277 5218 1495 5272 vitulam
1523 5217 1757 5273 oll‘erunt
1803 5220 2073 5275 immundi

500 5311 650 5368 sunt,
689 5311 749 5359 et
787 5302 880 5368 qui
926 5302 1201 5361 Christum
1254 5311 1618 5368 crueiﬁmmt.
1663 5312 1807 5368 unde
1845 5314 2079 5368 mundus

2181 4575 2315 4629 Nam
2363 4584 2417 4629 et
2465 4575 2624 4631 hodie
2676 4575 2729 4629 in
2778 4575 3012 4631 ecclesia
3069 4575 3199 4630 illud
3252 4574 3423 4631 David
3460 4575 3765 4631 canimus:

2184 4687 2202 4719 ι
2240 4667 2504 4723 Maledicti
2569 4667 2663 4736 qui
2709 4667 2984 4722 declinant
3028 4682 3058 4722 a
3096 4666 3366 4722 mandatis
3424 4666 3534 4723 tuis
3589 4663 3761 4739 (Ρωι.

2177 4761 2386 4833 cxvm).
2427 4779 2445 4812 ι
2476 4758 2879 4816 Consideranda
2916 4775 3110 4831 nempe
3157 4760 3425 4816 sententia
3452 4800 3469 4826 ,
3496 4761 3633 4833 quia
3660 4776 3762 4817 non

2176 4854 2396 4917 dicitur,
2427 4850 2696 4906 maledicti
2722 4851 2812 4921 qui
2867 4865 2971 4905 non
3024 4850 3138 4921 99
3178 4866 3284 4905 non
3307 4861 3679 4907 renascuntur
3710 4850 3761 4906 in

2181 4946 2535 5003 sacramentis
2567 4944 2694 5009 tuis,
2719 4943 2832 5008 sed,
2862 4946 2949 5014 qui
2981 4945 3256 5000 declinant
3280 4959 3312 4998 a
3338 4945 3613 4999 mandatis
3638 4943 3761 5006 tuis.

2180 5040 2305 5108 quia
2338 5037 2589 5093 videlicet
2618 5051 2724 5090 non
2772 5034 2946 5090 solum
2980 5035 3052 5088 illi
3098 5034 3495 5091 maledictionis
3534 5036 3762 5092 nexibus

2179 5136 2306 5186 sunt
2330 5127 2545 5184 obnoxii
2573 5167 2587 5191 ,
2617 5142 2753 5196 quos
2779 5127 2832 5179 iu
2861 5125 3079 5182 Christo
3107 5140 3245 5195 aqua
3275 5126 3625 5195 baptismatis
3653 5142 3758 5183 non

2181 5228 2485 5291 regenerat,
2535 5218 2630 5274 sed
2661 5216 2733 5271 illi
2769 5216 2934 5272 etiam
2987 5232 3217 5287 quorum
3253 5216 3492 5287 pravitas
3532 5234 3567 5272 a
3604 5216 3761 5273 recti-

2180 5314 2364 5368 tudine
2395 5310 2772 5368 mandatorum
2805 5309 2898 5364 Dei
2929 5325 3026 5368 per
3050 5310 3305 5365 vitiorum
3330 5311 3563 5368 abrupta
3595 5310 3760 5366 decli-
