3946 5368
172 187 284 247 609

1601 175 1836 234 SEBMO
1877 173 2064 232 XVIII.

3361 184 3464 239 610

171 297 368 354 Iesum
393 291 698 360 Christum,
726 293 796 350 sit
819 293 1139 358 anathema,
1179 291 1500 346 maranatha
1545 289 1600 362 (1
1647 289 1771 346 Cor.
1804 298 1854 354 Α
1881 289 1934 344 in
1958 305 2156 360 aquam
2187 291 2358 358 misit,
2388 299 2442 346 et
2479 307 2602 348 mox
2645 292 2851 350 ferrum
2897 295 3140 364 natavit,
3190 305 3356 368 atque
3395 299 3466 356 ad

173 391 318 461 ινι).
359 387 466 446 Ubi
495 403 650 460 atque
693 385 987 442 notandum
1011 385 1136 454 quia
1164 399 1268 440 non
1311 385 1480 440 dicit:
1515 381 1618 451 Qui
1661 399 1768 439 non

171 481 492 537 renascitur
519 481 572 534 in
613 477 898 534 Dominum
951 485 1198 531 nostrum
1239 473 1422 530 Jesum
1467 475 1744 530 Christum

171 570 272 626 sed
299 570 398 640 qui
431 585 538 624 non
571 575 738 630 amat,
769 575 829 621 ut
876 567 1040 620 etiam
1087 565 1134 620 si
1178 565 1452 634 baptismo
1500 565 1762 636 probetur

172 662 304 732 quis
339 663 396 717 in
422 661 638 716 Christo
663 668 902 722 renatus,
929 659 971 712 si
998 673 1102 712 non
1135 657 1206 712 sit
1247 657 1408 712 etiam
1447 671 1512 710 ex
1545 670 1746 710 conver

175 753 394 809 satione
416 763 813 816 commortuus,
841 763 1182 822 nequaquam
1209 749 1284 803 sit
1311 763 1342 802 a
1361 747 1766 802 ntaledietiouis

175 847 404 902 omnino
428 846 658 902 vinculis
682 845 992 902 absolutus:
1031 863 1050 897 ι
1080 845 1138 900 Si
1165 845 1335 908 enim,
1362 845 1516 914 juxta
1539 843 1772 915 Aposto-

183 937 329 1002 lum,
366 937 716 1008 complantati
769 951 960 991 sumus
1003 935 1342 992 similitudini
1394 937 1586 989 mortis
1629 933 1768 1004 ejus,

185 1029 352 1084 simul
387 1039 446 1084 et
473 1029 886 1084 resurrectionis
913 1027 1118 1083 erimus
1144 1027 1320 1096 (Rom.
1359 1027 1458 1096 vt).
1499 1047 1518 1080 ι
1555 1027 1622 1082 Ει
1652 1043 1772 1082 rur-

179 1136 276 1177 sus
303 1135 322 1176 :
361 1139 380 1174 ι
419 1119 476 1176 Si
508 1121 894 1190 compatimur,
927 1131 982 1174 et
1013 1119 1502 1190 conregnabimus;
1549 1119 1592 1174 si
1624 1135 1773 1174 com-

179 1213 478 1279 morimur,
506 1221 562 1268 et
587 1213 937 1267 convivemus
959 1209 1040 1282 (ιι
1071 1209 1206 1264 Tim.
1237 1211 1319 1281 ιι).
1347 1228 1366 1260 ι
1401 1209 1506 1264 Sed
1531 1209 1652 1279 quis
1685 1209 1774 1266 ille

179 1301 386 1370 estqui
431 1317 537 1355 non
586 1309 732 1355 amat
775 1301 1048 1356 Christum
1075 1299 1100 1353 7
1126 1299 1257 1366 Quis
1301 1297 1447 1354 enim
1497 1311 1768 1366 noStrum,

177 1391 224 1447 si
254 1392 322 1446 de
371 1390 572 1447 Christi
629 1391 917 1446 dilectione
965 1391 1308 1454 consulitur,
1359 1407 1468 1445 non
1515 1391 1770 1461 protinus

177 1490 518 1547 constanter,
549 1481 658 1536 imo
687 1481 1092 1552 promptissime
1141 1495 1201 1536 se
1227 1479 1504 1536 Christum
1546 1482 1772 1552 diligere

175 1569 461 1626 fateatur?
493 1569 690 1626 Verum
716 1571 804 1626 ille
841 1585 946 1626 non
995 1583 1144 1625 amat
1169 1571 1444 1626 Christum
1513 1573 1602 1641 qni
1665 1589 1770 1626 non

1875 379 2218 434 manubrium
2249 381 2410 434 rediit
2443 380 2548 452 (IV
2579 381 2702 452 Reg.
2747 383 2843 454 v1).
2879 382 3016 450 Quid
3042 393 3126 440 est
3163 396 3342 441 autem
3383 401 3468 442 se-

1874 468 2046 534 curis,
2071 468 2174 522 nisi
2209 469 2474 539 sapientia
2521 471 2614 524 Dei
2655 481 2876 541 operata
2929 487 3028 542 per
3051 475 3296 543 corpus?
3323 473 3464 542 Quid

1873 557 2098 622 ferrum,
2116 559 2218 613 nisi
2243 561 2532 614 divinitas?
2556 561 2692 628 Quit
2721 563 2952 634 lignum,
2980 566 3082 618 nisi
3105 567 3415 624 humanitas
3438 568 3464 622 τ

1873 647 1940 703 Et
1974 659 2120 704 recte
2153 667 2358 720 corptts
2385 652 2583 706 Christi
2610 653 2807 722 lignum
2840 655 3058 718 dicitur,
3089 657 3214 724 quia
3250 671 3280 710 a
3309 657 3458 726 ligno

1869 741 2146 808 pependit.
2197 741 2417 796 Securis
2469 743 2630 812 igitur
2681 745 2836 814 juxta
2879 742 3170 800 Jordanem
3233 745 3459 802 arbores

1871 833 2201 898 succidebat,
2230 835 2354 904 quia
2381 835 2472 887 Dei
2498 837 2786 904 sapientia,
2811 836 2968 904 juxta
2999 837 3224 892 liuidum
3251 847 3462 894 morta-

1871 919 2262 978 litatisnostrm
2287 923 2594 990 decursum,
2623 926 2838 996 dignata
2885 937 2970 980 est
3007 929 3201 995 impios
3243 927 3460 982 Judecos

1874 1029 1985 1069 sua:
2035 1017 2434 1086 praedicationis
2485 1020 2800 1073 austeritate
2860 1021 3168 1090 corripere,
3217 1030 3272 1076 et
3315 1023 3464 1076 velut

1873 1103 2240 1162 infructuosus
2289 1109 2513 1162 arbores
2543 1125 2572 1160 a
2605 1118 2748 1163 statu
2781 1109 2968 1180 rigida:
3015 1112 3279 1180 superbiai
3308 1111 3464 1167 dese-

1871 1209 2018 1249 care.
2053 1194 2206 1250 Unde
2231 1203 2285 1250 et
2309 1195 2546 1251 Joannes
2570 1198 2738 1252 dicit:
2773 1218 2791 1250 ι
2832 1200 2952 1254 .lam
3007 1205 3220 1258 securis
3247 1203 3314 1256 ad
3367 1217 3462 1258 ra-

1871 1285 2047 1340 dicem
2071 1287 2326 1341 arborum
2353 1289 2530 1358 posita
2579 1301 2681 1343 est.
2749 1289 2938 1346 Omnis
2983 1293 3146 1347 arbor
3179 1309 3299 1362 qua:
3347 1309 3458 1350 non

1871 1375 2004 1430 facit
2033 1375 2266 1432 fructum
2293 1377 2514 1442 bonum,
2542 1381 2846 1446 excidatur,
2879 1393 2934 1436 et
2966 1383 3016 1436 in
3049 1385 3226 1454 ignem
3273 1386 3453 1440 mitte-

1877 1475 1966 1523 tur
1991 1469 2207 1540 (Matth.
2243 1487 2346 1538 ttt;
2383 1473 2510 1526 Luc.
2554 1477 2658 1545 ιιι).
2701 1495 2717 1526 ι
2765 1477 2954 1548 Itaque
2999 1481 3124 1533 dum
3164 1481 3306 1552 ligna
3359 1497 3466 1539 cas-

1878 1561 2102 1625 duntur,
2151 1563 2354 1618 ferrum
2387 1567 2438 1620 in
2471 1583 2664 1634 aquam
2692 1571 2758 1623 de
2787 1573 3071 1626 manubrio
3095 1576 3308 1638 cecidit,
3337 1576 3464 1646 quia

179 1668 330 1714 amat
369 1675 592 1716 crucem
623 1659 848 1716 Christi.
879 1661 948 1715 Et
995 1661 1086 1729 qui
1117 1671 1242 1716 sum
1283 1663 1371 1731 qui
1403 1661 1602 1717 Clu-isti
1645 1677 1766 1717 cru.
1799 1649 1845 1708 Β
1881 1653 2006 1706 dum
2049 1653 2322 1710 silvestres
2351 1655 2654 1712 Jndaeorutn
2707 1669 2914 1716 mentes
2965 1663 3178 1718 Veritas
3199 1666 3422 1736 corripit
3447 1707 3462 1731 ,

177 1767 294 1807 cem
329 1769 440 1808 non
463 1761 654 1808 amant
681 1754 704 1806 ?
729 1753 862 1808 Audi
895 1753 1122 1808 Paulum
1171 1753 1458 1809 manifesta
1498 1769 1591 1808 eos
1641 1769 1772 1808 voce

177 1853 458 1898 notantem
493 1862 508 1896 :
549 1861 570 1894 ι
613 1843 788 1910 Multi,
813 1843 1027 1914 inquit,
1085 1843 1402 1909 ambulant,
1451 1859 1588 1915 quos
1627 1861 1772 1914 δειξρο

177 1935 424 1990 dicebam
457 1937 612 1992 vobis
638 1937 804 2007 (nunc
837 1947 1018 1992 autem
1053 1947 1108 1992 et
1149 1936 1282 1991 nens
1323 1937 1467 2007 dico)
1511 1939 1769 1994 inimicos

176 2027 356 2082 erucis
385 2027 615 2090 Christi,
645 2044 872 2098 quorum
902 2029 1022 2084 tlnis
1051 2029 1321 2090 interitus,
1348 2045 1581 2098 quorum
1627 2031 1771 2085 Deus

179 2128 373 2174 venter
398 2129 482 2174 est
515 2137 528 2174 :
560 2129 615 2174 et
643 2120 812 2190 gloria
845 2121 897 2174 in
921 2119 1239 2176 confusione
1261 2135 1478 2185 eorum,
1517 2123 1608 2191 qui
1651 2132 1766 2177 ter-

177 2223 310 2263 rena
343 2205 808 2280 sapiunt(Philip.
851 2210 958 2280 ιιι).
1005 2229 1024 2261 ι
1069 2209 1345 2279 Loquatur
1381 2221 1436 2266 et
1483 2209 1764 2266 Jacobus:

183 2321 202 2356 ι
235 2303 338 2372 Qui
365 2305 577 2360 amicus
598 2344 614 2370 ,
648 2305 762 2370 ait,
811 2315 896 2361 est
943 2303 1106 2374 hujus
1133 2307 1336 2372 szeculi,
1379 2307 1633 2363 inimicus
1665 2305 1762 2361 Dei

179 2395 532 2450 constituitur
565 2394 708 2466 (Jac.
735 2395 832 2466 tv).
870 2415 889 2448 ι

253 2483 518 2556 Quisquis
554 2499 684 2556 ergo
729 2485 1004 2542 desiderat
1049 2501 1120 2542 an
1159 2485 1307 2541 omni
1349 2485 1564 2542 vinculo
1605 2487 1770 2542 male-

183 2573 438 2630 dictionis
465 2575 718 2640 absolvi,
775 2585 830 2630 et
869 2575 1081 2645 plenam
1116 2591 1268 2630 nova:
1320 2577 1508 2646 gratia:
1552 2575 1770 2630 benedi-

180 2665 422 2720 ctionem
459 2667 742 2738 consequi,
771 2683 990 2724 crucem
1021 2667 1232 2736 diligat,
1259 2682 1324 2720 ex
1356 2681 1460 2736 qua
1515 2666 1772 2722 videlicet

181 2757 364 2812 omnis
383 2757 662 2828 plenitudo
691 2759 1084 2816 benedictionis
1112 2767 1351 2813 emanat.
1397 2758 1501 2814 Per
1548 2774 1766 2814 erucem

181 2863 244 2903 se
263 2847 362 2902 Dei
387 2849 660 2906 mandatis
681 2852 964 2921 astringat.
984 2849 1088 2904 Per
1109 2865 1324 2906 crucem
1349 2849 1568 2906 effrenis
1588 2851 1770 2908 carnis

184 2937 464 2994 incentiva
495 2939 767 2994 cohibeat.
801 2938 956 2994 Sicut
983 2940 1126 2993 enim
1173 2941 1560 2996 consentiendo
1592 2943 1763 3002 carni.

184 3029 518 3082 sententiam
548 3029 942 3084 maledictionis
977 3029 1325 3094 incurrimus,
1348 3031 1426 3086 sic
1449 3032 1771 3088 refrenando
1797 2999 1842 3062 Ο

183 3131 434 3181 carnem,
465 3115 860 3172 benedictionis
881 3119 1108 3188 gratiam
1136 3131 1496 3189 promeretur.
1552 3121 1628 3176 Ex
1664 3135 1770 3175 tor-

180 3205 356 3260 culari
407 3221 642 3276 namque
695 3207 934 3280 [nempe]
971 3209 1149 3263 crucis
1201 3207 1500 3279 largissima
1549 3211 1772 3266 benedi-

182 3301 384 3356 ctionis
412 3303 554 3356 unda
597 3300 874 3372 profluxit,
925 3317 1044 3372 qua“:
1093 3301 1492 3358 maledictionis
1538 3305 1772 3374 antiqua:

182 3391 340 3448 virus
369 3407 532 3446 omne
559 3391 806 3446 detersit.
842 3392 966 3446 lude
1019 3393 1274 3446 nimirum
1320 3393 1596 3448 stillicidia
1637 3396 1768 3449 cha-

182 3485 476 3540 rismatum
507 3483 812 3539 caelestium
857 3493 1224 3556 proruperunt
1249 3526 1263 3548 ,
1291 3501 1412 3554 qua:
1460 3487 1770 3542 ariditatem

179 3575 545 3631 humanarum
589 3575 852 3630 mentium
895 3574 1182 3631 salubriter
1221 3575 1472 3644 irrigant,
1500 3578 1771 3631 omnium-

180 3679 288 3736 que
317 3664 580 3718 virtutum
614 3663 753 3718 felici
791 3662 946 3734 fruge
995 3663 1304 3719 fecundant.
1346 3665 1472 3719 llaae
1506 3675 1589 3720 est
1621 3667 1768 3721 enim

181 3760 356 3816 nubes
403 3758 492 3813 illa
515 3773 636 3828 qua:
663 3757 793 3812 Elia:
818 3757 917 3812 sub
940 3759 1166 3828 vestigio
1189 3758 1425 3812 hominis
1449 3759 1502 3812 in
1529 3767 1774 3830 tempore

183 3852 456 3908 siccitatis
481 3851 754 3921 apparuit,
786 3858 840 3903 et
875 3866 998 3906 mox
1043 3850 1354 3904 inundantis
1379 3851 1570 3920 pluviae
1611 3851 1766 3922 copia

181 3941 528 3996 abundanter
547 3938 988 4013 [subsequenter]
1002 3941 1199 4010 erupit.
1217 3941 1309 3996 Sic
1329 3943 1473 3995 enim
1491 3941 1770 4012 Scriptura

181 4040 584 4088 commemorat
617 4049 630 4085 :
669 4049 690 4082 ι
725 4033 882 4094 Ecce,
915 4033 1110 4100 inquit,
1137 4033 1394 4088 nubecula
1424 4051 1588 4103 parva
1615 4036 1771 4104 quasi

180 4125 473 4196 vestigium
523 4124 760 4181 hominis
807 4125 1134 4180 ascendebat
1184 4125 1250 4181 de
1299 4127 1434 4182 mari
1492 4127 1614 4198 (III
1645 4127 1770 4199 Reg.

182 4223 366 4290 aviti).
414 4241 432 4272 ι
489 4221 628 4288 Quia
677 4221 822 4276 enim
871 4237 974 4276 non
1024 4222 1176 4290 quasi
1223 4223 1420 4286 homo,
1469 4225 1560 4280 sed
1615 4227 1768 4294 quasi

183 4313 472 4384 vestigium
502 4313 738 4367 hominis
764 4313 1071 4368 ascendisse
1097 4313 1315 4378 dicitur,
1343 4325 1490 4370 recte
1539 4333 1634 4386 per
1662 4317 1768 4373 hoc

1887 1743 2141 1799 divinitas
2169 1761 2389 1800 carnem
2417 1748 2672 1804 deserens
2701 1751 2766 1804 ad
2799 1751 2992 1806 inferni
3021 1754 3284 1822 profunda
3318 1755 3448 1810 des-

1875 1837 2074 1890 cendit.
2106 1835 2210 1890 Sed
2237 1835 2436 1906 lignum
2461 1839 2511 1892 in
2538 1856 2732 1910 aquam
2766 1843 3020 1908 mittitur,
3055 1856 3110 1898 et
3135 1844 3338 1898 ferrum
3371 1859 3460 1900 re-

1881 1925 1982 1988 dit,
2017 1925 2144 1994 quia
2183 1941 2379 1995 corpus
2404 1927 2636 1998 Domini,
2662 1933 2806 1999 quod
2835 1933 2888 1986 in
2917 1933 3062 2002 ligno
3103 1935 3460 2005 pependerat,

1875 2015 1928 2070 in
1983 2017 2231 2087 sepulcro
2279 2021 2538 2088 ponitur,
2583 2021 2778 2079 deinde
2824 2041 2890 2080 ex
2936 2026 3221 2096 profundis
3275 2028 3458 2097 inferi,

1874 2110 2070 2180 spiritu
2100 2111 2380 2179 redeunte,
2405 2116 2660 2169 surrexit.

1949 2242 2102 2298 Unde
2123 2247 2414 2300 notandum
2439 2256 2542 2312 est,
2576 2247 2774 2306 fratres
2809 2251 2936 2316 mei,
2963 2259 3020 2308 et
3045 2253 3462 2322 diligentissime

1871 2335 2314 2404 perpendendum
2334 2337 2460 2404 quia
2491 2338 2606 2408 ipse
2631 2339 2958 2410 Redemptor
2987 2351 3172 2396 noster
3207 2355 3332 2398 ante
3362 2359 3462 2414 per

1871 2439 2086 2478 crucem
2112 2427 2350 2492 transiit,
2373 2437 2426 2480 et
2447 2429 2526 2482 sic
2547 2429 2942 2484 humanitatem
2965 2447 3120 2486 suam
3147 2433 3198 2485 in
3219 2443 3459 2501 paterna:

1871 2516 2106 2570 dextera:
2132 2515 2356 2586 gloriam
2385 2517 2716 2572 sublimarit.
2743 2519 3058 2590 Exemplum
3111 2523 3310 2591 quippe
3355 2537 3456 2577 no-

1871 2607 1954 2663 bis
1973 2609 2245 2674 exbihuit,
2273 2619 2333 2663 ut
2359 2611 2498 2664 unde
2519 2620 2686 2680 capttt
2711 2613 3054 2681 prmceSsisse
3087 2615 3456 2684 cognoscitur,

1871 2714 1968 2768 per
1982 2701 2232 2754 eamdem
2263 2701 2406 2756 viam
2433 2709 2488 2756 et
2515 2703 2756 2758 membra
2782 2704 3164 2774 subsequentia
3195 2708 3458 2775 gradian-

1871 2801 1975 2848 tur.
1995 2793 2342 2850 Prmferimns
2365 2795 2528 2865 igitur
2549 2811 2766 2852 crucem
2793 2799 2844 2852 in
2877 2797 3079 2864 fronte,
3097 2802 3190 2854 sed
3213 2801 3462 2856 eamdem

1870 2899 2088 2939 crucem
2134 2885 2306 2938 multo
2357 2887 2628 2942 salubrius
2680 2891 3042 2946 recoudamus
3093 2892 3148 2945 in
3189 2891 3374 2947 corde.
3405 2891 3462 2946 ln

1873 2989 2104 3047 utroque
2129 2991 2284 3048 poste
2327 2981 2644 3050 sanguinem
2696 2997 2990 3052 percussor
3017 2983 3244 3053 angelus
3281 2983 3464 3038 videat

1875 3069 2074 3142 (Exod.
2109 3069 2229 3140 xu),
2263 3079 2322 3124 ut
2367 3071 2622 3128 exclusus
2657 3075 2886 3138 evadat,
2927 3091 3034 3128 non
3085 3084 3464 3146 perempturus

1873 3160 2160 3228 irrmnpat.
2199 3159 2310 3214 Nec
2351 3162 2453 3216 sibi
2499 3163 2768 3232 quispiam
2811 3165 2878 3218 de
2927 3163 3042 3220 solo
3089 3165 3244 3235 signo
3283 3163 3464 3220 crucis

1873 3251 2183 3322 applaudat,
2212 3253 2257 3306 si
2286 3253 2572 3308 veritatem
2600 3255 2782 3310 crucis
2811 3255 2862 3308 in
2885 3257 3144 3326 operibus
3171 3271 3276 3311 non
3303 3255 3461 3310 exhi-

1873 3345 2020 3400 beat.
2057 3344 2290 3400 Crucem
2315 3361 2508 3414 nempe
2533 3346 2608 3400 illi
2649 3347 2704 3402 in
2735 3349 2850 3402 suis
2895 3348 3140 3403 moribus
3179 3349 3464 3419 signanter

1873 3447 2236 3507 expresserat,
2275 3440 2366 3506 qni
2391 3439 2606 3493 dicebat
2639 3457 2651 3492 :
2690 3457 2709 3489 ι
2737 3439 2852 3508 Ego
2885 3439 3032 3494 enim
3053 3440 3309 3510 stigmata
3333 3437 3465 3496 Jestt

1875 3529 1928 3584 in
1955 3545 2184 3599 corpore
2213 3543 2335 3584 meo
2370 3539 2525 3598 porto
2557 3527 2700 3599 (Gal.
2730 3531 2830 3602 vt).
2861 3550 2880 3584 ι

1943 3661 2261 3716 Mnndantcs
2283 3663 2447 3732 igitur
2471 3663 2850 3736 nosmetipsos,
2870 3665 3199 3730 eharissimi,
3218 3667 3286 3721 ab
3307 3667 3458 3722 omni

1875 3751 2283 3822 inquinamento
2312 3754 2491 3807 carnis
2517 3763 2570 3806 et
2591 3755 2835 3823 spiritus,
2867 3755 3217 3824 accingamur
3258 3759 3454 3812 adver-

1874 3846 2106 3898 santium
2137 3845 2391 3898 vitiorum
2423 3847 2656 3914 impetus
2683 3847 2953 3918 frangere,
2986 3849 3220 3904 ewnalis
3261 3849 3449 3904 illece-

1875 3939 2349 4006 brmpassionibus
2379 3939 2604 3994 obviare
2629 3980 2642 4004 ,
2681 3941 2766 4010 pic
2815 3941 3184 4010 proximorum
3224 3945 3465 3998 necessi-

1877 4028 2079 4082 tatibus
2119 4029 2556 4084 comlescenderc
2586 4071 2600 4094 ,
2646 4030 2822 4086 illatas
2867 4031 3029 4085 etiam
3072 4031 3462 4094 contumelias.

1875 4129 2087 4175 servata
2129 4120 2438 4185 charitate,
2497 4121 2760 4190 perferre.
2822 4121 2905 4176 Sit
2966 4139 3118 4177 mens
3161 4134 3346 4178 nostra
3399 4123 3468 4178 ab

1874 4212 2020 4266 Omni
2055 4220 2284 4266 terrente
2313 4211 2626 4281 cupiditatis
2655 4213 2894 4280 pondere
2927 4211 3097 4266 libera
3126 4254 3140 4277 ,
3179 4221 3236 4266 ut
3290 4213 3462 4268 sancti

1875 4303 2127 4366 desiderii
2159 4303 2352 4356 librata
2383 4303 2576 4372 pennis
2607 4303 2712 4356 ima
2744 4303 2857 4370 jam
2899 4303 3110 4357 deserat
3141 4345 3154 4367 ,
3206 4314 3369 4372 atque
3397 4303 3465 4357 ad

185 4420 340 4467 crux,
369 4419 491 4474 qua
517 4403 778 4458 membris
804 4413 884 4459 εει
911 4413 1093 4474 aptata
1119 4405 1411 4462 Dominicis
1435 4407 1770 4478 designatur.
1803 4379 1852 4438 υ
1877 4391 2170 4448 Auctorem
2203 4408 2359 4446 suum
2389 4393 2604 4446 rediens
2637 4392 2690 4444 in
2723 4391 2842 4460 lelS
2871 4405 3058 4445 amore
3110 4393 3351 4444 suaviter
3383 4407 3467 4446 re-

185 4492 252 4549 Et
275 4495 418 4548 bene
448 4509 586 4548 crux
616 4493 900 4562 vestigium
953 4494 1188 4548 hominis
1227 4495 1462 4560 dicitur,
1509 4497 1634 4564 quia
1677 4514 1776 4568 per

187 4599 304 4638 eam
333 4583 478 4638 Deus
503 4583 670 4638 homo
699 4583 984 4638 transitum
1017 4585 1161 4648 fecit,
1199 4600 1320 4640 cmn
1349 4585 1412 4638 ad
1443 4585 1660 4640 Patrem
1695 4603 1778 4642 re-

189 4676 304 4742 diit,
331 4678 477 4732 sicut
505 4691 604 4748 per
629 4674 894 4732 Joannem
923 4678 1117 4732 dicitur
1141 4693 1154 4732 :
1189 4695 1208 4730 ι
1245 4679 1438 4734 Sciens
1465 4677 1624 4735 Jesus
1647 4683 1773 4750 quia

188 4769 334 4824 venit
363 4768 480 4837 ejus
513 4769 672 4832 hora,
705 4777 764 4825 ut
810 4777 1050 4825 transeat
1079 4784 1142 4824 ex
1179 4771 1280 4826 hoc
1329 4774 1530 4828 mundo
1559 4773 1624 4826 ad
1675 4773 1780 4829 Pa-

195 4864 324 4912 trem
355 4859 542 4930 (Joan.
569 4859 710 4926 xm).
743 4878 761 4914 ι
796 4858 1002 4916 Pascha
1041 4861 1240 4930 quippe
1263 4864 1516 4918 transitus
1549 4864 1771 4922 dicitur.

193 4944 258 5002 Et
283 4948 370 5002 hic
401 4949 670 5003 transitus
699 4965 794 5018 per
825 4966 1042 5007 crucem
1085 4948 1260 5006 factus
1307 4961 1424 5018 est,
1458 4956 1601 5010 sicut
1643 4957 1775 5013 dicit

189 5035 501 5111 Apostolus°
537 5057 556 5091 ι
595 5038 799 5096 Pascha
820 5054 1062 5098 nostrum
1092 5041 1402 5100 immolatus
1423 5057 1506 5102 est
1526 5046 1776 5105 Christus

188 5130 238 5200 (1
259 5129 384 5187 Car.
413 5133 494 5204 v).
527 5150 550 5182 ι
607 5128 758 5186 Sicut
785 5147 910 5202 ergo
937 5147 1037 5205 per
1069 5133 1344 5202 Virginem
1383 5137 1668 5192 descendit
1711 5140 1778 5195 ad

185 5233 384 5288 nostra,
425 5223 513 5277 sic
543 5235 648 5292 per
697 5237 909 5281 crucem
961 5233 1050 5280 est
1107 5239 1356 5282 reversus
1403 5230 1470 5282 ad
1526 5232 1770 5298 propria.

185 5311 331 5368 Ouod
361 5319 740 5368 congruenter
776 5317 1046 5368 cxnressit
1089 5315 1246 5368 'IM
1279 5317 1408 5368 illud
1437 5319 1640 5368 facium
1675 5323 1778 5368 snit

1881 4483 2146 4552 quiescat.
2187 4480 2428 4535 Fastidio
2459 4479 2615 4534 nobis
2638 4480 2746 4534 sint
2779 4487 2972 4534 cuncta
3005 4493 3124 4548 quae
3163 4479 3463 4535 cernimus.

1883 4573 1964 4628 Ad
1995 4575 2080 4627 illa
2133 4589 2260 4626 vero
2290 4589 2409 4642 qua:
2435 4574 2732 4636 credimus,
2765 4571 3011 4627 continui
3037 4571 3236 4626 laboris
3261 4575 3466 4628 instau-

1886 4667 1957 4718 tia
1999 4665 2340 4720 festinemus.
2376 4663 2501 4719 Haec
2539 4661 2788 4736 profecto
2821 4679 2948 4720 crux
2999 4669 3103 4722 est,
3137 4678 3299 4732 quant
3349 4681 3468 4721 mo-

1884 4757 2033 4811 ribus
2061 4767 2114 4810 et
2163 4758 2374 4812 actibus
2419 4756 2622 4810 nostris
2663 4754 2931 4814 debemus
2969 4753 3303 4822 imprimere.
3347 4755 3472 4810 llmc

1881 4861 1982 4914 est,
2011 4849 2453 4919 quam'jubcmur
2477 4845 2724 4922 quotidie
2751 4859 2877 4922 post
2901 4845 3184 4901 Dominum
3212 4848 3474 4920 baiulare.

1882 4941 1980 5010 Qui
1999 4941 2136 4995 hanc
2163 4949 2364 5006 portat,
2391 4937 2633 5007 passioni
2663 4933 3059 5008 Redcinptoris
3084 4934 3163 4987 sui
3186 4950 3317 4994 vere
3344 4952 3484 4991 con»

1884 5033 2141 5089 municat.
2177 5031 2292 5086 Hoc
2344 5029 2565 5100 signum
2614 5043 2764 5088 oves
2815 5035 2883 5090 ab
2935 5025 3098 5084 luetlis
3145 5025 3201 5078 in
3250 5039 3494 5084 extremo

1883 5125 2133 5182 examine
2159 5132 2414 5196 segregat
2453 5121 2672 5194 (Matth.
2717 5127 2894 5196 xxv).
2945 5119 3010 5174 Et
3055 5116 3212 5186 iudex
3247 5161 3261 5180 ,
3293 5119 3380 5190 qui
3417 5134 3499 5170 re—

1885 5216 2084 5290 probos
2119 5217 2330 5282 nescit,
2357 5215 2504 5272 hunc
2534 5217 2587 5269 in
2639 5215 2776 5272 suis
2844 5216 3210 5272 characterem
3255 5223 3504 5276 recogno-

1883 5310 2008 5366 scit.
2070 5307 2280 5368 Quibus
2347 5317 2534 5363 autem
2602 5305 2966 5368 impressum
3033 5315 3264 5368 propriae
3324 5298 3510 5354 mortis
