3946 5368
147 303 258 358 615

1585 300 1814 355 SERMO
1853 299 1984 354 XIX.

3292 315 3393 363 0M

143 418 411 488 penditur
440 425 743 472 nostrarum
771 415 940 470 series
961 415 1253 469 actionum.
1275 413 1432 467 Prius
1453 413 1595 468 enim
1619 413 1723 477 lex,
1755 415 1803 474 Α
1832 412 1986 464 nistri
2022 412 2155 480 ejus,
2185 422 2238 466 et
2269 414 2557 482 principes,
2587 425 2638 468 et
2671 416 2862 480 duces,
2906 395 2958 471 et
2989 394 3221 488 pra-fecti
3268 435 3404 478 cur:

143 508 352 563 deinde
404 507 704 575 judicium,
757 513 1030 575 postremo
1089 503 1433 570 subsequitur
1491 502 1714 556 historia

145 613 364 666 regum.
407 596 558 650 Nunc
581 610 710 651 sane
741 610 839 649 nos
881 594 1096 663 expedit
1120 593 1319 646 indicta
1350 593 1501 648 nobis
1525 593 1719 646 divina:

145 687 288 758 legis
344 687 600 740 mandata
649 700 891 748 servare,
937 691 1120 752 postea
1167 682 1543 750 compellimur
1590 689 1719 736 ante

143 777 388 832 tribunal
423 777 685 830 tremendi
714 775 917 831 Judicis
959 775 1219 828 rationem
1252 775 1317 827 de
1348 776 1545 829 nostris
1585 791 1717 845 ope-

146 868 302 920 ribus
338 867 604 930 reddere,
657 874 927 934 postremo
972 863 1188 918 dabitur
1235 864 1288 916 in
1329 863 1417 916 illa
1471 878 1718 933 superna:

147 957 420 1012 claritatis
453 955 622 1026 gloria
653 955 767 1009 sine
798 955 901 1008 ﬁne
951 969 1194 1024 regnare.
1224 953 1430 1008 Teneat
1457 969 1585 1022 ergo
1625 970 1716 1009 οι·-

149 1053 355 1116 dinem,
382 1051 476 1120 qui
501 1051 672 1104 vitare
691 1049 805 1102 vult
833 1049 1181 1118 Babylonem.
1210 1048 1302 1103 Ille
1319 1048 1570 1102 nimirum
1593 1049 1718 1104 vitae

152 1140 308 1210 103
345 1155 458 1194 suae
481 1138 725 1192 ordinem
754 1138 984 1192 vivendo
1011 1136 1306 1201 confundit,
1332 1137 1422 1205 qui
1457 1147 1581 1191 ante
1603 1138 1719 1193 vult

144 1230 330 1283 ridere
365 1243 526 1297 quam
564 1226 691 1281 ﬂere
716 1245 728 1279 :
756 1225 886 1280 Cum
929 1225 1184 1279 Salomon
1215 1225 1394 1280 dicat:
1435 1243 1452 1275 ι
1485 1224 1719 1295 Tempus

144 1319 332 1384 flendi,
370 1329 427 1374 et
479 1327 691 1388 tempus
735 1317 941 1372 ridendi
983 1314 1180 1386 (Eccle.
1221 1315 1324 1385 in).
1359 1335 1378 1366 ι
1419 1315 1512 1370 llle
1554 1317 1717 1370 etiam

145 1410 282 1464 recti
312 1409 527 1464 ordinis
551 1408 747 1462 lineam
782 1407 1000 1470 deserit,
1025 1408 1118 1476 qui
1148 1407 1346 1462 creatis
1370 1407 1529 1461 rebus
1555 1406 1720 1461 Crea-

144 1509 322 1554 torem
354 1499 593 1552 omnium
626 1497 680 1552 in
730 1512 914 1552 amore
960 1497 1253 1566 postponit.
1285 1495 1436 1550 Sicut
1463 1511 1718 1564 perverso

143 1589 356 1645 homini
388 1588 571 1642 divina
600 1603 731 1642 voce
757 1587 989 1642 dicitur:
1022 1606 1040 1638 ς
1072 1587 1303 1642 Posuisti
1341 1601 1426 1640 me
1449 1597 1573 1655 post
1599 1603 1720 1640 cor-

141 1693 242 1748 pus
267 1687 418 1732 tuum
449 1676 566 1746 (III
590 1675 714 1746 Reg.
743 1677 875 1746 xiv).
907 1696 926 1728 ι
960 1677 1128 1730 Deum
1158 1677 1353 1744 quippe
1377 1685 1498 1745 post
1518 1691 1717 1746 corpus

1823 519 1976 556 ruum
2027 514 2080 557 et
2128 520 2390 573 equorum
2441 507 2557 575 (III
2602 507 2732 578 Reg.
2771 511 2869 581 Ix).
2927 533 2945 563 ι
2999 512 3098 567 Ubi
3152 525 3397 582 patenter

1819 595 2122 647 ostenditur
2179 612 2296 663 qua:
2351 598 2490 650 inter
2532 600 2861 654 concubinas
2911 603 3164 658 distantia
3220 608 3288 660 sit
3339 618 3404 661 et

1819 688 2054 753 reginas.
2085 687 2224 753 Quid
2273 687 2484 742 differat
2528 691 2668 743 inter
2712 706 2806 744 eos
2861 695 2950 760 qui
2999 697 3139 750 servi
3184 700 3393 766 peccati

1819 774 1966 828 dune
1995 777 2293 831 exactionis
2338 778 2536 832 tributa
2568 781 2912 848 persolvunt,
2955 794 3009 837 et
3061 801 3154 840 eos
3183 787 3270 854 qui
3298 802 3396 858 per

1819 865 2003 918 sedata
2045 865 2181 920 bella
2214 869 2567 922 certaminum
2599 871 2994 940 principatuum
3039 876 3235 930 infulas
3277 895 3395 931 sor—

1820 952 2048 1006 tiuntur.
2081 953 2226 1009 lnter
2253 955 2349 1009 hos
2377 971 2505 1011 sane
2530 958 2822 1029 principes,
2851 971 2904 1016 et
2931 965 3164 1021 crelestis
3187 968 3391 1023 militia:

1817 1043 2141 1109 bellatores,
2193 1045 2252 1097 Β.
2300 1046 2587 1100 Anthimus
2644 1049 2868 1119 insignis
2915 1054 3143 1119 enituit,
3194 1059 3284 1125 qui
3337 1069 3389 1112 et

1820 1134 2059 1187 cruentis
2110 1134 2396 1202 impiorum
2456 1137 2701 1192 manibus
2751 1139 2804 1193 in
2863 1146 3232 1210 persecutione
3283 1164 3387 1203 non

1819 1224 2016 1286 cessit,
2060 1231 2114 1276 et
2155 1224 2208 1277 in
2249 1239 2380 1292 pace
2421 1227 2663 1293 positus,
2709 1228 3094 1298 insurgentium
3145 1245 3388 1304 portenta

1819 1314 2073 1367 vitiorum
2106 1314 2339 1383 spiritali
2367 1317 2620 1369 virtutum
2649 1332 2904 1374 mucrone
2935 1325 3224 1378 truncavit.
3259 1325 3394 1380 Car-

1822 1405 1906 1458 nis
1935 1418 2044 1458 suae
2081 1405 2322 1459 membra
2355 1409 2638 1462 tormentis
2675 1412 2951 1477 exposuit,
2986 1413 3258 1470 interioris
3290 1418 3387 1471 ho-

1819 1493 1978 1546 minis
1999 1492 2206 1547 viscera
2231 1493 2389 1548 illaasa
2423 1495 2580 1568 104
2598 1499 2848 1552 servavit.
2873 1501 3043 1570 Caput
3076 1520 3179 1557 non
3218 1505 3394 1561 timuit

1818 1581 2027 1636 ferienti
2055 1583 2229 1652 gladio
2255 1584 2516 1648 subdere,
2564 1597 2621 1639 ut
2650 1587 2868 1643 Christo
2900 1592 3060 1660 capiti
3092 1607 3400 1651 mereretur

1821 1670 2256 1741 inseparabiliter
2277 1675 2568 1728 adhaerere.
2602 1677 2733 1730 Erat
2759 1680 2899 1732 enim
2931 1681 2982 1734 in
3009 1697 3075 1737 eo
3106 1684 3256 1750 ﬁdes,
3282 1702 3389 1741 non

141 1783 296 1823 suum
327 1767 481 1836 ponit
509 1767 600 1835 qui
633 1767 802 1834 magis
829 1767 1007 1820 studet
1053 1766 1272 1820 utilitati
1318 1765 1401 1819 vel
1456 1765 1717 1833 voluptati
1749 1766 1794 1824 Β
1823 1778 1940 1831 qua:
1970 1773 2178 1817 mortua
2211 1772 2353 1818 esset
2400 1765 2450 1818 in
2496 1769 2809 1838 semetipsa,
2860 1773 2952 1825 sed
2993 1789 3112 1842 quae
3141 1790 3236 1844 per
3261 1778 3404 1832 dile-’

139 1857 321 1912 carnis
367 1872 480 1912 sua:
509 1857 814 1920 consulere,
853 1871 1014 1925 quam
1047 1857 1140 1911 Dei
1167 1863 1433 1925 praecepta
1476 1869 1714 1909 servare.

140 1947 276 2002 Hinc
296 1956 382 2001 est
429 1945 572 2016 quod
597 1945 802 2016 Sponsa
828 1946 956 2000 dicit
976 1946 1029 1999 in
1060 1944 1328 2000 Canticis:
1363 1964 1381 1997 ι
1419 1944 1720 1998 Introduxit

141 2053 224 2091 me
258 2052 355 2090 rex
387 2037 441 2089 in
471 2035 664 2090 cellam
694 2035 980 2100 vinariam,
1011 2034 1281 2089 ordinavit
1311 2035 1362 2087 in
1409 2048 1495 2088 me
1542 2033 1720 2087 chari-

142 2136 306 2180 tatem
347 2123 532 2193 (Cant.
559 2125 643 2195 ιι).
683 2144 702 2176 ι
749 2124 863 2178 Non
893 2125 969 2177 ait
998 2142 1011 2177 :
1040 2125 1208 2189 dedit,
1242 2139 1403 2194 quam
1429 2139 1532 2176 non
1560 2137 1718 2191 repe-

138 2217 238 2279 rit;
279 2217 377 2270 sed
408 2216 698 2280 ordinavit,
729 2231 890 2285 quam
925 2215 1283 2271 inordinatam
1315 2214 1538 2279 invenit.
1570 2211 1717 2266 Non-

139 2307 265 2359 nulli
297 2321 539 2376 namque
580 2307 634 2360 in
676 2307 960 2375 principali
1007 2306 1187 2360 cordis
1232 2306 1314 2359 sui
1359 2305 1478 2360 loco
1515 2306 1716 2361 habent

139 2411 360 2461 uxores,
388 2396 550 2460 ﬁlios,
581 2395 800 2464 praedia,
834 2395 916 2448 vel
947 2396 1210 2461 honores;
1261 2395 1315 2449 in
1357 2397 1595 2450 secundo
1622 2407 1714 2450 au-

140 2496 242 2540 tem
289 2486 689 2555 quodammodo
730 2486 896 2540 Deum
945 2495 1172 2554 ponunt,
1205 2486 1330 2540 dum
1378 2502 1504 2541 eum
1535 2489 1714 2546 minus

138 2575 386 2646 diligunt.
419 2575 459 2629 li
489 2575 742 2630 nimirum
782 2575 1032 2630 videntur
1056 2575 1269 2644 quidem
1312 2577 1509 2631 habere
1537 2579 1718 2633 chari-

141 2675 326 2731 tatem,
359 2667 455 2721 sed
497 2666 886 2731 inordinatam;
914 2681 1014 2720 nec
1047 2666 1196 2720 illum
1224 2676 1441 2721 servant
1468 2667 1715 2722 ordinem

140 2755 444 2822 cbaritatis,
475 2771 634 2826 quem
679 2755 892 2812 Veritas
921 2757 1035 2825 ipsa
1077 2757 1353 2826 disposuit,
1387 2773 1508 2812 cum
1537 2759 1662 2812 dicit
1697 2775 1712 2815 :

145 2863 162 2894 ι
206 2845 439 2915 Diligere
479 2846 648 2900 Deum
674 2862 741 2901 ex
773 2855 883 2900 toto
908 2848 1091 2911 corde,
1124 2848 1225 2900 hoc
1252 2862 1371 2902 esse
1419 2849 1713 2903 maximum

139 2936 481 3008 primumque
503 2937 848 3002 mandatum;
878 2939 1168 2993 secundum
1190 2946 1368 2992 autem
1392 2937 1566 2993 simile
1594 2953 1714 2994 esse

140 3026 283 3091 huic,
317 3035 378 3080 ut
401 3027 587 3098 diligat
612 3027 910 3097 proximum
941 3027 1154 3092 (Matth.
1189 3029 1342 3098 χιιι).
1380 3047 1398 3080 ι
1435 3027 1548 3081 Non
1584 3043 1712 3098 ergo

1820 1854 2051 1907 ctioncm
2106 1855 2446 1924 operabatur.
2501 1856 2865 1923 Quorumdam
2922 1862 3077 1930 plane
3133 1866 3263 1921 ﬁdes
3307 1879 3390 1922 est

1819 1957 1979 2006 vana,
2011 1943 2230 1998 ﬁaccida
2251 1984 2264 2007 ,
2295 1946 2636 2012 prtetendens
2679 1947 2891 2015 quidem
2921 1951 2974 2004 in
2999 1954 3282 2020 superﬁcie
3310 1957 3386 2010 si-

1819 2035 2204 2102 militudinem,
2256 2052 2361 2092 non
2406 2048 2585 2092 autem
2633 2039 2835 2095 habens
2882 2043 3219 2101 intrinsecus
3247 2049 3385 2101 veri-

1819 2134 2007 2180 tatem.

1890 2215 2091 2270 Horum
2113 2232 2274 2287 porro
2304 2229 2522 2275 tenuere
2544 2222 2764 2292 ﬁguram
2796 2226 2885 2294 qui
2914 2226 3040 2280 olim
3091 2234 3157 2282 de
3188 2233 3386 2299 populo

1818 2306 2073 2376 Ephraim
2100 2309 2377 2364 venientes
2406 2313 2470 2364 ad
2496 2313 2627 2365 vada
2655 2311 2926 2381 Jordauis,
2958 2318 3082 2370 dum
3117 2321 3387 2374 nescirent

1818 2398 2121 2469 exprimere
2144 2401 2424 2455 sebboleth
2440 2401 2639 2471 (Judic.
2658 2405 2777 2474 xu),
2802 2407 2894 2460 sed
2925 2408 3196 2476 jebboleth
3222 2409 3382 2480 [scib-

1816 2489 1980 2543 bolet.
2018 2489 2264 2561 sibbolet]
2329 2493 2506 2559 potius
2561 2501 2815 2561 tanquam
2873 2499 3152 2567 peregrina
3203 2500 3384 2568 lingua

1816 2581 2144 2660 proferrent,
2174 2581 2575 2637 Galaaditarum
2627 2585 2814 2655 gladiis
2851 2589 2978 2641 caesi
3039 2598 3180 2643 sunt.
3245 2591 3383 2657 Quid

1815 2672 1957 2725 enim
2003 2687 2099 2739 per
2139 2670 2458 2737 Jordanem,
2495 2673 2547 2725 in
2583 2689 2690 2742 quo
2720 2673 2968 2730 Salvator
2997 2687 3181 2732 noster
3207 2681 3383 2749 bapti-

1815 2759 1926 2812 zari
1967 2759 2214 2828 dignatus
2260 2769 2372 2822 est,
2423 2760 2524 2814 nisi
2565 2762 2894 2829 baptismus?
2925 2764 3061 2830 Quid
3108 2781 3233 2821 vero
3287 2782 3383 2835 per

1817 2850 2122 2913 sebboleth,
2155 2865 2274 2918 quae
2296 2849 2683 2920 interpretatur
2710 2853 2872 2921 spica,
2901 2856 3008 2909 nisi
3031 2855 3164 2911 fides
3193 2867 3276 2912 est
3303 2859 3384 2912 iti-

1817 2942 2136 3012 telligenda?
2187 2941 2340 2997 Sicut
2389 2943 2532 2997 enim
2558 2947 2706 3014 spica
2746 2946 2942 3001 victum
2977 2950 3179 3017 praebet
3209 2952 3383 3005 homi-

1817 3033 2006 3097 nibus,
2053 3034 2123 3086 ita
2156 3043 2210 3087 et
2256 3033 2323 3087 de
2363 3034 2467 3088 ﬁde
2505 3035 2730 3102 dicitur;
2768 3055 2787 3087 ι
2821 3039 2945 3108 quia
2977 3039 3157 3106 justus
3183 3056 3248 3096 ex
3283 3043 3386 3097 ﬁde

139 3129 193 3170 se
211 3117 382 3186 jactet
404 3118 525 3187 quis
547 3117 746 3173 habere
767 3118 1104 3181 charitatem,
1128 3117 1172 3170 si
1196 3118 1440 3171 ordinata
1471 3132 1574 3171 non
1605 3130 1704 3182 εει,
1735 3106 1780 3168 C
1819 3124 1948 3177 vivit
1971 3123 2134 3195 (llab.
2162 3140 2231 3190 n;
2260 3125 2413 3178 Rom.
2441 3129 2505 3194 ι).
2537 3145 2554 3177 ι
2583 3127 2648 3181 Et
2671 3129 2808 3182 sicut
2832 3106 2975 3199 spica
2999 3133 3162 3187 multa
3194 3134 3246 3188 in
3269 3136 3384 3190 suis

137 3208 275 3260 sicut
322 3222 424 3262 nec
457 3208 621 3262 etiam
655 3207 837 3275 ﬁdem,
870 3207 914 3261 si
945 3206 1060 3261 sine
1105 3207 1358 3276 operibus
1395 3222 1458 3260 ac
1481 3223 1578 3277 per
1608 3210 1708 3264 hoc

135 3299 307 3352 otiosa
336 3308 421 3352 est
457 3298 597 3368 (Jac.
631 3299 713 3368 ιι).

200 3387 428 3457 Legitur
451 3389 594 3442 enim
623 3389 746 3459 quia
776 3387 1048 3444 Salomoni
1086 3387 1305 3445 fuerunt
1329 3404 1526 3444 uxores
1553 3391 1707 3460 quasi

136 3479 335 3547 regina;
365 3480 719 3549 septingenta:
749 3488 802 3534 et
831 3479 1143 3534 concubinae
1170 3479 1552 3550 trecentteUIl
1578 3479 1705 3549 Reg.

133 3572 227 3641 xi).
255 3571 396 3637 Quid
423 3582 604 3625 autem
637 3572 764 3626 mihi
791 3589 912 3628 cum
941 3571 1206 3643 Gynteceo
1237 3571 1574 3626 Salomonis?
1603 3570 1709 3624 Sed

135 3679 362 3718 excussa
392 3663 546 3734 palea
576 3665 859 3718 verborum
881 3664 1151 3717 invenitur
1170 3663 1224 3716 in
1252 3661 1480 3716 medulla
1506 3670 1708 3730 myste-

134 3754 295 3808 rium.
324 3755 463 3821 Quid
490 3756 634 3809 cnim
660 3770 754 3825 per
779 3755 1166 3824 septingentas,
1193 3769 1312 3823 quae
1334 3767 1526 3806 uxores
1548 3751 1708 3806 simul

133 3854 183 3898 et
206 3845 409 3917 regina:
434 3854 824 3910 memorantur,
849 3846 950 3901 nisi
975 3846 1076 3899 illae
1103 3844 1470 3913 intelliguntur
1492 3844 1704 3910 auium,

134 3949 248 4001 quae
273 3946 328 3989 et
358 3936 689 4004 septiformis
714 3936 912 3990 habent
951 3935 1138 4002 gratiae
1167 3934 1444 4002 Spiritum,
1470 3945 1523 3988 et
1546 3951 1708 4005 super

134 4023 515 4077 resultantium
542 4024 790 4078 vitiorum
817 4035 994 4078 motus
1023 4024 1170 4092 quasi
1203 4023 1433 4092 regalem
1462 4025 1708 4080 obtinent

131 4116 526 4185 principatum?
554 4113 692 4182 Quid
719 4125 895 4169 autem
927 4131 1023 4184 per
1069 4124 1338 4170 trecentas
1382 4116 1706 4186 easdemque

132 4207 479 4270 concubinas,
513 4207 614 4260 nisi
645 4206 744 4260 illa:
775 4207 966 4260 animae
992 4206 1311 4278 figurantur,
1345 4222 1462 4276 quae
1493 4223 1589 4277 per
1618 4223 1705 4260 so-

133 4295 233 4349 lam
264 4307 464 4350 sanctae
488 4295 770 4352 Trinitatis
799 4296 976 4362 ﬁdem,
1003 4297 1294 4351 thalamum
1317 4300 1531 4368 quidem
1563 4299 1704 4370 regis

133 4385 382 4456 ingressa:
410 4393 558 4450 sunt,
591 4386 684 4439 sed
711 4395 873 4439 casta:
902 4388 1323 4442 conversationis
1353 4398 1408 4442 et
1442 4389 1704 4456 quodam-

132 4478 288 4530 inodo
307 4476 624 4530 matronalis
647 4477 912 4545 pudicitia:
938 4479 1253 4532 munditiam
1284 4493 1387 4532 non
1419 4480 1700 4546 habentes,

133 4567 334 4621 dotales
360 4584 588 4622 uxorum
627 4569 836 4623 tabulas
857 4583 963 4622 non
991 4570 1302 4623 tuerentur?
1331 4569 1422 4624 Hae
1449 4572 1700 4628 nimirum

134 4671 183 4714 et
209 4661 480 4717 Salomoni
514 4678 614 4732 per
651 4662 864 4716 carnale
891 4662 1270 4716 commercium
1307 4664 1507 4732 juncta:
1542 4676 1698 4731 sunt;

134 4754 252 4820 quia
281 4754 572 4808 Salvatoris
595 4753 765 4808 nostri
797 4753 906 4806 veri
936 4754 1142 4822 paciﬁci
1168 4764 1504 4808 sacramenta
1530 4757 1704 4824 perci—

134 4844 304 4910 piunt,
324 4853 376 4898 et
402 4853 583 4897 tamen
609 4857 705 4912 per
728 4841 1044 4910 degenerem
1063 4842 1417 4898 lenocinantis
1444 4845 1567 4897 vitae
1593 4855 1704 4898 tor-

135 4947 336 4999 porem,
366 4950 464 4989 nec
493 4935 758 4989 habentes
786 4933 875 4986 uni
921 4934 1036 4987 viro
1072 4932 1288 5002 pudoris
1330 4933 1599 5000 affectum,
1634 4935 1703 4991 ad

139 5025 616 5093 nuptialisftederis
641 5024 938 5079 dotalitium
963 5041 1069 5079 non
1093 5038 1400 5096 assurgunt.
1417 5029 1703 5082 Enimvero

139 5113 230 5167 illze
257 5117 443 5171 anima:
471 5115 670 5170 uxorio
695 5131 755 5168 ac
788 5117 946 5186 regali
979 5115 1192 5169 nomine
1217 5116 1389 5188 dignte
1418 5129 1558 5184 sunt,
1585 5134 1704 5188 qua:

142 5200 187 5253 in
224 5207 327 5260 solo
368 5205 617 5261 cwiestis
655 5203 842 5271 Sponsi
873 5203 1142 5260 desiderio
1185 5209 1544 5275 requiescunt,
1583 5223 1706 5276 qua:

139 5291 572 5352 iuftederabiliter
601 5304 790 5347 (ontra
826 5295 1178 5366 malignorum
1213 5298 1492 5363 spirituum
1521 5307 1700 5351 tema-

1814 3214 1997 3267 aristis
2019 3230 2184 3282 grana
2219 3216 2490 3280 recondit,
2525 3218 2596 3271 ita
2628 3228 2684 3273 et
2706 3221 3005 3290 symbolum
3036 3234 3232 3280 nostra:
3257 3242 3389 3281 con-

1811 3302 2067 3358 fessionis
2099 3304 2331 3372 plurima
2358 3306 2409 3358 in
2441 3321 2502 3360 se
2525 3308 2648 3362 ﬁdei
2681 3311 2883 3364 semina
2905 3311 3124 3380 colligit.
3157 3315 3381 3370 Venien-

1812 3400 1894 3447 tes
1945 3394 2128 3462 itaque
2173 3397 2240 3448 ad
2289 3394 2577 3452 Iordanem
2630 3398 2897 3467 Ephrataei
2953 3403 3306 3458 consuluntur
3349 3419 3380 3458 a

1809 3483 2106 3538 Galaaditis
2157 3485 2428 3552 quomodo
2469 3487 2674 3555 spicam
2717 3490 3053 3559 exprimant;
3106 3495 3382 3549 venientes

1808 3578 1972 3632 etiam
2007 3578 2072 3632 ad
2107 3577 2363 3646 baptismi
2398 3577 2672 3632 lavacrum
2700 3582 3070 3636 catechumeni
3105 3584 3379 3651 inquirun-

1811 3675 1898 3719 tur
1934 3681 1964 3719 a
2005 3666 2374 3720 sacerdotibus
2433 3668 2664 3736 qualiter
2713 3671 2954 3725 credant.
3011 3673 3075 3727 Et
3125 3677 3378 3741 quoniam

1808 3756 2011 3812 Galaad
2059 3758 2446 3826 interpretatur
2492 3774 2706 3813 acervus
2749 3763 3062 3826 testimonii,
3105 3775 3250 3819 recte
3285 3783 3378 3835 per

1809 3849 2122 3906 Galaaditas
2169 3851 2480 3905 sacerdotes
2529 3851 2784 3906 Ecclesiae
2833 3855 3238 3924 intelliguntur,
3287 3859 3378 3925 qui

1809 3941 2281 4011 praedicationibus
2325 3941 2438 3994 suis
2483 3957 2647 4010 opera
2698 3943 2876 3996 divina
2937 3954 3225 4000 testantur.
3276 3947 3379 4001 Per

1806 4033 2064 4102 Ephraim
2101 4046 2268 4099 vero,
2317 4033 2410 4101 qui
2457 4033 2827 4101 fecunditatem
2881 4045 3066 4101 sonat,
3109 4038 3182 4091 illi
3235 4039 3400 4094 desim

1807 4134 2040 4192 gnautur
2075 4123 2165 4191 qui
2217 4122 2420 4176 idcirco
2451 4123 2518 4175 ad
2553 4121 2675 4176 ﬁdei
2713 4126 3032 4192 perveniunt
3085 4129 3289 4196 spicam
3321 4139 3378 4183 ut

1807 4221 2121 4282 proventum
2152 4212 2497 4266 fecunditatis
2518 4227 2614 4282 per
2633 4213 2758 4267 boui
2783 4216 2962 4282 operis
2985 4227 3221 4285 segetem
3246 4235 3368 4286 pro-

1803 4303 2000 4356 ferant.
2061 4300 2212 4356 Sicut
2272 4317 2402 4370 ergo
2461 4302 2494 4354 ii
2547 4304 2637 4370 qui
2689 4304 2755 4357 ad
2805 4303 3091 4360 Jordanem
3135 4309 3374 4374 veniunt,

1807 4393 2009 4462 spicam
2039 4391 2253 4459 quidem
2296 4391 2629 4459 intelligunt,
2657 4393 2748 4445 sed
2778 4393 2902 4460 quia
2931 4395 3235 4462 exprimere
3262 4411 3379 4451 nes-

1807 4488 1983 4550 ciunt,
2017 4487 2349 4549 moriuntur;
2383 4485 2454 4537 ita
2484 4494 2538 4538 et
2565 4485 2656 4552 qui
2686 4483 2883 4540 fontem
2916 4485 3252 4554 baptismatis
3278 4503 3374 4542 ex-

1805 4585 2023 4648 petunt,
2053 4593 2082 4630 a
2113 4576 2222 4630 vita
2259 4574 2500 4630 funditus
2534 4575 2816 4641 decidunt,
2845 4576 2944 4629 nisi
2979 4577 3136 4631 ﬁdem
3171 4579 3338 4648 ipsam
3360 4619 3374 4644 ,

1806 4684 1967 4740 quam
2004 4666 2180 4721 edocti
2220 4675 2345 4719 sunt
2391 4665 2641 4726 credere,
2670 4665 2976 4718 studuerint
3010 4667 3171 4720 etiam
3205 4669 3375 4722 bono-

1808 4775 1925 4814 rum
1978 4772 2201 4825 operum
2244 4754 2616 4808 enuntiatione
2671 4755 2934 4823 proferre.
2986 4755 3062 4810 Ita
3119 4759 3374 4812 nimirum

1807 4851 2033 4904 alterum
2060 4847 2259 4916 pendet
2295 4863 2361 4900 ex
2401 4844 2600 4907 altero,
2628 4853 2685 4898 ut
2715 4862 2898 4901 semen
2923 4847 3042 4901 ﬁdei
3085 4864 3379 4923 exsurgere

1804 4939 1996 4995 debeat
2024 4937 2075 4989 in
2103 4937 2304 5005 spicam
2345 4934 2692 5004 operationis.
2730 4936 2882 5004 Quod
2911 4946 2966 4989 et
2992 4935 3240 4994 Salvator
3287 4957 3384 4997 no-

1805 5039 1918 5086 ster
1940 5027 2216 5082 evidenter
2245 5023 2499 5080 ostendit.
2553 5022 2686 5078 Nam
2719 5043 2842 5082 eum
2866 5028 3185 5098 praeciperet
3212 5033 3378 5089 disci—

1806 5123 1944 5193 pulis
1969 5161 1984 5185 ,
2013 5120 2239 5173 dicens:
2277 5138 2296 5169 ι
2330 5119 2435 5180 lle,
2493 5116 2685 5169 docete
2727 5136 2914 5176 omnes
2957 5131 3175 5190 gentes,
3205 5125 3384 5196 bapti-

1808 5223 1993 5270 zantes
2015 5223 2108 5262 eos
2135 5207 2190 5260 in
2216 5209 2433 5263 nomine
2461 5204 2658 5270 Patris,
2683 5219 2741 5263 et
2771 5211 2907 5275 Filii,
2933 5219 2985 5263 et
3009 5211 3243 5280 Spiritus
3269 5231 3389 5272 san-

1807 5305 1908 5368 cii,
1966 5299 2213 5368 protinus
2243 5297 2448 5351 addidit
2475 5310 2489 5347 :
2520 5296 2791 5356 Doceutes
2832 5317 2924 5356 eos
2955 5314 3175 5358 servare
3203 5303 3391 5358 omnia
