3946 5368
536 283 641 340 615

1138 281 1192 336 Β.
1222 279 1428 336 PETRI
1450 277 1731 334 DAMIANI
1772 277 1921 335 OPP.
1956 278 2114 333 PAR!

2219 279 2290 334 ΞΣ]
2328 279 2562 336 ἸῸΜΟΒ
2600 282 2663 337 ιι.
2691 313 2760 323 -
2798 277 3186 344 δειυιοκιὲε.

3684 290 3792 346 σισ

537 403 656 452 cete
681 433 697 459 ,
726 407 792 448 ne
821 390 1186 447 solmcismum
1213 389 1418 446 faciant
1447 389 1499 443 in
1529 389 1675 459 spica
1699 389 1903 459 aperis,
1933 389 2023 458 qui
2051 404 2110 445 se
2137 395 2184 454 Α
2213 391 2372 446 corde
2403 392 2703 450 diceremus
2734 411 2747 448 :
2784 413 2802 448 ι
2835 394 3012 452 Trahe
3043 413 3129 453 me
3166 395 3294 468 post
3321 408 3396 466 te,
3426 415 3708 458 eurremus
3737 405 3792 460 in

535 490 604 543 de
628 495 806 541 monte
832 482 1118 553 Ephraim,
1150 482 1252 536 hoc
1286 492 1401 544 est,
1433 481 1499 536 de
1524 479 1843 536 celsitudine
1876 494 1996 534 esse
2027 488 2109 535 te-

533 587 751 634 stantur
779 574 1161 629 ecclesiastica:
1190 571 1554 628 fecunditatis.

605 668 973 736 QuaprOpter,
1033 663 1404 728 dilectissimi,
1491 676 1778 717 caveamus
1853 676 1920 715 ne
1979 661 2112 716 fides

534 770 721 814 nostra
775 759 1104 828 superducto
1159 769 1259 809 nos
1299 753 1466 807 solius
1527 752 1880 823 prolessiouis
1931 751 2112 807 colore

532 851 788 919 decipiat,
806 857 860 902 et
887 857 1140 916 tanquam
1165 844 1340 903 inanis
1361 844 1530 914 spica,
1549 842 1872 897 vacantibus
1898 841 2108 906 culmis,

532 943 737 1012 absque
766 939 1069 997 dilectionis
1097 937 1326 992 medulla
1352 936 1612 990 follescat.
1643 935 1921 989 Imitemur
1950 935 2110 988 fidem

534 1045 868 1104 martyrum,
907 1047 1005 1102 per
1039 1045 1223 1100 quam,
1275 1030 1555 1082 vincentes
1604 1041 1764 1094 regna
1810 1034 2107 1088 terrarum,

532 1122 711 1192 adepti
759 1129 883 1176 sunt
919 1119 1140 1190 praemia
1174 1117 1442 1188 promissa
1479 1113 1738 1170 cmlorum
1781 1112 1967 1183 (Hebr.
2007 1111 2108 1182 ιιι),

534 1209 620 1266 Sit
648 1226 777 1282 ergo
808 1209 943 1264 fides
975 1222 1158 1264 nos:ra
1185 1207 1378 1271 solida,
1406 1206 1477 1260 sit
1504 1221 1654 1269 vera,
1682 1205 1752 1259 sit
1786 1204 2024 1268 robusta,
2053 1210 2113 1256 ut

533 1318 680 1358 nunc
715 1302 892 1357 eundo
931 1315 1027 1370 per
1066 1300 1255 1363 fidem,
1307 1297 1682 1366 perveniamus
1733 1295 1799 1349 ad
1847 1295 2107 1364 speciem,

533 1391 771 1446 videndo
791 1405 889 1460 per
914 1389 1220 1459 amigmatis
1247 1386 1524 1457 speculum
1555 1384 1606 1456 (Ι
1631 1383 1751 1438 Cor.
1777 1386 1919 1454 xm),
1949 1398 2111 1452 quau-

534 1482 716 1552 doque
746 1483 1108 1552 perducamur
1139 1481 1205 1535 ad
1229 1481 1397 1552 ipsius
1420 1495 1646 1534 summa:
1673 1479 1917 1532 veritatis
1954 1478 2112 1532 obtu-

532 1583 646 1630 tum
671 1615 686 1640 ,
722 1574 811 1629 ubi
860 1590 1004 1628 nunc
1049 1573 1237 1628 beatus
1270 1583 1478 1643 martyr
1505 1572 1825 1635 Autltimus,
1865 1568 2109 1638 deposita

529 1666 744 1722 sarcina
802 1665 1171 1735 corruptibilis
1236 1664 1459 1727 carnis,
1515 1663 1705 1717 stolam
1756 1661 1981 1730 adeptus
2028 1668 2111 1714 est

529 1757 788 1828 angelica:
813 1756 1098 1811 claritatis.
1132 1756 1270 1811 Ecce
1294 1755 1437 1809 enim
1476 1755 1618 1808 inter
1643 1753 1839 1824 iguitos
1863 1765 2107 1820 superna:
2140 1740 2181 1798 Β

530 1845 872 1902 Hierusalem
923 1847 1134 1918 lapides
1177 1849 1375 1901 emicat
1404 1865 1416 1900 :
1445 1861 1572 1900 ecce
1615 1846 1758 1898 inter
1785 1852 2108 1914 purpuratus

527 1949 827 2010 martyrum
855 1939 1090 2009 legiones
1111 1939 1284 1993 victor
1305 1946 1360 1992 et
1375 1947 1667 1992 coronatus
1690 1935 1944 1989 exsultat.
1970 1933 2112 1988 Con-

527 2045 799 2090 summato
831 2034 986 2104 105
1035 2035 1234 2104 quippe
1280 2032 1497 2104 gloriosi
1541 2029 1855 2085 certaminis
1901 2043 2064 2082 cursu
2093 2066 2108 2092 ,

525 2128 775 2181 eumdem
803 2127 972 2195 ipsum
998 2127 1051 2180 iu
1090 2127 1310 2194 praemio
1343 2126 1514 2179 beatze
1541 2122 1991 2178 remunerationis
2024 2136 2113 2175 ac-

527 2215 670 2282 cepit
700 2216 790 2284 qui
831 2215 1003 2269 faetus
1027 2223 1109 2270 est
1153 2223 1208 2269 et
1235 2215 1464 2284 pretium
1497 2230 1618 2269 cum
1648 2214 1901 2289 redemit,
1928 2211 2112 2266 Jesum

526 2305 802 2360 Christum
827 2305 1115 2360 Dominum
1143 2316 1408 2369 nostrum,
1440 2306 1530 2373 qui
1575 2319 1697 2358 cum
1730 2303 1838 2358 Deo
1868 2303 2028 2356 Patre
2062 2309 2116 2355 et

530 2395 736 2466 Spiritu
759 2410 950 2453 sancto
974 2398 1108 2453 vivit
1131 2406 1186 2452 et
1215 2406 1401 2467 regnat
1430 2412 1526 2466 per
1560 2395 1741 2450 omnia
1768 2394 1963 2451 saecula
2010 2407 2114 2448 sa:-

527 2488 790 2544 culorum.
822 2491 1014 2546 Amen.
1051 2474 1058 2482 ’

1121 2624 1353 2681 SERMO
1402 2623 1522 2679 XX.

693 2759 761 2799 ne
799 2757 1004 2799 sauc'ro
1039 2757 1316 2798 nomracro
1353 2755 1603 2795 IAB'I'YRE
1641 2739 1754 2811 (xiv
1789 2739 1948 2810 ιιΑιι).

597 2858 750 2914 Beati
799 2858 1058 2913 Bonifacii
1115 2857 1348 2928 gloriosa
1400 2855 1696 2919 festivitas,
1745 2854 1940 2908 fratres
1986 2853 2114 2916 mei,

528 2949 653 3004 dum
680 2949 892 3004 cunctis
913 2948 1112 3004 Christi
1145 2947 1387 3002 fidelibus
1412 2961 1698 3000 commune
1742 2946 1796 2998 fit
1840 2945 2114 3015 gaudium,

527 3039 837 3107 specialiter
879 3048 1054 3092 tamen
1096 3037 1473 3107 peccatoribus
1497 3038 1563 3090 ad
1591 3037 2000 3106 promerendam
2027 3050 2116 3086 ve-

2213 481 2432 536 odorem
2463 492 2815 553 uguentorum
2847 495 3057 542 tuorqu
3089 487 3266 553 (Cant.
3301 489 3363 560 ι).
3394 511 3414 544 ι

2282 575 2350 629 Et
2383 575 2609 631 fortasse
2637 578 2725 632 isti
2753 590 2876 633 sunt
2906 582 3103 650 gradus
3131 584 3272 638 illius
3300 585 3581 657 horologii,
3608 588 3659 642 in
3686 606 3793 660 quo

2212 681 2310 720 rex
2355 664 2616 720 Ezechias
2665 669 2909 724 umbram
2959 671 3154 726 reverti
3195 674 3380 728 decem
3423 675 3584 732 lineis
3625 679 3790 748 petiit.

2213 754 2366 822 Quod
2409 755 2656 810 videlicet
2697 755 2864 813 Isaias
2911 762 3169 830 propheta
3213 763 3266 815 in
3304 765 3517 835 signum
3571 783 3790 839 recupe-

2213 846 2394 899 randa:
2418 846 2608 901 salutis
2645 847 2790 903 illius
2821 849 3105 905 Dominum
3136 853 3391 910 invocans
3424 858 3675 926 protinus
3699 861 3793 915 im-

2211 936 2444 1005 petravit
2472 935 2604 1007 (Isa.
2630 946 2881 1009 xxxviii).
2922 941 3284 998 Descenderat
3308 946 3490 1016 itaque
3512 949 3595 1003 sol
3617 965 3792 1005 emen-

2214 1024 2288 1081 sis
2307 1023 2421 1092 jam
2461 1027 2644 1082 decem
2676 1029 2931 1099 gradibus
2972 1033 3255 1104 horologii,
3305 1037 3399 1091 sed
3437 1021 3556 1106 peri
3583 1041 3790 1096 eosdem

2214 1116 2412 1187 gradus
2457 1119 2652 1174 iterum
2703 1122 2880 1176 rediit.
2933 1124 3083 1191 Quod
3112 1127 3361 1184 videlicet
3385 1129 3603 1200 signum
3633 1144 3788 1197 esset,

2212 1223 2310 1276 per
2338 1209 2480 1277 quod
2516 1225 2574 1264 se
2608 1225 2702 1264 rex
2730 1211 2992 1269 Ezechias
3020 1216 3178 1271 saluti
3219 1221 3465 1288 pristinae
3512 1225 3793 1280 restituen-

2213 1298 2338 1353 dum
2379 1315 2497 1354 esse
2519 1301 2831 1358 confideret.
2877 1305 3160 1363 Enimvero
3184 1325 3283 1365 nec
3304 1327 3476 1381 genus
3503 1314 3790 1372 humanum

2213 1389 2280 1442 ad
2313 1388 2729 1446 incolutnitatem
2757 1409 2918 1463 quam
2970 1398 3248 1464 amiserat,
3290 1400 3359 1456 de
3404 1403 3488 1456 sui
3528 1403 3794 1475 languoris

2212 1481 2564 1548 aegrotatione
2609 1483 2900 1548 convaluit,
2947 1489 3184 1555 quandiu
3231 1489 3321 1544 lux
3372 1506 3501 1546 vera
3551 1492 3791 1549 Christus

2215 1573 2402 1627 decem
2453 1588 2548 1628 eos
2597 1589 2731 1643 quos
2781 1579 3216 1634 cnumcravimus
3272 1583 3490 1652 mystici
3537 1583 3790 1655 horologii

2216 1665 2412 1732 gradus
2450 1664 2516 1718 ad
2546 1679 2795 1720 occasqu
2829 1682 2887 1720 se
2916 1668 3247 1725 humiliaudo
3289 1673 3580 1740 percurrit.
3623 1674 3792 1740 Quan-

2211 1770 2371 1822 quam
2403 1770 2498 1824 per
2527 1757 2769 1811 umbram
2803 1761 2986 1813 decem
3012 1761 3273 1828 graduum
3299 1772 3350 1816 et
3373 1763 3535 1817 aliter
3555 1781 3793 1834 superna:

2213 1845 2628 1915 dispensationis
2647 1863 2934 1916 possumus
2954 1850 3248 1920 intelligere
3269 1864 3699 1908 sacramentum.
3725 1854 3793 1908 Di-

2212 1937 2498 1991 versitates
2537 1939 2733 2007 quippe
2769 1947 3068 2008 temporum
3116 1943 3270 1996 ouasi
3316 1945 3567 2013 quaedam
3607 1945 3789 1999 distiu-

2212 2027 2420 2082 ctiones
2467 2038 2591 2082 sunt
2645 2030 2696 2083 in
2747 2031 3026 2102 horulogio
3070 2032 3356 2088 linearum.
3411 2035 3524 2090 Soli
3568 2052 3789 2106 namque

2209 2115 2436 2184 justitia:
2470 2119 2686 2174 Christo
2723 2122 2931 2189 primus
2972 2123 3038 2176 ad
3082 2139 3177 2178 nos
3210 2125 3583 2180 descensionis
3608 2130 3793 2196 gradus

2215 2207 2318 2260 fuit
2344 2208 2409 2262 de
2432 2209 2541 2263 Deo
2575 2209 2628 2262 in
2660 2211 2927 2282 angelum.
2973 2213 3133 2284 106
3163 2213 3311 2269 Unde
3346 2225 3426 2269 est
3457 2219 3602 2286 quod
3635 2226 3691 2271 et
3711 2232 3794 2286 per

2217 2296 2408 2351 Isaiam
2449 2300 2624 2368 magni
2664 2303 2872 2355 consilii
2908 2303 3143 2372 Angelus
3172 2304 3369 2358 dicitur
3401 2305 3559 2373 (Isat.
3597 2308 3698 2374 ix).
3739 2308 3794 2360 Et
3861 2297 3868 2307 “

2217 2389 2308 2457 qui
2360 2404 2481 2443 cum
2532 2389 2700 2445 Jacob
2733 2393 3050 2462 loquebatur
3076 2393 3236 2457 Deus,
3265 2396 3490 2466 angelus
3524 2414 3792 2467 nuneupao

2220 2486 2324 2532 tur.
2363 2478 2496 2534 llinc
2525 2490 2607 2535 est
2636 2483 2776 2550 quod
2809 2499 2904 2548 per
2929 2485 3176 2539 eumdem
3201 2484 3366 2540 Jacob
3387 2488 3590 2542 dicitur
3622 2507 3634 2540 :
3669 2510 3687 2539 ι
3718 2491 3793 2543 Di-

2217 2571 2298 2626 xit
2330 2572 2550 2642 angelus
2591 2574 2799 2628 Domini
2824 2579 2888 2628 ad
2917 2592 3002 2630 me
3022 2578 3074 2631 in
3097 2579 3302 2632 somnis
3333 2596 3346 2631 :
3377 2579 3487 2649 Ego
3519 2596 3640 2634 sum
3667 2582 3794 2635 Deus

2217 2663 2429 2728 Betltel,
2477 2666 2568 2718 ubi
2613 2667 2813 2720 unxisti
2865 2667 3096 2736 lapidem
3141 2678 3197 2723 ct
3233 2679 3414 2723 votum
3449 2672 3646 2725 vovisti
3677 2674 3789 2725 mihi

2220 2756 2373 2826 (Gen.
2415 2757 2585 2827 χχιιι).
2617 2775 2635 2808 ι
2679 2756 2964 2823 Nimirum,
2999 2770 3056 2814 ut
3086 2761 3228 2814 idem
3256 2763 3371 2831 ipse
3400 2765 3492 2831 qui
3548 2764 3789 2833 loquitur,

2220 2856 2274 2900 et
2305 2847 2446 2899 Deus
2474 2847 2632 2900 simul
2659 2857 2715 2901 et
2747 2849 2970 2919 angelus
3013 2851 3348 2906 ostendatur.
3391 2853 3680 2908 Secundus
3715 2856 3789 2908 de—

2220 2939 2520 2992 scensionis
2553 2941 2752 3009 gradus
2788 2941 2886 2994 fuit
2917 2943 2967 2995 in
3001 2944 3344 3012 patriarchis,
3377 2961 3475 3016 per
3497 2961 3638 3015 quos
3664 2947 3794 3002 scili-

2221 3039 2307 3084 cet
2352 3030 2463 3100 ipsc
2509 3029 2770 3085 Dominus
2809 3033 2969 3087 unius
3020 3032 3113 3087 Dei
3168 3034 3369 3088 cultum
3409 3051 3475 3091 ac
3515 3053 3660 3092 verae
3687 3039 3792 3092 fidei

527 3104 674 3184 niam
729 3140 891 3184 cerne
934 3129 1046 3199 spei
1097 3104 1286 3183 tribuit
1331 3104 1748 3182 incrementum.
1808 3125 1942 3179 Nam
1991 3141 2110 3180 cum
2144 3104 2185 3165 (ἶ
2219 3119 2877 3177 fundamentaconstituit.
2913 3123 3635 3197 Tcrtiusiupromulgatione
3655 3131 3787 3198 legis,

527 3220 652 3274 vita:
674 3219 792 3290 ejus
818 3235 882 3274 ac
911 3221 1084 3273 beata:
1133 3219 1616 3274 consummationis
1654 3227 1802 3288 gesta
1840 3218 2106 3286 percurri-

527 3328 668 3376 mus,
713 3312 841 3383 quid
881 3311 1027 3365 aliud
1075 3311 1377 3365 invenimus
1407 3325 1568 3380 quam
1608 3310 1732 3379 quia
1777 3309 1970 3379 stipula
2002 3317 2114 3362 tar-

530 3403 659 3467 tari,
694 3404 889 3458 cedrus
929 3401 1070 3457 facta
1102 3413 1185 3457 est
1210 3401 1442 3471 paradisi
1468 3402 1492 3454 ἲ
1519 3400 1718 3470 Atque,
1747 3409 1803 3454 ut
1827 3401 1897 3453 ita
1927 3402 2114 3463 fatear,

528 3496 695 3551 torris
725 3495 920 3550 inferni
952 3494 1123 3549 factus
1165 3503 1248 3548 est
1287 3492 1622 3564 splemlidum
1666 3491 1815 3545 sidus
1861 3491 2004 3545 caeli.
2044 3491 2119 3544 De

529 3588 773 3658 lupanari
812 3587 1076 3656 siquidem
1129 3584 1325 3655 prodiit
1370 3583 1710 3653 praeliaturus
1755 3582 1823 3635 ad
1861 3583 2116 3645 stadium,

530 3679 598 3732 de
633 3677 808 3732 stadio
843 3675 1192 3747 suspenditur
1227 3675 1293 3729 ad
1345 3681 1693 3735 tormentum,
1739 3673 1806 3727 de
1852 3681 2119 3725 tormento

529 3773 746 3828 ducitur
783 3773 850 3828 ad
890 3773 1144 3843 gladium,
1197 3773 1261 3826 de
1307 3769 1482 3842 gladio
1515 3769 1830 3823 sublevatur
1863 3766 2036 3820 victor
2067 3775 2120 3817 et

529 3875 820 3920 coronatus
866 3866 934 3919 ad
976 3865 1192 3919 malum.
1245 3863 1349 3918 Per
1393 3863 1589 3936 gradus
1637 3877 1828 3931 nempe
1870 3869 2122 3932 peccator

531 3957 633 4010 iste
675 3957 741 4010 ad
780 3957 945 4010 vitam
986 3956 1164 4020 rediit,
1195 3957 1320 4025 quia
1351 3967 1404 4012 et
1428 3973 1521 4027 per
1541 3957 1798 4027 quosdam
1845 3953 2043 4024 gradus
2074 3954 2120 4007 is

532 4047 623 4113 qui
645 4046 761 4100 sine
783 4056 1004 4116 peccato
1023 4055 1104 4100 est
1131 4047 1181 4114 (I
1212 4045 1356 4101 Petr.
1385 4047 1479 4118 ιι),
1509 4049 1574 4100 ad
1603 4055 1800 4100 nostra:
1823 4044 2121 4099 mortalita-

534 4139 606 4192 tis
633 4137 736 4190 ima
783 4138 1077 4193 descendit.
1117 4138 1253 4193 lliuc
1284 4149 1365 4193 est
1403 4140 1543 4208 quod
1577 4155 1641 4193 ex
1669 4155 1895 4207 persona
1920 4146 2120 4193 sancta:

535 4230 790 4286 Eet-lesia:
824 4244 919 4300 per
957 4229 1296 4285 Salomouem
1327 4232 1522 4285 dicitur
1550 4246 1564 4284 :
1601 4250 1618 4282 t
1647 4231 1783 4285 Ecce
1830 4230 1931 4285 iste
1975 4231 2123 4284 venit

535 4323 734 4378 saliens
760 4323 812 4376 in
839 4322 1110 4377 montibus
1129 4364 1143 4388 ,
1171 4331 1226 4377 et
1255 4322 1560 4377 transiliens
1589 4323 1752 4377 colles
1783 4320 1957 4392 (Cant.
1987 4322 2070 4391 ιι).
2098 4343 2115 4374 ι

2218 3227 2379 3281 quam
2409 3222 2463 3266 et
2493 3215 2605 3281 ipse
2628 3214 2777 3281 prius
2803 3215 3055 3268 audiente
3076 3217 3270 3285 populo
3300 3219 3545 3287 protulit,
3575 3229 3632 3274 et
3659 3232 3789 3290 post-

2220 3307 2436 3358 modqu
2481 3305 2534 3358 in
2574 3305 2799 3375 lapideis
2851 3305 3042 3360 tabulis
3082 3309 3298 3377 proprio
3337 3311 3509 3380 digito
3548 3323 3792 3365 exaraute

2221 3397 2524 3466 descripsit.
2576 3398 2810 3464 Quartus
2853 3399 2904 3451 iu
2951 3397 3077 3453 Jesu
3120 3399 3288 3465 Nave,
3324 3402 3376 3456 iu
3409 3420 3520 3472 quo
3549 3406 3688 3459 sicut
3712 3421 3790 3459 no-

2222 3492 2364 3544 mine
2393 3491 2469 3544 sic
2499 3500 2552 3545 et
2583 3506 2746 3561 opere
2775 3491 2975 3562 degens
3013 3493 3066 3546 iu
3114 3502 3313 3548 terram
3367 3499 3790 3566 repromissionis

2219 3584 2472 3654 populum
2498 3585 2815 3640 introduxit.
2845 3587 3076 3654 Quintus
3099 3588 3415 3658 fuitgradus
3440 3591 3788 3659 injudicibus,

2223 3690 2318 3744 per
2345 3691 2480 3744 quos
2515 3677 2766 3730 nimirum
2801 3677 3146 3732 Israeliticam
3183 3681 3390 3749 plebem
3422 3692 3474 3735 et
3511 3684 3628 3751 ipse
3657 3699 3788 3753 rege-

2221 3767 2333 3821 bat.
2375 3766 2570 3824 Scxzus
2608 3768 2661 3819 in
2698 3769 2914 3835 regibus
2941 3766 3269 3835 Judteorum,
3309 3772 3433 3840 quia
3468 3773 3523 3826 in
3556 3775 3636 3827 eis
3666 3775 3792 3842 priu-

2221 3857 2466 3926 cipaliter
2496 3859 2612 3926 ipse
2638 3859 2917 3928 regnabat.
2961 3859 3233 3930 Septimus
3265 3861 3318 3915 in
3351 3863 3653 3932 prOpbctis,
3684 3864 3790 3932 quia

2222 3962 2320 4016 per
2349 3963 2444 4002 cos
2465 3949 2579 4017 ipse
2599 3959 2652 4002 et
2673 3949 3024 4004 aununtiatus
3043 3960 3126 4004 est
3153 3960 3205 4004 et
3226 3952 3454 4006 locutus.
3499 3951 3732 4008 Octavus
3750 3955 3790 4006 in

2220 4039 2586 4107 pontiﬁcibus,
2631 4039 2684 4092 in
2725 4039 2920 4108 quibus
2963 4043 3096 4110 ipse,
3148 4046 3236 4112 qui
3269 4059 3515 4099 summus
3546 4055 3632 4100 est
3673 4046 3791 4100 Pon-

2225 4130 2375 4196 tifex,
2417 4133 2526 4184 veri
2557 4141 2610 4186 et
2635 4134 2818 4187 αξιοι-ιιι
2859 4135 2940 4188 sui
2980 4136 3264 4190 sacerdotii
3313 4139 3637 4207 mysterium
3680 4140 3794 4208 figu-

2225 4223 2382 4276 ravit.
2440 4222 2623 4278 Nouus
2664 4233 2842 4278 autem
2879 4226 3075 4294 gradus
3122 4227 3435 4297 designatus
3485 4241 3573 4284 est
3620 4232 3670 4284 iu
3713 4232 3793 4285 bo-

2224 4317 2387 4370 minc.
2449 4313 2698 4369 Decimus
2742 4315 2795 4368 in
2838 4315 3104 4384 passione.
3161 4317 3384 4372 I'erhos
3418 4321 3603 4388 itaque
3629 4322 3789 4376 decem

536 4414 789 4471 Salvator
826 4414 1026 4470 etenim
1071 4423 1256 4469 noster
1282 4414 1437 4484 quasi
1467 4415 1730 4484 quosdam
1762 4414 1928 4468 saltus
1967 4415 2120 4469 exhi-
2152 4451 2196 4506 Ι)
2224 4407 2439 4476 gradus,
2473 4406 2627 4476 quasi
2677 4421 2773 4474 per
2812 4406 3056 4459 umbram
3109 4407 3316 4462 Veteris
3347 4408 3700 4474 'I‘cstamcnti,
3726 4411 3790 4463 sol

534 4509 672 4570 buit,
697 4523 820 4562 cum
847 4508 913 4562 ad
937 4507 1304 4562 redimendum
1332 4520 1498 4577 genus
1521 4505 1814 4560 humanum
1838 4506 2002 4559 venit.
2044 4505 2120 4560 De
2153 4494 2192 4506 υ
2215 4496 2443 4566 Ῑιιειίιίίὲ
2494 4494 2742 4549 (Πιτίεῑιιε
2789 4495 2843 4548 in
2899 4509 3094 4550 "051m
3144 4497 3491 4551 "lorlalilalis
3537 4499 3791 4553 descendit

533 4600 674 4656 coelo
695 4601 892 4670 quippe
919 4599 1066 4654 venit
1090 4598 1142 4652 in
1175 4608 1388 4652 uterum
1422 4596 1675 4668 Virginis,
1705 4597 1770 4651 de
1797 4604 1949 4652 utero
1975 4597 2120 4650 venit

533 4689 588 4744 iu
625 4703 884 4759 przesepe,
918 4689 984 4743 de
1014 4702 1251 4758 prmsepe
1282 4688 1474 4743 transit
1516 4690 1582 4743 ad
1631 4687 2117 4752 circumcisionem,

535 4781 604 4836 de
633 4781 1044 4836 circumcisione
1067 4778 1132 4833 ad
1168 4778 1420 4848 templum
1442 4821 1454 4843 ,
1500 4779 1566 4834 de
1608 4779 1805 4848 templo
1841 4780 1905 4833 ad
1947 4779 2124 4848 bapti-

539 4885 740 4935 smum,
765 4871 830 4924 de
857 4870 1121 4939 baptismo
1142 4869 1208 4922 ad
1234 4883 1475 4932 crucem,
1495 4868 1560 4923 de
1588 4883 1750 4922 cruce
1775 4869 1840 4922 ad
1870 4879 2119 4931 mortem,

539 4957 607 5012 de
637 4969 810 5014 morte
837 4960 902 5012 ad
930 4958 1254 5029 sepulcrum,
1291 4965 1562 5026 postremo
1582 4958 1743 5010 etiam
1770 4958 2042 5012 descendit
2069 4959 2119 5010 in

541 5046 833 5110 infernum,
858 5056 915 5100 ut
939 5048 1059 5101 inde
1080 5056 1300 5101 sanctos
1329 5062 1452 5101 suos
1475 5055 1709 5111 erueret,
1739 5062 1873 5116 quos
1909 5048 1973 5100 ad
2018 5062 2124 5101 cu:-

541 5135 732 5191 Iestetn
775 5137 998 5206 gloriam
1046 5138 1254 5192 calcato
1319 5139 1508 5192 mortis
1550 5139 1775 5207 imperio
1821 5149 2120 5194 revocaret.

545 5225 709 5261 “lano
765 5235 818 5262 ut
849 5241 946 5262 nnc

978 5236 1090 5264 unc!
1124 5243 1181 5264 cn
1208 5244 1424 5266 ρειγν-θνα
1448 5229 1639 5266 favni-nt
1691 5231 1820 5268 iclnc
1848 5246 1945 5268 nrn
1969 5231 2123 5270 nnliic

2222 4603 2504 4651 occasum,
2558 4597 2612 4639 et
2658 4601 2754 4655 per
2801 4601 2894 4640 eos
2941 4587 3135 4640 iterum
3193 4598 3314 4656 post
3354 4593 3786 4644 resurrectionem

2222 4693 2374 4732 suam
2406 4677 2457 4730 in
2481 4676 2677 4730 cmlum
2705 4677 2879 4732 victor
2908 4679 3172 4745 ascendit,
3195 4694 3522 4749 omnemque
3545 4681 3688 4734 illam
3717 4695 3789 4732 ve-

2227 4777 2383 4824 tustte
2429 4769 2560 4840 legis
2595 4769 2836 4823 umbram
2887 4771 3131 4824 veritatis
3179 4786 3289 4824 sum
3336 4787 3401 4826 ac
3445 4789 3602 4827 nova:
3630 4775 3788 4842 gratia:

2225 4863 2390 4917 radiis
2435 4862 2742 4925 illustravit,
2783 4863 3010 4916 obscura
3044 4862 3303 4927 revelatis,
3328 4864 3514 4917 clausa
3548 4879 3785 4922 reserans.

2226 4959 2281 5008 et
2310 4953 2486 5007 omnia
2525 4952 2625 5006 sub
2669 4953 2932 5007 velamine
2978 4953 3172 5008 littera:
3223 4963 3366 5008 tecta
3406 4956 3551 5009 denu
3576 4959 3702 5010 laus.
3740 4956 3790 5008 Et

2227 5046 2369 5099 sicut
2395 5053 2524 5099 tunc
2561 5045 2639 5098 sol
2675 5045 2915 5100 liueatim
2953 5047 3170 5115 quidem
3199 5063 3261 5100 ac
3292 5063 3512 5103 morose
3541 5064 3790 5118 processe-

2229 5147 2330 5202 rat,
2378 5146 2596 5206 repente
2647 5148 2824 5191 autem
2861 5137 2929 5190 ad
2963 5149 3113 5193 ortus
3145 5139 3226 5193 sui
3258 5150 3340 5193 est
3369 5156 3623 5196 reversus
3651 5140 3790 5208 origi-

2230 5244 2380 5270 nmn'
2423 5229 2498 5270 ein
2544 5227 2793 5270 nimirum
2858 5229 2934 5270 ein
2968 5229 3292 5270 llmlamntnr
3338 5241 3528 5270 ιηιςιιινι
3587 5247 3644 5270 ρει
3693 5245 3791 5270 mw
