3946 5368
1089 277 1102 286 ο
1121 273 1150 284 Ι.
1167 261 1186 280 ._
1205 257 1334 278 xm.»

649 273 686 282 --
719 272 810 292 n.1,:
831 272 862 288 ιι
877 283 915 290 ....
933 269 994 288 ’διὸ
1011 267 1102 290 ἰᾶσι-ιο
1121 273 1150 284 I-
1170 267 1186 280 ⁷·

131 307 244 366 σι]
1083 299 1096 306 ’·
1189 297 1194 308 ·

1557 295 1790 358 εεωιο
1824 293 1941 352 XX.

139 417 336 476 salutis
355 417 607 496 humauit
623 429 727 486 pro
743 411 1014 468 charitate
1039 419 1242 476 nostra,
1266 410 1408 466 velut
1433 425 1529 480 per
1555 423 1714 479 quas-
1743 421 1788 476 Α
1817 406 1967 460 dunt.
2005 401 2156 458 Sicut
2192 401 2473 458 Cornelius
2517 403 2606 460 ille
2632 405 2898 470 centurio,
2927 405 3018 476 qui
3053 405 3272 476 gentilis
3294 409 3390 462 ad-

141 511 262 565 dam
297 505 708 578 dispensationis
736 520 844 558 sua:
867 503 1056 566 lineas,
1078 501 1352 557 descendit
1383 501 1446 554 ad
1479 517 1713 570 pwnam.

143 599 431 654 Descendit
459 597 544 652 hic
563 595 634 652 ad
662 609 934 658 occasum,
977 601 1033 646 ιιι
1072 591 1160 646 ille
1197 591 1392 646 rediret
1422 593 1483 644 aJ
1516 601 1714 644 ortum.
1743 591 1752 596 ’

141 687 375 746 Pertulit
397 685 653 741 Dominus
678 699 952 756 vesperam
986 681 1391 750 temporalitatis
1418 687 1632 744 nosti-az,
1663 688 1720 732 ut

109 787 246 838 'cos
286 779 571 834 reduceret
619 769 685 832 ad
728 777 904 829 lumen
952 790 1004 826 ιιι
1049 771 1327 828 occiduum
1373 769 1722 840 percnnitatis

145 888 298 930 suae:
320 871 426 926 Sed
455 867 897 925 considerandum
928 876 1032 932 est,
1063 865 1258 920 fratres
1294 865 1422 931 mei,
1455 864 1721 936 quomodo

152 963 216 1019 Β.
265 961 599 1014 Bonifaeinm
647 959 786 1013 inter
840 959 980 1027 ipsas
1020 955 1260 1026 reprobat
1303 955 1423 1008 vitze
1471 953 1723 1006 tenebras

149 1051 456 1110 sanctitatis
485 1049 744 1120 igniculus
770 1065 870 1102 non
893 1048 1147 1108 deseruit,
1171 1046 1262 1100 sed
1285 1043 1466 1099 Iandiu
1501 1043 1644 1096 illum
1670 1043 1724 1096 in

151 1143 390 1197 minimis
415 1139 568 1203 fovit,
590 1142 758 1193 donec
789 1139 854 1190 ad
880 1151 1064 1206 magna
1095 1134 1360 1204 perduxit.
1407 1133 1534 1186 Erat
1557 1131 1724 1192 enim,

152 1231 288 1285 sicut
339 1230 394 1282 in
435 1239 706 1298 gestorum
735 1225 848 1295 ejus
877 1225 1184 1281 continetur
1211 1225 1456 1287 historia,
1485 1222 1730 1276 ebriosus

152 1327 206 1378 et
257 1319 494 1384 adulter,
539 1329 594 1374 et
638 1318 874 1373 omnium
915 1317 1163 1370 vitiorum
1213 1315 1416 1368 amicus
1460 1328 1578 1383 quae
1619 1313 1733 1368 odit

154 1409 316 1464 Dens.
1445 1395 1454 1404 ’

225 1499 549 1556 Audivimus
588 1497 998 1555 obscurissimas
1037 1497 1283 1553 tenebras
1321 1496 1616 1560 pravitatis,
1659 1495 1734 1548 vi-

160 1591 382 1646 deamus
411 1591 575 1643 etiam
609 1591 890 1643 sublueerc
917 1587 996 1641 vel
1028 1597 1240 1642 tenuem
1270 1584 1610 1640 sciutillulam
1653 1599 1736 1638 rc-

162 1681 458 1736 ctitudinis.
499 1679 760 1742 Habebat,
795 1680 987 1748 inquit,
1038 1677 1472 1747 hospitalitatem,
1520 1675 1734 1745 largita-

1819 495 1921 548 buc
1945 491 2300 562 eleemosynis
2323 501 2376 546 et
2401 493 2733 548 orationibus
2761 494 2972 550 institit.
3013 494 3218 562 Quibus
3243 496 3393 552 vide-

1819 583 2399 654 licetsuﬂ'ragantibus,
2428 585 2493 640 ad
2537 586 2786 655 baptismi
2831 587 3168 658 postmodum
3207 603 3392 648 sacra-

1819 686 1998 732 menta
2039 675 2299 746 pervenit.
2339 675 2435 730 Cui
2481 674 2718 746 profecto
2747 676 2984 746 angelus,
3025 677 3249 732 necdum
3274 692 3396 748 per-

1821 773 1974 836 cepta
2007 765 2424 836 regenerationis
2469 774 2662 836 gratia,
2716 765 2888 820 dixit:
2923 784 2942 818 ι
2977 766 3256 822 Orationes
3295 776 3398 822 tute

1822 865 1876 908 et
1921 854 2270 924 cleemosyntr.
2315 863 2417 908 tua:
2465 857 2821 910 ascenderunt
2866 856 2918 910 in
2977 858 3289 912 memoriam
3341 858 3396 912 in

1823 955 2112 1014 conspectu
2144 945 2376 1012 Domini,
2407 955 2460 1000 et
2485 963 2626 1002 nunc
2655 947 2806 1002 mitte
2835 947 2976 1002 viros
3011 947 3062 1002 in
3089 947 3314 1018 Joppen,
3345 957 3400 1002 et

1826 1037 2030 1090 accersi
2075 1035 2345 1090 Simoaem
2407 1036 2638 1090 Petrum.
2698 1037 2794 1092 llic
2843 1039 2984 1093 dicet
3029 1040 3122 1094 tibi
3169 1040 3296 1106 quid
3351 1053 3402 1094 te

1827 1135 2072 1196 oporteat
2113 1125 2288 1180 factre
2331 1125 2465 1196 (Act.
2509 1127 2585 1194 χ).
2623 1145 2640 1178 ι
2683 1127 2759 1182 Ac
2789 1127 2831 1180 si
2861 1129 3140 1200 perspicue
3164 1129 3398 1184 diceret:

1823 1216 1935 1284 iam
1979 1216 2086 1270 Deo
2127 1230 2248 1286 quae
2305 1225 2391 1268 tua
2447 1225 2569 1270 sunt
2613 1217 2876 1282 obtulisti,
2921 1218 2988 1272 de
3029 1229 3222 1274 casteio
3272 1217 3406 1276 nihil

1830 1314 2098 1376 superest,
2139 1307 2244 1360 nisi
2292 1317 2350 1360 ut
2399 1317 2452 1362 et
2489 1307 2601 1378 ipse
2639 1307 2837 1364 debeas
2866 1326 3059 1364 munus
3089 1309 3243 1380 longe
3267 1327 3404 1382 pra»

1831 1397 2061 1451 stantius
2096 1397 2202 1450 tuis
2245 1397 2556 1452 muneribus
2583 1397 2888 1466 superaddi,
2927 1400 3136 1469 tuisque
3166 1411 3214 1454 te
3241 1398 3408 1453 facul-

1835 1485 2030 1540 tatibus
2061 1499 2338 1555 possessor
2364 1485 2602 1553 adjicias,
2639 1495 2692 1539 ut
2721 1503 2882 1541 unum
2909 1504 2974 1545 ex
3000 1489 3266 1552 omnibus,
3301 1505 3408 1544 non

1830 1577 1942 1646 iam
1972 1577 2312 1638 sacrificium,
2341 1579 2432 1630 sed
2461 1579 2846 1640 holocaustum.
2879 1581 3054 1652 potius
3085 1583 3197 1636 fiat.

1909 1664 1988 1720 Ad
2025 1664 2182 1732 huius
2229 1667 2390 1736 igitur
2415 1668 2746 1722 centurionis
2773 1669 3074 1740 exemplum
3105 1669 3166 1722 Β.
3194 1669 3408 1725 Bonifa-

166 1781 268 1826 tem
314 1783 370 1828 et
408 1773 865 1836 misericordiam;
902 1787 1020 1841 quae
1051 1780 1225 1826 tumea
1259 1771 1360 1824 tria
1396 1784 1558 1822 unum
1587 1777 1733 1832 sunt,
1769 1781 1810 1838 Β
1841 1759 1957 1813 eius
2003 1760 2154 1827 prius
2203 1759 2348 1813 ded.t
2397 1775 2520 1824 sua,
2571 1761 2906 1827 postmodum
2956 1777 3044 1827 se;
3094 1765 3216 1832 quia
3259 1761 3414 1830 juxta

164 1876 216 1918 et
261 1867 420 1920 unius
463 1865 702 1919 meu‘dma
747 1874 868 1918 sunt
913 1863 1214 1920 cbaritatis.
1267 1861 1522 1932 Sequitur
1569 1861 1743 1914 adhuc

163 1956 408 2018 historia,
439 1967 490 2008 et
515 1955 652 2022 quod
681 1953 914 2010 breviter
952 1953 1231 2024 prirnusil,
1269 1951 1486 2023 exponit
1521 1969 1533 2004 :
1565 1952 1653 2020 qui
1697 1949 1743 2003 si

165 2047 472 2116 aliquando,
505 2045 695 2114 inquit,
731 2046 932 2104 videret
955 2045 1319 2116 peregrinum,
1348 2051 1438 2096 aut
1465 2043 1529 2095 de
1556 2041 1746 2096 itinere

167 2137 499 2198 venientem,
538 2117 657 2188 eum
681 2135 828 2196 oinni
863 2135 1206 2194 festinatione
1235 2143 1287 2188 et
1313 2132 1590 2188 alacritate
1622 2132 1745 2185 bor-

169 2227 380 2280 tabatur
411 2227 703 2295 hospitium
736 2241 889 2278 suum
918 2225 1143 2292 ingredi,
1184 2233 1238 2278 et
1279 2224 1618 2279 ministrabat
1663 2221 1742 2285 ei;

167 2317 420 2370 noctibus
471 2325 652 2370 autem
701 2317 961 2370 circuibat
993 2315 1193 2386 plateas
1225 2325 1278 2370 ct
1315 2317 1462 2370 vicos
1491 2313 1744 2376 civitatis,

173 2408 412 2462 tribuens
433 2409 526 2462 eis
551 2421 678 2476 qua:
709 2407 1010 2460 necessaria
1043 2414 1214 2460 erant.
1257 2405 1392 2460 Ecce
1422 2405 1561 2460 inter
1591 2403 1746 2474 107

165 2499 496 2554 densissima
557 2499 984 2553 borrescentium
1036 2499 1246 2552 dumeta
1291 2497 1564 2568 spinarum
1591 2538 1606 2562 ,
1650 2497 1746 2550 etsi

171 2605 314 2653 rara,
359 2599 541 2643 tamen
579 2589 792 2642 inventa
837 2597 959 2641 sunt
998 2587 1104 2641 lilia
1155 2587 1421 2657 ﬂot'esque
1469 2587 1746 2640 virtutum.

172 2678 236 2733 Et
264 2679 450 2733 multa:
481 2688 606 2732 sunt
637 2677 802 2746 plagre
822 2718 834 2742 ,
867 2693 984 2746 quae
1029 2677 1296 2732 volucrem
1347 2675 1552 2730 Domini
1587 2685 1751 2728 terra-

177 2777 328 2822 teaus
357 2777 682 2838 aggravant;
719 2781 898 2836 patiere
924 2781 1127 2834 pennze,
1160 2781 1278 2834 qua:
1303 2764 1500 2819 levant.
1541 2763 1646 2818 Sed
1677 2761 1752 2816 fa-

176 2859 274 2912 cile
294 2869 376 2912 est
401 2857 614 2911 medico
637 2857 936 2911 animarum
967 2857 1072 2911 Deo
1099 2856 1336 2923 patentia
1361 2854 1578 2909 vulnera
1607 2853 1752 2908 tenui

173 2951 574 3010 mdicamento
597 2963 941 3028 componere,
964 2955 1018 3003 et
1048 2947 1135 3003 ubi
1163 2962 1352 3002 sanum
1381 2947 1508 3016 quid
1537 2946 1750 3016 reperit,

179 3055 396 3108 caetera,
429 3059 550 3113 qua:
575 3043 996 3112 circumquaque
1017 3039 1229 3112 putrida
1259 3050 1400 3104 sinit,
1432 3041 1498 3094 ad
1527 3041 1752 3098 salutem

1841 1859 2161 1919 praeceptum
2203 1850 2331 1920 legis
2377 1849 2570 1919 (Exod.
2601 1851 2720 1920 xu),
2766 1868 2958 1922 agnum
3007 1853 3326 1908 innocentia:
3363 1857 3414 1909 in

1844 1942 1953 1994 suis
1977 1941 2224 2010 gregibus
2251 1942 2482 2010 reperire
2507 1956 2610 1994 non
2633 1942 2826 2009 potuit.
2855 1942 3062 1996 haedum
3091 1944 3418 2012 pmuitentia:

1844 2036 2188 2104 semetipsum
2217 2033 2410 2092 oll'crre
2442 2036 2668 2094 curavit.
2715 2033 2926 2104 Agnum
2962 2037 3222 2108 siquidem
3265 2040 3420 2092 iuno.

1845 2137 2050 2191 centes,
2103 2129 2309 2184 haedum
2351 2125 2586 2182 offerunt
2624 2137 2955 2198 peccatores.
2996 2129 3105 2190 Nec
3145 2132 3340 2192 mier
3369 2133 3420 2194 Si

1847 2219 2071 2289 quilibet
2099 2229 2317 2274 sanctus
2349 2229 2466 2290 post
2493 2229 2710 2288 peccata
2745 2236 3054 2286 conversus,
3078 2223 3162 2282 hac
3185 2227 3264 2280 ius
3291 2224 3420 2278 dici-

1849 2318 1958 2374 tur,
1987 2325 2107 2363 cum
2131 2318 2184 2362 et
2207 2309 2319 2378 ipse
2366 2312 2454 2378 qui
2479 2311 2544 2364 de
2571 2311 2709 2365 ccelo
2731 2325 2826 2380 pro
2853 2314 3225 2380 peccatoribus
3249 2316 3417 2374 venit.

1849 2417 1942 2470 per
1967 2401 2174 2456 hircum
2205 2402 2452 2470 dignatus
2475 2413 2558 2458 est
2583 2403 2821 2472 ﬁgurari.
2865 2401 3016 2458 Unde
3066 2415 3148 2460 est
3195 2407 3334 2476 quod
3371 2409 3422 2460 in

1847 2491 2085 2550 chitico
2115 2493 2350 2562 pontifex
2375 2495 2640 2547 viventem
2663 2494 2871 2556 Ιιίιιιιιιι
2895 2495 2995 2550 hoc
3025 2497 3181 2550 nioda
3205 2498 3428 2566 iubetur

1851 2580 2061 2646 ctione,
2087 2590 2144 2634 ιιι
2165 2583 2340 2652 posita
2367 2597 2528 2652 super
2543 2583 2829 2654 caputeius
2851 2593 3076 2654 utraque
3098 2602 3424 2650 niauu,cou-

1851 2675 2066 2730 fitentur
2100 2689 2288 2728 omnes
2323 2673 2632 2744 iniquitates
2671 2675 2899 2728 tiliorum
2939 2675 3118 2740 Israel,
3170 2677 3328 2746 108
3373 2687 3430 2730 et

1855 2767 2104 2821 universa
2135 2765 2324 2821 delicta
2364 2779 2524 2838 atque
2553 2777 2768 2836 peccata
2819 2781 3025 2831 eorum,
3069 2783 3188 2837 qua:
3233 2771 3430 2838 impre-

1855 2873 1984 2914 caus
2031 2859 2194 2929 capiti
2243 2860 2378 2928 eius,
2423 2859 2634 2914 emittat
2673 2859 2820 2914 illum
2869 2860 2922 2914 in
2968 2859 3236 2914 desertum
3285 2859 3428 2930 (Lar,

1857 2949 2028 3021 sim).
2071 2949 2208 3016 Quid
2231 2963 2310 3004 est
2341 2959 2518 3004 autem
2563 2950 2770 3006 hircum
2799 2949 3014 3020 utrique
3053 2950 3230 3003 manui
3265 2951 3434 3019 ponti.-

1859 3043 1976 3098 ficis
2009 3043 2221 3114 subiici,
2271 3043 2372 3098 nisi
2427 3042 2618 3098 Filium
2663 3043 2892 3099 hominis
2933 3044 2986 3096 in
3026 3044 3428 3098 similitudinem

179 3136 462 3206 pristinam
497 3151 766 3190 revocare.
815 3133 984 3188 Porro
1003 3145 1210 3198 autem,
1243 3133 1380 3188 sicut
1415 3133 1548 3186 mari
1583 3133 1757 3200 possi-
1782 3121 1829 3183 C
1860 3133 2042 3190 carnis
2063 3136 2268 3204 peccati
2292 3133 2464 3204 (Rom.
2488 3135 2608 3206 vin)
2635 3136 2938 3190 venientem
2981 3151 3078 3205 per
3105 3135 3430 3201 voluntatem

181 3227 286 3281 bile
340 3235 422 3281 est
477 3227 636 3280 unius
687 3219 920 3282 hominis
966 3241 1160 3294 corpus
1211 3223 1466 3288 abluere,
1525 3223 1598 3276 ita
1651 3221 1758 3278 Deo

178 3317 442 3390 perfacile
465 3328 567 3380 est,
600 3315 988 3384 quantumlibet
1025 3315 1177 3384 lapsi,
1223 3313 1610 3382 quantumlibet
1641 3329 1759 3382 pec-

183 3413 388 3462 cator'.s
429 3406 660 3462 hominis
707 3409 940 3460 animum
988 3407 1056 3459 ab
1099 3405 1242 3460 omni
1289 3413 1469 3459 reatus
1511 3405 1761 3472 squalore

183 3515 442 3572 purgare.
485 3499 587 3553 Sed
621 3499 758 3552 sicut
787 3497 908 3566 quis
933 3497 1167 3566 quandiu
1201 3497 1252 3548 in
1284 3505 1464 3549 innate
1491 3491 1757 3554 consistit,

189 3591 418 3643 marinis
447 3589 700 3643 fluetibus
731 3603 835 3642 non
866 3587 1115 3652 abluitur,
1151 3589 1222 3640 ita
1253 3595 1502 3656 peccator
1527 3583 1761 3652 quandiu

189 3683 242 3736 in
273 3693 486 3734 tumore
509 3679 770 3750 superbire
792 3687 1117 3747 perseverat,
1147 3678 1269 3730 licet
1291 3677 1434 3746 larga
1457 3677 1548 3736 sli,
1573 3675 1764 3726 divina:

187 3772 410 3849 pietatis
436 3786 558 3826 eum
587 3768 908 3824 abundantia
935 3784 1038 3822 non
1066 3775 1346 3836 expurgat.
1387 3766 1618 3819 Accedat
1637 3777 1765 3832 ergo

191 3881 290 3936 per
319 3863 692 3933 paenitentiam
727 3862 792 3914 ad
821 3861 1024 3913 fontem
1063 3857 1460 3917 misericordiae,
1498 3855 1588 3926 qui
1621 3856 1764 3908 desi-

187 3955 348 4009 derat
376 3954 515 4008 ablui
549 3969 578 4006 a
612 3952 871 4020 contagiis
899 3949 1087 4016 culpae.
1126 3949 1190 4003 Et
1214 3950 1304 4019 qui
1331 3950 1430 4004 sibi
1463 3963 1491 4000 a
1525 3948 1629 4001 Deo
1651 3948 1764 4002 fieri

195 4045 626 4099 misericordiam
677 4041 936 4112 postulat,
985 4041 1096 4110 ipse
1143 4055 1352 4110 quoque
1391 4038 1770 4094 misericordia:

195 4141 410 4194 viscera
461 4137 720 4208 proximis
763 4135 1120 4206 indigentibus
1164 4133 1454 4190 clementer
1481 4131 1768 4200 impendat.

195 4229 424 4293 Videtis,
453 4229 648 4284 fratres
673 4226 1000 4291 charissimi,
1031 4226 1152 4295 quia
1191 4227 1401 4280 beatum
1445 4226 1585 4277 hunc
1617 4222 1772 4275 Doni-

197 4317 398 4382 faeium
453 4321 520 4378 de
553 4327 635 4378 tot
681 4317 895 4390 flagitiis
929 4333 1047 4384 qua:
1093 4315 1379 4375 commisit,
1428 4312 1598 4367 solum
1639 4325 1772 4379 opus

203 4410 590 4472 niiscrtwrdize
639 4410 906 4470 liberavit.
967 4407 1036 4462 lit
1075 4413 1182 4462 non
1233 4405 1388 4460 modo
1433 4411 1770 4473 peccaturum

201 4519 370 4558 nexus
397 4501 672 4562 evaderet,
711 4501 802 4552 sed
839 4500 1000 4551 etiam
1029 4495 1322 4565 insignibus
1347 4493 1584 4546 vittorize
1613 4487 1776 4546 titulis
1806 4467 1854 4527 D

205 4594 270 4646 ad
309 4592 521 4648 felicem
557 4589 798 4659 martyrii
835 4589 1055 4658 gloriam
1095 4583 1410 4654 perveniret.
1459 4583 1518 4634 Et
1562 4583 1774 4650 quidem

207 4697 310 4736 non
343 4692 462 4735 crat
496 4680 693 4750 dignus
751 4691 807 4732 ut
841 4695 870 4731 a
911 4677 1020 4732 Deo
1054 4675 1434 4744 susciperetur,
1469 4673 1564 4726 sed
1603 4671 1778 4725 dando

213 4787 326 4837 sua,
345 4773 646 4840 promeruit
669 4777 728 4822 ut
767 4767 1110 4835 semetipsum
1135 4765 1242 4819 Deo
1263 4763 1584 4818 sacrificium
1607 4761 1778 4821 daret,

219 4873 288 4922 at,
315 4863 402 4930 qui
429 4869 660 4916 eatenus
689 4857 978 4914 carnaliter
1000 4857 1224 4918 vixerat,
1251 4851 1576 4923 spiritualem
1603 4866 1660 4904 se
1685 4852 1783 4909 bo-

217 4952 370 5008 sliatn
393 4951 444 5008 in
465 4950 690 5006 odorem
721 4948 1000 5002 suavitatis
1022 4946 1255 5002 offerret.
1285 4941 1530 4998 Nonnulli
1553 4955 1782 5008 namque

221 5042 363 5110 prius
387 5041 711 5110 semetipsos
736 5034 1352 5104 offerunt,.pos:modum
1379 5047 1496 5086 sua.
1537 5029 1688 5084 Sicut
1717 5031 1785 5084 de

221 5131 368 5198 primi
395 5132 637 5201 parentis
671 5129 782 5182 filio
814 5127 1064 5196 scripturn
1098 5131 1180 5177 est
1213 5141 1224 5175 :
1259 5142 1276 5174 ι
1313 5122 1564 5192 Respexit
1605 5119 1787 5176 Domi.

221 5209 419 5278 nus'ad
466 5222 607 5278 Abel
655 5228 712 5272 et
763 5219 826 5272 ad
876 5231 1092 5270 numera
1123 5213 1242 5278 ejus
1274 5209 1542 5283 (Gemtv).
1575 5230 1594 5263 ι
1637 5212 1790 5268 Sicut

387 5313 406 5338 ι
425 5312 508 5338 Ι..,Ι
539 5305 886 5338 οηηιηίῖηαηηι
914 5305 1020 5338 “an
1051 5301 1200 5338 ηνίιια
1227 5301 1485 5338 ηῑιΙιιΙυιοσιΙ
1550 5311 1600 5338 ΩΙ
1645 5315 1792 5338 ﬂuet-

1860 3225 1978 3290 Dei,
2019 3229 2298 3296 utriusque
2335 3227 2534 3296 populi,
2567 3225 2772 3282 Julaici
2817 3227 3058 3282 videlicet
3093 3237 3146 3282 et
3197 3227 3430 3299 gentilis.

1861 3315 2234 3385 persecutione
2281 3316 2544 3384 gravari?
2603 3315 2768 3370 Plane
2821 3316 3098 3374 uti-insane
3153 3331 3212 3370 se
3268 3315 3436 3370 voluit

1861 3405 2111 3459 manibus
2155 3405 2456 3472 subiacere,
2503 3406 2594 3474 qui
2637 3407 2704 3461 de
2743 3407 2873 3477 iugo
2909 3405 3106 3462 diaboli
3153 3415 3438 3476 utrumque

1862 3507 2084 3550 venerat
2113 3497 2369 3566 populum
2399 3497 2650 3552 liberare.
2711 3497 2850 3566 Quid
2889 3514 3014 3554 vero
3041 3509 3124 3556 est
3148 3502 3290 3569 quod
3317 3511 3440 3569 post

1863 3587 2256 3644 confessionem
2288 3597 2448 3656 atque
2477 3587 2914 3660 imprecationem
2949 3590 3192 3646 omnium
3243 3589 3440 3657 iniqui.-

1865 3687 2034 3732 tatum
2061 3677 2292 3734 filiorum
2316 3677 2476 3732 Israel
2495 3691 2657 3748 super
2677 3679 2854 3750 capita
2875 3678 2992 3754 eius
3011 3679 3192 3734 hircus
3212 3679 3440 3733 mittitur

1867 3769 1920 3824 in
1948 3770 2238 3834 desertum,
2265 3770 2368 3824 nisi
2391 3772 2514 3840 quia
2537 3770 2584 3824 is
2604 3769 2694 3839 qui
2717 3779 2934 3840 peccata
2981 3779 3162 3826 nostra
3185 3771 3435 3838 portavit,

1865 3861 1960 3929 qui
2003 3859 2136 3930 legis
2179 3861 2462 3914 maledicta
2494 3861 2766 3926 sustinuit,
2797 3863 3039 3932 protinus
3072 3863 3124 3916 in
3150 3863 3439 3929 desertum,

1871 3958 1958 4012 ubi
1992 3956 2280 4026 nonaginta
2325 3971 2514 4009 novem
2559 3955 2865 4026 reliquerat,
2897 3971 3053 4013 ovem
3087 3955 3440 4018 centesimam

1873 4047 2209 4116 reportavit?
2235 4045 2450 4116 (Matth.
2482 4048 2657 4116 xvm.)
2693 4046 2844 4102 Unde
2868 4055 2922 4103 et
2952 4047 3236 4118 Apostolus
3263 4065 3280 4111 _:
3325 4066 3341 4099 ι
3375 4047 3446 4110 Ut

1870 4156 1990 4204 nos,
2033 4140 2224 4208 inquit,
2265 4139 2521 4194 liberaret
2559 4155 2587 4194 a
2632 4140 2934 4206 maledicto,
2991 4141 3105 4210 ipse
3150 4140 3324 4194 factus
3363 4151 3448 4194 est

1875 4227 2214 4282 maledictum
2262 4226 2402 4299 (Gal.
2455 4229 2556 4297 ιιι).
2589 4247 2608 4280 ι
2653 4229 2756 4284 Per
2789 4231 2996 4285 hircum
3029 4245 3158 4300 ergo
3189 4228 3446 4298 ﬁguratus

1873 4329 1956 4374 est
1991 4319 2266 4382 Dominus,
2318 4319 2408 4388 qui
2457 4333 2556 4388 pro
2603 4321 2974 4390 peccatoribus
3022 4325 3182 4376 ven't.
3225 4320 3444 4375 Haedum

1877 4408 2184 4466 Bonifacius
2213 4409 2422 4474 obtulit,
2466 4410 2556 4479 qui
2603 4425 2718 4464 sese
2761 4412 2829 4464 ad
2872 4413 3184 4480 portaudam
3227 4425 3444 4468 crucem

1877 4497 1990 4568 ejus
2013 4505 2128 4568 post
2158 4507 2374 4567 peccata
2398 4501 2681 4554 convertit.
2703 4499 2770 4553 Et
2789 4501 2910 4568 quia
2933 4501 2984 4554 in
3008 4500 3120 4570 lege
3141 4500 3448 4569 praecipitur

1879 4597 1938 4644 ut
1983 4589 2074 4658 qui
2109 4589 2162 4642 in
2196 4585 2368 4656 primo
2406 4603 2589 4642 mense
2625 4589 2829 4642 Pascha
2859 4588 3034 4644 facere
3060 4599 3164 4642 non
3195 4590 3446 4659 potuerit,

1881 4678 2044 4736 faciat
2070 4681 2122 4734 in
2145 4681 2410 4744 secundo;
2442 4681 2648 4748 primus
2687 4688 2866 4734 autem
2897 4681 3120 4748 mensis,
3151 4681 3324 4749 prima
3367 4692 3452 4736 est

1881 4769 2078 4839 gratia.
2115 4769 2314 4822 Beatus
2348 4769 2438 4822 hic
2482 4778 2704 4838 martyr,
2751 4771 2878 4840 quia
2907 4770 3214 4841 paschalem
3258 4787 3450 4842 agnum

1887 4875 1994 4914 non
2053 4857 2326 4914 obtulerat
2387 4858 2440 4916 in
2497 4858 2670 4927 primo
2725 4875 2912 4926 mense
2955 4861 3262 4926 innocentis
3311 4862 3455 4924 vita,

1882 4950 2096 5004 bardum
2125 4947 2318 5003 obtulit
2357 4949 2409 5004 in
2447 4948 2700 5010 secundo,
2735 4949 3030 5008 {manasse
3064 4949 3312 5014 videliget
3347 4967 3462 5030 pm—

1887 5041 2148 5094 nitentiae.
2186 5039 2286 5105 Qui
2327 5041 2452 5093 dum
2485 5037 2672 5107 quierit
2701 5037 2978 5101 honorare
3005 5051 3295 5112 martyres,
3325 5056 3467 5096 mar-

1892 5141 1974 5200 tyr
2003 5128 2252 5194 efﬁcitur,
2288 5129 2430 5184 sicut
2465 5134 2522 5181 et
2560 5120 2644 5180 iiie
2670 5126 2726 5181 in
2769 5129 3131 5204 hospitalitate
3153 5146 3266 5188 non
3293 5133 3472 5198 dispar

1891 5218 2113 5282 Abdias,
2143 5220 2266 5272 dum
2296 5219 2586 5288 prophetas
2619 5220 2802 5286 pascit
2841 5227 2896 5281 in
2929 5217 3217 5292 specubus,
3249 5220 3476 5294 prophe—

1895 5309 2036 5338 ...ι-,ἓξ
2069 5309 2292 5338 κ-ηιξιιινι
2323 5317 2374 5338 Α.
2411 5310 2522 5338 ται-Λ
2551 5318 2796 5338 ,νυν-ηε..-
2833 5315 2942 5338 ΙΙΙΙ
2979 5311 3076 5338 Dan
3121 5319 3256 5338 ..ι---ἱ
