3946 5368
513 262 616 316 ﬁll)

513 461 675 514 ﬁlium
718 454 932 530 quidem
973 460 1047 514 'ad
1100 451 1394 530 prophetia:
1439 461 1962 530 provehitgratiau',
2001 459 2090 514 alii

511 552 754 623 martyrii
787 553 880 605 dat
903 554 1210 607 coronam?
1243 553 1316 606 llli
1347 553 1434 607 dat
1488 562 1544 607 ιιι
1567 552 1860 608 Ecclesium
1890 549 2088 607 Christi

507 644 744 700 caalcstis
772 644 972 698 eraculi
1003 645 1483 715 dapibus‘pascat;
1531 645 1616 700 isti
1654 645 1856 714 prtebet
1920 651 1977 697 ut
2022 641 2090 696 ad

508 735 754 804 Superba:
812 735 995 804 gloriae
1042 734 1280 803 nuptiale
1327 734 1631 789 convivium
1687 743 1803 802 post
1850 731 2088 787 victoria:

507 829 740 897 palmam
767 826 992 882 feliciter
1015 827 1326 898 epulaturus
1347 827 1586 883 accedat.
1617 826 1918 880 llabeanms
1936 840 2086 895 ergo,

503 917 723 983 fratres,
778 919 1224 983 miserit-Ordiam,
1288 927 1345 974 ut
1406 928 1462 974 et
1511 919 1608 989 ipsi
1664 917 2086 973 misericordiam

500 1013 929 1080 censequamur;
971 1026 1223 1066 curemus
1249 1010 1605 1082 eleemosynis
1632 1017 1686 1064 et
1711 1009 1926 1079 pietatis
1955 1023 2086 1079 epe-

505 1100 672 1160 ribus,
707 1099 760 1154 in
793 1108 1048 1169 quantum
1082 1099 1309 1155 facultas
1338 1100 1623 1170 permittit,
1664 1099 1933 1152 insistere.
1989 1097 2085 1150 De-

500 1190 662 1244 lectet
700 1191 1080 1260 hospitalitatis
1109 1185 1182 1246 ac‘
1205 1190 1455 1248 fraterna:
1501 1191 1860 1261 susceptionis
1909 1190 2088 1244 sttnlio

441 1282 468 1294 ⁴
503 1282 800 1347 deservire,
833 1294 889 1335 ut
914 1283 1002 1352 qui
1028 1283 1264 1338 cutlestis
1294 1284 1456 1338 curiae
1485 1281 1767 1338 senatores
1795 1283 2086 1353 aspicimus

503 1389 598 1444 per
626 1375 836 1444 pietatis
865 1391 1028 1445 opera
1062 1385 1222 1431 tanta:
1245 1376 1524 1447 dignitatis
1549 1365 1772 1446 gloriam
1803 1377 2082 1438 meruisse,

500 1465 604 1536 ipsi
653 1467 839 1520 Saltem
877 1467 1061 1537 procul
1097 1467 1259 1522 dubio
1288 1467 1622 1522 confidamus
1645 1468 1712 1521 ad
1743 1477 2083 1537 peccatorum

499 1567 810 1610 nostrorum
863 1557 1245 1627 indulgentiam
1297 1559 1595 1628 pervenire,
1652 1558 1890 1612 Veritate
1933 1557 2079 1628 polli-

502 1649 680 1712 ceule,
712 1665 830 1717 qua:
862 1650 972 1703 ait:
1010 1669 1027 1700 ι
1058 1650 1203 1705 Beati
1236 1649 1631 1713 misericordes,
1670 1650 1923 1720 quoniam
1956 1648 2083 1718 ipsis

1056 256 1110 311 S.
1152 255 1352 310 PETRI
1388 255 1668 310 DAMlA-Nl
1709 254 1858 309 Ol‘P.
1901 251 2078 308 PARS

2183 251 2247 309 ει]
2291 252 2528 310 TOMUS
2567 253 2629 308 ll.
2661 285 2730 294 -ο
2771 252 3154 310 SEllMONES.

513 371 760 435 vit'tdtes,
790 386 907 440 quae
934 370 1182 424 nimirqu
1223 370 1287 424 de
1309 371 1587 425 communi
1631 369 1780 440 plebe
1823 370 2086 432 homines,
2119 377 2163 434 Α
2195 370 2445 429 etavcrit,
2477 369 2678 439 aliquid
2713 369 2888 434 vobis,
2918 369 3071 439 juxta
3103 369 3421 426 rusticitatis
3448 386 3579 426 mea:
3615 374 3744 427 ruJi-
3837 393 3840 396 '

3651 260 3748 312 6Ξῦ

2193 467 2368 515 menta
2399 462 2778 526 conscribere,
2804 470 2863 516 ιιι
2891 470 2944 518 et
2995 461 3107 533 ipsc
3137 472 3325 519 sancto
3355 460 3638 519 convent'ui
3667 482 3746 519 ve-

2191 562 2304 607 stro
2329 552 2518 608 deesse
2545 571 2650 608 non
2680 551 2886 618 videar,
2914 564 3111 624 pra:ter
3150 554 3239 610 illa
3266 571 3385 625 qua:
3421 554 3620 624 legitis,
3653 557 3748 610 επι-

2185 645 2297 697 "tem
2336 660 2524 713 parum
2553 641 2779 716 aliquid,
2809 644 2954 700 \‘t'lut
2987 657 3226 716 agrestes
3254 647 3451 702 herbas
3494 646 3747 718 opulentis

2191 732 2408 788 ferculis
2438 735 2720 790 adhibere.
2754 735 2844 791 Sic
2876 738 3052 805 itaque
3069 737 3267 790 vestris
3293 736 3579 792 desideriis
3605 736 3747 789 satis-

2190 823 2302 893 lict,
2335 829 2481 894 dum,
2513 829 2637 899 quia
2671 826 3127 883 mihi'litterarum
3163 829 3316 899 copia
3339 827 3628 882 artificiOsa
3655 845 3745 885 non

2188 921 2442 991 suppetit,
2474 937 2535 976 ea
2569 937 2689 992 qua:
2721 930 2998 977 tentavero
3025 919 3282 985 scribere,
3313 936 3343 974 a
3383 921 3526 975 vivis
3559 921 3746 975 medice

2188 1011 2474 1065 videantur
2503 1003 2844 1066 sermonibus
2868 1011 3195 1080 discrepare.
3221 1010 3326 1065 Sed
3355 1010 3496 1063 unde
3520 1010 3618 1063 ista
3640 1025 3746 1062 con-

2187 1105 2467 1174 gruentius
2498 1105 3079 1176 inciperepossumus,
3109 1104 3213 1158 nisi
3246 1120 3275 1157 a
3307 1112 3497 1156 sancto
3527 1101 3743 1170 Spiritu.

2186 1196 2340 1265 cujus
2369 1213 2466 1251 vos
2508 1198 2812 1266 nuperrime
2835 1206 2888 1250 et
2920 1196 3180 1251 solemnia
3212 1196 3444 1249 coluisse
3466 1203 3521 1249 et
3563 1210 3746 1248 sermo-

2180 1301 2308 1343 nem
2333 1301 2398 1345 ex
2424 1289 2579 1343 ollicii
2621 1281 2790 1343 nostri
2824 1286 3123 1343 ministerio
3159 1305 3262 1341 non
3287 1288 3507 1340 audisse
3533 1287 3748 1356 graviter

2185 1381 2461 1451 suspirare
2489 1381 2760 1435 videmus?
2778 1380 2856 1434 Et
2887 1382 3000 1435 hcce
3029 1381 3245 1450 quidem
3277 1395 3384 1433 non
3425 1378 3640 1441 timide,
3667 1379 3752 1430 sed

2185 1473 2412 1527 ﬁdenter
2439 1474 2802 1543 aggredimur,
2827 1474 2980 1543 quia,
3010 1472 3076 1527 de
3098 1487 3204 1542 quo
3229 1469 3374 1539 loqui
3407 1467 3668 1530 volamus,
3690 1467 3752 1518 ὡ

2186 1563 2300 1633 ipso
2324 1565 2656 1632 concipimus
2689 1573 2746 1616 ut
2770 1563 2912 1633 loqui
2945 1562 3103 1632 digne
3125 1560 3417 1615 valeamus.

2255 1654 2434 1708 Primo
2485 1656 2664 1725 itaque
2710 1655 3004 1710 notandqu
3037 1665 3148 1719 est,
3184 1653 3383 1707 fratres
3433 1651 3577 1714 nui,
3608 1658 3753 1717 atque

503 1737 925 1792 tttiscricortliatlt
958 1739 1110 1794 dabit;
1132 1737 1274 1794 Deus
1303 1739 1516 1810 (Matth.
1550 1739 1626 1810 v),
1659 1758 1679 1791 ι
1723 1738 1812 1809 qui
1855 1754 2000 1792 unus.
2027 1746 2082 1791 et
2115 1746 2155 1803 Β
2184 1744 2330 1798 οιιιιιί
2369 1744 2560 1800 anuis"
2616 1743 2889 1798 memoria:
2929 1744 3414 1798 commendandum
3467 1739 3631 1808 quia,
3663 1737 3745 1788 nisi

500 1845 659 1883 verus
687 1830 738 1884 in
768 1829 1029 1885 Triuitate
1073 1831 1306 1901 perfecta
1353 1831 1484 1885 vivit
1513 1839 1568 1885 et
1598 1841 1785 1902 regnat
1813 1831 1863 1885 in
1887 1829 2078 1885 saecula

500 1922 838 1976 Sil‘t'tilttt‘tlttt.
879 1926 1069 1978 Amctt.
1161 1969 1168 1976 .

1085 2081 1315 2138 SER-MO
1356 2082 1492 2137 XXI.

599 2226 664 2265 DE
703 2228 908 2266 Sf’llll'fl}
944 2228 1143 2268 SANCTO
1183 2228 1250 2268 ΕΤ
1289 2229 1411 2268 EJUS
1447 2229 1662 2268 (ιιιΑτιΑ.
1697 2213 1787 2283 (κν
1827 2228 1984 2281 IUL,

575 2326 844 2381 Laetamur
871 2328 936 2381 de
964 2329 1338 2383 honestissima
1378 2329 1633 2398 petitione
1658 2337 1858 2391 vestra,
1891 2326 2083 2380 fratres

499 2417 830 2480 cltarissimi,
855 2428 908 2473 et
933 2418 1142 2473 flebiles
1176 2419 1596 2489 importunitatis
1622 2430 1815 2474 vestra:
1835 2416 2083 2486 querelas

487 2509 763 2578 gaudendi
794 2510 947 2564 nobis
975 2509 1256 2563 materiam
1280 2510 1623 2580 deputamus,
1665 2510 1788 2578 quia
1821 2507 1966 2562 enim
1994 2506 2083 2561 his

486 2601 688 2654 «tiebus
734 2603 803 2654 ad
847 2602 1060 2671 propria
1105 2611 1324 2670 peccata
1371 2601 1689 2656 familiarius
1734 2600 2081 2670 deploranda,

497 2704 605 2745 non
632 2692 804 2746 solum
831 2693 1136 2747 remotioris
1155 2694 1413 2747 custodia:
1431 2693 1640 2747 obicem
1663 2690 1878 2761 corpori
1907 2691 2001 2745 sed
2029 2699 2084 2744 et

498 2783 712 2852 procaci
757 2782 953 2851 lingua:
979 2784 1129 2838 frena
1165 2783 1460 2852 posuimus.
1503 2782 1756 2848 Pulsatis,
1781 2782 1982 2852 petitis,
2006 2788 2080 2843 et.

504 2873 662 2944 109
680 2884 738 2929 ut
759 2876 909 2929 vobis
925 2869 1296 2929 :mlilicationis
1316 2877 1476 2929 verba
1499 2873 1744 2944 proferre
1763 2889 1864 2927 non
1883 2872 2080 2942 pigeat,

502 2967 892 3020 insuntissime
929 2965 1181 3035 ﬂagitatis
1204 3005 1219 3029 ,
1261 2966 1496 3020 maxime
1526 2965 1653 3035 quia
1683 2978 1852 3032 nuper
1890 2971 2081 3017 octava

502 3073 671 3110 δίκη-ιη
698 3057 1064 3120 Ρριιιροιιειρε,
1105 3072 1191 3111 me
1221 3065 1432 3111 tacente
1456 3097 1470 3120 ,
1504 3057 1845 3126 pertransiit,
1880 3063 1936 3109 et
1962 3052 2082 3106 ideo

503 3164 608 3200 non
660 3147 929 3202 mediocre
976 3162 1075 3201 vos
1101 3147 1440 3202 arbitramini
1480 3116 1713 3217 propria:
1767 3145 1956 3200 salutis
1997 3144 2079 3198 in-
2107 3118 2151 3176 Ο
2187 3121 3036 3217 ιυ)·-³-Ἰίοτι“ειῂει.ιιιοιιι,ιιοειιιςιῖ
3092 3118 3182 3170 ubi
3237 3116 3348 3217 spei

495 3241 736 3292 currisse
761 3238 1097 3305 dispendium
1121 3279 1134 3301 ,
1175 3239 1301 3308 quia
1331 3254 1550 3293 mecum.
1584 3253 1686 3290 non
1720 3236 1973 3306 potuistis
2014 3237 2079 3290 de

503 3332 736 3383 advequ
765 3331 936 3384 sancti
969 3329 1202 3399 Spiritus
1235 3331 1494 3400 frequens
1521 3330 1720 3384 habere
1746 3329 1904 3383 solito
1928 3345 2077 3383 more

495 3421 849 3489 colloquium.
887 3417 1037 3475 Unde
1070 3435 1174 3474 non
1201 3421 1472 3474 immerito
1511 3419 1848 3488 gratulamur
1887 3420 1939 3473 itt
1977 3420 2080 3473 Do-

501 3511 909 3574 rnino,‘dum-ad
934 3511 1050 3566 ἱΙΙ-ις
1075 3527 1168 3565 vos
1196 3511 1379 3574 epulas
1409 3511 1595 3566 avidos
1621 3520 1783 3579 atque
1814 3510 2080 3563 inhiantes

487 3605 811 3674 aspicimus,
853 3619 1078 3673 quarum
1121 3605 1328 3658 sobrios
1349 3614 1403 3658 et
1425 3604 1921 3668 fastidiosos,,volut
1943 3603 2081 3656 male

501 3694 888 3765 languescente
920 3695 1114 3748 mentis
1145 3695 1444 3753 stentaclto.
1490 3693 1646 3748 tuorti
1679 3694 1956 3764 proximos
1992 3691 2079 3760 ju-

495 3788 766 3841 dicamus.
822 3787 888 3840 lit
931 3785 1056 3839 licet
1086 3800 1210 3840 vera
1249 3785 1488 3839 charitas
1531 3800 1635 3838 non
1672 3784 1910 3853 patiatur
1939 3784 2082 3838 inter

505 3876 698 3930 fratres
722 3876 941 3930 diversa
970 3874 1180 3937 sentiri,
1213 3873 1402 3934 fateor,
1441 3883 1616 3928 tamen
1645 3873 1695 3927 in
1722 3874 1823 3928 hoc
1855 3871 2080 3928 articulo

493 3983 598 4020 cor
630 3982 804 4020 meum
851 3976 1032 4020 vester
1079 3979 1280 4018 llttBl‘Ol‘
1315 3964 1617 4026 exhilarat,
1667 3971 1859 4033 atque.
1909 3970 1968 4016 ut
2007 3963 2077 4016 ita

505 4058 730 4112 dixerim
759 4097 774 4121 ,
810 4057 1112 4111 amaritudo
1162 4067 1353 4110 vestm-
1402 4056 1635 4110 tristitiae
1667 4056 1842 4110 meam
1896 4063 2079 4125 pectus

505 4148 778 4211 obdulcat,
812 4148 937 4216 quia
967 4149 1107 4202 unde
1127 4149 1211 4215 pia
1243 4163 1392 4201 mens
1412 4158 1591 4202 vestra
1633 4147 1908 4200 maerendo
1939 4147 2082 4203 tabe-

499 4239 649 4304 scit,
673 4239 799 4293 inde
828 4239 892 4292 in
918 4254 1055 4292 vera:
1086 4237 1274 4302 salutis
1302 4236 1815 4308 gaudiutthprolicit,
1849 4245 2080 4290 testante

504 4330 786 4402 Apostolo,
817 4329 921 4399 qui.
945 4329 1021 4383 ait
1046 4345 1059 4381 :
1099 4346 1115 4377 ι
1145 4326 1394 4381 Tristitia
1421 4327 1715 4381 secundum
1749 4327 1914 4380 Deum
1938 4325 2081 4380 salu-

503 4432 612 4477 tem
642 4423 889 4478 stabilem
915 4429 1172 4491 operatur
1201 4417 1289 4487 (ΙΙ
1327 4417 1449 4471 Gor.
1485 4418 1604 4488 vn).
1642 4437 1661 4467 ι
1706 4416 1810 4470 Sed
1835 4417 1925 4484 qtti
1956 4433 2075 4471 san-

501 4529 713 4571 etorum
752 4513 970 4568 Patrum
1017 4511 1266 4566 hontilias
1305 4510 1502 4579 legitis,
1535 4508 1625 4578 qui
1655 4508 1894 4579 quotidie
1938 4507 2074 4561 sacri

501 4608 701 4677 eloquii
729 4604 1171 4661 meditationibus
1220 4603 1468 4658 insistere
1517 4618 1622 4656 non
1665 4601 1929 4664 cessatis,
1968 4615 2077 4668 quo

505 4710 662 4769 pacto
690 4699 830 4753 inter
857 4697 970 4766 ipsa
1011 4695 1166 4766 plena
1197 4694 1450 4750 torrentis
1479 4691 1774 4748 circumﬂui
1812 4690 2078 4760 profunda

508 4803 616 4845 tam
650 4791 790 4845 aridi
807 4798 860 4842 et
883 4786 1200 4858 pauperculi
1225 4785 1456 4840 hominis
1475 4799 1670 4854 aquam
1692 4782 2076 4852 despicabilem

503 4882 656 4936 sitire
682 4879 996 4950 dignantiai,
1024 4877 1126 4931 nisi
1150 4877 1274 4945 quia
1301 4876 1368 4929 ad
1397 4875 1496 4930 hoc
1519 4890 1621 4928 non
1637 4889 1799 4930 amor
1815 4871 2074 4937 scientiae,

505 4987 626 5042 qua:
652 4970 800 5025 inﬂat
824 4969 878 5038 (ι
904 4969 1030 5025 Cor.
1058 4972 1199 5036 vni),
1230 4967 1472 5034 impellit,
1496 4965 1588 5020 sed
1610 4967 1847 5019 charitas
1875 4965 2072 5034 potius,

661 5073 690 5076 ,Α
721 5058 787 5076 νη
811 5066 876 5076 γμι
930 5057 1029 5076 Ill!
1056 5058 1068 5076 Ι
1098 5059 1109 5076 \
1179 5067 1267 5076 .-.η
1308 5057 1318 5076 I
1346 5055 1414 5076 3-0
1445 5055 1498 5076 οἳ
1532 5055 1664 5076 ..-,ξ-μ-
1694 5072 1704 5076 -
1729 5055 1837 5076 -.1.ἷη
1896 5065 1947 5076 ..ι
1983 5055 2041 5076 ,ΙΑ

2185 1836 2307 1904 quis
2346 1835 2514 1905 gratia
2561 1836 2740 1890 sancti
2783 1835 3016 1905 Spiritus
3063 1843 3338 1890 mereatur
3384 1831 3594 1894 at‘llari,
3639 1829 3745 1883 licet

2187 1937 2441 1991 conetur,
2474 1909 2687 1980 licetad
2730 1935 2940 1995 tempus
2975 1925 3115 1980 eniti
3161 1924 3436 1986 videatur,
3485 1936 3746 1990 numquam

2188 2027 2367 2072 tamen
2397 2018 2464 2071 ad
2501 2017 2637 2071 Lona
2668 2015 2971 2087 peragenda
3017 2029 3240 2086 prorsus
3279 2027 3599 2082 assurgere,
3629 2027 3744 2063 nun-

2184 2125 2347 2181 quam
2373 2110 2482 2165 Deo
2522 2109 2702 2180 placiti
2724 2109 2904 2178 operis
2933 2107 3072 2162 valet
3108 2107 3312 2163 fructus
3338 2104 3563 2160 afferre.
3590 2104 3744 2158 Arbor

2186 2217 2415 2272 namque
2431 2202 2544 2258 solo
2569 2203 2826 2257 radicitus
2849 2200 2953 2256 fixa
2977 2215 3170 2256 succos
3193 2214 3258 2253 ex
3283 2198 3482 2268 uligine
3504 2197 3743 2266 concipit,

2183 2293 2378 2364 qtiibus
2407 2310 2502 2364 per
2534 2293 2789 2348 interiora
2832 2289 3040 2346 dilfusis
3069 2333 3081 2353 .
3123 2302 3178 2344 ct
3212 2290 3265 2345 in
3317 2291 3658 2344 incrementa
3695 2305 3744 2342 re

2185 2387 2396 2441 roboris
2415 2385 2572 2456 erigit
2599 2394 2651 2440 et
2681 2399 2902 2454 germen
2926 2383 3144 2438 emittit.
3175 2381 3387 2452 Quique
3413 2391 3604 2436 autem
3634 2382 3744 2434 lldc-

2184 2479 2261 2537 les
2282 2479 2506 2535 arbores
2528 2495 2713 2534 sumus
2730 2479 2868 2532 intra
2893 2485 3093 2532 sanctae
3117 2490 3306 2530 nemus
3323 2457 3608 2541 Ecclesia;
3628 2473 3744 2525 illius

2184 2574 2380 2629 summi
2424 2572 2690 2643 Agricola:
2733 2569 3086 2640 dispositione
3115 2567 3365 2636 plantati.
3397 2566 3578 2633 Quam
3616 2565 3741 2634 plan-

2185 2667 2439 2720 tatiouem
2486 2662 2684 2718 Paulus
2725 2661 2999 2716 indicabat
3025 2659 3307 2728 Ephesiis,
3354 2675 3480 2712 cum
3511 2657 3741 2714 dicebat:

2189 2775 2207 2807 ι
2243 2755 2314 2811 Ut
2342 2757 2430 2810 det
2456 2755 2606 2809 vobis
2635 2752 2926 2809 secundum
2957 2751 3174 2805 divitias
3212 2750 3398 2820 gloria:
3425 2764 3539 2804 suae
3573 2748 3745 2801 virtute

2185 2847 2526 2903 corroborari
2560 2861 2655 2922 per
2695 2844 2957 2914 Spiritum
2995 2843 3112 2912 ejus
3155 2841 3207 2895 in
3237 2841 3560 2895 interiorem
3594 2838 3744 2894 horni-

2185 2958 2340 3006 nem,
2391 2941 2665 2996 Christum
2723 2939 2967 2994 habitare
3020 2952 3116 3006 per
3167 2935 3326 2988 fidem
3401 2933 3456 2988 in
3511 2932 3743 2987 cordibus

2186 3035 2411 3097 vestris,
2466 3033 2519 3086 itt
2573 3031 2836 3086 charitate
2898 3028 3134 3082 radicati
3191 3036 3244 3080 ct
3283 3024 3502 3079 fundati
3547 3022 3739 3091 (Epiri.

3392 3124 3598 3169 IIOSU‘J!
3665 3129 3741 3167 Γει-

2181 3217 2272 3268 dix
2297 3214 2456 3283 110
2479 3214 2748 3273 innititur,
2793 3211 2880 3266 illa
2905 3209 3146 3280 profeeto
3161 3218 3243 3262 est
3265 3209 3330 3262 dc
3358 3223 3466 3276 qua
3485 3223 3585 3277 per
3610 3205 3742 3260 Psal-

2181 3307 2396 3359 mistam
2436 3304 2630 3360 dicitur
2663 3322 2678 3359 :
2709 3323 2729 3356 ι
2771 3303 2950 3358 l’ottio
2997 3317 3114 3356 mea
3165 3300 3219 3354 in
3269 3309 3413 3353 terra
3469 3297 3742 3353 vivendum

2181 3395 2354 3465 (Paul.
2384 3399 2561 3467 cm);
2597 3415 2615 3448 ι
2644 3395 2756 3449 sive
2779 3395 2944 3448 etiam
2972 3392 3279 3447 humanitas
3304 3389 3536 3454 Christi,
3569 3392 3631 3444 de
3651 3405 3740 3458 qua

2181 3488 2320 3542 idem
2362 3487 2622 3557 propheta
2651 3485 2775 3539 alibi
2805 3482 3072 3554 perhibet,
3101 3482 3286 3536 diecus
3325 3498 3340 3533 :
3377 3497 3395 3530 ι
3429 3479 3638 3536 Etenim
3663 3478 3739 3531 tir-

2181 3580 2350 3634 tuavit
2389 3581 2577 3634 orbem
2631 3586 2808 3640 terrm,
2859 3575 2950 3644 qui
2994 3591 3098 3628 non
3123 3571 3556 3628 commovebitur
3585 3568 3738 3640 (l’sal.

2181 3669 2342 3739 xcu).
2392 3689 2411 3722 ι
2465 3667 2522 3722 Si
2566 3683 2695 3738 ergo
2743 3677 2799 3721 ιιι
2845 3665 3192 3732 infructuosa:
3233 3665 3459 3719 arbores
3511 3675 3740 3744 arescere

2181 3763 2467 3827 uolumus,
2509 3760 2556 3815 si
2595 3758 2876 3815 securibus
2930 3757 3107 3812 excidi
3148 3771 3212 3809 ac
3255 3756 3503 3825 deputari
3545 3754 3740 3824 ignibus

2181 3852 2442 3908 inutiliter
2481 3849 2855 3912 formidamus,
2917 3847 2970 3901 in
3022 3845 3107 3901 illa
3157 3860 3529 3914 supernorum.
3561 3843 3740 3898 civium

2167 3944 2381 4012 .patria,
2424 3943 2477 3996 in
2507 3941 2842 3997 humanitate
2887 3937 3264 4007 Redemptoris
3296 3937 3466 3991 nostri
3499 3952 3595 4006 per
3627 3935 3741 3989 cha-

2184 4037 2356 4090 ritalis
2404 4035 2666 4106 glutinum
2711 4033 2827 4104 Spei
2866 4040 3064 4088 nostra:
3115 4030 3268 4084 radix
3313 4045 3533 4098 seraper
3585 4029 3737 4082 inlue-

2183 4139 2315 4192 I-eat,
2345 4138 2402 4182 ut
2429 4128 2497 4182 ad
2552 4125 2906 4196 proferendos
2945 4125 3102 4179 bonae
3145 4121 3480 4192 operationis
3512 4120 3737 4180 fruetus,

2172 4221 2234 4275 in
2269 4220 2433 4274 robur
2462 4217 2794 4272 fortitudinis
2823 4215 3050 4270 firmiter
3085 4212 3449 4268 cmtvalesCat.
3492 4211 3595 4268 Sed
3616 4210 3741 4264 sicut

2181 4311 2343 4366 arbor
2369 4310 2411 4364 si
2444 4308 2744 4380 vegetantis
2792 4306 2937 4361 succi
2985 4306 3210 4360 hutnore
3252 4306 3542 4367 deseritur,
3587 4301 3740 4372 proti-

2184 4417 2284 4456 nus
2327 4401 2660 4464 exsiccatur,
2709 4399 2788 4455 sic
2815 4407 2871 4452 ct
2915 4397 3094 4452 anima
3127 4404 3332 4459 nostra,
3366 4395 3472 4450 nisi
3521 4393 3740 4463 Spiritus

2102 4473 2159 4536 Ῑ)
2183 4493 2352 4546 sancti
2392 4491 2579 4560 gratia:
2617 4489 2784 4544 fuerit
2807 4503 2929 4543 rore
2957 4486 3195 4558 perfusa,
3228 4485 3472 4539 funditus
3497 4482 3736 4544 arefacta,

2183 4583 2248 4636 ad
2279 4581 2474 4636 nullius
2501 4591 2708 4635 sanctae
2745 4578 3080 4649 operationis
3125 4590 3348 4647 germen
3399 4574 3599 4645 poterit
3633 4584 3738 4625 esse

2179 4672 2431 4729 fecunda.
2464 4672 2555 4728 ille
2591 4672 2735 4726 enim
2773 4671 2952 4726 ltnnen
2991 4668 3260 4722 mentibus
3295 4666 3513 4736 ingerit,
3549 4660 3738 4718 deside-

2185 4767 2322 4820 rium
2355 4765 2588 4826 excitat,
2626 4763 2770 4816 vires
2809 4760 3060 4816 infundit.
3095 4759 3330 4814 Illustrat
3360 4757 3648 4826 siquidem,
3689 4761 3738 4804 ut

2185 4858 2804 4924 videamus;provocat,
2834 4863 2894 4907 ut
2918 4851 3179 4915 velimus;
3213 4850 3466 4914 roborat,
3507 4858 3562 4901 ut
3611 4847 3735 4900 bona

2184 4966 2303 5017 qua:
2349 4947 2597 5000 volumus
2631 4944 2850 5014 implere
2884 4940 3176 4996 valeamus.
3205 4940 3280 4994 Ex
3318 4940 3405 4992 illa
3449 4952 3632 5007 nempe
3665 4934 3734 4988 fe-

2183 5041 2456 5076 ωηηιῖιιιια
2509 5039 2772 5076 unnlmmt
2822 5036 3072 5076 lor-rvunt!
3127 5040 3339 5076 nnslrm-
3375 5045 3440 5076 0!
3484 5030 3566 5076 illa
3601 5040 3736 5076 com-
