3946 5368
177 356 262 412 ιιι
1604 342 1735 398 SER

1879 343 2014 398 XXI.
3310 349 3416 405 6Ξί

177 479 286 528 sunt
332 480 608 540 possumus
679 464 1022 534 aliquatenus
1088 470 1401 532 penetrare,
1471 461 1728 531 Apostolo
1759 484 1802 538 Α
1835 462 2154 533 indigemus.
2181 462 2313 517 lllml
2345 463 2527 534 itaque
2553 461 2854 535 flagitemus
2888 466 3030 536 quod
3060 475 3114 521 et
3151 469 3305 523 nobis
3329 478 3413 522 est

179 572 316 628 teste,
340 560 426 630 qui
459 560 534 612 ait
563 577 574 611 :
613 577 630 610 ι
667 557 903 628 Spiritus
951 566 1171 612 sanctus
1215 556 1398 610 oumia
1439 562 1732 618 scrutatur,
1840 567 1951 620 prae
1971 551 2222 607 omnibus
2257 555 2644 620 necessarium,
2679 566 2733 608 et
2763 556 2850 610 ille
2873 558 3043 627 magis
3070 558 3198 612 dare
3228 568 3411 628 petens

179 585 316 628 ωειρ,
340 585 426 630 ιμιι
459 585 534 612 ειη.
563 585 574 611 ζ
613 585 630 610 1
667 585 903 628 ῠμιηιυδ
951 585 1171 612 δειιιιιυδ
1215 585 1398 610 υΙΙΙΙΙΙιΙ
1439 585 1732 618 οιιιιιιιιιη,
1840 585 1950 620 [HW
1971 585 2222 607 υΙυΙΙΙυυδ
2257 585 2644 620 ΙΙῐιυδδαΙΠΙΙΙΙ,
2679 585 2733 608 τι
2763 585 2850 610 HIC
2874 585 3043 627 ηιᾰιδιθ
3070 585 3198 612 uall'c
3229 585 3402 628 νειωι·

140 585 318 724 ‘eiam
350 653 604 724 profunda
643 652 735 707 Dei
762 650 816 722 (ι
847 650 971 705 Cor.
1013 655 1093 718 ιι).
1125 667 1143 700 ι
1171 647 1270 702 Cui
1303 662 1427 701 mox
1453 646 1735 701 sementim
1840 641 1980 697 tibus
2027 644 2345 698 delectatur.
2396 645 2546 709 Illud,
2585 647 2833 716 inquam,
2875 648 2940 702 ab
2979 663 3043 702 eo
3088 648 3204 704 sine
3236 663 3402 703 cessa-

175 754 539 814 consequenter
567 741 808 812 adjungit
850 759 863 794 :
900 759 919 793 ι
951 739 1082 808 Quis
1125 739 1270 793 enim
1308 738 1410 793 scit
1455 737 1730 796 hominum
1839 738 1983 792 tione
2009 753 2319 808 qu:eramns
2360 740 2426 793 ad
2463 742 2604 809 qttod
2649 755 2746 794 nos
2799 741 2909 810 ipse
2969 752 3022 796 et
3065 744 3412 812 quaerendum

174 852 277 908 qua:
302 844 420 889 sunt
445 832 700 898 hominis,
743 831 846 887 nisi
882 832 1104 901 Spiritus
1131 829 1384 892 hominis,
1419 828 1509 900 qui
1546 828 1598 882 in
1620 828 1734 898 ipso
1836 839 2115 898 piovocat,
2155 841 2207 885 et
2241 832 2306 885 ad
2347 833 2671 902 sperandum
2711 843 2860 888 certa
2899 837 3254 906 promissione
3282 852 3410 891 con-

174 928 278 984 est?
313 924 500 996 una.)
544 944 563 976 ι
609 924 681 978 ita
709 933 763 978 et
803 940 921 993 qtue
953 925 1042 978 Dei
1077 931 1221 981 sunt.
1265 938 1422 977 nemo
1458 922 1730 991 cognovit,
1836 920 2032 975 firmat.
2055 923 2280 977 dicens:
2315 924 2448 990 Quia
2473 925 2516 979 si
2547 925 2798 995 petimus,
2827 927 2871 981 si
2905 927 3201 998 pulsamus,
3231 948 3248 978 ι
3284 943 3400 998 ape-

175 1018 259 1072 nisi
291 1015 520 1086 Spiritus
546 1016 658 1070 Dei.
720 1027 735 1041 °
1837 1015 2005 1069 rietur
2028 1016 2212 1080 nobis;
2239 1027 2293 1071 et
2323 1018 2481 1072 Pater
2507 1028 2691 1075 noster
2720 1021 2786 1073 de
2813 1020 2951 1074 cado
2989 1022 3135 1075 dabit
3165 1021 3411 1091 spi:ituut

229 1106 324 1161 Sed
346 1121 413 1159 an
443 1104 626 1169 vultis,
670 1103 867 1159 fratres
901 1104 1228 1166 charissimi,
1265 1103 1514 1158 fortassis
1543 1103 1723 1172 inqui-
1833 1105 2031 1158 bonum
2063 1107 2368 1174 petentibus
2391 1123 2447 1162 se
2471 1108 2688 1176 (.lluuh.
2719 1127 2816 1176 vn;
2843 1111 2970 1165 Luc.
3000 1113 3098 1181 ιιι).
3139 1133 3156 1165 ι
3193 1114 3296 1168 Sed
3319 1114 3410 1184 qui

174 1213 273 1252 rere
315 1196 400 1266 qui
440 1196 582 1251 scire
647 1212 934 1266 possumus
981 1213 1048 1251 an
1122 1196 1417 1276 habeamus
1465 1196 1726 1266 Spiritum
1830 1208 1860 1248 e
1898 1194 2066 1249 divite
2114 1206 2299 1250 nostro
2347 1199 2744 1270 eleemosyuam
2789 1202 3103 1271 qmerimns,
3131 1215 3205 1260 ἰιι
3243 1205 3412 1276 impe-

173 1290 282 1344 Dei?
308 1290 360 1344 In
385 1290 489 1344 hoc
523 1288 766 1361 profecto
803 1299 1016 1345 constat
1040 1275 1165 1360 quia
1205 1290 1466 1359 Spiritqu
1508 1290 1601 1345 Dei
1629 1291 1724 1344 ha-
1831 1286 2006 1340 traudi
2037 1286 2192 1356 copia
2217 1289 2564 1357 concedatur,
2593 1293 2863 1360 quaerendi
2888 1292 3116 1350 formam
3150 1297 3218 1350 ab
3247 1275 3409 1368 hujus

171 1382 308 1447 betis,
366 1382 412 1437 si
463 1381 631 1437 Deum
672 1397 798 1436 vere
850 1382 1200 1452 cognoscitis.
1257 1381 1314 1436 Si
1361 1383 1528 1447 enim,
1567 1383 1725 1452 juxta
1828 1376 1989 1430 elialll
2031 1378 2214 1432 mundi
2249 1381 2576 1450 pauperibus
2616 1391 2941 1438 mutuemur.
2971 1383 3244 1454 Paupercs
3265 1388 3408 1441 enim

171 1471 432 1542 apostolica
469 1473 637 1526 verba
673 1490 692 1524 ι
726 1487 884 1527 nemo
930 1487 1051 1541 qum
1099 1473 1188 1526 Dei
1234 1479 1362 1526 sunt
1407 1472 1576 1535 novit,
1623 1473 1724 1526 nisi
1828 1483 1952 1522 cum
1987 1468 2056 1522 ah
2086 1467 2278 1522 altiora
2304 1471 2622 1541 degentibus
2651 1472 2852 1541 aliquid
2879 1478 3126 1546 accipere
3149 1479 3406 1546 gestiunt,

172 1561 376 1633 Spiritus
403 1559 726 1632 Dei(lbid.),
748 1581 766 1612 ι
793 1561 916 1632 quis
939 1562 1110 1631 ipsum
1144 1571 1322 1631 posset
1345 1560 1512 1618 Deum
1536 1577 1726 1632 eogno-
1827 1573 1924 1612 ora
1955 1575 2078 1614 mox
2107 1560 2443 1615 saeculorum
2477 1561 2677 1626 laxant,
2713 1574 2770 1619 et
2812 1566 2890 1620 sic
2933 1568 2999 1622 ad
3036 1569 3410 1638 accipiendum

172 1667 316 1719 scere,
347 1653 444 1708 nisi
472 1654 594 1724 ejus
617 1653 1212 1725 Spiritum'mereretur
1242 1653 1459 1712 habere.
1490 1652 1595 1708 Sed
1623 1655 1726 1708 hoc
1830 1651 2025 1720 parati,
2055 1651 2251 1720 quibus
2288 1653 2579 1723 praevalent
2640 1655 2859 1712 vocibus
2893 1657 3149 1726 clamant,
3179 1669 3249 1715 ιιι
3281 1662 3406 1716 dum

174 1749 320 1818 ipsum
346 1745 574 1802 forsitan
606 1747 784 1803 adhuc
813 1749 966 1802 vobis
999 1749 1050 1802 in
1093 1747 1312 1802 dubium
1347 1747 1495 1801 venit
1521 1764 1585 1801 an
1633 1763 1720 1801 eo-
1829 1742 1908 1796 sic
1938 1751 2164 1811 paratus
2202 1743 2430 1813 quisque
2468 1760 2565 1814 per
2595 1747 2876 1816 speculare
2905 1750 3095 1804 domus
3126 1753 3406 1823 aspicitur,

171 1840 408 1911 guoscatis
437 1842 629 1896 Deum.
667 1840 774 1895 Sed
803 1841 984 1895 audite
1009 1839 1271 1894 Joannem
1303 1840 1606 1910 apostolum
1635 1839 1718 1893 di-
1753 1843 1794 1902 Β
1825 1835 1984 1889 facile
2015 1836 2444 1892 misericordiam
2481 1851 2862 1909 consequatur.
2899 1841 3160 1900 Saeculus
3188 1847 3405 1915 quidem

170 1944 348 1988 centem
381 1953 393 1987 :
441 1951 461 1985 ι
499 1933 606 2001 Qui
647 1934 779 1988 dicit
815 1948 873 1988 se
908 1949 1067 1988 nosse
1113 1933 1303 1995 Deum,
1358 1941 1414 1987 et
1469 1931 1720 1986 mandata
1829 1936 2032 1991 noster,
2065 1944 2160 1982 cor
2199 1938 2436 1984 nostrum
2484 1940 2588 1996 est,
2625 1932 2676 1986 in
2703 1935 2846 2003 quod
2893 1936 2935 1990 si
2969 1935 3212 1991 voluntas
3261 1952 3403 1992 nova

169 2026 265 2095 ejus
297 2041 394 2081 non
434 2027 707 2091 custodit,
757 2027 986 2081 mendax
1032 2034 1116 2079 est
1155 2023 1209 2099 (Ι
1241 2025 1400 2079 Joan.
1445 2024 1525 2095 ιι).
1569 2043 1588 2076 ι
1634 2025 1724 2078 Ille
1827 2021 2066 2076 cmlestis
2113 2024 2300 2093 gratia:
2348 2024 2486 2078 dona
2528 2026 2822 2095 suscipere,
2875 2027 2943 2080 ab
2987 2029 3134 2082 omni
3182 2038 3403 2084 terrena

172 2119 311 2186 igitur
359 2132 482 2173 vere
553 2118 719 2172 Deum
776 2117 1074 2187 cognoscit,
1139 2117 1232 2186 qui
1287 2117 1404 2186 ejus
1471 2116 1722 2170 mandata
1827 2115 2286 2184 concupiscentia,
2318 2114 2583 2171 fermento
2613 2118 3045 2175 ﬁdelieetvetcri
3078 2136 3298 2176 necesse
3321 2135 3407 2177 est

170 2211 388 2267 custodit,
437 2210 599 2266 Umle
638 2220 695 2265 et
745 2210 835 2266 ille
886 2209 1159 2281 perfectus
1209 2211 1587 2264 mandatorum
1629 2208 1724 2264 Dei
1828 2219 2079 2261 vacuare.
2107 2205 2269 2274 Cujus
2300 2208 2542 2277 profecto
2581 2209 2781 2262 saeculi
2822 2210 2996 2264 sinum
3041 2210 3408 2266 indubitanter

173 2311 322 2358 custos
347 2319 574 2358 securus
603 2305 783 2358 aiebat
812 2319 826 2358 :
864 2323 884 2354 ι
916 2302 1024 2358 Nos
1051 2304 1302 2373 spiritum
1349 2302 1508 2367 hujus
1539 2301 1723 2356 mundi
1827 2298 2206 2368 expandimus,
2232 2300 2275 2352 si
2302 2297 2523 2368 perfecti
2547 2300 2749 2354 amoris
2773 2300 3019 2354 incendio
3054 2301 3208 2355 donis
3246 2301 3408 2356 cade-

176 2407 260 2446 non
293 2394 616 2464 accepimus,
675 2395 769 2450 sed
813 2395 1074 2466 Spiritum
1132 2395 1248 2458 Dei,
1288 2394 1379 2464 qui
1409 2409 1475 2449 ex
1505 2394 1614 2448 Deo
1643 2401 1728 2447 est
1827 2393 2001 2446 stibus
2025 2391 2495 2463 iuhiamuleujus
2525 2408 2605 2446 sat
2619 2392 2722 2447 culi
2753 2393 2888 2447 bene
2917 2392 3112 2448 Paulus
3138 2410 3230 2448 ora
3265 2393 3411 2448 laaao

177 2481 346 2548 (lCor.
391 2486 474 2557 tt).
513 2505 532 2538 ι
573 2485 708 2552 Quis
753 2493 839 2540 est
892 2499 1073 2538 autem
1111 2485 1333 2554 spiritus
1381 2483 1599 2538 mundi?
1635 2483 1726 2537 ille
1830 2493 2006 2549 verat,
2035 2499 2158 2538 cum
2198 2484 2410 2538 dicebat
2445 2500 2456 2536 :
2493 2501 2512 2532 σ
2550 2483 2623 2538 Os
2662 2494 2903 2539 nostrum
2935 2494 3083 2554 patet
3121 2486 3186 2539 ad
3220 2500 3335 2552 vos,
3377 2504 3409 2540 ιι

175 2573 383 2641 profecto
441 2585 526 2630 est
567 2575 661 2645 qui
698 2576 889 2630 suadet
940 2575 1186 2630 homines
1235 2576 1417 2630 divina
1461 2583 1724 2645 praecepta
1827 2573 2118 2639 Corinthii,
2150 2589 2244 2628 cor
2274 2583 2516 2628 nostrum
2545 2575 2825 2628 dilatatum
2857 2584 2940 2630 est
2983 2575 3066 2646 (ΙΙ
3087 2575 3208 2629 Cor.
3246 2577 3343 2646 vt).
3385 2599 3403 2629 ι

176 2675 486 2720 contemnere
513 2707 525 2730 ,
569 2669 800 2722 terrenis
851 2667 1083 2738 negotiis
1137 2666 1534 2721 delectabiliter
1579 2666 1726 2720 insu-
1805 2664 1982 2720 'llunc
2015 2665 2200 2720 laxare
2231 2675 2284 2719 et
2313 2665 2433 2721 illos
2466 2667 2694 2731 monuit,
2726 2683 2848 2722 cum
2888 2668 3162 2737 subjunxit
3191 2688 3204 2723 :
3243 2688 3260 2721 ι
3290 2668 3406 2724 Non

177 2758 300 2823 dare,
323 2760 609 2814 mundanae
635 2760 1017 2816 dominationis
1053 2760 1264 2815 culmen
1296 2768 1572 2830 appetere,
1599 2775 1725 2814 ear-
1827 2756 2208 2828 angustiamini
2250 2757 2302 2811 in
2333 2759 2505 2814 nobis.
2533 2760 2597 2812 Et
2621 2759 2782 2830 paulo
2827 2771 2946 2829 post
2980 2779 2994 2814 :
3030 2760 3309 2831 Tanquam
3345 2763 3410 2817 fi-

176 2849 288 2908 ualis
310 2852 567 2908 illecebrae
594 2853 933 2922 passionibus
959 2851 1188 2922 turpiter
1209 2848 1509 2918 subjacere,
1544 2862 1724 2904 n'ans-
1828 2847 1912 2904 liis
1941 2849 2082 2913 dico,
2130 2849 2426 2906 dilatamini
2456 2861 2512 2906 et
2559 2866 2654 2906 vos
2688 2849 2902 2922 (lbid.).
2940 2871 2957 2904 ι
2989 2852 3409 2908 (Ionsideremus

178 2942 318 2999 itoria:
353 2947 707 3016 possessionis
762 2946 896 3000 fines
929 2945 1252 3008 extendere,
1287 2942 1493 2997 tumido
1530 2957 1721 3014 super-
1825 2941 1990 2996 etiam
2016 2943 2286 3011 quomodo
2315 2957 2374 2996 se
2415 2959 2620 3014 panper
2648 2944 2734 2999 ille
2759 2945 2824 2998 ad
2849 2945 3193 3015 percipienda
3223 2945 3412 3002 desu-

178 3031 258 3088 liite
290 3033 420 3089 fastu
467 3051 635 3106 super
673 3037 950 3106 proximos
993 3033 1114 3102 jura
1167 3035 1450 3104 potestatis
1494 3034 1720 3090 ambire.
1828 3033 2010 3102 pernis
2039 3051 2260 3090 munera
2287 3048 2730 3107 praeparaverat,
2777 3053 2900 3092 cum
2947 3039 3241 3102 clamabat,
3284 3056 3409 3095 eum

178 3125 390 3188 Econtra.
423 3129 664 3199 Spiritus
717 3131 806 3199 qui
838 3144 903 3183 ex
939 3129 1046 3184 Deo
1079 3136 1182 3190 est,
1208 3143 1344 3197 quas
1369 3127 1539 3196 replet
1568 3140 1723 3180 tnen-
1828 3125 2252 3196 voeiferabatur,
2287 3145 2410 3184 cum
2458 3130 2805 3200 precabatur,
2840 3147 2962 3185 cum
3010 3132 3283 3187 illltl'lOl'iS
3319 3149 3409 3188 or-

176 3226 241 3272 tes
271 3221 328 3273 ad
354 3221 595 3277 rtelestia
623 3230 898 3292 provocat,
924 3228 999 3284 et,
1032 3219 1256 3290 expulso
1287 3220 1532 3289 corporis
1559 3225 1614 3271 et
1633 3232 1728 3271 ne-
1757 3211 1801 3270 C
1833 3219 1956 3288 gaui
2008 3235 2166 3274 voces
2221 3205 2619 3292 ingeminabat,
2679 3223 2866 3278 dicens
2901 3243 2912 3277 :
2951 3243 2969 3275 ι
3015 3207 3268 3279 Paratum
3315 3241 3410 3280 cor

176 3310 402 3381 gligeutize
426 3311 652 3383 frigore,
675 3314 740 3366 azl
767 3311 1261 3367 amoremdivinum
1288 3310 1717 3378 Inllauunat,pe-
1824 3324 2024 3374 nicum,
2058 3308 2215 3374 Deus,
2245 3321 2490 3380 paratum
2515 3328 2609 3367 cor
2633 3328 2809 3367 meum
2835 3313 3006 3384 (Psal.
3036 3331 3120 3370 ι.ιί
3139 3354 3153 3378 ,
3193 3323 3346 3386 cru).
3385 3337 3401 3364 ι

179 3402 365 3456 tutantia
392 3406 576 3458 carnis
603 3405 870 3458 desideria
902 3404 1166 3473 reprimit,
1191 3413 1242 3457 et
1273 3402 1502 3456 liberum
1527 3418 1624 3457 ουδ’
1652 3404 1718 3454 ait
1822 3400 1900 3454 Ac
1929 3401 1974 3455 si
2001 3411 2186 3470 aperte
2214 3403 2357 3457 dicat
2380 3421 2391 3455 :
2418 3404 2524 3458 Cor
2545 3421 2748 3470 meum,
2774 3405 3014 3468 Domine,
3046 3408 3112 3460 ad
3139 3406 3403 3476 capienda

175 3496 294 3549 omni
325 3507 528 3552 terrena
562 3497 919 3553 delectatione
949 3496 1249 3567 suspendit.
1290 3494 1380 3549 ille
1413 3495 1502 3549 red
1525 3495 1587 3552 lit
1624 3494 1720 3546 ho-
1826 3500 1930 3546 tua:
1966 3491 2230 3562 largitatis
2283 3512 2502 3549 immera
2553 3511 2821 3566 prmparo,
2861 3497 2952 3567 qui
2983 3511 3013 3550 a
3045 3498 3255 3552 cunctis
3303 3498 3407 3554 hee

175 3584 343 3642 minem
367 3589 431 3643 ad
463 3589 812 3660 despicienda
840 3604 1097 3660 prospera
1123 3587 1376 3659 rigidum,
1398 3586 1463 3640 ad
1495 3585 1718 3639 adversa
1824 3596 2004 3649 prava:
2061 3583 2406 3651 cegitatiouis
2461 3585 2801 3653 s'qualoribus
2842 3600 3034 3656 purgo,
3073 3585 3313 3656 nihilque
3351 3587 3407 3640 in

176 3683 444 3750 superanda
477 3683 792 3749 robustum;
837 3681 926 3738 ille
969 3682 1186 3736 exhibet
1229 3680 1366 3734 bene
1417 3678 1721 3731 viventibus
1824 3687 1888 3725 eo
1919 3672 2269 3742 relinquitur,
2296 3688 2402 3742 quo
2437 3675 2628 3744 gratia:
2674 3684 2776 3730 ιιιιιι
2807 3691 3003 3730 munus
3055 3679 3286 3746 desuper
3313 3692 3404 3730 vc-

177 3771 412 3830 lmmiliter
435 3775 741 3841 subditum;
763 3773 1019 3847 ιιιιιιο
1038 3773 1225 3842 objicit
1255 3784 1416 3841 prave
1439 3770 1720 3839 agentiluts
1824 3764 1978 3819 niens
2007 3765 2342 3820 refundatur.
2366 3765 2478 3837 Ego
2502 3767 2686 3821 curavi
2731 3782 2852 3837 qua:
2881 3767 3025 3822 intus
3049 3767 3187 3821 male
3214 3782 3404 3823 ser-.a-

177 3862 532 3934 iujumliberte
560 3868 901 3922 auctoritatis
919 3875 1180 3930 erectum;
1217 3863 1324 3929 ille,
1358 3878 1517 3933 quem
1554 3862 1718 3932 replet
1824 3855 2024 3910 bantur
2054 3871 2303 3927 egerere,
2351 3867 2404 3912 tu
2437 3857 2564 3912 illud
2592 3857 2832 3912 accelera
2859 3857 3004 3912 dono
3046 3866 3150 3913 tuae
3181 3858 3402 3929 pietatis

174 3958 429 4021 prudenter
472 3959 730 4023 inebriat,
778 3968 941 4026 atque
992 3973 1020 4010 a
1062 3970 1221 4011 sensu
1275 3957 1399 4010 vita:
1441 3954 1722 4024 praesentis
1825 3947 2108 4027 dignanter
2131 3947 3242 4022 implere.Cormeumvacuefactumatque
3262 3951 3329 4006 ad
3353 3963 3407 4004 te

176 4045 377 4101 scienter
406 4048 625 4103 alienat,
655 4048 734 4102 Αιι
771 4063 874 4103 non
910 4055 1066 4102 erant
1103 4047 1177 4100 illi
1208 4046 1390 4100 divina
1426 4045 1721 4100 sobrietate
1826 4049 2071 4108 paratum
2099 4051 2278 4104 teneo,
2297 4043 2422 4110 quia
2443 4039 2653 4095 effossis
2674 4056 2740 4096 ex
2761 4056 2824 4095 eo
2849 4043 3099 4097 vitiorum
3119 4041 3407 4098 ruderibus

175 4138 407 4191 veraciter
428 4141 588 4204 ebrii,
619 4140 687 4196 de
716 4140 912 4210 quibus
949 4154 978 4193 a
1021 4138 1161 4192 male
1203 4137 1598 4192 insanientibus
1637 4136 1718 4189 di-
1831 4131 2064 4204 112ml
2081 4132 2506 4202 atnpleetendam
2537 4132 2610 4186 tui
2633 4131 2867 4203 Spiritus
2881 4134 3110 4204 gratiam
3129 4142 3239 4188 tota
3255 4147 3409 4189 men-

176 4229 365 4284 eebatur
392 4250 404 4282 :
438 4255 452 4284 ι
475 4232 612 4299 Quia
641 4239 817 4287 musto
835 4231 974 4302 pleni
1005 4239 1128 4285 sunt
1158 4230 1242 4284 isti
1261 4229 1403 4300 (Act.
1431 4229 1509 4297 ιι).
1536 4247 1552 4278 ι
1578 4225 1721 4279 Nuu-
1828 4227 1896 4279 tis
1929 4226 2224 4281 intentione
2246 4227 2472 4298 suSpiro.
2505 4225 2639 4283 Ecce
2672 4243 2870 4299 pauper
2904 4226 2994 4282 Dei
3023 4243 3116 4282 cor
3146 4237 3298 4283 tenes
3319 4243 3412 4298 pa-

177 4320 278 4387 quid
305 4339 398 4377 nou
429 4325 676 4394 quaedam
713 4324 895 4378 divina
925 4323 1162 4379 ebrietas
1197 4329 1311 4386 est,
1353 4319 1636 4390 praesentia
1669 4327 1722 4371 et
1828 4326 2026 4379 ratum,
2059 4317 2202 4386 quia
2235 4317 2417 4388 pravis
2445 4317 2571 4373 illud
2597 4333 2786 4373 servas
2805 4318 3223 4389 cogitationibus
3250 4335 3407 4374 mutt-

177 4423 266 4477 pm
287 4415 447 4470 oculis
477 4417 653 4486 posita
681 4424 872 4470 cuncta
919 4415 1213 4484 despicere,
1240 4421 1401 4482 atque
1424 4412 1490 4466 ad
1515 4426 1576 4464 ea
1603 4426 1722 4480 quae
1827 4407 1976 4464 dum.
2010 4409 2114 4464 Sed
2143 4411 2246 4465 nisi
2275 4410 2598 4466 clamantem
2617 4453 2631 4476 ,
2663 4412 2766 4466 nisi
2807 4411 3188 4466 vociferantem
3228 4411 3412 4465 audiat

177 4516 262 4557 non
283 4506 544 4573 ridentur,
572 4517 684 4563 toto
709 4507 903 4561 mentis
931 4506 1198 4560 desiderio
1223 4502 1529 4559 medullitus
1557 4503 1720 4556 anhe-
1830 4501 1952 4570 quis
1987 4501 2052 4556 de
2080 4502 2455 4557 eutittettlioris
2483 4504 2750 4558 eumaculi
2779 4503 3147 4573 penetralibus
3170 4500 3376 4556 eleemo
3396 4531 3408 4542 -

177 4590 286 4659 lare,
313 4597 481 4650 mollia
524 4613 751 4667 qumque
797 4604 851 4651 et
895 4596 1130 4665 jucunda
1169 4604 1541 4657 eontenmere,
1585 4592 1720 4646 dura

1852 4612 2015 4668 ynam
2055 4598 2279 4667 pauperi
2329 4609 2709 4667 porrecturus,
2756 4613 2913 4651 uerno
2949 4596 3192 4651 accedat.
3258 4595 3410 4650 Post-

175 4698 304 4754 vero,
330 4699 381 4744 et
405 4706 598 4760 aspera
627 4707 724 4760 pro
752 4690 934 4744 divino
973 4690 1202 4744 libenter
1223 4702 1410 4742 amore
1441 4685 1722 4756 perferre?
1828 4704 1990 4760 quant
2016 4704 2148 4759 ergo
2179 4689 2316 4743 dixit
2343 4707 2356 4743 :
2395 4708 2413 4739 ι
2451 4689 2705 4744 Paratum
2735 4705 2831 4744 cor
2861 4704 3071 4750 meum,
3109 4689 3278 4752 Deus,
3320 4705 3414 4759 pa-

179 4777 299 4838 llanc
322 4786 656 4853 ebrietatem,
685 4785 883 4840 fratres
907 4785 1031 4850 mei,
1057 4785 1326 4839 continua:
1352 4783 1508 4837 nobis
1536 4795 1724 4835 neces-
1829 4786 2004 4832 ratum
2045 4793 2141 4833 cor
2189 4795 2366 4833 meum
2393 4796 2407 4844 ;
2467 4781 2710 4850 protiurts
2763 4776 2972 4832 addidit
3003 4795 3015 4831 :
3043 4777 3315 4841 Cantabo,
3357 4788 3412 4833 et

177 4886 223 4926 se
241 4885 310 4929 est
327 4879 584 4934 orationis
615 4879 868 4932 instantia
891 4893 1161 4946 qurerere;
1200 4877 1359 4941 hanc,
1387 4874 1529 4930 velut
1555 4873 1722 4927 aridis
1826 4873 2090 4944 psalmum
2116 4872 2290 4929 dicam
2323 4875 2548 4950 Domino
2572 4873 2793 4944 (Ibid.);
2825 4894 2844 4926 ι
2883 4883 3140 4943 tanquam
3172 4875 3372 4930 (liceret
3400 4895 3414 4932 :

177 4968 342 5024 utentis
371 4981 565 5025 nostrze
598 4970 845 5025 faucibus
876 4970 1276 5042 totadebcmus
1313 4968 1612 5023 intentione
1650 4969 1722 5022 si-
1829 4983 1923 5020 cor
1945 4966 2131 5036 utique
2169 4981 2345 5020 meum
2378 4981 2642 5036 praepara,
2683 4978 2738 5020 et
2766 4979 2924 5020 voces
2965 4965 3288 5034 importuna:
3324 4981 3421 5037 po-

123 5102 126 5110 λ
177 5054 274 5110 tire.
537 5085 547 5091 -
1828 5059 2134 5113 stulatiouis
2163 5059 2375 5122 emitto,
2407 5069 2470 5114 ut
2513 5069 2566 5112 et
2599 5074 2702 5114 vox
2733 5061 2799 5112 ad
2832 5057 3208 5116 miserendum
3239 5060 3426 5116 audita

231 5172 422 5200 n...-......
453 5193 572 5200 λη-..
603 5178 704 5200 ---ε
731 5177 811 5200 1--..
844 5178 1015 5200 --.2--...
1044 5183 1220 5200 .--..n....
1253 5175 1392 5200 I.......
1417 5173 1679 5200 cuium...“

1873 5160 2164 5200 erinovcat:
2219 5159 2274 5200 et
2319 5161 2566 5200 nar-alunt
2616 5164 2735 5200 cor-
2774 5151 2827 5200 id
2873 5151 3017 5200 unod
3059 5165 3127 5200 ex
3179 5152 3431 5200 lar-eitum

148 717 156 738 ἐ
