3946 5368
564 320 673 373 ως,

1202 306 1280 370 ’Βῖ
1294 313 1498 369 PETRI
1531 311 1814 367 DAMIA'NI
1846 310 1994 370 ΟΡΡ.
2019 309 2129 364 PA!

2237 307 2366 364 SEU
2400 306 2635 364 TOMUS
2664 307 2722 361 ΙΙ.
2752 336 2821 346 -
2847 305 3228 370 δειιΜοΝεε.
3661 308 3743 362 625

560 431 711 485 omni
753 435 1005 482 virtutum
1035 427 1314 479 conamine
1343 425 1619 478 dimicare.
1660 423 2011 476 Eliminemus
2037 422 2134 490 igi-
2160 425 2207 482 Α
2237 421 2301 474 Et
2355 420 2662 488 quicunque
2713 422 2777 475 de
2811 421 2932 473 vitae
2985 420 3217 474 carnalis
3272 419 3519 489 ngypto,
3585 433 3746 479 terram

568 529 655 573 tor
692 531 877 572 omnes
913 513 1197 582 spurcitias
1245 516 1310 565 de
1346 513 1512 566 nostri
1550 513 1726 566 cordis
1773 512 2039 580 hospitio,
2083 519 2138 564 et

556 607 760 677 quibus
806 618 1093 673 possumus
1120 602 1286 655 variis
1323 603 1576 654 virtutum
1621 601 1840 654 ﬂoribus
1892 617 2140 670 asperga-

569 710 706 746 uzus.
741 692 1046 746 Delectetur
1073 691 1209 744 Deus
1239 689 1463 741 nitidum
1499 690 1666 742 nostri
1699 689 1933 758 pectoris
1961 689 2140 741 taber-

568 783 814 838 naculum
847 781 1074 851 ingredi,
1107 789 1158 832 et
1183 779 1435 834 suavibus
1468 778 1518 830 in
1544 791 1606 830 eo
1629 779 1887 830 bonorum
1915 791 2137 845 operum

566 872 770 926 deliciis
796 870 1022 939 epulari.
1068 867 1266 934 Sicque
1303 875 1602 935 pra-parata
1641 877 1802 932 atque
1843 865 2139 933 composito

567 965 761 1015 decoro
787 961 988 1014 int-imm
1016 959 1204 1011 donius
1224 965 1440 1020 ornatu,
1471 955 1783 1025 psallamus,
1807 970 2023 1009 oremus
2042 996 2056 1020 ,
2085 965 2140 1010 et

561 1051 760 1118 quibus
800 1049 945 1104 illum
968 1061 1253 1116 possumus
1281 1044 1528 1098 clamosa:
1559 1046 1752 1098 mentis
1784 1045 2134 1114 supplicatio-

568 1141 724 1195 nibus
773 1140 1074 1193 invitemus.
1097 1137 1307 1205 'Sieque
1347 1136 1699 1206 cornpleliitur
1733 1137 1784 1190 in
1822 1137 1976 1190 nobis
2016 1152 2140 1206 pro-

568 1229 776 1298 phetica
807 1243 905 1282 vox
939 1227 1054 1290 illa,
1079 1241 1182 1295 qua
1216 1225 1447 1279 dicitur:
1485 1242 1502 1301 ᾳ
1533 1225 1786 1279 Paratum
1815 1241 1908 1279 cor
1937 1241 2134 1288 meum,

548 1323 745 1383 meus,
785 1326 1028 1386 paratum
1057 1330 1150 1369 cor
1192 1329 1399 1377 meum;
1451 1315 1717 1376 cantabo,
1772 1323 1825 1368 et
1874 1314 2135 1383 psalmum

567 1410 742 1462 dicam
774 1408 1016 1462 Domino.
1053 1426 1071 1457 ι
1106 1406 1467 1475 Depreeemur
1495 1419 1624 1474 ergo
1653 1406 1866 1460 assidue
1904 1405 2133 1461 Redem-

567 1509 772 1566 ptorem
797 1506 1038 1551 nostrum
1061 1503 1112 1550 et
1139 1494 1264 1548 totis
1283 1493 1429 1547 illum
1454 1494 1748 1549 visceribus
1768 1495 2133 1564 imploremus,

569 1595 627 1639 nt
655 1595 1018 1641 cor.nostrum
1058 1583 1308 1654 dignetur
1345 1582 1639 1637 clementer
1679 1583 1942 1648 invisese,
1978 1595 2031 1637 et
2058 1584 2138 1637 di-

568 1683 710 1729 mota
746 1675 890 1729 omni
919 1674 1168 1728 vitiorum
1213 1672 1463 1741 caligine,
1489 1673 1660 1742 gratia
1699 1674 1870 1727 sancti
1904 1673 2138 1744 Spiritus

2241 527 2359 580 quae
2389 513 2490 566 mel
2517 522 2569 566 et
2600 512 2679 566 lae
2707 511 2822 565 [luit
2863 500 3212 581 ingredimur,
3237 527 3339 566 non
3359 513 3576 582 vestig’a
3602 516 3746 584 ﬁgere,

2241 602 2333 656 sed
2379 602 2595 655 assidue
2629 602 2860 656 transire
2908 600 3183 668 jubemur,
3211 610 3267 654 ut
3301 601 3452 669 juxta
3485 601 3746 671 Joannem,

2246 709 2263 740 ι
2307 691 2399 758 qui
2447 691 2624 759 justus
2650 699 2752 754 est,
2774 689 3103 760 justiﬁcetnr
3131 690 3326 752 adhuc.
3369 700 3424 745 et
3450 693 3535 759 qui
3572 708 3751 753 sanctus

2240 790 2341 843 est,
2367 781 2735 834 sanetitieetur
2769 783 2942 834 adhuc
2991 783 3174 850 (Apoc.
3206 783 3360 851 xxii).
3405 801 3424 833 ι
3451 783 3568 838 Lac
3592 790 3748 842 etenim

2239 870 2304 923 dc
2331 885 2493 924 carne
2517 871 2652 937 Iluit,
2686 871 2787 925 mel
2813 873 2876 924 de
2903 873 3271 941 superioribus
3296 874 3347 926 in
3378 875 3480 928 ima
3505 875 3746 933 descendit.

2238 960 2304 1013 Et
2334 975 2451 1028 quae
2491 971 2571 1014 est
2603 961 2688 1014 illa
2724 970 2886 1024 terra,
2919 961 3078 1015 laetis
3121 963 3334 1018 scilicet
3352 979 3418 1017 ac
3463 965 3622 1020 neilis
3661 967 3751 1021 irri-

2237 1065 2360 1118 gua,
2393 1050 2460 1103 ad
2487 1067 2649 1119 quam
2684 1060 2963 1120 tantopere
2993 1066 3373 1120 provocamur,
3407 1055 3510 1108 nisi
3539 1054 3730 1110 Median

2241 1140 2314 1192 ris
2337 1139 2511 1193 Dei'et
2539 1140 2811 1193 hominum
2837 1155 2939 1196 una
2981 1142 3244 1208 persona?
3263 1143 3319 1195 lu
3340 1157 3443 1210 qua
3473 1144 3692 1198 nimirum
3713 1157 3751 1200 et

2237 1243 2364 1281 caro
2392 1229 2677 1282 manifesta
2723 1240 2825 1295 est,
2875 1245 2992 1299 qua:
3014 1233 3089 1286 de
3143 1233 3359 1302 Virgine
3389 1235 3663 1302 prodiiget
3693 1237 3750 1288 di-

2239 1320 2478 1374 vinitatis
2525 1320 2732 1374 inici-ua
2772 1321 3018 1386 dulcedo,
3049 1338 3168 1378 uuae
3197 1324 3260 1378 de
3287 1327 3583 1380 substantia
3609 1337 3752 1396 pater-

2219 1414 2304 1464 na
2331 1411 2612 1479 processit.

2306 1504 2384 1556 Ad
2407 1519 2566 1574 quam
2597 1520 2724 1559 sane
2752 1513 2948 1561 terram
2982 1506 3192 1560 nonnisi
3241 1505 3516 1570 lIebtzeus,
3567 1507 3676 1569 iano,
3709 1517 3748 1558 ut

2239 1594 2310 1647 ita
2341 1593 2553 1662 loquar,
2587 1609 2765 1658 nemo,
2799 1595 2902 1650 nisi
2933 1596 3284 1667 Pcrgentinus
3317 1606 3373 1652 et
3423 1597 3752 1658 Laurentinus,

2246 1687 2582 1753 admittitur;
2605 1688 2730 1758 quia
2754 1690 2999 1758 quisquis
3027 1691 3308 1760 pervenire
3332 1690 3542 1746 laborat
3563 1691 3622 1744 ad
3640 1689 3754 1744 Clui-

567 1768 865 1829 ittustrare,
894 1774 1158 1834 quatenus
1185 1779 1291 1834 quo
1324 1765 1374 1818 in
1411 1763 1557 1818 illum
1589 1773 1940 1834 regenerante
1971 1765 2148 1820 credi-
2179 1767 2215 1823 Β
2245 1785 2407 1843 stum,
2441 1792 2660 1833 necesse
2680 1789 2762 1834 est
2783 1789 2838 1834 υι
2869 1796 3206 1850 nequaquam
3237 1782 3410 1838 ίηιιορ
3431 1781 3616 1837 mundo
3636 1797 3750 1836 me“.

556 1874 712 1922 .nius,
737 1857 923 1912 eodem
956 1856 1270 1926 inSpirante,
1306 1865 1454 1910 recto
1481 1854 1696 1909 tramite
1726 1855 1794 1909 ad
1808 1855 1988 1924 ipsum
2018 1870 2138 1925 per-

567 1949 747 2002 venire
771 1947 1064 2001 valeamus.
1097 1945 1196 2012 Qui
1225 1960 1347 1999 eum
1380 1944 1497 1998 Deo.
1515 1943 1678 1998 Patre
1718 1952 1771 1998 et
1800 1945 1985 1999 eodem
2018 1944 2139 2013 Spi-

565 2039 668 2092 t'itu
741 2045 926 2093 sancto
985 2035 1114 2087 vivit
1179 2043 1230 2088 et
1307 2041 1496 2102 regnat
1554 2049 1648 2101 per
1706 2033 1884 2086 omni:
1937 2033 2130 2086 secula

565 2129 898 2184 szcculurum.
926 2128 1117 2181 Anien.

1224 2283 1482 2340 JUNIUS.

565 2381 676 2442 III.
739 2382 948 2442 Sermo
983 2379 1052 2437 de
1094 2377 1204 2437 SS.
1244 2373 1622 2452 martyribus
1651 2375 2136 2435 Laurentino.“

641 2480 1008 2559 Pergentino
1038 2475 1367 2558 fratribus.
2078 2509 2082 2513 -

568 2583 804 2643 XXIV.
861 2581 1070 2641 Sermo
1135 2579 1201 2639 in
1239 2577 1587 2641 Natieitate
1629 2576 1694 2637 S.
1773 2577 1958 2636 Jonn.
2007 2578 2110 2639 Bo

641 2680 872 2760 plaster.

638 2780 843 2840 Sermo
876 2777 951 2838 11
981 2775 1050 2837 de
1077 2773 1299 2838 eadem.

638 2883 847 2942 Sermo
879 2878 983 2938 Ill
1017 2876 1088 2937 de
1119 2874 1341 2937 eadem.

560 2984 804 3045 XXIX.
855 2983 1064 3043 Sermo
1093 2979 1164 3041 de
1189 2981 1253 3042 S.
1292 2979 1476 3042 Petro
1507 2981 1815 3060 apostolo.

637 3085 848 3143 Sermo
879 3080 950 3141 de
973 3075 1082 3142 SS.
1119 3079 1303 3140 Petro
1334 3091 1385 3139 ct
1413 3079 1614 3142 Paulo
1642 3089 1845 3160 apost.

1088 3200 1349 3257 SERMO
1388 3200 1586 3254 XXII.

666 3311 733 3352 nr:
771 3311 844 3350 ss.
887 3310 1221 3349 LAURENTINO
1255 3310 1320 3348 ur
1359 3309 1706 3348 I‘EItGES'l'tNO.
1751 3294 1831 3362 (III
1871 3291 2008 3362 IUN.)

633 3389 899 3445 Ilo.:icrna
945 3386 1236 3450 festivitas,
1302 3387 1683 3451 dilectissimi,
1733 3387 1873 3440 sicut
1928 3385 2127 3448 nostis,

561 3482 611 3534 in
677 3482 876 3533 honore
952 3479 1232 3534 beatorum
1319 3489 1611 3547 martyrum
1699 3475 2012 3530 Laurentii
2076 3477 2131 3528 et

560 3569 861 3640 I‘ergentini
924 3567 1300 3623 venerabiliter
1349 3566 1568 3628 Colitur,
1603 3576 1660 3620 .et
1707 3565 1859 3634 quasi
1921 3565 2128 3617 duobus

559 3663 737 3716 aureis
775 3661 1039 3714 sideribus
1086 3674 1270 3713 eorum
1349 3657 1462 3710 dies
1526 3655 1800 3709 natalitins
1890 3654 2122 3707 illustra-

554 3764 663 3806 tur.
749 3751 860 3804 Hoc
926 3749 1083 3819 plane
1166 3746 1434 3818 geminum
1493 3746 1639 3799 sidus
1697 3745 1740 3798 si
1808 3742 1962 3813 113
2013 3743 2129 3797 dili-

559 3853 747 3912 genter
803 3840 1143 3903 attendimus,
1184 3853 1280 3907 per
1330 3833 1484 3904 hujus
1533 3836 1653 3888 vita:
1708 3834 1923 3905 pelagus
1978 3834 2130 3886 navi—

560 3943 745 3999 gantes
785 3944 968 3983 errare
997 3943 1101 3982 non
1143 3943 1445 3998 possumus,
1481 3926 1573 3981 sed
1615 3935 1735 3996 post
1771 3940 1990 3980 emensa
2030 3925 2125 3978 th-

562 4034 744 4076 ctuum
791 4019 1252 4090 procellarumque
1280 4017 1592 4072 discrimina
1643 4018 1709 4070 ad
1755 4016 1929 4070 sinum
1959 4015 2124 4085 quieti

564 4122 747 4182 portus
769 4127 889 4165 cum
917 4110 1110 4180 gaudio
1141 4109 1502 4179 pervenimus.
1534 4107 1688 4163 Unde
1715 4122 1818 4162 non
1845 4108 1963 4162 sine
1992 4122 2128 4176 quo-

561 4203 683 4255 dam
715 4198 1078 4268 dispositionis
1120 4213 1360 4266 superna:
1387 4197 1648 4266 prassagio
1676 4196 1779 4252 tale
1808 4196 2122 4251 vocabulum

559 4290 734 4345 sortiti
791 4295 934 4351 sunt,
984 4295 1041 4340 ut
1074 4284 1426 4364 Pergentiuus
1478 4287 1726 4339 dicantur
1753 4293 1806 4341 et
1846 4286 2124 4341 Laurenti-

557 4400 679 4438 nus.
735 4381 969 4450 Pergunt
1009 4380 1149 4434 euin
1185 4387 1407 4446 uterque
1451 4378 1609 4432 simul
1661 4378 1726 4432 ad
1763 4378 2017 4443 lauream,
2067 4389 2122 4433 et

556 4475 920 4546 praecedentes
949 4487 1064 4536 nos,
1098 4471 1140 4525 si
1175 4485 1278 4524 non
1313 4485 1405 4523 cos
1454 4469 1601 4538 sequi
1635 4469 1974 4539 negligimus,
2001 4487 2122 4541 pro-
2156 4469 2200 4526 ἰ)

558 4574 752 4621 vocant
802 4565 867 4618 ad
925 4578 1200 4618 coronam.
1236 4561 1437 4617 Omnes
1469 4561 1612 4617 enim
1663 4561 1969 4630 quicunque
2014 4577 2116 4615 non

555 4673 768 4728 segnes,
801 4657 892 4712 sed
920 4654 1184 4709 ferventes
1211 4661 1265 4705 et
1292 4652 1453 4722 agiles
1481 4652 1543 4704 ad
1561 4651 1786 4720 patriam
1809 4661 2116 4720 properant,

557 4769 661 4805 non
686 4747 742 4804 in
766 4748 958 4803 itinere
988 4759 1209 4816 gressus
1252 4742 1438 4813 ﬁgunt,
1474 4743 1565 4796 sed
1599 4749 1881 4811 pergentes
1907 4742 2120 4796 assidue

556 4845 621 4895 de
649 4839 933 4894 virtutibus
961 4837 1010 4889 in
1041 4836 1288 4896 virtutes,
1319 4834 1384 4887 de
1432 4834 1587 4885 IlOtlis
1625 4832 1690 4885 ad
1743 4831 1962 4886 meliora
1993 4847 2118 4886 con-

555 4932 796 4984 tendunt.
845 4928 952 4982 Nec
1004 4927 1056 4980 in
1087 4927 1244 4996 hujus
1270 4923 1716 4994 peregrinationis
1749 4924 1939 4977 itinere
1976 4924 2121 4978 cives

555 5037 612 5073 ne.
670 5020 752 5073 vel
797 5019 1126 5072 habitatores
1188 5017 1495 5079 ostendunt,
1551 5015 1642 5068 sed
1691 5012 1832 5066 velut
1881 5014 2120 5080 hospites

2242 1869 2310 1921 tis
2335 1883 2445 1923 sua:
2491 1869 2616 1940 ligat
2662 1870 2808 1925 velut
2859 1871 2911 1925 in
2962 1872 3291 1930 habitatione
3334 1875 3610 1943 vestigium
3641 1872 3749 1927 :sed

2240 1959 2521 2013 Hebraeum
2561 1976 2618 2014 se
2649 1976 2862 2030 semper
2893 1963 3196 2024 ostendens,
3231 1973 3285 2018 et
3327 1978 3455 2018 cum
3484 1962 3752 2034 Pergentino

2238 2066 2334 2120 per
2361 2052 2502 2105 viam
2531 2050 2754 2118 justitize
2789 2055 3051 2108 transiens
3079 2063 3288 2125 pergat,
3317 2063 3374 2112 et
3398 2070 3521 2108 cum
3567 2054 3750 2108 Lauren-

2240 2143 2350 2198 tino
2371 2142 2529 2197 simul
2557 2144 2621 2197 de
2651 2143 2765 2198 suis
2811 2143 3082 2199 laboribus
3109 2159 3212 2199 non
3245 2145 3410 2215 lnijus
3429 2145 3552 2199 vine
3572 2158 3752 2199 commo-

2238 2235 2324 2299 da,
2358 2234 2451 2288 sed
2500 2224 2751 2289 coronam
2787 2237 3154 2290 tantummodo
3195 2234 3388 2304 gloriae
3435 2236 3751 2302 concupiscat.

2238 2327 2312 2382 De
2337 2325 2731 2382 habitatoribus
2756 2327 2954 2381 etenim
2981 2326 3136 2396 hujus
3167 2330 3378 2392 mundi,
3407 2328 3545 2384 sicut
3570 2329 3617 2383 in
3648 2330 3749 2396 At»

2236 2419 2436 2490 calypsi
2491 2420 2708 2484 dicitur,
2763 2421 2902 2475 beati
2933 2431 3199 2491 martyres
3227 2420 3510 2475 clan'iant:
3543 2440 3559 2471 ι
3597 2419 3755 2486 Quous-

2237 2526 2344 2582 que
2401 2511 2658 2566 Dominus
2688 2511 2929 2582 (sanctus
2982 2519 3036 2564 et
3064 2517 3243 2581 verus)
3277 2527 3384 2565 non
3413 2511 3634 2566 vindicas
3668 2526 3755 2562 sari-

2229 2602 2447 2674 guinem
2475 2611 2716 2656 nostrum
2741 2602 2807 2656 de
2836 2602 2900 2655 iis
2942 2601 3034 2671 qui
3069 2601 3305 2656 habitant
3333 2602 3400 2654 in
3429 2601 3592 2654 terra?
3614 2600 3753 2667 (Apoc.

2237 2692 2334 2760 vt.)
2379 2712 2394 2740 ι
2440 2690 2513 2744 De
2547 2691 2628 2744 his
2675 2705 2802 2744 vero
2853 2691 2942 2759 qui
2972 2705 3076 2743 non
3114 2689 3388 2753 habitant,
3421 2693 3512 2744 sel
3542 2687 3754 2759 pergeth

2230 2779 2428 2849 jugiter
2452 2789 2747 2843 transeunt,
2778 2779 2942 2834 Isaias
2959 2787 3240 2848 postquam
3270 2780 3589 2849 pneiiiittit:
3629 2795 3644 2828 ι
3681 2774 3754 2828 II:-

2236 2871 2428 2926 bitabit
2453 2871 2609 2942 lupus
2639 2887 2758 2926 cum
2792 2887 2950 2942 agno,
3006 2880 3060 2926 et
3080 2871 3278 2940 pardus
3306 2887 3437 2928 entn
3468 2871 3612 2926 htedo
3632 2885 3754 2924 acea.

2236 2963 2408 3028 habit,
2440 2963 2658 3025 vitulus,
2691 2973 2746 3018 et
2770 2962 2873 3028 leo,
2902 2970 2957 3016 et
3009 2963 3126 3018 ovis
3167 2961 3328 3016 simul
3376 2963 3749 3023 morabuntur,»

2238 3055 2485 3123 protinus
2519 3055 2760 3109 addidit:
2793 3073 2811 3106 ι
2849 3063 2904 3108 et
2963 3069 3098 3123 puer
3147 3053 3408 3123 parvulus
3453 3052 3656 3107 minabit
3683 3064 3754 3103 eos

2161 3114 2203 3172 C
2237 3145 2371 3213 (Ira.
2402 3144 2499 3214 χι).
2547 3163 2565 3196 ι
2610 3145 2742 3211 Quis
2772 3154 2856 3198 est
2902 3114 3002 3198 ist-e
3048 3114 3181 3214 puer
3225 3148 3506 3213 parvulus,
3535 3143 3624 3196 nisi
3651 3139 3754 3192 isde

2231 3251 2339 3304 quo
2367 3250 2464 3304 per
2483 3235 2727 3288 eumdem
2779 3235 3095 3303 prophetam
3126 3232 3324 3288 dicitur
3359 3250 3374 3286 :
3424 3250 3442 3282 ε
3488 3231 3616 3285 Puer
3635 3237 3755 3283 natus

2230 3337 2313 3380 est
2348 3327 2532 3390 nobis,
2575 3336 2628 3380 et
2688 3324 2854 3379 Filius
2891 3325 3048 3379 datus
3085 3333 3170 3379 est
3223 3324 3427 3378 nobis?
3467 3321 3590 3395 (Ira.
3620 3324 3703 3388 ix.)
3735 3339 3748 3369 ι

2231 3416 2331 3484 Qui
2359 3417 2515 3470 simul
2540 3415 2897 3471 inhabitantes
2926 3415 3112 3479 minat,
3136 3414 3260 3486 quia
3291 3429 3360 3468 ne
3401 3415 3562 3469 corda
3607 3421 3750 3466 nostra

2235 3508 2463 3561 terrenis
2491 3507 2649 3562 rebus
2675 3493 2970 3561 inhaereant
2999 3507 3309 3576 praedonem
3335 3505 3583 3561 desiderii
3626 3502 3751 3558 crete-

2232 3599 2329 3653 δεῖς
2353 3598 2717 3652 indesinenter
2749 3595 3067 3652 inﬂammat.
3104 3597 3171 3652 Et
3214 3599 3315 3652 hoc
3362 3598 3536 3668 ipsum
3566 3596 3751 3656 minare.

2231 3698 2313 3767 est
2341 3690 2405 3744 ad
2432 3705 2586 3744 suum
2617 3703 2715 3743 nos
2743 3703 2981 3742 amorem
3007 3686 3223 3741 ﬂanuna
3277 3689 3547 3742 CUIIlInUiC
3567 3685 3754 3740 charis)-

2233 3785 2301 3837 tis
2330 3783 2652 3847 accendere;
2683 3796 2748 3835 ne
2776 3798 2896 3835 cum
2929 3796 3027 3835 nos
3054 3779 3256 3834 vicario
3305 3779 3468 3835 simul
3494 3792 3659 3832 amore
3690 3774 3751 3829 di-

2233 3876 2463 3945 ligimus,
2502 3875 2638 3944 ejus,
2694 3872 2761 3926 ad
2817 3887 2978 3942 quem
3016 3872 3195 3932 redire
3235 3871 3578 3930 debebamus,
3613 3863 3751 3925 obliti,

2232 3979 2408 4022 mente
2438 3968 2490 4019 in
2543 3970 2644 4020 hoc
2665 3965 2856 4021 exsilio
2887 3978 3285 4019 remaneamus.
3317 3962 3462 4018 Puer
3501 3978 3622 4032 ergo
3657 3973 3754 4029 par-

2231 4058 2386 4111 vulns
2436 4058 2771 4111 civcrsorum
2820 4053 3133 4110 animaliqu
3173 4063 3381 4108 turmas
3433 4054 3616 4114 minat,
3656 4048 3751 4116 quia

2230 4148 2555 4216 Hedempwr
2579 4156 2780 4206 noster,
2802 4145 2892 4213 qui
2931 4143 3559 4198 inultimoilashominum
3587 4147 3753 4192 mentea

2229 4244 2280 4296 in
2311 4240 2663 4296 unanimitate
2711 4236 2869 4310 114,
2898 4235 3135 4290 fraterna
3192 4235 3549 4288 insululriliter
3574 4227 3751 4287 confiat,

2227 4337 2353 4392 dum
2377 4335 2442 4388 ad
2469 4349 2707 4389 amorem
2730 4347 2824 4386 eos
2844 4332 3030 4401 patria:
3050 4329 3286 4389 cmlestis
3317 4330 3579 4391 accendit,
3609 4328 3653 4377 in
3676 4324 3755 4376 hoc

2228 4444 2320 4482 eos
2364 4426 2561 4479 mundo
2594 4423 2749 4496 quasi
2795 4422 2981 4491 pedem
3032 4420 3196 4495 ﬁgere
3225 4436 3328 4478 nun
3377 4418 3650 4490 permittit.
3691 4411 3753 4465 Ad

2227 4521 2394 4574 Deum
2416 4532 2543 4572 vero
2572 4533 2678 4572 non
2707 4516 2816 4570 itur
2843 4514 3082 4582 vestigiis
3122 4512 3341 4588 pedum,
3388 4512 3482 4564 sed
3529 4510 3750 4562 bonorum

2222 4612 2480 4685 gradibus
2503 4625 2750 4681 operum,
2780 4624 2878 4663 nec
2904 4608 2971 4661 ad
3001 4623 3122 4661 eum
3145 4606 3410 4676 (priapiam
3436 4603 3570 4656 valet
3599 4611 3752 4653 ascen-

2223 4707 2351 4759 dere
2376 4718 2473 4771 per
2492 4701 2733 4770 corporei
2762 4710 2985 4754 conatus
3014 4699 3238 4762 aditum,
3273 4698 3364 4750 sed
3389 4710 3487 4767 per
3514 4692 3750 4746 assiduum

2221 4794 2391 4849 sancti
2417 4793 2596 4861 aperis
2632 4793 3040 4845 incrementum.

2297 4885 2579 4940 Videamus
2609 4868 2766 4952 igitur
2797 4890 2850 4934 et
2889 4881 3016 4933 istos
3048 4880 3234 4931 beatos
3265 4887 3529 4949 martyres
3569 4887 3750 4944 quomo-

2220 4979 2288 5032 do
2315 4993 2419 5030 non
2470 4975 2739 5042 potuerint
2786 4973 2964 5030 divino
3017 4971 3303 5039 ﬂagrantes
3340 4969 3456 5038 igne
3486 4970 3748 5038 quiescere.

2220 5069 2309 5100 cml
2336 5080 2547 5100 c-nnnul-
2576 5063 2981 5100 oI-rhnr'n'n-r-n-il
3015 5063 3080 5100 ιΙμ
3121 5060 3273 5100 ΙῚηηίς
3302 5062 3365 5100 .‘IJ
3396 5059 3592 5100 nnlima
