3946 5368
143 316 258 388 €25

1540 326 1769 385 SEIlMO
1812 327 1968 382 XXII.

3293 333 3396 389 6'36

149 442 715 498 immobilemcorum
769 441 909 496 ferre
934 442 1318 512 constantiam,
1367 444 1620 512 apposuit
1673 443 1724 496 in
1775 441 2042 508 tvicturi.
2086 440 2236 497 Unde
2269 444 2368 498 sibi
2419 445 2682 500 divinitus
2723 445 2958 499 dicitur:
2995 465 3011 495 ι
3044 446 3169 500 Duae
3211 458 3410 516 gentes

147 553 248 591 cos
271 536 568 592 crudeliter
616 535 873 589 insanire.
925 534 1054 589 Nam
1101 535 1448 590 carniﬁcibus
1491 536 1726 602 undique

147 627 524 687 sm'ientibus,
584 635 809 694 uterque
846 636 1072 695 martyr,
1127 626 1266 678 velut
1327 642 1431 679 una
1497 641 1645 678 tuens
1676 633 1730 677 et

143 719 348 774 eadem
386 734 534 782 caro,
588 717 901 771 verberibus
956 717 1204 778 ca-diinr,
1247 716 1525 784 plagarum
1584 715 1727 769 ca:de

150 819 449 873 mactatur,
487 823 609 862 mox
643 807 902 862 carcerali
927 807 1186 862 custodiae
1210 806 1455 870 traditur,
1490 819 1552 860 ac
1575 804 1731 858 famis

153 899 339 968 inopia
363 899 654 953 cruciatur.
683 897 787 952 Sed
818 898 1056 966 nunquid
1083 895 1432 950 bellatoribus
1462 895 1572 950 suis
1599 895 1730 947 divi-

156 1005 222 1040 na
253 989 522 1056 protectio
544 987 732 1044 defuit.
761 995 815 1040 et
847 986 986 1056 quod
1038 985 1088 1039 in
1118 985 1198 1040 eis
1239 987 1378 1040 Deus
1405 985 1518 1054 ipse
1543 983 1729 1037 conﬂi-

153 1086 305 1148 geret
334 1077 568 1132 evidenti
621 1094 842 1146 prorsus
883 1077 1084 1130 indicio
1130 1092 1233 1130 non
1295 1075 1566 1129 ostendit?
1599 1073 1731 1128 Nam

152 1170 286 1224 dum
311 1186 407 1226 eos
434 1168 719 1225 carniﬁces
755 1170 1071 1224 verberibus
1115 1176 1370 1233 atterunt,
1397 1181 1582 1221 eorum
1614 1166 1738 1221 bra-

156 1263 306 1329 chia,
333 1278 454 1335 qum
482 1262 538 1317 iu
567 1262 706 1316 ictus
733 1259 1160 1326 debacchantur,
1187 1267 1463 1325 arescunt,
1491 1269 1550 1314 ut
1571 1275 1734 1314 saxea

159 1366 382 1423 pectora
417 1365 524 1410 eta
574 1354 792 1423 pietatis
819 1352 1113 1407 visceribus
1165 1352 1358 1415 aliena,
1409 1352 1599 1406 saltem
1644 1368 1739 1421 per

159 1447 345 1500 carnis
367 1445 619 1500 arefactze
650 1447 900 1515 rigorem,
923 1446 1131 1500 discant
1160 1446 1339 1498 cordis
1371 1445 1570 1500 habere
1607 1445 1710 1498 tnol
1730 1475 1741 1484 -

162 1533 362 1602 litiem,
391 1548 444 1591 et
472 1539 523 1592 in
555 1538 918 1592 membrorum
950 1552 1169 1592 suorum
1204 1537 1433 1592 nexibus
1487 1536 1741 1607 colligant

164 1639 328 1696 quam
352 1628 591 1683 timenda
613 1629 686 1684 sit
713 1629 885 1683 virtus
910 1628 1170 1683 adversus
1198 1644 1358 1697 quam
1394 1637 1501 1682 tam
1517 1628 1738 1692 furiose,

164 1731 274 1796 tam
298 1722 556 1775 atrociter
583 1721 929 1775 dimicabant.

1830 533 1881 585 in
1911 542 2168 588 uterotuo
2199 546 2411 600 sunt,et
2439 537 2545 591 duo
2574 537 2748 606 populi
2774 554 2837 592 ex
2866 547 3020 592 utero
3048 547 3139 592 tuo
3159 539 3401 592 divideno

1829 632 1932 682 tur,
1968 623 2297 693 pupulusquc
2325 625 2575 696 pepulum
2601 627 2899 696 superabit,
2926 635 2980 682 et
3007 629 3177 696 major
3199 629 3401 684 serviet

1835 713 2025 767 minori
2055 713 2204 784 (Cen.
2239 727 2386 784 xxv).
2426 737 2443 768 ι
2484 718 2536 770 ln
2567 718 2681 772 istis
2710 727 2889 772 autent
2922 718 3063 772 nulla
3096 719 3404 774 diversitas.

1833 821 1968 873 quos
2000 807 2252 860 nimirum
2282 817 2335 862 et
2366 823 2470 862 non
2503 809 2685 878 dispar
2713 809 2818 863 vita
2846 808 3202 874 confmderat,
3238 820 3290 863 et
3321 811 3406 863 in-

1835 898 2061 952 dividua:
2082 900 2197 952 cha.
2217 900 2361 954 italis
2382 901 2709 954 unanimitas
2727 900 2942 964 confiat.
2979 901 3209 957 Felicior
3231 903 3396 956 etiam

1838 989 1939 1044 iste
1971 1001 2157 1058 partus
2196 1005 2356 1059 quam
2399 991 2562 1046 fuerit
2609 992 2696 1046 ille
2736 991 2990 1056 Thamar,
3023 1007 3128 1061 quo
3160 992 3409 1046 videlicet

1837 1082 2008 1134 exorti
2043 1089 2167 1135 sunt
2199 1080 2402 1136 Phares
2433 1092 2487 1136 et
2512 1083 2646 1136 Zara
2683 1082 2835 1152 (Ceu.
2882 1083 3131 1153 xxxviii).
3166 1083 3418 1150 Quorum

1837 1174 1971 1226 alter
1993 1172 2200 1237 divisio,
2229 1172 2364 1228 alter
2393 1175 2565 1228 oriens
2617 1175 3019 1244 interpretatur.
3056 1175 3122 1229 Et
3151 1176 3291 1229 sicut
3331 1175 3412 1228 in-

1838 1275 1919 1317 ter
1956 1282 2015 1318 se
2041 1266 2269 1320 invicem
2310 1266 2538 1320 dissidet
2593 1268 2967 1336 interpretatio
2997 1267 3297 1333 nominum,
3335 1266 3407 1320 ita

1836 1354 2081 1422 quaedam
2112 1354 2397 1410 diversitas
2427 1365 2506 1409 est
2553 1356 2603 1409 in
2635 1357 2888 1421 cperibus
2929 1357 3283 1426 singulorum.
3315 1358 3410 1410 sed

1839 1459 1938 1498 nec
1984 1444 2123 1498 ident
2157 1455 2338 1500 tenent
2398 1447 2451 1500 in
2480 1447 2647 1515 ligura
2707 1448 3036 1517 mysterium.
3083 1446 3231 1500 Beati
3293 1461 3412 1500 vero

1841 1542 2108 1603 martyres
2145 1533 2230 1588 isti
2292 1534 2342 1588 in
2401 1550 2618 1589 suorum
2662 1535 3415 1606 nominuminterpretatione

1840 1641 1946 1679 non
1984 1625 2312 1695 discrepant,
2344 1627 2467 1696 quia
2506 1627 2897 1696 quodammodo
2921 1643 3084 1680 unum
3129 1636 3208 1682 est
3269 1628 3409 1696 quod

1844 1719 2147 1789 designant,
2185 1729 2238 1771 et
2273 1734 2466 1773 nomen
2511 1719 2821 1773 utriuslibet
2866 1720 3080 1787 utrique
3103 1720 3413 1773 concordat.

229 1803 354 1869 1am
399 1828 529 1866 vero
562 1811 690 1866 illud
719 1829 881 1882 quam
937 1811 1183 1866 sublimis
1243 1812 1432 1881 gratiae
1463 1810 1737 1873 meritum,
1773 1813 1813 1870 lt
1842 1809 2199 1879 Pergentinus
2225 1808 2369 1863 enint
2392 1821 2445 1862 et
2475 1808 2853 1869 Laurentinus,
2885 1819 3110 1878 uterque
3140 1809 3312 1877 pergit
3349 1809 3415 1859 ad

165 1908 385 1971 quanta:
413 1900 758 1970 cognoscitur
805 1901 944 1970 apud
993 1900 1158 1954 Deuut
1195 1900 1576 1955 familiaritatis
1608 1899 1740 1952 indi-

163 1995 332 2054 cium,
365 1991 527 2060 quod,
567 1991 618 2045 in
651 2006 870 2046 carcere
913 1993 1191 2047 constituti
1222 2001 1276 2046 et
1308 1991 1555 2046 triduana
1584 1991 1743 2046 simul

166 2080 344 2134 inedia
391 2081 674 2144 macerati,
718 2081 986 2150 angelitos
1019 2082 1304 2134 visitantur
1328 2089 1383 2135 et
1413 2095 1608 2135 mensae
1635 2095 1747 2135 coa-

163 2170 317 2226 lestis
364 2170 618 2225 alimenta
666 2170 992 2240 percipiunt.
1039 2171 1095 2224 ln
1148 2174 1228 2225 cis
1274 2172 1473 2241 quippe
1500 2171 1746 2226 Christus

166 2260 465 2326 esuriebat,
497 2261 550 2314 in
578 2260 660 2315 eis
689 2260 954 2330 supplicia
989 2259 1320 2332 perferebat,
1344 2276 1467 2315 cum
1489 2259 1570 2315 eis
1597 2260 1748 2314 clau-

167 2352 399 2406 debatur
437 2351 490 2404 in
539 2366 784 2416 carcere,
834 2367 956 2406 cum
1007 2352 1088 2406 eis
1127 2351 1179 2405 in
1225 2351 1480 2416 vinculis,
1511 2367 1635 2407 cmn
1667 2352 1748 2407 eis

165 2450 286 2496 erat
327 2457 513 2496 comes
545 2441 862 2497 individuus
881 2442 932 2495 in
966 2441 1270 2496 tormentis.
1323 2441 1389 2496 Et
1412 2442 1502 2512 qui
1545 2441 1746 2496 dudum

173 2537 313 2590 inter
342 2531 757 2589 deambnlnutes
803 2534 855 2586 in
887 2532 1099 2605 camino
1125 2531 1417 2588 Chaldaico
1446 2546 1642 2601 pueros
1670 2531 1750 2585 vi.

172 2641 264 2679 sos
292 2634 374 2678 est
401 2637 649 2693 quartus,
701 2625 814 2694 ipse
859 2622 1048 2693 procul
1071 2623 1230 2677 dubio
1262 2639 1383 2677 cum
1439 2623 1558 2677 istis
1585 2623 1747 2676 etiam

174 2714 553 2771 inrictissimis
594 2711 945 2769 bellatoribus
1000 2715 1114 2768 suis
1165 2714 1338 2767 factus
1401 2721 1486 2769 est
1536 2715 1747 2769 tertius.

179 2826 199 2858 ι
245 2807 409 2872 Ecce,
436 2806 607 2875 inquit
631 2822 742 2865 rex,
757 2804 909 2860 video
931 2804 1074 2859 viros
1086 2812 1317 2873 quatuor
1340 2803 1545 2858 solutos
1572 2804 1752 2858 deam—

176 2897 431 2952 bulautes
457 2897 508 2950 in
537 2896 710 2949 medio
740 2894 900 2964 ignis,
932 2904 985 2948 et
1028 2892 1160 2948 nihil
1191 2893 1553 2963 corruptionis
1575 2902 1656 2946 cst
1695 2892 1748 2946 itt

177 2988 275 3054 eis,
300 2997 356 3042 et
382 2988 596 3057 species
622 2986 800 3057 quarti
825 2986 1017 3040 similis
1037 2997 1117 3039 est
1142 2984 1278 3040 Filio
1297 2985 1388 3038 Dei
1407 2984 1566 3055 (Dan.
1594 2984 1696 3054 ιιι).
1729 3003 1748 3035 ι

181 3078 311 3131 llinc
342 3077 592 3144 estquod
621 3085 673 3131 et
700 3087 1010 3145 persecutor
1042 3075 1129 3129 ille
1143 3075 1438 3140 Tiburtius,
1474 3076 1746 3129 insanien-

1845 1899 2105 1963 lauream,
2155 1908 2208 1953 et
2256 1899 2462 1968 quibus
2500 1915 2602 1951 una
2649 1910 2725 1952 est
2773 1901 3005 1958 \‘ia,una
3056 1909 3138 1951 est
3168 1899 3422 1967 concupi-

1845 1989 2086 2052 scentia;
2125 1990 2282 2043 simul
2324 1989 2633 2060 gradientes
2679 1989 2993 2059 perveniant
3027 1988 3092 2041 ad
3138 2003 3419 2042 coronam.

1845 2081 2161 2150 Quanquam
2191 2091 2242 2136 ct
2273 2082 2324 2134 in
2355 2082 2490 2149 istis,
2516 2082 2656 2134 sicut
2685 2097 2868 2135 eorum
2907 2090 3132 2134 testatur
3165 2080 3414 2144 historia,

1846 2171 2092 2240 quaedam
2137 2173 2440 2241 reperiatur
2467 2187 2585 2226 esse
2635 2169 2953 2226 dill‘ercntia.
3003 2169 3135 2223 Nam
3166 2169 3291 2222 dum
3321 2184 3416 2223 eos

1845 2263 2100 2317 violentia
2133 2263 2474 2332 pertraheret
2509 2263 2575 2318 ad
2600 2273 2906 2334 tyrannmn,
2931 2261 3285 2331 Pergentinus
3310 2260 3419 2312 fra-

1852 2355 1942 2415 tri,
1986 2354 2239 2424 quoniam
2263 2353 2687 2424 eloquenliorem
2727 2351 3034 2417 judicabat,
3068 2349 3422 2418 respondendi
3441 2361 3455 2389 ι’

1849 2446 2117 2515 delegavit
2139 2444 2393 2509 oﬂicium,
2431 2455 2488 2498 ut
2515 2445 2600 2500 ille
2634 2444 2777 2498 velut
2808 2445 2986 2500 Aaron
3026 2442 3338 2510 loqueretur
3359 2440 3426 2494 ad

1849 2535 2210 2600 Pharaonem,
2269 2535 2395 2587 dum
2446 2535 2763 2589 assisterent
2807 2544 2932 2586 ante
2972 2533 3275 2602 prmsidem.
3315 2531 3428 2584 lloc

1853 2626 2015 2694 igitur
2043 2626 2187 2678 inter
2238 2625 2396 2694 hujus
2437 2625 2607 2680 beaue
2655 2625 3032 2696 germanitatis
3071 2623 3313 2693 geminos
3348 2620 3428 2674 di-

1852 2721 1959 2767 stat
1982 2712 2124 2782 quod
2163 2712 2304 2767 inter
2336 2711 2548 2783 Moysen
2589 2720 2640 2767 ot
2681 2712 2859 2765 Aaron
2893 2710 3106 2765 differre
3148 2709 3428 2780 Scriptura

1853 2813 2263 2859 commemorat.
2309 2802 2545 2870 Quorum
2575 2819 2711 2857 unus
2755 2804 2820 2856 de
2868 2817 2925 2855 se
2955 2801 3322 2869 conqueritur,
3353 2801 3432 2855 di-

1853 2912 2019 2949 cens:
2053 2915 2069 2945 ς
2111 2893 2638 2960 0bsecro,.Domine,
2665 2910 2768 2948 non
2797 2908 2913 2947 sum
2945 2892 3202 2962 eloquens
3243 2893 3310 2945 ab
3337 2891 3431 2946 he-

1856 2987 1898 3040 ri
1953 2995 2007 3040 et
2033 2986 2229 3040 nudius
2254 2985 2466 3048 tertius,
2499 2996 2554 3040 et
2591 3001 2654 3038 ex
2671 3000 2776 3054 quo
2808 2985 3016 3040 locutus
3043 3001 3103 3042 es
3125 2983 3191 3041 ad
3214 2999 3429 3042 88mm

1857 3085 2024 3142 tuum,
2059 3075 2416 3148 impeditioris
2440 3088 2492 3134 et
2513 3075 2764 3132 tardioris
2803 3075 2997 3148 linng
3051 3092 3170 3131 sum
3228 3075 3424 3148 (Exod.

180 3171 246 3223 tis
274 3169 571 3224 iracundia;
603 3167 725 3224 felle
760 3176 1058 3238 permotus,
1091 3178 1416 3236 vaporantes
1446 3169 1511 3221 de
1537 3167 1755 3223 tentare
1784 3161 1824 3219 (Γ
1860 3180 1956 3242 tv).
1985 3192 2000 3222 ι
2030 3171 2287 3226 Dcaltero
2302 3187 2429 3226 vero
2452 3172 2677 3226 dicitur:
2699 3191 2716 3222 ‹
2737 3172 2913 3226 Aaron
2941 3169 3109 3224 frater
3131 3180 3254 3224 tuus
3277 3168 3437 3223 Levi-

182 3259 367 3312 furiosi
397 3258 634 3327 pectoris
668 3257 912 3311 flammas
956 3259 1213 3322 evomuit,
1248 3268 1300 3312 et
1332 3259 1517 3312 beatos
1552 3267 1754 3329 marty-

184 3365 268 3404 res
328 3364 496 3418 super
549 3348 801 3401 ardentes
854 3364 1054 3417 prunas
1103 3349 1259 3403 nudis
1305 3350 1527 3418 pedibus
1582 3363 1760 3402 astare

182 3441 461 3511 prascepit.
504 3440 572 3493 At
597 3440 845 3510 protinus
875 3448 926 3493 et
957 3440 1218 3495 carbones
1247 3441 1518 3507 exstincti,
1552 3452 1604 3496 et
1643 3441 1758 3510 glu-

184 3531 308 3586 riosi
340 3541 641 3601 martyrum
669 3530 832 3600 pedes
862 3540 1112 3600 tanquam
1135 3545 1297 3600 super
1321 3532 1606 3586 candentia
1629 3531 1758 3594 ιτιξ.;,

187 3621 264 3674 vel
292 3637 516 3676 croceos
547 3636 786 3674 rosarum
819 3619 979 3675 ﬂores
1006 3619 1148 3675 molli
1179 3631 1306 3675 sunt
1367 3622 1590 3691 vestigio
1620 3622 1761 3676 dele-

185 3717 332 3769 ctati.
375 3714 489 3770 Nec
517 3724 697 3769 cessat
723 3714 900 3768 adhuc
930 3713 1077 3768 ferox
1108 3715 1363 3782 nequitiae
1387 3715 1628 3784 spiritus.
1670 3703 1763 3768 Ni-

189 3808 256 3860 hil
290 3789 615 3862 inteutatum
647 3807 917 3876 relinquit,
950 3807 1044 3860 sed
1068 3806 1247 3861 omnia
1280 3815 1508 3860 versuta!
1532 3805 1760 3866 fraudis,

187 3899 370 3952 omnia
409 3898 583 3950 rabidi
614 3898 810 3950 furoris
840 3905 1156 3966 argmuenta
1191 3896 1480 3965 percurrit.
1511 3895 1616 3949 Sed
1659 3911 1765 3964 quo

189 3989 437 4057 pluribus
472 3987 666 4055 jaeulis
722 3988 926 4056 impetit
969 3985 1168 4040 ChriSti
1219 3985 1434 4050 milites,
1483 4001 1546 4040 eo
1591 3985 1764 4039 reddit

189 4098 329 4138 crcca
363 4081 655 4136 crudelitas
691 4080 968 4134 clariores.
1010 4078 1071 4132 Et
1099 4087 1299 4147 quanto
1342 4077 1654 4132 frementior
1688 4079 1766 4132 eis

190 4174 393 4245 ingruit
442 4172 752 4226 immanitas
798 4169 986 4238 praelii,
1041 4180 1192 4223 tanto
1240 4169 1507 4237 prmbetur
1549 4168 1767 4222 uberior

188 4266 408 4320 occasio
435 4263 822 4332 triumphandi.
855 4263 1040 4330 Itaque
1070 4262 1323 4316 statuitur
1348 4261 1568 4324 idolum,
1602 4271 1658 4316 et
1687 4261 1768 4314 iu-

154 4353 319 4424 {sana
347 4354 550 4424 judieis
581 4353 759 4407 rabies
784 4355 1012 4421 imperat
1038 4352 1392 4406 adorandum.
1424 4352 1488 4405 At
1515 4351 1638 4405 dum
1663 4366 1765 4404 non

141 4449 162 4504 ,ξ
192 4445 417 4508 ilolum,
443 4443 538 4497 sed
560 4442 702 4496 Deus
726 4443 1063 4510 onmipotens
1092 4438 1253 4510 115
1282 4440 1559 4504 adomtur,
1594 4439 1762 4507 figura

1864 3273 1962 3327 tes,
1987 3263 2100 3318 scio
2124 3263 2265 3332 quod
2292 3262 2546 3332 eloquens
2587 3264 2673 3328 sit;
2711 3263 2822 3332 ipse
2852 3262 3104 3331 loquetur
3133 3276 3230 3330 pro
3261 3270 3311 3314 te
3360 3260 3441 3312 ad.

1861 3353 2138 3422 populum,
2164 3362 2216 3405 et
2245 3353 2346 3407 erit
2376 3368 2437 3408 os
2462 3361 2608 3406 tuum
2633 3352 2840 3423 (lbid.).
2863 3375 2879 3404 ι
2906 3353 3042 3407 Ecce
3071 3351 3254 3420 itaque
3289 3349 3430 3403 beati

1864 3456 2130 3515 martyres
2167 3446 2216 3500 in
2248 3460 2311 3501 ea
2335 3461 2416 3509 re,
2448 3446 2570 3515 quia
2598 3446 2940 3514 reperiuntur
2963 3445 3180 3500 sibimet
3203 3442 3431 3496 invicem

1846 3535 2029 3589 'fuisse
2059 3534 2368 3600 dissimiles,
2400 3535 2800 3603 quodammodo
2827 3535 2991 3605 Moysi
3019 3542 3073 3587 et
3119 3533 3300 3586 Aaron
3338 3545 3435 3583 er-

1864 3626 2068 3680 stitisse
2111 3625 2365 3679 videntur
2402 3625 2654 3694 aequales.
2695 3625 2759 3678 Et
2807 3640 2910 3677 non
2957 3623 3203 3678 fortassis
3253 3622 3437 3676 incon-

1864 3731 2014 3783 grue.
2044 3714 2195 3768 Sicut
2214 3715 2356 3768 enim
2406 3729 2500 3782 per
2545 3714 2662 3767 illos
2689 3713 2771 3766 lex
2805 3713 2931 3766 olim
2963 3713 3084 3766 data
3114 3722 3199 3766 est
3226 3707 3438 3763 Israeli-

1865 3806 1984 3859 tica:
2004 3804 2167 3873 plebi,
2199 3804 2272 3858 ita
2314 3819 2408 3873 per
2440 3805 2572 3856 istos
2597 3804 2904 3858 Christiana
2954 3804 3088 3856 bdcs
3109 3812 3161 3856 ct
3193 3801 3430 3868 Evange-

1865 3893 1994 3947 lium
2022 3892 2235 3948 civibus
2265 3893 2443 3947 illuxit
2485 3893 2677 3947 Aretii.
2710 3892 2844 3946 Nam
2872 3909 2994 3946 eutn
3033 3891 3320 3963 gentilitati
3346 3891 3443 3943 ad-

1869 3987 1971 4040 lmc
1997 3987 2134 4040 ritus
2163 3986 2482 4056 pestilenter
2505 3986 2900 4040 inhorresceret
2925 3995 2976 4039 et
3001 3986 3050 4038 in
3074 3984 3437 4039 Christianum

1868 4089 2060 4129 nomen
2083 4074 2478 4145 persecutionis
2508 4075 2659 4128 furor
2680 4074 2990 4128 immaniter
3010 4073 3281 4134 ebullirct,
3315 4081 3442 4124 tunc

1867 4163 2070 4219 scilicet
2094 4165 2308 4234 quando
2348 4164 2406 4218 Β.
2457 4164 2695 4218 Donatus
2733 4165 2973 4232 pretioso
3011 4162 3269 4231 sanguine
3309 4163 3442 4215 Are-

1873 4254 2036 4307 tinant
2069 4255 2391 4323 purpuravit
2432 4253 2750 4319 Ecclesiam,
2803 4254 3093 4324 vigesimus
3123 4261 3297 4306 tamen
3343 4252 3444 4304 im-

1871 4353 2090 4414 perator
2120 4352 2207 4400 est
2245 4343 2508 4402 Julianus.
2559 4345 2660 4399 sub
2688 4359 2796 4413 quo
2825 4342 2887 4396 Β.
2935 4345 3172 4398 Donatus
3220 4341 3448 4409 insignis

1869 4433 2306 4504 martyrenituit,
2358 4449 2388 4487 a
2440 4434 2600 4487 Decio
2641 4433 2902 4503 principe,
2954 4433 3104 4498 cujus
3144 4429 3448 4497 persecutio

198 4533 413 4587 larvalis
462 4533 514 4586 in
545 4532 818 4602 pulverem
870 4531 1087 4585 redacta
1132 4529 1434 4584 collabitur.
1488 4528 1766 4584 Postremo
1797 4506 1844 4563 υ
1873 4524 2004 4579 istos
2040 4523 2302 4594 gloriosos
2353 4534 2618 4594 martyres
2646 4523 2944 4578 coronavit.
2977 4519 3128 4586 Quod
3161 4520 3204 4573 si
3239 4519 3445 4572 catalo-

196 4625 282 4692 qui
329 4623 606 4694 dedignati
656 4633 782 4678 sunt
831 4636 958 4676 suas
1001 4621 1156 4675 idolis
1198 4619 1456 4675 inclinare
1503 4621 1771 4688 cervices,

199 4713 453 4767 alacriter
480 4710 657 4780 gladio
678 4711 839 4764 beata
861 4709 996 4764 colla
1024 4708 1335 4776 subjiciunt,
1357 4718 1411 4762 et
1441 4708 1520 4762 sic
1541 4708 1771 4776 glorioso

201 4801 462 4874 sanguine
491 4801 774 4872 purpurati
820 4800 887 4855 ad
910 4801 1313 4872 Jmperatorem
1352 4815 1507 4855 suum
1556 4797 1770 4870 peracta

205 4896 425 4950 victoria
456 4902 822 4949 revertuntur.

271 4989 316 5043 Ο
339 4989 494 5043 beata
522 4985 881 5058 germanitas,
909 4999 1027 5051 qua:
1069 4998 1169 5036 nec
1214 4983 1265 5036 in
1302 4982 1654 5052 conceptione
1697 4981 1776 5034 (li-

207 5079 332 5141 vidi,
358 5094 457 5134 nec
484 5079 537 5132 iu
569 5075 854 5132 nativitate
878 5074 1132 5135 discerni,
1156 5087 1252 5127 nec
1282 5074 1335 5127 in
1362 5075 1612 5143 pretiosa:
1635 5088 1777 5126 mor-

210 5171 278 5223 tis
301 5155 471 5239 potuit
493 5182 696 5240 genere
717 5166 980 5237 separari,
1012 5177 1172 5234 pares
1208 5163 1258 5216 in
1298 5177 1482 5230 poena,
1531 5175 1778 5230 coarqua-

212 5261 289 5316 les
310 5262 358 5315 in
387 5262 555 5332 gloria
581 5261 595 5312 !
624 5257 795 5312 Simul
823 5272 892 5311 ex
927 5253 1183 5309 maternis
1208 5251 1506 5308 visceribus
1549 5250 1782 5304 fundun-

215 5362 247 5368 -..
321 5351 333 5363 ο
547 5350 558 5368 Ι
581 5366 588 5368 .
657 5347 807 5368 _!_..-_I
845 5361 904 5368 ..--
943 5357 1110 5368 -..ιι--Α
1141 5343 1496 5368 ΑΛιιηιι-νι-υιιιιξ
1528 5341 1750 5368 nni-IAM:

1877 4631 2000 4683 gum
2031 4630 2245 4685 quoque
2295 4614 2664 4668 Romanorum
2700 4611 3011 4681 pontificum
3058 4610 3297 4664 studiose
3331 4623 3450 4678 per-

1878 4721 2088 4770 curras,
2121 4705 2365 4760 invenies
2387 4722 2413 4758 a
2454 4704 2514 4758 B.
2551 4705 2728 4767 Sixto,
2773 4703 2932 4774 116
2959 4701 3044 4756 cui
3073 4701 3340 4755 Decianus
3373 4699 3452 4754 fu-

1879 4815 1994 4862 ror,
2023 4796 2147 4849 dum
2198 4796 2498 4856 desazviret,
2550 4793 2756 4849 servire
2778 4801 2997 4848 coaetus
3031 4798 3135 4854 est,
3189 4804 3358 4860 usque
3387 4795 3459 4846 ad

1880 4887 2152 4942 Liberiqu
2180 4899 2398 4953 papam,
2427 4884 2516 4951 qui
2543 4882 2744 4938 Juliaui
2797 4892 3038 4950 tempore
3065 4878 3280 4947 prmi‘uit
3327 4879 3460 4942 duo...

1884 4976 2059 5032 decim
2083 4973 2392 5043 apostolica:
2420 4973 2531 5028 sedi
2557 4972 2880 5043 praecedisse
2910 4968 3209 5040 pontifices.

1954 5065 2089 5120 Cum
2113 5064 2278 5134 igitur
2299 5063 2522 5133 gloriosi
2555 5069 2833 5130 martyres
2865 5060 2952 5118 isti
2979 5066 3126 5113 tanto
3145 5067 3390 5130 tempore.
3404 5063 3470 5120 B.

1884 5160 2149 5214 Donatum
2201 5155 2552 5222 praecessisse
2595 5166 2920 5218 noscantur,
2950 5162 3056 5204 non
3099 5149 3372 5210 innuerito
3400 5157 3480 5210 di-

1885 5255 2083 5305 cuntur
2107 5246 2158 5300 in
2185 5243 2268 5298 his
2307 5245 2619 5318 regionibus
2677 5242 2732 5296 in
2763 5248 2968 5317 quibus
2996 5239 3137 5309 passi
3186 5253 3338 5309 sunt,
3366 5262 3489 5301 cre-

1886 5336 2125 5368 .InnI:llm
2159 5334 2324 5368 (lunae
2384 5334 2616 5368 Pulnlinm
2662 5336 2945 5368 ιιι-ἶηηιηηε
3002 5346 3063 5368 an
3089 5331 3252 5368 lnﬁnc
3305 5346 3356 5368 nl
3407 5338 3484 5368 ζεσ-
