3946 5368
489 334 596 390 627

1142 329 1196 383 s.
1239 326 1440 386 perm
1482 322 1765 385 unum
1811 326 1960 385 ore.
1991 302 2170 385 rans
2209 326 2341 387 seu
2370 304 2616 387 reatus
2641 328 2705 384 ιι.
2736 360 2804 369 -
2845 325 3214 387 SEMIONES
3649 328 3737 388 res

486 452 660 510 salem
687 446 895 518 lapides
942 439 1365 516 inexstiuguibili
1410 422 1696 515 splendore
1760 450 2073 497 coruscant.
2107 450 2150 506 Α
2181 442 2455 516 sanguinis
2479 436 2790 513 aspersione
2821 434 3126 512 prmsiguat.
3156 437 3417 497 Consistit
3438 457 3613 498 coram
3634 463 3739 501 arca

489 544 665 600 Porro
726 540 868 595 sicut
918 535 1192 609 geminum
1243 534 1523 591 oculorttm
1587 531 1766 588 lumen
1819 533 1870 587 in
1902 532 2077 603 capite

487 634 849 689 ronstitutum
891 628 1137 699 subjecta
1181 627 1425 697 corporis
1457 624 1697 680 membra
1728 622 2075 684 condecorat,

494 726 575 779 ita
603 722 666 777 B.
695 720 935 777 Donatus
967 734 1091 774 cum
1114 718 1325 773 duobus
1350 716 1432 771 his
1470 714 1591 770 coeli
1623 712 1916 777 sideribus,
1946 725 2080 784 qua:

498 810 902 868 si‘sanctitatis
928 818 1093 880 caput
1138 806 1372 877 ﬁdeique
1415 806 1743 877 principium
1777 802 2079 874 adjacentia

496 920 729 979 qumque
760 905 876 961 loca
911 902 1195 974 pracellit,
1225 910 1301 965 et,
1343 910 1401 954 ut
1432 901 1503 955 ita
1532 900 1721 960 fatear,
1754 906 1923 954 totum
1974 894 2083 949 Tu-

495 1004 626 1060 sciae
683 1016 882 1073 corpus
954 999 1139 1054 eximii
1199 997 1505 1070 splendoris
1556 997 1732 1050 nitore
1783 993 2077 1073 perfundit.

492 1095 670 1149 Tanto
691 1094 891 1165 quippe
914 1106 1056 1146 nunc
1086 1099 1213 1144 sunt
1241 1087 1613 1165 eminentioris
1634 1086 1818 1156 glorir
1833 1070 2082 1139 claritate

496 1164 798 1256 ronspicui,
831 1191 1034 1255 quanto
1059 1164 1301 1252 graxioti
1327 1174 1539 1232 fuerant.
1571 1175 1741 1231 rabidi
1774 1182 2083 1246 persecuto-

496 1278 574 1334 ris
598 1277 936 1332 immanitate
965 1272 1229 1342 depressi.
1265 1270 1433 1342 Igitur
1455 1271 1521 1325 de
1541 1269 1716 1342 pomis
1738 1268 1804 1323 ad
1832 1265 2082 1339 gloriam,

494 1376 562 1425 de
580 1369 886 1426 certamine
911 1366 1162 1422 translati
1192 1374 1318 1421 sunt
1342 1365 1411 1420 ad
1460 1377 1742 1420 coronam.
1776 1360 1894 1432 Ipse
1926 1360 2084 1414 nimi-

495 1477 613 1515 rum
642 1461 721 1516 eis
740 1460 915 1516 factus
951 1467 1034 1514 est
1056 1457 1340 1529 prmminm
1375 1470 1497 1510 cum
1532 1453 1757 1525 recepit,
1785 1452 1875 1523 qui
1901 1468 1959 1506 se
1987 1466 2085 1522 pro

491 1553 574 1608 eis
600 1551 873 1609 obtulerat
909 1551 1139 1622 pretium
1192 1563 1314 1605 cum
1344 1548 1592 1612 redemit,
1624 1546 1784 1603 Jesus
1835 1546 2087 1601 Christus

494 1642 759 1699 Dominus
776 1641 992 1706 'nosler,
1024 1641 1118 1712 qui
1155 1656 1277 1695 cum
1331 1638 1492 1694 Patre
1522 1647 1578 1694 et
1632 1638 1840 1709 Spiritu
1894 1645 2085 1693 sancto

501 1736 633 1792 \‘it‘il
663 1742 720 1793 et
759 1744 951 1807 regnat
988 1734 1041 1789 in
1068 1733 1263 1790 sweula
1299 1724 1641 1789 seculorum.
1677 1729 1872 1785 Amen.

1033 1854 1048 1870 ⁸
1090 1849 1323 1905 SERMO
1364 1848 1547 1903 XXIII.

499 1939 536 1977 ιε
582 1939 633 1977 ιιι
684 1936 1018 1980 ιυτιιιτλτε
1065 1938 1110 1977 s.
1159 1936 1374 1975 Joaxxts
1410 1936 1704 1977 BAP'I‘ISTJZ.
1751 1920 1898 1991 (xxiv
1946 1918 2084 1990 res.)

566 2014 759 2080 IIodie,
791 2013 1152 2078 dilectissimi,
1187 2014 1305 2068 dies
1332 2013 1507 2067 illuxit
1535 2011 1781 2083 insignis,
1812 2018 1960 2066 tanto
1986 2024 2087 2064 ca:-

498 2108 634 2163 teris
674 2107 868 2165 diebus
909 2107 1171 2172 sanctior,
1208 2115 1412 2176 quanto
1435 2105 1760 2160 sanctiorem
1812 2102 2089 2159 hominem

500 2198 666 2254 terris
690 2196 899 2252 effudit.
925 2197 979 2251 In
1012 2197 1116 2251 hac
1146 2195 1417 2266 siquidem
1446 2195 1533 2250 die
1561 2205 1718 2249 natus
1745 2202 1829 2249 est
1853 2193 1940 2249 ille
1965 2209 2091 2248 san-

500 2301 712 2346 ctorum
737 2288 1010 2360 splendor,
1032 2287 1304 2357 justorum
1324 2287 1515 2359 gloria,
1542 2287 1725 2342 laetitia
1752 2286 2085 2359 angelorum,

500 2382 994 2439 excellentissimus
1024 2382 1203 2446 homo,
1232 2381 1668 2453 consanguineus
1697 2380 1920 2447 Christi,
1959 2381 2089 2435 ami-

457 2500 462 2505 -
501 2495 600 2544 eus
622 2478 837 2549 Spoasi,
868 2476 1092 2548 Sponsa:
1138 2485 1486 2545 pz-aparator.
1515 2474 1666 2531 Unus
1699 2483 1783 2529 est
1812 2483 1867 2530 et
1893 2490 2089 2530 secun-

502 2573 631 2625 dum
677 2586 785 2625 non
835 2568 1018 2633 habet,
1073 2568 1165 2638 qui
1212 2567 1397 2623 eboris
1446 2558 1779 2621 intertextus
1805 2564 2089 2636 angelicis,

501 2661 839 2720 sublimioris
893 2676 1111 2717 corona:
1189 2659 1362 2715 titulis
1411 2658 1784 2713 universitatis
1839 2656 2089 2712 humana:

500 2753 840 2811 transcendit
869 2767 1183 2809 ascensum.
1214 2750 1456 2821 Denique
1489 2768 1508 2802 ι
1547 2751 1692 2805 inter
1713 2758 1870 2804 natos
1893 2747 2087 2803 mulie-

499 2864 621 2902 rum
654 2860 758 2901 non
790 2844 1035 2902 surrexit
1088 2843 1263 2912 major
1314 2842 1522 2899 Joanne
1572 2842 1813 2912 Baptista
1868 2840 2087 2915 (Matth.

500 2942 600 3012 st).
648 2961 667 2994 ι
713 2939 863 2994 Felix
893 2938 1074 3001 homo,
1103 2938 1195 3008 qui
1223 2935 1459 2991 feliciter
1485 2935 1752 2991 canorum
1797 2933 2089 3005 perambu-

504 3033 625 3087 lans
648 3029 894 3086 ofﬁcinas
953 3044 1117 3083 cursu
1160 3026 1506 3082 velocissimo
1556 3027 1804 3096 sequitur
1857 3024 2093 3081 Redem-

504 3131 743 3193 ptorem,
769 3136 870 3178 nec
906 3120 1135 3191 alicujus
1185 3119 1571 3175 intercluditur
1613 3119 1832 3190 fastigio
1859 3117 2089 3189 dignita-

508 3220 601 3284 tis,
629 3230 789 3286 quem
824 3231 1050 3272 summa:
1076 3215 1353 3271 felicitatis
1406 3214 1744 3270 immensitas
1796 3214 1998 3286 largius
2027 3215 2096 3268 ir-

507 3311 741 3368 roravitl
764 3310 1046 3366 Lietantur
1064 3308 1262 3380 angeli,
1291 3316 1346 3364 et
1368 3308 1647 3379 utriusque
1671 3318 1879 3365 natura:
1904 3324 2096 3363 nume-

506 3403 1043 3459 rositassadmiratnr
1066 3400 1345 3457 hominem
1381 3401 1461 3457 sic
1493 3400 1795 3471 ingressum
1816 3460 1819 3463 _
1842 3400 2096 3470 abyssum

509 3496 731 3551 luminis
758 3506 812 3550 et
845 3498 897 3552 in
922 3505 1137 3552 :eternze
1160 3495 1464 3551 divinitatis
1514 3496 1738 3566 pelagus
1760 3495 2097 3564 absorpzmn,

513 3598 570 3643 ut
626 3591 739 3659 ipsa
764 3608 797 3643 ιι
855 3587 1165 3645 reverberet
1214 3588 1471 3657 augt-licio
1517 3588 1768 3658 puritatis
1815 3588 2098 3657 originem.

513 3682 806 3738 Iilevcntur
858 3698 1071 3749 omnes,
1113 3692 1166 3737 et
1202 3683 1521 3737 meritormn
1573 3680 1945 3752 pt-zerogatixis
1976 3690 2101 3735 ante

517 3775 903 3829 consistorium
949 3772 1251 3845 majestatis
1275 3770 1587 3837 exsultent;
1631 3787 1735 3828 ιιοιι
1780 3771 1884 3827 erit
1910 3779 2102 3826 tamen

517 3865 611 3934 qui
634 3865 701 3920 ad
730 3863 982 3936 Baptista:
1002 3863 1227 3921 Joannis
1258 3863 1594 3935 privilegium
1617 3861 1815 3917 audeat
1833 3861 2102 3931 aspirare.

516 3960 652 4030 Age,
681 3957 793 4026 jam
822 3957 1202 4028 aggrediamur
1234 3957 1493 4011 virtutum
1528 3954 1786 4025 insignia,
1815 3968 1937 4024 quae
1964 3951 2104 4007 Deus

519 4047 823 4117 maiestatis
852 4047 906 4101 in
933 4047 1111 4103 amico
1146 4062 1245 4105 suo
1270 4046 1508 4117 gloriosa
1536 4043 1900 4101 cmnnlatione
1928 4043 2106 4112 signa-

518 4141 636 4205 vit;
665 4138 745 4194 sic
772 4138 918 4193 enim
952 4138 1021 4192 ab
1049 4149 1172 4192 ortu
1221 4138 1342 4191 vita:
1381 4152 1553 4206 usque
1594 4136 1661 4190 ad
1692 4149 1947 4191 occasum
1981 4147 2103 4186 cum

518 4231 832 4287 hominibus
879 4237 1234 4285 conversatus
1257 4238 1361 4293 est,
1416 4238 1472 4282 ut
1519 4228 1691 4282 forma
1723 4227 1845 4279 viae
1895 4240 2103 4279 mormn

522 4320 839 4383 informatio
863 4324 1142 4380 habeatur.
1170 4322 1237 4377 Et
1269 4322 1388 4377 licet
1420 4322 1507 4376 hic
1533 4319 1800 4375 sermonis
1822 4317 1970 4372 aurei
1998 4332 2103 4370 non

518 4420 700 4477 rutilet
734 4416 1129 4488 pulchritudo,
1156 4414 1491 4471 tentabimus
1525 4423 1705 4467 tamen
1754 4424 1935 4464 rerum
1967 4407 2107 4460 veri-

523 4524 691 4570 tatem
714 4510 1083 4583 qualicunque
1127 4509 1269 4580 stylo
1317 4506 1704 4578 perstringere,
1734 4502 1867 4557 illud
1889 4500 2107 4570 Sapien-

525 4605 595 4660 tis
645 4604 989 4658 attendentes
1039 4619 1053 4653 :
1117 4596 1477 4654 I’rudentihus
1526 4594 1660 4650 viris
1723 4607 1829 4647 non
1897 4588 2109 4660 placere

522 4691 830 4764 phalerato.
861 4692 955 4746 sed
979 4689 1137 4744 fortia
1169 4686 1357 4757 (εει-[ἰ.
1388 4687 1487 4755 tx).

604 4784 761 4857 117
806 4784 1018 4839 Primus
1052 4783 1170 4852 ejus
1206 4781 1378 4835 honor
1405 4789 1490 4834 est
1516 4778 1686 4850 gloria
1732 4781 1784 4831 in
1827 4773 2115 4830 atmunlia-

531 4862 692 4933 tione.
748 4877 864 4932 Non
914 4885 999 4931 est
1046 4873 1403 4930 dissimulanti
1458 4872 1671 4928 silentio
1728 4868 2112 4927 transeundum

544 4982 683 4988 _..._--
746 4968 964 4988 --1---κρ
1019 4966 1397 4988 -I--.:.t_-.2-_-
1450 4964 1598 4988 ...υκυξ
1656 4962 1744 4988 I...:

1224 4966 1397 4988 ...ξ-...Α
1450 4964 1598 4988 -ιΑ-Αιιξ
1656 4962 1812 4988 ...αεσξη
1865 4961 1918 4988 :u
1974 4961 2114 4988 ἰι-..Λ

2183 532 2403 588 hederis
2450 543 2504 587 et
2551 541 2677 588 ante
2713 532 3023 588 testamenti
3056 524 3285 597 tabulas,
3320 547 3513 588 urnam
3552 548 3742 593 auream

2183 624 2468 679 habentem
2498 638 2714 688 manna,
2746 624 2951 694 virgam
2982 622 3192 688 Aaron,
3238 621 3533 678 Cherubim
3562 635 3611 681 et
3641 643 3745 697 pro-

2182 715 2537 787 pitiatorium,
2572 713 2887 771 solemniter
2912 714 3188 780 infulatus,
3218 714 3389 771 vultui
3427 715 3556 780 Dei,
3590 717 3744 787 gloria:

2185 804 2516 876 maiestatis,
2544 822 2723 862 rerttm
2748 806 2987 861 omnium
3018 806 3245 861 Domino
3272 815 3393 862 rota
3423 807 3741 878 percelebrat.

2183 897 2309 955 Dies
2336 900 2501 955 instat
2539 894 2815 963 solemnis,
2851 908 2906 953 ct
2943 896 3160 953 Ctt'lCl'is
3204 897 3397 953 diebus
3447 898 3744 958 multitudini

2183 990 2486 1047 Judaeorum
2510 986 2793 1056 celebrior,
2813 983 3023 1045 ῢυιιιίιιῖ
3047 985 3412 1060 prrecipientis
3434 989 3746 1047 attestatione

2185 1084 2453 1147 sublimis,
2484 1083 2645 1159 plane
2671 1076 2981 1153 spectabilis
3011 1090 3065 1136 et
3095 1077 3308 1144 festiva,
3334 1077 3393 1135 in
3418 1095 3523 1151 qua
3543 1077 3647 1135 sola
3667 1080 3745 1138 soli

2185 1176 2423 1248 pontifici
2478 1174 2672 1231 licebat
2721 1174 2947 1229 introire
2999 1173 3051 1228 iu
3079 1173 3277 1229 Sancta
3328 1180 3655 1239 sanctorum,
3703 1183 3747 1231 et

2187 1266 2470 1339 aspergine
2511 1264 2828 1321 multiformi
2860 1281 3084 1320 sumnne
3113 1263 3415 1320 divinitatis
3455 1263 3585 1319 iram
3620 1266 3747 1322 refri-

2186 1374 2395 1429 gerare.
2429 1357 2760 1413 Convenitur
2786 1356 3022 1427 undique
3050 1356 3102 1410 in
3126 1364 3373 1412 sanctam
3405 1356 3747 1426 civitatem,el

2188 1450 2503 1523 populorum
2535 1450 2689 1505 turba
2712 1449 3050 1516 frequentior
3077 1448 3319 1504 cumulat
3349 1451 3625 1504 materiam
3646 1466 3745 1520 gau-

2187 1542 2422 1597 diorum.
2477 1541 2623 1596 Iuter
2671 1540 2785 1595 luce
2835 1553 2989 1594 sacra
3037 1538 3346 1593 consistens
3386 1537 3743 1610 archangelus:

2196 1659 2212 1689 ι
2246 1635 2325 1691 Ne
2357 1635 2571 1700 timeas,
2603 1633 2799 1704 inquit,
2832 1630 3096 1687 Zacharia
3133 1629 3348 1702 (Ibid),
3391 1649 3410 1681 ι
3440 1628 3563 1700 quia
3591 1645 3747 1684 nascc-

2194 1741 2280 1786 tur
2308 1729 2402 1784 tibi
2434 1728 2573 1782 lilius
2600 1734 2881 1799 parentum
2914 1723 3167 1793 gaudium
3192 1763 3209 1788 ,
3258 1722 3516 1777 nobilitas
3549 1722 3747 1794 generis,

2121 1812 2162 1870 ll
2190 1820 2338 1875 orbis
2380 1816 2685 1888 exemplum
2710 1857 2723 1881 ,
2756 1814 2877 1870 llnis
2908 1814 3074 1884 legis,
3116 1811 3400 1884 Evangelii
3443 1812 3751 1884 principium,

2192 1910 2383 1967 mortis
2406 1907 2651 1980 expulsio
2678 1949 2691 1971 ,
2728 1907 2894 1978 janua
2927 1906 3075 1971 vitae,
3119 1905 3285 1961 decus
3315 1905 3613 1969 hominum,
3645 1920 3750 1960 cor.-

2190 2000 2515 2059 rersationis
2547 1999 2798 2070 Splendor
2816 2040 2830 2064 ,
2881 1996 3058 2053 outnis
3081 1996 3308 2068 iustitia:
3337 1996 3674 2067 principatus.
3700 1993 3752 2050 Et

2191 2083 2258 2152 ne
2290 2094 2565 2150 dill‘usiorc
2593 2100 2822 2146 tractatu
2861 2105 3039 2146 rerum
3074 2088 3456 2146 excellentiam
3498 2085 3750 2142 confunda-

2192 2204 2332 2254 ltttts,
2380 2178 2652 2241 nascentis
2695 2192 2749 2238 et
2792 2181 3166 2238 conversantis
3209 2178 3502 2251 integritas
3548 2177 3597 2233 in
3624 2175 3747 2231 libris

2191 2279 2522 2350 erangelicis
2549 2277 2760 2350 plenius
2792 2276 3122 2347 assignatur.

2261 2373 2556 2432 Considera
2620 2370 2922 2426 nuntiantis
2986 2367 3381 2426 sublimitatem
3409 2406 3425 2432 ,
3481 2362 3748 2435 dignitatem

2193 2470 2316 2541 loci,
2347 2468 2452 2524 diei
2486 2464 2888 2528 reverentiam,
2939 2470 2993 2518 et
3043 2470 3171 2517 tunc
3220 2457 3525 2529 intelligere
3588 2453 3752 2525 potetis

2192 2578 2355 2634 quam
2401 2556 2849 2630 superexcellenti
2881 2555 3051 2628 g'oria
3080 2552 3307 2608 Joannis
3345 2549 3595 2621 Baptistae
3633 2545 3751 2617 geni-

2196 2666 2312 2711 tura
2346 2651 2675 2726 praidieitur.
2716 2647 2880 2705 Salva
2921 2646 3087 2718 igitur
3126 2642 3435 2699 reverentia
3467 2637 3747 2705 Realempttr

2194 2748 2297 2815 ris,
2330 2745 2455 2818 quia
2485 2758 2591 2799 non
2623 2740 2944 2811 derogamns
2980 2736 3136 2810 Regi,
3162 2735 3206 2790 si
3238 2733 3410 2803 Regis
3435 2731 3642 2787 militent
3668 2728 3745 2780 ho.

2196 2854 2476 2903 noramus,
2506 2850 2629 2893 cum
2667 2833 2755 2889 ille
2791 2832 3074 2894 Dominus,
3118 2829 3209 2885 hic
3234 2842 3463 2890 servus;
3509 2823 3589 2878 ille
3614 2819 3746 2873 Grca.

2196 2943 2302 2999 tor,
2324 2939 2574 2987 creatura
2604 2928 2735 2994 iste;
2760 2925 3006 2997 digniore
3027 2919 3538 2994 prazmonstratioue
3556 2912 3747 2969 Joannes

2196 3023 2479 3078 tuuitiatur
2507 3034 2669 3089 quam
2700 3016 2968 3072 Christus.
2997 3013 3247 3069 Christus
3292 3006 3543 3064 fortassis
3582 3004 3628 3058 in
3657 3001 3746 3054 tha-

2197 3117 2358 3179 lamo,
2385 3112 2624 3168 Joannes
2651 3109 2705 3164 in
2737 3107 2967 3180 templo;
3015 3114 3066 3162 et
3116 3119 3219 3159 non
3254 3102 3434 3157 solum
3480 3099 3533 3153 in
3572 3090 3749 3163 templo,

2124 3192 2167 3253 (ἶ
2201 3208 2294 3265 sed
2320 3210 2482 3264 etiam
2513 3216 2638 3262 ante
2663 3204 2863 3260 Sancta
2898 3207 3209 3253 sanctorum
3249 3194 3302 3249 in
3334 3189 3530 3260 insigni
3570 3186 3645 3241 die
3681 3195 3747 3234 so-

2203 3301 2498 3357 lemnitatis
2536 3315 2745 3356 eorum.
2775 3294 3012 3351 Joannes
3042 3290 3111 3346 ab
3149 3286 3339 3345 eodem
3366 3278 3682 3351 archangelo,
3708 3274 3749 3327 in

2204 3394 2320 3450 loco
2346 3393 2612 3464 digniore,
2635 3398 2879 3458 tempore
2900 3381 3221 3445 sacratiore,
3241 3377 3514 3448 apertiore
3535 3364 3749 3464 miraculo

2201 3456 2547 3555 prazdieatnr.
2579 3456 2777 3535 Recole
2805 3476 2955 3532 Isaae
2976 3473 3045 3528 ab
3065 3469 3274 3541 angelis
3298 3465 3596 3522 nuntiatum
3625 3456 3748 3555 (ίξιιι.

2204 3546 2382 3644 xuii),
2432 3571 2749 3627 Samsonem
2802 3581 2899 3637 per
2950 3562 3198 3633 angelum
3241 3557 3586 3630 pmdicatum
3626 3546 3747 3644 (lu.

2204 3641 2349 3736 xm),
2378 3675 2433 3719 et
2457 3667 2762 3718 universam
2786 3656 3164 3715 Nummorum
3188 3660 3392 3707 sectam
3416 3641 3748 3714 circumspice,

2203 3733 2485 3825 solumque
2517 3751 2816 3822 Baptistam
2850 3756 2960 3802 tam
2988 3746 3041 3800 in
3071 3744 3174 3798 hoc
3197 3756 3360 3812 quam
3400 3740 3455 3794 in
3484 3736 3599 3791 aliis
3628 3733 3746 3787 inve-

2206 3847 2320 3902 nies
2349 3844 2648 3915 digniorem

2275 3934 2558 3993 Secundus
2610 3933 2783 3987 honor
2825 3938 2909 3984 est
2950 3924 3309 3981 sanctiﬁcatio
3363 3922 3419 3977 in
3460 3926 3633 3976 ventre
3656 3927 3748 3967 ma-

2209 4029 2327 4085 tris.
2375 4027 2694 4095 Quicunquc
2744 4025 2812 4078 de
2862 4035 3036 4076 massa
3070 4015 3505 4089 praevaricatriee
3533 4008 3746 4066 mundum

2207 4119 2560 4194 ingredimur,
2591 4117 2805 4187 longam
2848 4121 3045 4168 restem
3075 4108 3353 4181 originalis
3390 4103 3585 4177 peccati
3615 4095 3748 4194 trahi-

2206 4188 2328 4269 mus
2359 4210 2659 4267 nobiseum.
2708 4205 2868 4263 Solus
2914 4203 3002 4259 ille
3042 4203 3132 4273 qui
3183 4208 3462 4275 peccatum
3519 4210 3613 4249 non
3648 4188 3748 4244 fecit

2209 4307 2259 4380 (J
2298 4304 2446 4360 Petr.
2500 4302 2563 4373 ιι)
2632 4300 2941 4371 εχιιίιιίιιιτ,
2994 4308 3152 4367 quem
3208 4286 3494 4364 Virgittalis
3527 4285 3747 4342 thalamus

2210 4400 2491 4471 ignorante
2517 4395 2635 4451 viro
2664 4393 2825 4451 terris
2854 4390 3069 4457 eﬂ‘udit;
3115 4390 3272 4461 longe
3318 4386 3512 4458 quippe
3549 4380 3685 4437 aliter
3704 4383 3746 4430 et

2211 4490 2460 4548 dissimili
2497 4489 2655 4546 modo
2697 4493 2991 4556 conceptus
3035 4492 3158 4549 est,
3207 4480 3413 4552 Spiritu
3454 4485 3624 4533 saneto
3661 4475 3744 4523 tota

2215 4582 2497 4652 majestate
2519 4579 2799 4652 Virginem
2829 4576 3123 4632 inundante
3162 4581 3339 4644 atque
3358 4568 3655 4652 mundante,

2212 4688 2410 4747 perans
2431 4686 2588 4728 usum
2612 4669 2813 4733 carnis,
2836 4675 3040 4721 natura:
3058 4663 3328 4727 ordinem,
3351 4658 3447 4715 viri
3469 4646 3745 4747 counnistio:

2217 4735 2361 4824 item.
2407 4767 2501 4821 Sic
2533 4763 2729 4835 quippe
2754 4760 3014 4823 decebat,
3049 4768 3107 4813 ut
3134 4764 3414 4827 peccatum
3443 4747 3653 4806 nesciret
3673 4735 3742 4835 qui

2217 4867 2435 4930 peccata
2461 4830 2699 4918 tollebat,
2714 4860 2772 4906 ut
2786 4847 3381 4907 similitudiuentcamis
3401 4838 3590 4915 peccati
3612 4830 3745 4930 Sllfd'

2218 4958 2363 4988 uni-nl
2418 4963 2523 4988 nnn
2553 4955 2730 4988 mutam
2761 4957 2980 4988 carnem
3026 4940 3255 4988 necati.
3288 4936 3419 4988 CIIII]
3620 4924 3744 4988 igitur
