3946 5368
157 365 271 422 σευ

156 543 536 644 cognoscitur.
583 533 747 619 Multo
797 533 994 628 quippe
1043 544 1392 608 excellentius
1425 546 1509 594 est
1544 533 1747 606 Spiritu

171 623 301 644 ππ,
325 623 415 626 ,η
818 623 831 628 _
896 623 942 628 ’ν

163 683 192 720 s
221 671 356 718 octo
383 657 582 728 repleri
610 667 768 724 quam
795 641 1153 704 sanctiﬁcari;
1184 635 1256 696 ibi
1283 632 1425 690 enim
1455 623 1755 684 sanctifica-

166 760 246 812 tio
266 751 726 811 emundationem,
757 745 844 798 hic
870 735 1094 809 repletio
1119 725 1522 788 inundationem
1553 716 1754 786 signiti-

164 859 278 904 cat.
306 846 546 914 Denique
570 851 629 896 et
657 833 915 908 apostoli,
946 830 1038 900 qui
1076 823 1323 881 manibus
1353 816 1466 871 suis
1488 818 1755 870 tractave-

170 949 295 994 runt
317 939 384 992 de
420 907 595 989 verba
623 907 747 984 vita:
773 927 828 999 (1
859 925 1020 979 Joan.
1057 921 1094 987 ι)
1119 958 1133 982 ,
1181 929 1305 970 cum
1337 907 1597 979 Spiritum
1627 916 1755 953 sau-

167 1044 318 1083 ριιιιιιι
364 1027 433 1082 de
473 993 1156 1084 Salvatoris'accepissent‘
1183 1002 1362 1060 aﬂlatu
1409 996 1591 1066 (lacn.
1636 993 1754 1057 ιιι),

164 1123 261 1176 vix
307 1115 756 1190 quinquagesimo
807 1125 837 1164 a
891 1083 1304 1162 resurrectionis
1353 1092 1440 1147 die
1490 1086 1556 1142 ad
1611 1083 1758 1138 illum

168 1212 400 1280 gradum
446 1205 730 1280 pervenire
777 1203 1067 1273 potuerunt
1123 1198 1184 1245 ιιι
1232 1188 1500 1242 diceretur
1549 1175 1756 1233 decis:

181 1267 204 1350 ί
234 1267 601 1372 Ιιρριειίειιιιι
625 1267 814 1351 omnes
843 1289 1048 1361 Spiritu
1095 1290 1304 1339 saneto.
1331 1275 1471 1348 (Aa.
1509 1269 1595 1339 ιι).
1641 1288 1662 1320 ι
1698 1267 1764 1320 Et

177 1394 303 1449 licet
345 1390 582 1462 Spiritus
621 1393 842 1443 sanctus
883 1379 1115 1451 largiore
1141 1385 1267 1429 tunc
1293 1379 1515 1424 munere
1532 1361 1762 1416 creden-

179 1488 310 1538 tium
345 1482 509 1539 corda
541 1476 859 1549 repleverit,
889 1473 993 1528 hoc
1023 1477 1200 1522 tamen
1240 1462 1474 1519 Joannes
1515 1455 1567 1509 in
1613 1459 1768 1504 utero

179 1577 375 1647 legitur
405 1545 710 1634 assecutus,
744 1567 888 1638 quod
921 1559 1217 1632 apostolica
1247 1551 1514 1612 celsitudo
1549 1545 1767 1601 tandem

177 1669 412 1738 largiore
434 1663 794 1736 promissione
819 1655 1016 1712 meruit
1040 1651 1308 1706 obtinere.

250 1763 502 1820 Attende,
525 1757 770 1818 obsecro,
795 1751 1096 1822 diligenter,
1122 1756 1282 1813 quam
1312 1735 1562 1791 ordinata
1592 1728 1772 1796 dispo-

183 1857 375 1910 sitione
420 1850 658 1921 Spiritus
697 1846 784 1900 ille
822 1839 1099 1910 multiplex
1129 1831 1418 1890 Jereniiam
1449 1822 1620 1889 sancti

185 1946 366 2015 implet
391 1943 688 2002 Joannem,
719 1931 1028 2006 supervenit
1057 1929 1112 1983 iu
1160 1923 1288 1979 Mari
1310 1935 1400 1974 ιιιι,
1435 1917 1497 1971 Et
1523 1909 1771 1970 ieremite

87 2043 98 2056 ‘
185 2037 398 2106 quidem
431 2031 747 2088 admiranda
779 2021 1154 2082 sanctificatio,
1187 2015 1314 2086 quia
1345 2009 1444 2068 etsi
1473 2011 1524 2063 in
1552 2011 1772 2077 peccato

183 2135 479 2196 conceptus
505 2131 608 2186 est,
641 2119 880 2175 nascitur
920 2123 1100 2169 tamen
1147 2108 1272 2163 sine
1312 2108 1558 2174 peccato.
1608 2096 1773 2149 Ante-

185 2233 346 2287 quam
388 2209 536 2272 enim
587 2213 759 2268 exiret
786 2209 853 2264 de
883 2213 1073 2262 ventre
1103 2197 1469 2256 sanctiﬁcatus
1515 2197 1630 2251 est,
1675 2200 1777 2239 nec

188 2321 399 2384 poterat
430 2309 581 2365 nasci
612 2321 719 2361 non
749 2310 988 2366 sanctus,
1033 2297 1125 2368 qui
1146 2295 1209 2347 in
1239 2288 1428 2347 matris
1468 2294 1622 2338 utero
1662 2284 1778 2332 erat

187 2402 580 2460 satictificatns.
617 2399 747 2452 Mira
781 2410 892 2458 res,
922 2399 1038 2447 et-a
1072 2395 1220 2442 retro
1253 2374 1542 2436 transactis
1568 2369 1779 2428 smeulis

191 2494 454 2554 triattdita,
477 2490 750 2546 hominem
771 2490 1088 2552 conceptum
1112 2478 1169 2531 in
1192 2470 1428 2545 peccatis
1445 2509 1457 2532 ,
1488 2463 1636 2520 nasci
1664 2462 1781 2516 siue

191 2595 434 2658 peccato.
465 2583 886 2640 Joannem-vero
912 2574 1068 2643 longe
1091 2565 1373 2641 gloriosior
1399 2561 1570 2614 virtus
1595 2553 1782 2623 imple-

191 2681 290 2743 vit,
320 2677 424 2747 qui
447 2685 504 2741 et
549 2671 914 2728 sanctiﬁcatus
954 2673 1039 2719 est
1080 2678 1108 2716 a
1147 2665 1388 2730 peccato,
1422 2653 1494 2707 ita
1529 2659 1583 2704 et
1612 2646 1783 2703 dozui-

194 2778 356 2824 nante
384 2766 594 2837 Spiritu
625 2758 958 2832 superfusus,
989 2763 1046 2808 ut
1071 2756 1409 2821 eL-purgatus
1431 2750 1587 2796 exeat
1614 2747 1669 2791 et
1697 2751 1783 2790 re-

193 2860 390 2933 pletus.
432 2858 573 2911 Vere
596 2867 822 2920 magnus
850 2862 1034 2904 coram
1057 2841 1309 2904 Domino,
1356 2850 1517 2907 quem
1563 2828 1787 2902 angelus

197 2955 440 3016 ruutiat,
487 2946 792 3004 sanctificat
836 2944 1015 3006 Deus,
1052 2943 1272 2994 sanctus
1313 2929 1484 3001 replet
1532 2925 1785 2996 Spiritus,

197 3048 305 3101 vita
340 3041 708 3101 commendat.
738 3032 1097 3092 luetlabiliore
1131 3025 1313 3083 autem
1342 3021 1502 3077 modo
1529 3030 1787 3088 superve-

197 3143 272 3197 nit
303 3141 360 3194 in
390 3137 690 3207 Virginem,
713 3145 879 3203 quam
907 3135 1017 3182 tota
1046 3119 1346 3180 divinitatis
1375 3112 1649 3188 plenitudo
1673 3109 1789 3163 sine

202 3247 477 3289 mensura:
503 3200 828 3285 discretione
855 3218 1109 3292 perfudit,
1143 3225 1200 3270 ut
1225 3220 1392 3268 totam
1419 3212 1637 3276 caperet
1655 3243 1669 3266 ,
1698 3200 1788 3270 qui

200 3327 332 3381 fecit
365 3333 571 3386 totum;
605 3329 662 3372 ut
688 3332 793 3371 non
825 3313 996 3369 solum
1034 3325 1064 3364 a
1093 3303 1331 3379 peccatis
1355 3299 1557 3359 abluta,
1589 3294 1792 3364 repleta

203 3415 438 3486 Spitilu,
470 3410 564 3466 sei
586 3408 726 3464 etde
750 3403 952 3475 Spiritu
977 3410 1165 3456 sancto
1187 3392 1501 3462 concepisse
1521 3385 1792 3447 credatur,

206 3508 333 3577 quia
368 3523 387 3554 ι
425 3503 580 3574 quod
607 3501 660 3554 in
695 3514 758 3553 ea
799 3504 984 3552 natum
1013 3499 1116 3556 est,
1149 3490 1215 3543 de
1251 3484 1456 3557 Spiritu
1487 3487 1677 3536 sancto
1717 3485 1800 3530 est

205 3569 522 3669 {Hatria-il.
575 3611 592 3644 ι
639 3589 766 3646 lude
806 3594 884 3643 est
938 3582 1082 3654 quod
1127 3569 1797 3649 singulari-pmrogativa

205 3691 342 3746 tides
386 3685 650 3742 catholica
685 3681 878 3736 Filium
915 3676 1007 3731 Dei
1038 3683 1220 3729 natum
1267 3669 1333 3722 de
1377 3665 1621 3736 Virgine,
1672 3675 1800 3714 cou-

210 3790 428 3850 ceptum
461 3779 528 3833 de
557 3775 759 3847 "pii-itu
780 3769 1101 3832 conﬁtetur;
1135 3773 1190 3818 ut
1227 3759 1452 3816 deitatis
1469 3765 1523 3810 et
1555 3751 1804 3809 humani-

213 3875 343 3927 tatis
376 3865 722 3924 indivisibilis
745 3863 977 3916 adunata
1005 3854 1293 3917 connexio,
1318 3846 1708 3904 vocabulorum
1725 3841 1804 3896 in-

212 3963 524 4020 dill’erentia
549 3941 880 4028 designetur.
915 3951 1079 4006 Vides
1120 3962 1249 4018 ergo
1302 3957 1464 4014 quam
1515 3936 1806 3995 remotiore

215 4055 499 4128 privilegio
551 4071 572 4103 ‹
625 4048 900 4120 speciosus
956 4043 1148 4098 forma
1185 4053 1294 4109 prae
1351 4033 1475 4090 filiis
1527 4027 1804 4085 hominum

214 4118 609 4218 θυεμ-κων),
648 4118 665 4193 ὲ
702 4157 731 4195 a
761 4139 883 4193 filiis
911 4135 1190 4192 hominum
1218 4130 1272 4184 in
1303 4121 1656 4193 concipiendo
1693 4118 1805 4170 dis-

215 4250 402 4296 cretus
440 4212 653 4293 sit?;llli
687 4230 886 4288 etenim
909 4228 975 4284 de
997 4223 1232 4297 peccatis
1257 4228 1311 4275 et
1340 4219 1393 4272 in
1418 4212 1652 4286 peccatis
1675 4224 1808 4264 cou-

218 4333 361 4402 cepti
391 4340 547 4394 sunt;
577 4327 666 4381 hic
695 4325 748 4379 in
779 4320 1006 4391 Spiritu,
1036 4325 1092 4371 et
1132 4315 1196 4369 de
1225 4309 1430 4382 Spiritu
1466 4311 1654 4360 sancto
1682 4316 1812 4355 con-

221 4429 440 4496 t-ipitur.
474 4423 597 4477 llzec
622 4434 759 4474 sane
780 4417 922 4471 dicta
944 4420 1070 4468 sunt
1085 4410 1162 4469 -.de
1191 4403 1545 4474 conceptione
1566 4395 1810 4456 Joannis,

223 4510 798 4586 nihilprzrjudioantia
838 4505 1022 4562 sanius
1064 4498 1315 4572 sapienti.
1369 4495 1474 4550 Sed
1502 4492 1602 4549 etsi
1632 4491 1685 4546 in
1717 4489 1811 4544 ali-

223 4625 332 4678 quo
356 4617 667 4662 sanctorum
689 4594 1100 4654 auctoritatibus
1121 4591 1370 4646 videntur
1392 4585 1635 4648 obviare,
1657 4580 1810 4635 volu-

227 4720 347 4758 mus
371 4695 738 4754 ut-sine-ornni
761 4689 1164 4747 excusationum
1216 4682 1300 4739 vel
1330 4678 1698 4737 defensionum
1719 4685 1815 4742 pa-

230 4793 460 4849 trocinio
490 4789 844 4846 subruantur.

301 4888 519 4944 Tertius
551 4893 634 4939 cst
665 4876 983 4935 excellentia
1021 4875 1074 4929 iu
1127 4867 1514 4926 exsultatione.
1551 4855 1818 4916 Avsazrulo

235 4998 340 5034 nun
390 4987 474 5033 cst
527 4973 772 5030 auditum
817 4967 964 5039 quod
1013 4961 1362 5019 cxsultaverit
1399 4956 1523 5028 quis
1561 4940 1620 5007 in
1668 4958 1820 5002 utero

238 5072 444 5135 matris,
476 5082 598 5124 cum
626 5065 714 5119 hic
744 5064 801 5117 in
832 5060 1023 5131 gaudio
1063 5053 1365 5111 exsultasse
1393 5053 1619 5120 legatur.
1656 5042 1819 5096 Pror-

240 5181 328 5194 ι-..η
354 5158 678 5194 nimiunn-salvi
715 5153 950 5194 .lianenin
1001 5160 1225 5194 n-mrtlm
1277 5144 1368 5194 ViX
1399 5146 1718 5194 cajtttwmlﬂl‘t
1769 5135 1822 5187 ἱιι

1565 323 1804 382 εειιιιο
1846 308 2053 409 xxiii:-

157 492 322 549 ιιιάτο
347 473 736 535 sanetiticatus,
763 468 852 524 hic
875 462 1077 536 Spiritu
1107 463 1294 514 sancto
1321 448 1554 522 repletus
1578 441 1743 497 fuisse
1773 442 1818 503 Δ
1846 409 2442 499 «(claritati-nitere"?!
2472 416 2779 489 πηοιιιιῖιιη·
2816 411 2920 472 δυδ
2949 425 3079 478 1)¹¹ί’¹’
3107 422 3212 460 ⁸¹¹¹¹³
3244 421 3275 456 ⁰
3310 405 3426 456 Mi‘

1177 547 1206 549 __
1309 544 1321 549 -
1492 546 1498 549 λ
1544 536 1575 549 η
1621 534 1632 546 ο
1671 533 1705 549 ο.
1733 547 1742 549 _
1863 529 1968 549 Α--
2007 518 2386 549 -..εηηιηιηηιῖρ
2409 512 2744 549 moinelutnnt
2764 516 3083 549 ςισηηςροιιε,
3107 499 3243 549 intra
3263 497 3426 548 VlSCC‘

3325 295 3438 350 εει»

1852 529 1983 589 cier,
2005 523 2094 595 qui
2108 518 2390 576 salutautis
2409 512 2745 581 majestatem
2764 516 3083 575 agnoscens,
3107 499 3243 552 intra
3263 497 3436 548 visceo

1853 636 1971 676 rum
1999 614 2282 672 tenebrosa
2311 606 2577 670 volumina
2602 599 2796 672 gaudio
2818 595 3034 665 gaudet,
3053 590 3176 660 quia
3192 587 3299 640 vim
3323 593 3434 638 tam

1855 711 2028 765 beatze
2056 699 2398 761 salutationis
2427 693 2673 750 attendit.
2710 709 2728 741 ι
2768 689 2832 742 lit
2863 687 3058 740 factum
3087 688 3197 740 est,
3240 676 3437 742 inquit,

1857 811 1916 856 ut
1941 798 2141 854 audivit
2175 790 2549 849 salutationem
2581 783 2763 839 Mariae.
2791 777 3062 834 Elisabetb
3089 815 3101 833 .
3145 767 3438 824 exsultavit

1861 894 1912 946 iu
1945 888 2139 963 gaudio
2183 887 2360 942 infans
2404 885 2454 936 in
2505 887 2659 939 utero
2695 872 2810 941 ejus
2849 869 3001 941 (Luc.
3032 868 3093 936 ι).
3130 883 3146 914 ι
3181 857 3435 924 Ascendit

1864 983 2025 1053 Virgo
2051 995 2172 1036 eum
2207 969 2639 1036 testinationeiu
2664 967 2887 1028 domum
2921 955 3198 1025 Zachariae
3238 951 3311 1005 ad'
3356 965 3434 1002 sa-

1860 1044 2136 1129 luta'ndam
2167 1065 2472 1127 Elisabetb,
2524 1069 2744 1132 portans
2789 1057 2845 1110 in
2896 1063 3050 1106 utero
3085 1047 3281 1102 Filium
3317 1044 3443 1104 ῐὶιιὶ,

1865 1169 2062 1240 Regem
2096 1163 2298 1236 glorim,
2330 1156 2612 1216 Dominum
2649 1145 2966 1218 maiestatis.
2997 1139 3246 1196 Occurrit
3271 1136 3448 1190 Elisa-

1865 1262 1990 1317 beth
2015 1301 2030 1326 ,
2076 1267 2130 1322 et
2156 1255 2390 1324 antiquae
2419 1245 2719 1310 sterilitatis
2745 1254 2934 1296 carens
2962 1230 3286 1304 opprobriis,
3315 1226 3450 1280 arui-

1865 1367 1988 1408 cum
2009 1346 2242 1418 ,Sponsi,
2279 1353 2581 1412 praeconem
2609 1332 2770 1393 Verbi
2803 1326 3112 1382 felicissimo
3138 1328 3327 1373 ventre
3357 1313 3451 1367 de~

1867 1452 2062 1516 portat.
2111 1439 2418 1507 Junguutur
2455 1429 2762 1500 amplexus,
2796 1420 3010 1477 venitur
3036 1417 3101 1472 ad
3133 1411 3335 1471 oscula,
3366 1423 3454 1460 (τωρ
3527 1433 3537 1440 -

1869 1535 2124 1609 pulautur
2151 1529 2334 1584 felices
2361 1522 2525 1587 uteri,
2552 1499 2869 1590 Regemque
2895 1521 2948 1567 et
2973 1509 3196 1564 militem
3236 1499 3462 1556 ιιιιιιιιτειΔ

1871 1625 1977 1678 duo
2024 1617 2302 1682 tenerrimi
2351 1615 2585 1686 parietes
2626 1608 2942 1678 abjungunt.
2977 1599 3115 1668 Quid
3145 1595 3373 1650 mirum,
3411 1589 3456 1641 si

1875 1716 2104 1778 miratur
2148 1718 2201 1764 et
2244 1683 2482 1764 exsultat
2529 1717 2661 1774 puer
2695 1700 2762 1754 ad
2813 1703 3016 1751 tactum
3051 1700 3157 1744 tam
3196 1683 3460 1755 proximae

1633 1775 1660 1781 --
1682 1775 1728 1796 ,η
1956 1775 1961 1778 .

1626 1821 1767 1879 licat,
1804 1813 1844 1871 Β
1875 1804 2169 1861 divinitatis
2187 1798 2435 1856 afﬂatus?
2457 1795 2744 1850 Poteratne
2756 1801 2946 1842 vacare
2967 1799 2997 1837 a
3019 1791 3338 1851 quocunque
3363 1775 3462 1827 itii-

1876 1895 2058 1952 raculo
2083 1894 2170 1950 cui
2197 1905 2438 1963 prmsens
2465 1887 2653 1948 aderat
2686 1880 2845 1957 Regis
2883 1873 3198 1948 praesentia,
3234 1880 3460 1936 regnan-

1877 1985 2158 2050 tisMater,
2191 1951 2373 2038 mundi
2406 1951 2940 2043 RedemptoriQuid
2977 1961 3120 2034 quod
3157 1974 3262 2013 non
3294 1951 3464 2010 semel

1879 2090 1984 2134 tam
2007 2083 2319 2132 sanctorum
2343 2067 2687 2138 amplexuum
2712 2060 2809 2114 fuit
2833 2055 3101 2112 celebrata
3126 2042 3482 2116 coniunctio?

1883 2193 1898 2224 ι
1940 2168 2141 2234 Mansit
2170 2174 2352 2219 autem
2395 2157 2562 2216 Maria
2591 2169 2712 2210 cum
2748 2151 2837 2206 illa
2875 2146 3026 2217 quasi
3067 2141 3339 2197 mensibus
3371 2135 3466 2189 tri-

1878 2263 2000 2325 bus,
2038 2279 2056 2312 ι
2091 2233 2168 2325 ait
2197 2251 2528 2321 evangelista
2561 2243 2771 2317 (Ibid.).
2806 2241 2982 2295 Tanto
3012 2245 3258 2304 tempore
3285 2233 3488 2283 manet.

1880 2366 2002 2408 cum
2033 2345 2307 2403 Elisabetb
2332 2337 2609 2410 virginalis
2630 2333 2943 2404 integritas,
2971 2335 3026 2382 et
3055 2337 3198 2379 nunc
3226 2317 3498 2380 dulciora,

1881 2442 2178 2512 colloquio,
2221 2451 2362 2492 nunc
2399 2431 2648 2502 amplexu
2679 2424 2918 2481 feliciore
2945 2419 3206 2475 Joannem
3243 2423 3490 2482 pucruur

1883 2542 2167 2592 consecrat
2197 2539 2252 2585 et
2277 2527 2520 2596 insignit.
2551 2523 2615 2577 Et
2641 2517 2888 2596 fortassis
2920 2526 3092 2584 usque
3122 2509 3173 2563 iu
3203 2506 3344 2560 diem
3377 2517 3482 2555 nas

1889 2627 2113 2684 tivitatis
2139 2623 2256 2693 ejus
2285 2619 2518 2691 gloriosa
2549 2613 2712 2684 Virgo
2740 2591 2862 2664 cum
2887 2610 3114 2676 cognata
3139 2615 3234 2654 sua
3262 2604 3471 2651 morata

1887 2729 1991 2785 est,
2023 2719 2196 2774 donec
2225 2725 2449 2786 puerum
2483 2714 2667 2762 natum
2711 2702 2832 2757 sinu
2871 2693 3187 2753 beatissimo
3219 2683 3475 2750 confove-

1892 2821 1993 2875 ret,
2024 2819 2078 2864 et
2106 2776 2443 2875 uno-pariete
2473 2803 2703 2859 remoto,
2743 2785 3182 2862 propinquiorem
3228 2776 3481 2850 reddere;

1891 2899 2192 2974 praesentia
2227 2863 2522 2952 Dreatoris.
2556 2885 2733 2942 Facile
2756 2890 2934 2937 autem
2958 2879 3067 2946 hoc
3093 2889 3158 2938 ex
3187 2863 3482 2950 Evangelia

1893 2945 2192 2974 γιυυ-σν---σνν
2234 2945 2285 2952 v-
2308 2945 2385 2948 ννη
2402 2945 2413 2948 -
2970 2945 2977 2946 ,

1893 2988 2399 3063 eoujectareliquet,
2427 2982 2552 3052 quia
2576 2981 2689 3052 jam
2717 2991 2810 3032 sex
2838 2985 3050 3028 menses
3073 2983 3103 3022 a
3125 2945 3482 3032 conceptione

1893 3038 2399 3063 w...,----.---_,-_,,
2446 3038 2458 3052 ,
2576 3038 2595 3052 ,

1893 3083 2118 3141 Joannis
2158 3078 2496 3136 deduxerant
2520 3113 2534 3140 ,
2566 3085 2704 3146 cum
2735 3066 2800 3122 ad
2828 3062 3104 3133 Virginem
3129 3038 3486 3120 areliaug'elus

1817 3181 1863 3243 C
1897 3180 2096 3235 missus
2121 3183 2228 3239 est,
2251 3171 2341 3243 qui
2374 3165 2777 3235 renovationem
2803 3155 2986 3212 mundi
3020 3148 3211 3222 pudori
3243 3145 3484 3215 virgineo

1897 3286 2034 3326 nova
2064 3232 2668 3332 salutationelportavit.
2704 3253 2780 3307 Ex
2814 3249 2943 3304 hinc
2963 3245 3128 3314 Virgo
3159 3238 3380 3295 festinat
3415 3232 3486 3286 ad

1900 3359 2193 3422 Elisabetb,
2218 3364 2272 3412 et
2303 3353 2473 3410 tribus
2500 3347 2776 3404 mensibus
2806 3337 3090 3411 prmsentia
3119 3348 3214 3386 sua
3241 3335 3520 3399 cognatm.

1899 3457 2155 3528 dignatur.
2178 3448 2498 3520 hospitium,
2535 3442 2706 3497 donec
2743 3436 2866 3492 noni
2897 3429 3098 3488 mensis
3129 3427 3234 3481 ﬁne
3264 3418 3486 3476 conclu-

1899 3562 1979 3611 so,
2013 3543 2268 3602 nativitas
2302 3537 2548 3594 imminet
2573 3527 2915 3603 patriarchze.
2955 3521 3058 3578 Alii
3083 3561 3098 3583 ,
3144 3515 3234 3588 qui
3287 3515 3486 3570 librum

1894 3636 2166 3706 iustorum
2195 3623 2627 3700 diligentioribus
2651 3618 2821 3676 oculis
2859 3615 3210 3683 inspexerunt
3234 3647 3248 3669 ,
3302 3603 3374 3658 ibi
3428 3616 3514 3667 se...

1905 3728 2102 3783 vidisse
2155 3693 2450 3783 testantur,
2503 3713 2644 3786 quod
2695 3713 2808 3780 ipsa
2862 3705 2956 3761 Dei
2999 3699 3232 3772 genitrix
3276 3693 3515 3756 felicem-_

1906 3833 2134 3891 puerum
2166 3815 2396 3885 primum
2425 3811 2488 3863 de
2518 3817 2661 3861 terra
2688 3801 2902 3865 levarit,
2931 3807 2985 3852 ct
3007 3799 3246 3865 cognatae
3273 3798 3490 3858 partum

1907 3911 2053 3968 omni
2075 3915 2355 3979 prosecuta
2380 3902 2452 3957 sit
2473 3897 2752 3954 servitute.
2778 3892 3108 3960 Quocuuque
3128 3892 3307 3937 autem
3331 3876 3494 3944 modo

1914 4006 1990 4063 rei
2023 4002 2185 4073 hujus
2216 3999 2420 4054 veritas
2465 3995 2820 4052 decornatur,
2871 3985 3000 4039 illud
3040 3997 3138 4053 pro
3183 3985 3333 4036 certo
3377 3989 3498 4031 cere

1912 4107 2026 4154 tum
2071 4105 2190 4160 est,
2238 4092 2362 4163 quia
2413 4105 2519 4144 non
2549 4101 2740 4158 parum
2769 4077 2995 4148 contulit
3025 4091 3194 4153 puero
3222 4071 3498 4127 nescituro

1915 4199 2023 4247 tam
2071 4187 2197 4243 felix
2227 4249 2230 4252 ,
2261 4193 2317 4239 et
2365 4165 2636 4235 morosum
2693 4177 3028 4231 intemeratm
3091 4162 3370 4236 genitricis
3403 4161 3499 4217 lio-

1911 4283 2152 4355 spitium.
2185 4342 2187 4345 ι

1984 4375 2220 4444 Quartus
2279 4387 2405 4424 vero
2448 4365 2699 4439 gaudium
2748 4361 2800 4414 in
2859 4355 3159 4410 nativitate.
3210 4344 3503 4404 Erubesce,

1916 4468 2157 4535 Lucifer,
2181 4464 2272 4536 qui
2306 4475 2463 4518 mane
2491 4452 2757 4512 oriebaris
2779 4449 2916 4520 (lsa.
2963 4442 3099 4512 xlv),
3132 4447 3185 4493 et
3212 4443 3504 4491 conatuum

1845 4549 1892 4610 ί)
1922 4575 2136 4629 tuorum
2172 4559 2359 4614 fractis
2402 4549 2721 4623 impulsibus
2759 4543 2972 4598 tandem
3015 4532 3251 4601 intellige
3290 4526 3418 4598 quia
3449 4525 3502 4578 iu

1923 4655 2214 4722 novissimo
2244 4650 2454 4704 dierum
2483 4622 2745 4710 tanquam
2790 4633 2978 4704 perdix
3022 4622 3372 4681 stultissimus
3419 4632 3506 4670 re-

1924 4745 2184 4803 manebis.
2215 4707 2708 4794 Machinationibus
2736 4727 2844 4782 tuis
2875 4726 3074 4778 factum
3103 4722 3264 4771 estut
3287 4707 3509 4772 humani
3595 4747 3602 4755 .

1923 4838 2136 4913 generis
2159 4831 2487 4890 universitas
2517 4827 2573 4883 in
2603 4819 2840 4898 peccatis
2877 4813 3286 4882 conciperetur,
3325 4817 3512 4869 nasce-

1926 4940 2075 4990 retur
2103 4930 2157 4984 in
2190 4924 2410 4981 tristitia
2450 4919 2606 4991 (Ceu.
2654 4913 2762 4983 ιιι).
2801 4911 2910 4966 Sed
2949 4919 3077 4961 ecce
3123 4901 3225 4956 iste
3263 4899 3319 4959 in
3361 4904 3518 4962 uterp

1927 5021 2334 5084 sanctiﬁcatur,
2378 5015 2552 5073 oritur
2588 5013 2643 5067 in
2689 4995 3283 5077 gaiulio,l:etitiamque
3321 4989 3523 5050 mundo

1929 5137 2026 5177 sua
2059 5115 2348 5174 stativilate
2381 5109 2638 5168 refundit.
2693 5103 2838 5159 Ecce
2873 5110 3040 5173 genus
3065 5100 3361 5158 armaturis
3386 5083 3526 5157 (ιυολ
