3946 5368
529 328 628 393 63f

1170 322 1236 391 s‘.
1264 322 1471 392 rerm‘
1500 320 1962 411 nanti-Nuces.
2004 334 2183 394 rans
2210 335 2343 396 seu
2384 326 2620 397 Tenus
2656 339 2720 397 ιι.
2760 356 2837 382 -γ
2859 326 3265 401 ssnuoses.‘
3670 350 3775 406 csa

529 459 685 506 utero
710 434 1019 519 consurgit?
1043 445 1230 503 Nescis
1252 449 1375 518 quia
1400 465 1428 502 a
1450 446 1638 505 diebus
1660 435 1814 507 istius
1844 473 1860 504 ‹
1890 456 2109 526 regnum
2144 461 2184 517 Α
2216 453 2386 543 sione.
2438 455 2608 510 Porro
2656 466 2861 526 quanta
2908 447 3216 516 subiimitas
3264 459 3319 515 in
3367 467 3763 527 conversatione

527 545 787 601 cmlorum
837 544 942 598 vim
999 544 1241 615 patitur,
1295 557 1346 600 et
1400 547 1617 602 violenti
1671 540 1886 619 rapiunt
1940 549 2111 604 illud?

527 635 741 705 (Matth.
779 637 878 705 ιι.)
912 656 929 689 ι
965 636 1045 691 An
1081 637 1281 693 oblitus
1315 653 1375 693 es
1424 638 1548 708 quia
1590 639 1690 694 iste
1747 641 1982 695 mittitur
2016 657 2109 713 pa-

524 732 649 781 rare
676 727 898 781 Domino
926 728 1138 797 plebem
1166 714 1494 799 perfectam?
1521 729 1671 802 (Luc.
1700 732 1762 801 ι.)
1790 731 2001 788 Intuere
2022 749 2108 786 or-

522 813 704 870 dinem
734 830 938 880 rerum,
968 829 1019 873 et
1051 818 1120 874 ab
1149 820 1279 890 ipsis
1306 835 1414 874 suae
1441 823 1808 890 conceptiouis
1837 824 2007 878 initiis
2031 825 2109 877 iu-

524 906 712 961 venies
761 907 904 962 hunc
945 908 1201 964 validiore
1240 913 1526 965 conamine
1566 925 1708 967 tuam
1740 916 2106 970 fortitudinem

524 998 804 1069 irrupisse.
857 999 935 1053 Tu
991 998 1163 1057 fecisti
1198 1012 1255 1057 ut
1289 1003 1568 1058 fratricida
1598 1003 1762 1070 Cain,
1812 1006 1901 1075 qui
1959 1007 2107 1075 prius

523 1100 682 1149 natas
711 1106 791 1151 est
815 1095 967 1168 (Gen.
999 1098 1095 1168 Iv),
1139 1098 1375 1168 pollutus
1417 1110 1471 1153 et
1512 1099 1794 1154 obvolutus
1825 1100 2024 1165 exiret,
2054 1109 2102 1154 et

522 1186 806 1259 originalis
829 1190 1035 1258 peccati
1071 1171 1472 1261 respeigeretur
1504 1185 1741 1246 infamia.
1774 1190 1926 1246 llunc
1952 1209 2108 1247 exce-

524 1275 605 1343 pit
633 1276 783 1330 orbis
824 1278 1147 1341 exterritus,
1198 1288 1252 1332 et
1304 1279 1523 1332 humani
1568 1281 1779 1350 generis
1822 1278 2104 1335 suine'uta

522 1365 775 1419 nativitas
797 1366 862 1420 ad
886 1365 1108 1422 infinita:
1134 1368 1365 1422 tristitim
1386 1369 1657 1423 cuuzul'un
1683 1362 2109 1442 transntigravit.

521 1454 786 1510 Nativitas
818 1466 996 1511 autem
1043 1456 1277 1513 hominis
1319 1459 1473 1514 istius
1524 1460 1574 1513 in
1615 1460 1809 1530 gaudio
1839 1471 1921 1516 est
1949 1471 2003 1515 et
2050 1462 2101 1515 in

523 1545 921 1602 solemnitatem
948 1548 1287 1620 przeclaram.
1323 1549 1563 1606 Laetatur
1591 1552 1759 1615 orbis,
1787 1562 1841 1608 et
1872 1561 2106 1623 quatuor

522 1637 952 1693 mentiebamur
984 1641 1381 1695 circumsonant
1409 1642 1653 1713 gloriosae
1686 1642 1995 1699 festivitatis
2020 1645 2102 1700 in-

520 1730 742 1796 stantia,
775 1730 905 1799 ipsis
933 1731 1096 1787 etiam
1130 1732 1284 1788 caelis
1315 1732 1543 1789 celebris
1575 1745 1627 1790 et
1658 1728 1881 1792 l'ainosa.
1917 1757 1936 1789 α
1973 1730 2104 1806 Quis

2210 542 2391 609 fuerit,
2430 559 2532 602 nou
2572 555 2657 602 est
2694 549 2959 604 currentis
2989 544 3182 622 linguae
3225 550 3587 624 voluptatibus
3614 557 3763 615 disse-

2213 636 2457 701 reudum,
2505 637 2597 691 scd
2633 626 2957 711 evangelicae
3002 642 3280 711 dignitatis
3317 640 3754 716 comprobandum

2207 728 2442 799 eloquio.
2483 749 2501 782 ι
2537 728 2794 800 Joannes,
2828 731 3024 805 inquit,
3050 730 3291 791 habebat
3311 738 3682 795 vestimentum
3704 743 3760 799 de

2208 818 2332 887 pilis
2373 820 2726 886 camelorum,
2763 830 2815 877 et
2847 832 3036 877 zenam
3077 825 3355 894 pelliceam
3392 829 3541 882 circa
3576 828 3763 888 lumbos

2207 910 2353 976 ejus;
2384 926 2506 966 esca
2546 916 2728 967 autem
2757 911 2873 981 ejus
2911 922 3031 969 era't
3058 915 3279 971 locusta:
3306 928 3358 972 et
3391 920 3499 971 mel
3538 919 3762 978 Silvestre

2211 998 2424 1069 (Matt/2.
2451 1000 2555 1071 in).
2582 1002 2719 1056 Ecce
2742 1005 2835 1072 qui
2858 1005 3109 1061 mollibus
3130 988 3443 1063 vestiuntur
3463 1008 3515 1062 in
3541 1010 3762 1067 domibus

2209 1103 2391 1160 regum
2420 1100 2545 1145 sunt
2577 1090 2791 1163 (Matth.
2833 1095 2929 1164 xi).
2971 1114 2988 1147 ι
3032 1095 3223 1165 Rigida
3255 1098 3441 1163 vestis,
3480 1109 3536 1153 et
3565 1100 3763 1157 durissi-

2208 1181 2311 1236 mis
2342 1181 2753 1252 hispiilitatibus
2782 1184 3167 1251 circumtexta,
3208 1189 3389 1258 rigore
3423 1191 3763 1261 squalorifero

2206 1284 2403 1339 Corpus
2450 1266 2611 1325 allicit
2660 1272 3379 1346 patriarchte,‘carnemque
3435 1280 3761 1335 tenerrimam

2208 1360 2492 1415 i‘unnatura
2523 1361 2820 1431 disciplina:
2843 1361 3058 1419 feritate
3080 1376 3345 1431 coarctat,
3369 1375 3591 1426 teneres
3608 1382 3758 1437 artus,

2205 1462 2262 1505 et
2306 1452 2603 1507 sacratiore
2650 1453 2851 1522 spiritu
2893 1454 3214 1524 superfusae
3264 1459 3515 1514 continui
3566 1471 3767 1531 quassat

2206 1540 2483 1612 longitudo
2523 1545 2793 1616 martyrii.
2840 1544 3007 1602 Cibus
3043 1557 3228 1602 autem
3260 1548 3377 1620 ejus
3418 1551 3599 1620 qualis
3629 1553 3765 1609 erat?

2205 1622 2319 1685 Non
2332 1641 2649 1699 quaeruntur
2663 1633 2910 1703 phasides
2930 1649 3076 1699 aves,
3095 1651 3195 1691 nec
3218 1644 3314 1705 per
3337 1646 3511 1693 totam
3535 1640 3764 1695 discurri-

2206 1732 2294 1776 tur
2325 1724 2625 1793 regione'm,
2647 1733 2708 1777 ut
2732 1726 3109 1794 patriarchalis
3139 1730 3456 1787 stmuaclms
3484 1732 3763 1804 impleatur.

519 1828 679 1889 putas
705 1837 838 1892 puer
875 1821 978 1877 iste
1005 1823 1142 1878 erit?
1176 1844 1194 1875 ›
1244 1826 1464 1882 Amicus
1499 1824 1726 1895 Sponsi,
1759 1828 2010 1884 inimicus
2041 1831 2099 1884 ti-

2210 1814 2315 1869 Sed
2356 1832 2375 1866 ‹
2416 1824 2558 1881 erat,
2592 1816 2785 1885 inquit,
2811 1826 2939 1873 esca
2972 1819 3090 1888 ejus
3121 1820 3373 1888 locuSta‘,
3399 1832 3467 1881 et-
3497 1825 3601 1878 mel
3630 1825 3767 1881 silve-

517 1906 616 1975 bi,
679 1923 769 1966 tua
839 1922 1107 1983 potestate
1157 1917 1447 1986 potentior.
1513 1917 1975 1974 Considerandum
2027 1927 2107 1976 est

517 2010 718 2070 quanta
757 2003 1018 2074 dignitate
1069 2005 1383 2077 prccpollcat
1431 2008 1737 2065 nativitatis
1773 2009 1935 2081 hujus
1972 2004 2107 2066 cele-

514 2087 722 2149 hranda
755 2097 970 2153 devotio
992 2138 1008 2165 ,
1061 2109 1425 2170 quantamque
1452 2100 1681 2171 gratiam
1716 2101 1766 2155 in
1797 2102 1968 2156 oculis
1997 2100 2103 2156 Ec—

515 2185 696 2242 clesiae
749 2189 986 2258 potuerit
1037 2190 1298 2247 invenire.
1344 2190 1549 2247 Nullius
1578 2193 1813 2247 hominis
1842 2190 2103 2250 nativita-

522 2289 651 2342 tem,
679 2288 876 2349 prazter
898 2280 1066 2335 solius
1098 2282 1187 2336 Dei
1219 2283 1443 2353 ejusque
1469 2284 1686 2349 matris,
1727 2282 1775 2337 in
1810 2266 2104 2340 aii’ctorita-

520 2369 586 2426 tis
616 2384 796 2423 arcem
839 2371 1042 2441 recepit.
1081 2371 1313 2426 Reclesia
1337 2414 1350 2436 ,
1402 2370 1556 2440 hujus
1593 2372 1749 2427 istius
1787 2375 2104 2444 exceptione

513 2467 749 2514 rcrvata.
782 2458 940 2514 Novit
974 2444 1117 2514 enim
1151 2463 1275 2531 quia
1309 2463 1498 2517 melior
1526 2475 1614 2518 est.
1635 2465 1749 2519 dies
1784 2465 1972 2520 mortis
2014 2462 2101 2522 die

515 2550 816 2605 nativitatis
843 2550 1042 2622 (Eccle.
1066 2551 1186 2623 vn),
1220 2561 1273 2608 et
1295 2553 1433 2622 quod
1458 2565 1609 2609 ortus
1636 2556 1911 2611 hominum
1940 2559 2105 2613 tristi¢

520 2641 591 2692 tia
620 2641 926 2697 comitetur.
965 2641 1093 2697 lmle
1124 2652 1204 2698 est
1237 2645 1378 2714 quod
1414 2654 1708 2718 martyrum
1742 2656 1966 2713 mortes,
1998 2664 2103 2703 non

518 2728 831 2785 nativitates
860 2728 1176 2805 solemnizat
1210 2732 1481 2800 Ecclesia;
1518 2746 1745 2790 mortem
1781 2752 1965 2791 eorum
1999 2738 2102 2792 Na-

520 2822 758 2878 talitioru
785 2842 814 2877 n
867 2827 1084 2879 nomine
1114 2827 1418 2888 nominans,
1465 2827 1657 2897 quibus
1700 2828 1874 2909 factus
1919 2838 2001 2883 est
2038 2832 2102 2886 de

515 2924 689 2970 morte
721 2915 931 2970 natalis.
987 2914 1138 2972 Tunc
1179 2917 1323 2972 enim
1373 2916 1710 2988 incmperunt
1742 2922 1890 2977 nasci
1923 2923 1988 2976 ad
2017 2924 2108 2977 vi-~

514 3006 647 3069 tam,
697 3019 820 3058 cum
868 3006 1034 3060 vitam
1066 3008 1431 3076 deposuerunt
1472 3025 1572 3079 pro
1609 3011 1739 3073 vita,
1778 3011 1943 3081 llujus
1976 3028 2102 3068 vero

516 3095 853 3152 nativitatem
907 3113 1103 3168 sponsa
1150 3099 1347 3156 Christi
1388 3110 1538 3156 tanto
1582 3105 1825 3158 securirs
1861 3105 2097 3159 benevo-

2208 1916 2338 1963 stre.
2370 1926 2388 1959 ι
2413 1904 2546 1985 βωιί
2574 1923 2697 1964 rore
2721 1912 2964 1979 pascitur
2988 1920 3044 1967 et
3070 1913 3322 1969 animalis
3348 1916 3595 1973 vilissimi
3618 1920 3759 1972 satia-

2209 2009 2298 2053 tur
2325 1996 2525 2065 edulio,
2555 1998 2797 2071 nihilque
2822 2011 3037 2057 coctum
3059 2003 3260 2073 accipit
3276 2002 3584 2074 ieiunantis
3611 2017 3764 2062 auste-

2208 2090 2364 2143 ritas.
2396 2088 2674 2161 Castigato
2708 2090 2906 2162 quippe
2933 2092 3133 2157 ventri,
3163 2102 3218 2147 et
3246 2094 3508 2151 diuturna
3547 2108 3763 2151 uiscera.

2207 2182 2354 2236 tione
2396 2181 2650 2245 distento,
2685 2182 2864 2253 ignota
2896 2179 3000 2236 fuit
3028 2184 3265 2239 varietas
3292 2184 3648 2250 ferculoi-um,
3681 2196 3767 2243 nec

2209 2272 2448 2329 introivit
2484 2274 2535 2327 in
2563 2289 2624 2329 os
2657 2272 2779 2342 ejus
2818 2275 2971 2345 quod
3003 2275 3181 2347 gulam
3217 2277 3487 2343 alliceret,
3526 2277 3765 2334 sufﬁceret

2207 2366 2403 2428 ventri,
2434 2364 2721 2420 stomacho
2747 2365 3105 2422 blandiretur.
3148 2366 3291 2424 Elias
3324 2370 3571 2427 comedit
3601 2384 3766 2425 carm

2207 2454 2327 2527 (111
2379 2454 2503 2523 ἔξω.
2554 2457 2710 2526 xvn),
2759 2466 2812 2512 et
2857 2458 2901 2512 si
2947 2458 3076 2528 quid
3119 2458 3264 2514 aliud
3305 2460 3623 2531 apponitur,
3660 2476 3766 2515 cum

2207 2548 2499 2618 gratiarum
2523 2550 2765 2620 percepit
2791 2549 3026 2615 actione,
3057 2566 3156 2606 nec
3184 2550 3448 2622 aliquem,
3477 2552 3580 2607 nisi
3610 2550 3765 2615 fallor,

2208 2636 2433 2708 legimus
2480 2640 2534 2694 in
2577 2640 2746 2695 veteri
2788 2638 2999 2696 ofﬁcina
3043 2642 3108 2696 ad
3146 2641 3276 2714 legis
3319 2642 3486 2711 huius
3522 2644 3763 2714 aspirasse

2208 2728 2504 2801 fastigium:
2543 2732 2717 2786 Vestis
2739 2746 2955 2802 aspera,
2982 2734 3136 2790 cibus
3167 2736 3365 2800 tenuis,
3392 2751 3556 2792 mens
3575 2737 3765 2800 devota,

2205 2822 2508 2890 perfectum
2540 2835 2864 2879 consecrant
2898 2827 3285 2896 patriarcham.

2278 2911 2478 2967 Sextus
2526 2921 2610 2968 est
2657 2915 2876 2969 novitas
2920 2918 2973 2970 in
3028 2918 3440 2986 pnedicatione‘.
3485 2911 3599 2974 llic
3660 2916 3765 2973 volo

2208 3006 2473 3060 attentius
2490 3007 2734 3061 attendat
2766 3007 2995 3063 intentio
3026 3019 3231 3076 vestra,
3271 3011 3398 3081 quia
3429 3012 3595 3082 paulo
3617 3010 3761 3067 subti-

2209 3095 2310 3149 lius
2344 3095 2662 3150 ordiendum
2704 3099 2944 3152 materite
2992 3100 3237 3170 prtccipit
3281 3103 3617 3172 magnitudo.
3655 3101 3761 3155 Post

517 3183 818 3242 lentissima
870 3188 1180 3259 dignatione
1234 3192 1503 3261 suscepit,
1541 3194 1741 3262 quanto
1772 3195 1889 3262 sing
1932 3194 2096 3250 larius

2204 3193 2486 3253 peccatum
2534 3184 2664 3241 Adae
2718 3196 2772 3242 et
2841 3187 2983 3243 illius
3040 3189 3223 3245 diluvii
3283 3194 3643 3248 vastationem
3685 3206 3759 3246 su—

510 3293 635 3332 eam
670 3279 916 3335 veritatis
953 3281 1278 3352 evangelicae
1327 3280 1716 3355 irrefragahilis
1755 3287 2097 3341 coniuendat

509 3368 831 3430 auetoritas.

581 3463 812 3532 Quintus
841 3474 927 3522 est
950 3464 1294 3538 sungularitas
1326 3466 1378 3525 in
1409 3471 1761 3526 conversione
1787 3482 1842 3526 et
1872 3486 2097 3526 conver-

510 3554 720 3610 satione
743 3556 881 3612 iutra
907 3559 1319 3615 teneritudinem
1343 3576 1626 3615 annorum.
1645 3561 1841 3616 Beatus
1865 3578 2097 3633 namque

512 3647 613 3703 iste
634 3640 770 3718 puer
791 3649 857 3703 ad
882 3665 1146 3715 eremum,
1182 3651 1374 3721 Spiritu
1405 3652 1654 3717 ducente,
1692 3651 1952 3717 deductus
1978 3660 2091 3719 est;

510 3754 613 3796 nec
640 3740 850 3795 obstitit
874 3740 1052 3796 aetatis
1079 3741 1385 3807 infirmitas,
1417 3758 1577 3812 quam
1603 3741 1857 3812 maiestas
1884 3741 2095 3796 Domini

508 3827 859 3886 fecundabat.
896 3830 1130 3903 Spiritus
1160 3834 1303 3889 enim
1331 3844 1554 3889 sanctus
1587 3828 1691 3890 rion
1731 3835 1960 3890 attendit
1996 3833 2099 3890 dif-

511 3921 793 3977 ferentium
817 3938 1064 3991 sexuum,
1092 3924 1439 3996 fragilitatem
1465 3941 1774 3996 corporum,
1796 3926 2094 3997 temporum

511 4014 891 4080 annositatem,
952 4016 1046 4070 sed
1117 4031 1492 4087 quemcunque
1549 4027 1603 4071 et
1663 4018 1932 4087 quomodo
1984 4016 2095 4070 vult

512 4105 921 4176 dignantissima
949 4108 1123 4178 replet
1158 4109 1512 4181 benignitate.
1553 4109 1829 4182 Relinquit
1859 4106 2095 4165 Ioannes

512 4195 796 4260 mundum,
844 4196 1090 4252 homines
1138 4196 1303 4268 fugit,
1353 4201 1528 4255 nescit
1554 4185 1827 4270 patrium:
1844 4211 2094 4271 parentes

510 4295 869 4357 aspernatur,
905 4298 960 4343 ct
1012 4290 1063 4343 in
1116 4289 1282 4345 solius
1320 4291 1615 4347 divinitatis
1663 4293 1867 4361 apicem
1925 4293 2094 4347 beatae

508 4378 984 4448 cuntcmplationis
1009 4379 1122 4449 figit
1153 4380 1391 4437 obtutus.
1423 4381 1554 4436 Mira
1584 4398 1763 4438 rerum
1790 4385 2090 4446 conversio,

508 4469 784 4524 hominem
828 4470 913 4523 vix
986 4470 1246 4527 mundum
1298 4473 1601 4544 ingressum
1670 4473 1853 4528 mundi
1906 4472 2091 4544 fugere

2201 3278 2456 3342 lemnem,
2485 3277 2656 3333 electa
2680 3288 2761 3333 est
2781 3277 3049 3347 justorum
3073 3281 3284 3336 infinita
3313 3282 3619 3352 pluralitas,
3649 3294 3761 3335 CIIII

2199 3368 2396 3437 quibus
2417 3368 2559 3423 Deus
2592 3367 2728 3424 facie
2750 3371 2817 3424 ad
2850 3369 3040 3427 faciem
3072 3372 3283 3428 locutus
3307 3373 3480 3430 fuisse
3510 3373 3757 3443 dignosci-

2202 3471 2308 3516 tur.
2341 3459 2690 3517 Transfertur
2714 3463 2933 3519 llenocb
2961 3462 3114 3535 (Gen.
3141 3466 3214 3537 v),
3236 3466 3461 3536 eligitur
3482 3466 3595 3522 Noe
3620 3464 3751 3535 (Gen.

2197 3555 2297 3624 vi),
2349 3563 2576 3609 vocatur
2626 3555 2897 3631 Abraham
2944 3555 3094 3625 (Gen.
3142 3557 3273 3627 ιιι),
3330 3558 3487 3615 Isaac
3541 3559 3756 3629 diligitur

2200 3646 2352 3717 (Gen.
2381 3647 2536 3717 xvu),
2569 3647 2735 3703 Iacob
2762 3647 2929 3703 Deum
2960 3646 3096 3705 facie
3124 3650 3189 3704 ad
3221 3650 3413 3707 faciem
3438 3649 3752 3721 contempla-

2200 3749 2287 3792 tur
2316 3737 2467 3810 (Gen.
2509 3739 2741 3809 xxxiii),
2784 3736 2982 3810 Joscph
3031 3750 3252 3796 vocatur
3287 3743 3479 3797 mundi
3530 3743 3758 3797 Salvator

2199 3825 2353 3896 (Gen.
2389 3826 2528 3897 xu);
2565 3844 2663 3882 nec
2696 3839 2872 3887 tamen
2917 3830 3012 3884 Dei
3053 3831 3120 3886 ad
3165 3831 3303 3897 illos,
3339 3832 3428 3887 vel
3468 3833 3669 3887 illorum
3696 3831 3750 3884 ad

2199 3919 2446 3974 homines
2472 3918 2529 3973 fit
2551 3919 2727 3988 aliqua
2757 3919 2957 3975 mentio
2985 3921 3051 3975 de
3080 3922 3230 3991 regni
3252 3918 3492 3979 cmldstis
3518 3932 3751 3994 perpetua

2198 4009 2499 4080 mansione.
2534 4008 2744 4082 Moyses
2764 4012 3057 4065 assumitur
3079 4012 3129 4065 in
3154 4013 3343 4067 ducem
3367 4015 3547 4086 populi
3572 4012 3760 4069 Judazov

2197 4116 2314 4154 rum
2349 4099 2545 4173 (Exod.
2600 4101 2702 4169 ιιι),
2756 4100 3030 4157 Pharaoni
3080 4102 3132 4157 in
3184 4102 3353 4158 Deum
3403 4105 3750 4159 constituitur.
3832 4152 3843 4165 ,

2195 4191 2347 4247 Facit
2392 4191 2533 4247 Deus
2579 4192 2631 4246 in
2681 4192 2914 4264 Egypto
2965 4196 3251 4266 magualia,
3287 4205 3343 4251 et
3392 4198 3658 4253 mirabilit
3701 4197 3748 4251 in

2198 4295 2341 4342 terra
2374 4285 2567 4349 Cham,
2620 4286 2881 4340 terribilia
2925 4287 2980 4341 in
3019 4289 3156 4343 mari
3205 4288 3390 4343 Rubro
3426 4289 3621 4361 (Exod.
3666 4304 3747 4349 vn,

2193 4395 2314 4443 vm,
2340 4378 2491 4449 αα).
2517 4379 2772 4435 Ascendit
2796 4379 3007 4452 Moyses
3028 4381 3095 4436 ad
3115 4380 3423 4451 caliginem,
3454 4383 3506 4437 in
3529 4398 3629 4452 qua
3650 4390 3751 4435 emt

2198 4471 2360 4525 Deus.
2386 4471 2555 4525 Datur
2581 4470 2634 4524 in
2660 4480 2839 4526 monte
2864 4471 3145 4543 multiplex
3168 4483 3560 4546 prmceptorum
3586 4484 3751 4528 aucto-

486 4550 763 4633 gloriam,
796 4573 852 4617 c't
878 4563 1058 4618 saeculi
1102 4540 1427 4637 cupiditates
1466 4580 1571 4620 non
1604 4565 1776 4621 solum
1820 4540 2086 4633 oblivisci,
2123 4540 2169 4599 ί)
2199 4562 2354 4616 ritas.
2380 4559 2647 4629 Loquitur
2672 4560 2759 4616 illc
2782 4576 2903 4616 cum
2934 4560 3067 4627 Deo,
3090 4563 3242 4632 quasi
3271 4564 3511 4619 homoad
3537 4565 3746 4618 vicinum

504 4652 599 4707 sed
627 4661 683 4707 et
712 4654 939 4718 nescire,
962 4668 1390 4729 perpetuumque
1432 4674 1554 4713 cum
1598 4658 1880 4713 divinitate
1923 4659 2086 4714 stabi-

499 4741 603 4798 lire
646 4747 1001 4802 consortium.
1053 4748 1321 4806 Recessus
1354 4750 1654 4815 montium,
1699 4751 1953 4807 silvarum
1992 4768 2091 4807 aus

501 4834 710 4892 fractus
752 4847 805 4893 et
852 4839 1069 4894 vallium
1116 4841 1490 4910 su‘bterjacens
1522 4841 1746 4897 vastitas
1789 4857 1954 4912 puero
1992 4859 2092 4913 νηί

501 4927 763 4984 triarchte
777 4930 1045 4986 domicilia
1068 4933 1433 5002 prmbueruut.
1477 4932 1599 4988 Non
1624 4940 1927 5004 opponatur
1953 4935 2090 4989 mihi-

500 5018 796 5085 Jeremias,
841 5035 940 5077 nec
994 5022 1341 5093 prtedicautis
1389 5020 1634 5094 pueritia:
1670 5023 1845 5080 virtus
1894 5025 2091 5078 audeat

497 5108 743 5175 obviare,
767 5112 894 5180 quia
918 5112 961 5168 si
985 5111 1072 5169 ille
1097 5124 1447 5171 consecratur
1470 5116 1522 5170 iu
1548 5116 1866 5187 prophetam
1892 5116 2021 5187 (lcr:
2048 5118 2086 5188 ι)

500 5197 592 5252 hic
626 5196 680 5252 in
716 5197 1001 5268 plusquam
1033 5204 1350 5273 prophetam
1378 5203 1591 5276 (Matth.
1622 5209 1729 5279 xu);
1759 5216 1813 5261 et
1845 5207 1969 5263 licet
1999 5208 2088 5263 ille

2197 4668 2374 4709 suum.
2406 4651 2521 4708 Non
2549 4663 2635 4708 est
2682 4652 3014 4708 occultatum
3042 4669 3072 4709 a
3103 4650 3286 4727 Moyse
3315 4657 3460 4727 quod
3500 4655 3627 4710 facit
3662 4654 3749 4709 Du-

2196 4744 2374 4798 minus
2404 4742 2456 4798 in
2480 4743 2709 4805 occulto,
2741 4750 2795 4798 et
2821 4744 3112 4816 gloriosum
3141 4763 3336 4801 nomen
3365 4746 3593 4805 Adouai,
3620 4744 3745 4815 quod

2191 4837 2444 4893 omnibus
2500 4836 2809 4893 obvelatum
2865 4837 3069 4903 fuerat,
3120 4840 3389 4894 revelatur
3434 4838 3627 4911 (Exod.
3683 4851 3744 4897 ιν.

2191 4922 2501 5000 etM/Sed
2537 4929 2590 4983 in
2631 4929 2715 4984 his
2745 4929 2999 4985 omnibus
3031 4931 3184 4999 regni
3212 4932 3470 4986 etelorum
3505 4927 3744 4983 memoria

2193 5035 2294 5076 nec
2320 5009 2653 5084 nominatur,
2692 5035 2792 5076 nec
2834 5020 3072 5075 auditur.
3111 5022 3269 5077 Asta!
3310 5022 3484 5076 Aaron
3522 5031 3747 5077 summus

2190 5109 2465 5175 sacerdos,
2510 5110 2742 5179 potentis
2777 5110 2938 5180 virga:
2966 5113 3256 5183 gestarius,
3295 5106 3484 5168 unctus
3515 5119 3570 5166 et
3621 5106 3743 5164 delic

2191 5186 2355 5255 hutus
2390 5199 2693 5255 cielestium
2737 5210 3204 5256 sacramentorum
3244 5202 3513 5257 unctione.
3555 5198 3741 5254 Succe-
