3946 5368
305 189 325 218 Ἰ

161 227 332 310 δδδὶ

1541 231 1668 287 SER
1682 232 1770 287 ΠΟ
1801 230 1978 285 XXIII.

3305 234 3406 288 (ἷδῐ

167 338 430 403 infundit,
462 336 703 408 nihilque
725 339 788 392 (Ie
812 340 1046 396 caelestis
1078 341 1224 411 regni
1257 341 1421 412 gloria
1451 345 1739 412 propheta-
1770 355 1814 411 Α
1844 345 1960 398 me?
1986 345 2201 413 (Matth.
2243 346 2377 416 ιιι.)ι
2426 343 2561 398 Dicit
2591 358 2638 398 ct
2680 342 2924 398 Salvator
2953 358 2966 397 :
3000 363 3016 395 ι
3055 345 3184 400 Sine
3213 345 3403 410 modo;

168 439 288 482 tur.
317 427 531 483 Clandit
560 429 704 482 Elius
743 430 940 483 eretum
979 433 1134 485 annis
1171 433 1342 487 tribus
1377 443 1429 486 et
1469 435 1740 489 mensibus

167 531 273 574 sex
298 517 416 591 (JH
460 517 583 587 Reg.
615 519 773 589 xvn);
809 520 1020 575 Eliseus
1061 533 1302 577 mortuus
1327 535 1595 577 mortuum
1624 524 1741 578 vice

169 609 414 664 restituit
447 607 550 677 (IV
576 607 697 676 Reg.
729 617 833 678 tv);
865 611 1010 664 etab
1041 613 1124 666 his
1147 628 1242 666 nec
1271 614 1353 667 vel
1386 613 1490 667 ulla
1534 616 1740 667 scintilo

168 699 284 751 lula
317 700 488 751 beatae
525 701 815 751 mansionis
847 702 1040 754 elucet.
1073 704 1208 768 Quid
1248 704 1437 771 plura?
1463 706 1505 756 A
1543 705 1744 772 ptitth-

169 789 270 857 pio
290 791 472 842 mundi
502 805 669 858 usque
698 793 762 843 ad
792 790 1048 846 Joannem
1073 795 1436 849 univcrsitatis
1462 797 1616 865 122
1644 797 1742 849 lm-

171 891 352 934 mana!
398 879 709 935 electionem
763 884 1032 952 recollige,
1083 901 1182 940 nec
1258 889 1309 940 in
1357 902 1602 942 scru'ione
1658 889 1742 942 Vel

169 983 342 1039 opere
372 971 511 1025 illius
545 974 836 1026 sanctuarii
877 977 1079 1042 poteris
1114 978 1347 1046 reperire
1382 978 1737 1032 dulcedinem.

173 1063 312 1116 Veni
347 1077 474 1131 ergo
503 1063 571 1115 ad
599 1062 878 1129 Joannem,
910 1061 962 1118 et
984 1065 1105 1119 andi
1134 1081 1314 1120 vocent
1340 1069 1739 1132 exsoltationis,

173 1167 366 1206 vocem
399 1154 669 1214 novitatis,
708 1167 888 1209 vocem
931 1155 1150 1221 Latitiae,
1199 1159 1578 1213 misericordiae
1614 1174 1740 1214 ver-

170 1243 324 1304 Lum,
374 1258 674 1297 sermonem
724 1246 927 1312 glorias,
984 1248 1171 1316 gratiae
1210 1250 1542 1318 largitatem;
1596 1251 1740 1319 quod

168 1333 447 1386 celaverat
477 1333 635 1396 Deus,
670 1343 919 1389 tacuerat
959 1338 1200 1408 angelus,
1243 1340 1470 1392 latuerat
1507 1342 1741 1408 patriar-

168 1425 324 1485 chas,
365 1423 640 1492 prophetae
673 1427 1010 1480 nescierunt:
1050 1445 1067 1478 ι
1107 1428 1505 1494 Ρωιιὶιοιιιίηιῐι,
1544 1431 1734 1500 inquit,

169 1515 815 1586 agitc;.appropinqnabit
835 1520 976 1572 enim
997 1533 1220 1589 regnum
1247 1522 1505 1576 cmfornm
1521 1522 1734 1593 (Manli.

170 1613 276 1673 tu).
316 1623 340 1657 ι
379 1607 608 1660 Verbum
637 1610 965 1676 pteaitcntim
992 1610 1166 1672 dulce,
1208 1623 1258 1666 et
1296 1613 1585 1683 gloriosun
1619 1627 1738 1666 ver-

1840 437 1917 490 sie
1933 437 2073 490 enim
2095 438 2248 490 decet
2272 433 2370 492 nos
2390 437 2612 506 implere
2629 454 2843 494 omnem
2859 437 3124 506 justitiam
3147 438 3352 508 (lbid.).
3382 457 3402 489 ι

1839 527 2212 596 Αοαειίρερὶιιιι·
2241 530 2490 599 utrinque
2521 529 2844 584 salutaribus
2877 529 3115 592 monitis,
3150 539 3202 582 ct
3228 529 3408 583 accin-

1839 618 1916 687 git
1951 631 2008 670 se
2035 617 2270 672 Joannes
2305 619 2371 672 ad
2410 620 2790 690 baptizandum
2826 629 2880 674 et
2911 619 2976 672 ad
3011 620 3406 688 suspiciendum

1844 707 2122 760 Dominum
2153 708 2484 778 angelorum.
2519 709 2745 762 Eruitur
2775 709 3110 762 vestimentis
3139 709 3252 763 suis
3291 708 3408 762 Rex

1840 796 2042 867 glorim,
2073 796 2324 864 splendor
2353 797 2590 861 luminis,
2633 809 2688 851 et
2730 798 2893 867 ﬁgura
2941 799 3253 852 substantiae
3290 797 3405 862 Dei,

1839 885 2060 940 Joannis
2101 887 2345 940 manibus
2386 895 2720 941 attrectatur.
2772 888 2910 942 (laro
2954 888 3039 940 illa
3084 897 3294 956 suznpta
3342 887 3409 940 de

1842 976 2078 1046 Virgine,
2108 976 2521 1043 candidioreque
2544 977 2780 1030 derivata
2807 977 3050 1040 materia,
3089 975 3319 1030 nudatur
3350 976 3404 1030 in

1839 1064 2080 1129 nomine,
2108 1063 2355 1119 felicibus
2379 1064 2630 1134 Baptista:
2653 1066 2898 1119 manibus
2932 1064 3270 1118 infundenda.
3311 1064 3410 1119 Deo

1840 1156 2103 1208 scendunt
2128 1155 2297 1225 angeli
2321 1172 2336 1220 ;
2369 1164 2424 1211 et
2449 1154 2708 1209 caelorum
2735 1157 2945 1226 agmina
2971 1164 3078 1209 tota
3107 1157 3407 1211 reverentia

1841 1254 2069 1300 currunt
2108 1246 2174 1298 ad
2206 1244 2538 1309 Creatorem,
2570 1244 3040 1314 baptizautemque
3079 1254 3134 1299 et
3167 1246 3409 1312 baptiza-

1843 1344 1952 1388 tum
2004 1335 2334 1389 dominantia
2392 1335 2612 1388 numiua
2668 1335 3120 1405 circumcingunt.
3177 1335 3413 1389 Inl'undit

1841 1441 2034 1495 aquam
2064 1427 2226 1495 capiti
2266 1427 2421 1497 123
2457 1425 2730 1481 Creatoris
2764 1437 3011 1481 creatura
3055 1427 3307 1492 nobilior,
3354 1437 3412 1483 et

1841 1515 1932 1570 Dei
1965 1517 2217 1571 verticem
2253 1517 2492 1570 mortalis
2533 1518 2754 1572 dextera
2786 1528 3079 1574 contrectat
3119 1529 3174 1573 et
3206 1519 3414 1574 contin-

1841 1607 1934 1676 git.
1978 1607 2140 1660 I’avet
2176 1607 2395 1671 etclam,
2447 1617 2624 1676 stupet
2679 1617 2843 1672 terra,
2891 1607 3144 1663 Jortlanis
3186 1610 3410 1674 arridet,

171 1699 298 1750 Imm
341 1700 486 1767 regni
522 1699 778 1752 CJ'IUI‘IMI
818 1701 995 1754 laetum
1031 1712 1087 1756 et
1121 1705 1473 1768 adorandum,
1517 1703 1590 1760 illi
1639 1706 1736 1759 soli
1771 1695 1814 1751 Β
1846 1698 2108 1750 mirantur
2133 1697 2442 1766 archangeli
2474 1697 2754 1750 Dominum
2784 1696 3020 1752 Sabaoth
3054 1699 3193 1753 inter
3223 1715 3413 1752 manus

170 1790 432 1857 primario
476 1792 803 1848 contendens
848 1795 938 1862 qni
989 1796 1193 1865 primus
1241 1798 1371 1852 Novi
1411 1798 1736 1852 'l'estamenti

169 1883 354 1950 posuit
388 1882 754 1937 fundamenta.
789 1885 913 1940 llaec
942 1897 1025 1941 est
1061 1887 1148 1941 illa
1180 1901 1300 1952 vox,
1333 1889 1400 1943 de
1428 1900 1530 1958 qui
1570 1890 1740 1943 maxi-

172 1989 294 2030 mus
326 1973 414 2030 ille
457 1975 850 2046 contemplator
889 1979 1187 2032 caelestium
1226 1979 1488 2033 visionum
1530 1980 1586 2032 in
1628 1982 1740 2035 haec

171 2066 338 2120 verba
381 2069 761 2136 prosequitur:
807 2084 827 2118 ι
873 2069 934 2121 Ει
967 2081 1065 2121 vox
1113 2069 1284 2134 prima
1343 2083 1505 2136 quam
1537 2069 1737 2135 audivi,

171 2171 429 2228 tanquam
470 2159 895 2214 cithartndorum
937 2161 1374 2214 eitliarizantium
1422 2162 1474 2214 in
1516 2163 1742 2216 citharis

168 2251 284 2304 suis
307 2249 491 2320 (Apoc.
517 2248 650 2319 xiv).
687 2266 706 2302 ι
740 2251 782 2304 Α
806 2251 992 2303 diebus
1022 2247 1148 2303 Ade
1179 2265 1348 2320 usque
1377 2252 1443 2305 ad
1474 2250 1736 2306 Joannem

170 2355 431 2411 organum
473 2351 716 2395 nostrum
760 2355 971 2395 versum
1003 2350 1086 2394 est
1135 2341 1186 2394 in
1238 2355 1423 2396 vocent
1469 2340 1738 2406 ﬂentium,

171 2432 296 2499 quia
351 2431 426 2484 ibi
491 2439 832 2500 peecatormn
887 2429 1209 2500 frequentia,
1262 2445 1362 2485 nec
1411 2431 1742 2500 ptenitentia:

171 2518 342 2586 locus,
377 2524 569 2594 duplex
603 2533 721 2578 erat
750 2523 1059 2593 deplorandi
1090 2524 1338 2578 materia.
1361 2521 1616 2578 Occidis?
1644 2538 1741 2577 oc-

171 2614 280 2668 cidi
297 2612 523 2679 iuberis.
557 2612 797 2667 Sabhato
823 2613 963 2683 ligna
991 2613 1232 2685 colligis?
1274 2614 1500 2684 Iapidari
1533 2614 1742 2683 juberis

172 2701 360 2772 (Nam.
390 2706 504 2765 xv),
536 2712 590 2756 et
630 2702 734 2766 ille,
762 2703 860 2757 cui
901 2703 1173 2772 proprium
1209 2715 1292 2758 est
1321 2704 1563 2759 misereri
1603 2720 1744 2759 sem-

172 2807 266 2860 per
291 2799 345 2844 et
371 2805 615 2858 parcere,
646 2791 746 2845 nisi
779 2791 939 2844 ferire
969 2808 1075 2845 non
1102 2793 1267 2845 novit.
1295 2793 1522 2847 Dederat
1545 2794 1741 2863 quippe

172 2883 248 2934 eis
261 2891 526 2952 praecepta
558 2899 662 2936 non
685 2883 822 2937 bona
842 2883 1489 2952 traditorprzeeeptornm,
1514 2893 1566 2938 et
1588 2883 1743 2952 justi-

177 2974 459 3027 ﬁeationes
529 2975 582 3026 in
631 2975 825 3042 quibus
871 2975 1052 3029 vivere
1098 2991 1201 3029 nou
1253 2988 1472 3044 possent
1519 2975 1737 3045 (Bacch.

176 3071 286 3131 ut.
335 3065 446 3120 lloc
503 3076 586 3120 est
636 3066 777 3134 quod
809 3063 989 3133 justus
1033 3067 1258 3120 miratur
1297 3069 1480 3124 dicens
1517 3085 1531 3122 :
1577 3087 1595 3120 ς
1641 3068 1740 3123 Ubi

175 3159 555 3211 misericortlige
569 3167 671 3210 tua:
691 3159 944 3226 antiqua»,
960 3157 1213 3211 Domine?
1232 3179 1249 3209 ι
1269 3158 1440 3229 (ιλειιι.
1457 3162 1741 3228 Lxxxvtu.)

174 3244 406 3300 Joannes
436 3255 596 3299 natus
620 3247 854 3299 ostendit
884 3246 1335 3299 medicamentum
1366 3247 1594 3309 vulneri,
1622 3264 1743 3316 pec.-

173 3346 294 3390 cato
319 3337 715 3404 pmtiitcntiam,
742 3336 952 3389 veniam
981 3336 1271 3404 iniquitati.
1304 3335 1427 3390 ηερε
1458 3348 1540 3390 est
1569 3338 1738 3405 prima

176 3441 274 3480 vox
317 3442 479 3495 quam
509 3441 607 3479 vox
639 3427 924 3480 clamantis
951 3426 1002 3478 iu
1031 3426 1242 3480 deserto
1266 3426 1477 3487 (.llltli/t.
1511 3428 1592 3496 ιιι)
1621 3442 1743 3494 pro-

175 3521 347 3585 posuit
375 3534 389 3570 :
430 3537 446 3567 ι
482 3517 547 3571 Et
581 3533 678 3570 vox
718 3519 940 3570 turturis
971 3515 1147 3569 audita
1173 3525 1256 3569 est
1288 3517 1338 3568 in
1372 3527 1514 3569 terra
1554 3525 1740 3570 nostra

177 3608 347 3678 (Garat.
384 3609 468 3678 ιι).
505 3627 523 3658 ι
563 3608 636 3660 lix
675 3617 798 3661 tunc
834 3607 976 3660 misit
1013 3607 1063 3658 in
1096 3621 1156 3659 os
1195 3615 1433 3658 nostrum
1473 3607 1739 3658 canticum

175 3713 392 3759 novum,
414 3711 632 3750 carmen
661 3697 768 3750 Deo
797 3706 982 3750 nostro
1005 3694 1176 3765 (Paul.
1207 3695 1418 3764 χχχιιι),
1449 3707 1495 3749 et
1525 3705 1741 3750 t'csmtal

176 3789 224 3841 in
249 3803 344 3842 ore
371 3796 555 3841 nostro
589 3787 886 3856 gratiarum
914 3787 1074 3850 actio,
1109 3795 1164 3840 et
1186 3799 1285 3840 vox
1319 3786 1520 3848 laudis;
1553 3801 1743 3853 super-

175 3877 438 3931 exaltatnr
477 3875 842 3930 misericordia
875 3873 1100 3942 judicio,
1139 3874 1513 3945 peccatoribus
1559 3875 1732 3941 parci-

177 3977 274 4031 tur,
323 3976 512 4037 regnat
559 3968 753 4035 pietas,
789 3965 1001 4032 justitia
1043 3966 1434 4027 dissimulatur,
1479 3975 1531 4018 et
1575 3965 1728 4018 mise-

175 4060 341 4122 tendi,
379 4075 484 4112 non
524 4058 772 4122 feriendi,
813 4059 1009 4127 quaerit
1045 4059 1385 4112 occasionem
1430 4051 1740 4111 misericors

173 4160 226 4205 et
265 4152 552 4205 miserator
589 4150 862 4204 Dominus.
903 4151 1238 4210 Citharizant
1270 4165 1397 4218 ergo
1431 4151 1481 4202 in
1514 4151 1739 4204 citharis

175 4243 302 4307 suis,
348 4242 441 4312 qui
475 4241 802 4311 voluptatum
832 4241 1144 4295 etfusionem
1186 4243 1516 4309 ptenitcntite
1557 4243 1739 4296 distri-

177 4332 346 4385 ctione
374 4332 720 4385 reverberant
745 4349 758 4382 :
785 4340 839 4384 et
870 4331 934 4384 de
966 4329 1227 4399 profunda
1262 4341 1606 4401 peccatorum
1644 4347 1735 4384 vo-

178 4421 357 4490 ragine
384 4421 736 4491 respirantes,
771 4419 1052 4474 Pharaone
1081 4422 1383 4484 submerso,
1415 4431 1638 4476 cantant
1680 4422 1732 4476 in

178 4511 272 4565 viis
315 4510 553 4576 Domini,
607 4529 626 4560 ι
677 4512 932 4581 quoniam
980 4527 1170 4582 magna
1209 4521 1291 4566 est
1321 4513 1488 4583 gloria
1525 4513 1738 4567 Domini

169 4599 344 4672 .(Psal.
374 4604 639 4672 cxxxvtt).
680 4621 698 4653 ι

243 4691 511 4762 Septimus
551 4703 636 4746 est
680 4693 913 4762 dignitas
952 4692 1002 4746 in
1043 4692 1383 4760 baptismate.
1433 4691 1740 4762 Singularis

181 4804 385 4856 prorsus
423 4789 723 4851 humilitas,
756 4787 984 4841 Verbum
1015 4804 1144 4842 caro
1177 4786 1400 4854 factum,
1438 4797 1494 4842 et
1530 4789 1582 4842 in
1614 4803 1739 4856 per-

180 4875 362 4933 lictutn
389 4879 682 4948 egrediens
710 4877 900 4938 virum,
937 4877 1123 4937 relicta
1159 4877 1432 4931 hominum
1469 4877 1736 4931 univcrsi-

183 4979 303 5034 tate,
329 4969 588 5025 Joannem
626 4967 842 5040 quaerit,
868 4966 1124 5022 Joannem
1151 4965 1441 5031 desiderat,
1479 4969 1545 5022 ad
1577 4965 1741 5024 Jnano

182 5072 294 5112 nem
335 5061 496 5114 vadit.
537 5057 823 5113 Terribilis
858 5060 910 5110 in
940 5056 1179 5112 consiliis
1223 5057 1361 5111 Deus
1401 5073 1564 5128 super
1598 5057 1742 5118 ﬁlios

182 5146 440 5204 hominum
470 5147 650 5220 (Psal.
692 5145 838 5210 ιη).
873 5156 1203 5216 portansque
1225 5147 1404 5201 omnia
1435 5148 1596 5202 verbo
1625 5150 1742 5204 vir-

184 5241 436 5302 tutissuaa,
461 5240 842 5310 purgationem
865 5247 1210 5306 peccatorum
1234 5237 1636 5310 faciens(ﬂebr.
1671 5245 1739 5314 l),

183 5334 305 5368 Iani!
339 5349 366 5368 η
396 5332 619 5368 Cnlilmo
661 5330 716 5368 in
753 5328 1033 5368 JnM-jnnrn
1069 5328 1132 5368 nd
1163 5327 1420 5368 Jn-‘Innnm
1477 5344 1531 5368 nl
1561 5331 1714 5368 hane:

1841 1788 2164 1856 liaptizantis
2197 1788 2418 1843 includi.
2451 1789 2590 1856 Quid
2619 1798 2720 1852 est,
2749 1788 3019 1844 Joannes?
3043 1791 3334 1844 Cherubim
3358 1804 3415 1845 et

1841 1879 2124 1948 Seraphim
2154 1881 2239 1932 vis
2279 1881 2478 1934 audent
2504 1880 2795 1949 respicere,
2832 1890 2886 1934 et
2914 1891 2965 1934 tu
3000 1883 3199 1934 nudum
3231 1891 3412 1936 trncre

1840 1969 2146 2039 praesumis!
2181 1969 2282 2024 llic
2311 1981 2413 2035 est,
2451 1971 2512 2024 in
2540 1986 2709 2040 quem
2739 1971 3046 2026 dcsilcrant
3079 1971 3252 2039 angeli
3281 1986 3408 2040 pro-

1840 2062 2047 2132 spicere
2075 2059 2124 2133 (I
2164 2059 2311 2116 Patr.
2344 2063 2416 2133 t);
2461 2064 2567 2126 cui,
2603 2063 2856 2128 Sanctus,
2901 2074 3142 2128 sanctus,
3168 2075 3410 2128 sanctus,

1840 2154 2055 2208 sublimi
2097 2154 2453 2209 tnelodiarum
2484 2170 2686 2225 organo
2711 2156 2882 2210 beatae
2915 2155 3150 2210 civitatis
3176 2171 3410 2210 cont-eno

1841 2254 1927 2300 tus
1958 2247 2255 2318 ingeminat
2282 2245 2418 2315 (lsa.
2453 2261 2532 2312 vi;
2567 2249 2725 2315 Apoc.
2758 2248 2830 2314 tv)
2859 2263 2873 2312 ;
2899 2247 2986 2316 qui
3015 2247 3161 2301 solus
3206 2247 3413 2314 habitat

1842 2336 2014 2392 lucem
2058 2337 2480 2392 inaccessibileat
2524 2337 2571 2408 (I
2620 2337 2752 2391 Tim.
2800 2349 2892 2406 vt),
2946 2337 3204 2391 Dominus
3245 2339 3410 2390 virtu.

1843 2438 1978 2492 tzun.
2012 2428 2153 2484 Deus
2191 2430 2559 2494 scientiarum,
2598 2429 3090 2484 misericordiarutn
3131 2439 3305 2499 pater,
3357 2438 3412 2484 et

1843 2529 1896 2571 tu
1926 2534 2030 2572 non
2067 2520 2297 2572 metuis!
2348 2519 2466 2573 Tibi
2506 2520 2689 2572 datum
2734 2528 2838 2583 est,
2872 2519 3012 2587 quod
3052 2517 3300 2572 omnibus
3328 2525 3412 2571 est

1841 2617 2094 2677 negatum
2123 2648 2138 2673 ,
2189 2607 2464 2678 baptizare
2509 2623 2629 2662 eunt
2678 2607 2769 2678 qui
2820 2607 3058 2677 baptizat
3106 2607 3158 2660 in
3203 2605 3405 2675 Spiritu

1813 2709 2030 2768 saneto
2061 2711 2115 2755 et
2148 2701 2291 2771 igne,
2337 2701 2709 2770 virginemque
2751 2698 2984 2768 Virginis
3025 2699 3214 2752 Filium
3247 2697 3409 2766 virgi-

1773 3039 1813 3099 ε

1765 4390 1814 4449 D

1843 2791 1959 2846 neis
1981 2790 2679 2846 tttanibusirrorare.Totus
2723 2799 2948 2860 astupeo
2981 2788 3408 2860 baptizanti,ho—

1843 2882 2148 2950 minemque
2184 2881 2275 2935 Dei
2307 2882 2620 2951 magistrum
2653 2895 2925 2944 revercor,
2969 2880 3273 2950 dignantem
3313 2878 3409 2931 ad-

1844 2973 2048 3036 miror,
2100 2986 2328 3026 veneror
2379 2970 2778 3040 dignationem,
2823 2979 2879 3024 et
2937 2970 3206 3024 hominem
3256 2969 3409 3024 video

1847 3064 2156 3118 violentiam
2188 3064 2317 3132 ipsis
2345 3063 2498 3117 caelis
2525 3063 2741 3118 inferre.
2772 3062 2941 3117 Porro
2975 3063 3102 3117 illud
3132 3063 3292 3133 quale
3326 3072 3410 3117 est

1843 3169 1950 3222 quo
1978 3154 2029 3206 in
2067 3154 2167 3207 isto
2195 3153 2517 3222 baptismate
2547 3153 2869 3206 terminatur
2891 3152 2994 3216 lex,
3022 3151 3180 3206 linem
3214 3153 3410 3220 accipit

1843 3245 2118 3314 prophetia
2143 3254 2196 3297 et
2228 3244 2402 3298 omnis
2428 3243 2513 3295 illa
2550 3243 2940 3297 sacriﬁciurmn
2972 3243 3254 3297 multitudo
3278 3257 3406 3312 pro-

1841 3333 2083 3401 pnlsatur
2123 3343 2177 3386 et
2204 3332 2464 3402 pellitur?
2492 3331 2588 3386 llic
2629 3331 2820 3400 incipit
2859 3342 2912 3384 et
2950 3331 3219 3385 stabilitur
3257 3344 3406 3384 nova:

1844 3425 2263 3495 regenerationis
2291 3406 2628 3493 perdurauda
2665 3422 2933 3493 purgatio,
2963 3431 3016 3476 et
3047 3423 3098 3475 iu
3125 3437 3286 3476 unam
3310 3422 3406 3475 ba-

1840 3521 2110 3591 ptismatis
2139 3520 2364 3574 formam
2387 3518 2632 3588 legalium
2667 3526 2945 3570 transeunt
2969 3515 3242 3583 dispendia
3271 3514 3404 3584 ﬁgu-

1841 3625 2044 3663 rarum.
2076 3610 2157 3662 Ad
2191 3609 2518 3662 ablutionem
2549 3609 2693 3661 enim
2725 3621 2878 3674 aqua:
2911 3615 2962 3658 et
3003 3603 3397 3656 invocationem

1840 3700 2010 3753 sancti
2039 3696 2272 3766 Spritus,
2301 3696 2555 3766 sepelitur
2580 3695 2850 3749 hircorum
2877 3702 2929 3746 et
2960 3692 3246 3744 vitulorum
3276 3705 3401 3743 san-

1840 3788 2144 3859 guinolenta
2192 3789 2493 3856 congeries,
2536 3793 2589 3840 et
2635 3799 2827 3854 pecora
2876 3781 3161 3852 pecoribus
3202 3779 3403 3834 Judrcis

1843 3880 2216 3948 relinquimus,
2265 3878 2392 3932 illud
2435 3877 2744 3931 Datidicum
2773 3874 3150 3928 attendentes:
3193 3891 3209 3923 ι
3243 3871 3403 3926 ιι..ιοο

1840 3983 2083 4028 caustuut
2110 3982 2163 4026 et
2193 3987 2286 4041 pro
2309 3980 2530 4041 peccato
2549 3986 2651 4022 non
2677 3967 2952 4038 postulasti
2978 3964 3146 4036 (Psal.
3176 3966 3346 4034 xxix).
3376 3983 3396 4017 ι

1909 4067 2142 4120 Octavus
2173 4074 2254 4119 est
2289 4065 2462 4132 prima
2490 4061 2742 4116 revelatio
2770 4061 2835 4114 de
2871 4059 3151 4112 Trinitatc.
3182 4057 3221 4109 Α
3253 4069 3406 4119 crea-

1841 4160 1985 4212 tione
2018 4155 2140 4210 cmli
2171 4163 2226 4210 et
2258 4165 2416 4209 terra:
2446 4168 2615 4222 usque
2651 4153 2723 4205 'ad
2753 4151 2894 4204 hunc
2921 4149 3093 4203 locum
3126 4161 3398 4217 nunquam

1841 4247 2080 4302 Trinitas
2114 4244 2421 4298 hominibus
2467 4241 2750 4296 manifeste
2791 4241 3057 4310 apparuit,
3091 4239 3182 4292 sed
3223 4250 3401 4290 rerum

1840 4348 1892 4392 et
1921 4336 2203 4391 verbonum
2233 4334 2525 4388 involucris
2555 4332 2789 4385 involuta
2822 4330 2920 4383 fuit
2949 4339 3106 4382 tantae
3139 4325 3401 4381 claritatis

1835 4428 2132 4482 aeternitas.
2183 4425 2424 4493 Denique
2494 4423 2824 4477 creationem
2877 4419 3111 4473 hominis
3178 4415 3406 4471 Creator

1835 4533 2016 4570 rerum
2055 4531 2264 4568 summa
2292 4513 2555 4582 dignitate
2583 4507 3004 4565 couimendans:
3040 4524 3058 4555 ι
3095 4505 3400 4567 Faciamus.

1835 4608 2028 4676 inquit,
2058 4603 2329 4658 hominem
2357 4603 2424 4656 ad
2456 4601 2743 4671 imaginem
2781 4609 2832 4654 et
2869 4595 3272 4650 similitudinem
3307 4611 3404 4650 uo-

1835 4708 2001 4754 stram
2048 4693 2200 4765 (Gen.
2235 4694 2296 4763 I).
2339 4712 2356 4744 ι
2387 4691 2760 4746 liever'cndntn
2799 4703 2982 4744 revera
3035 4687 3403 4756 privilegium,

1836 4804 1936 4845 nec
1965 4786 2057 4840 ulli
2100 4785 2353 4838 traditum
2395 4792 2678 4838 creaturae.
2719 4781 2948 4834 Creatur
2989 4777 3074 4829 illa
3120 4777 3406 4832 sublimior

1840 4878 2199 4936 numerositas
2246 4877 2580 4946 angelorum,
2635 4882 2684 4926 et
2723 4875 3109 4928 elementorum
3167 4871 3407 4926 omnium

1838 4970 2119 5026 ordinatur
2157 4967 2364 5022 variata
2394 4962 2682 5040 connexio,
2725 4965 2818 5018 sed
2848 4959 3238 5027 omnipotentis
3275 4976 3414 5032 pr.c-
3442 4961 3446 4966 ’

1841 5061 2011 5119 scntia
2043 5065 2251 5113 tantum
2280 5072 2414 5126 opus
2442 5054 2549 5108 alta
2579 5053 2952 5108 taciturnitate
2975 5061 3312 5117 prospectat.
3346 5050 3416 5106 Ut

1840 5165 1968 5208 vero
1992 5145 2214 5200 venitur
2255 5148 2319 5202 ad
2353 5145 2624 5202 hominem
2655 5150 2709 5195 et
2742 5141 2936 5198 nobilis
2963 5148 3220 5197 creatura
3246 5135 3418 5198 créari

1843 5236 2165 5309 disponitur,
2223 5236 2454 5306 accingit
2496 5250 2556 5290 se
2599 5227 2842 5288 Trinitas
2889 5228 2953 5283 ad
2999 5232 3322 5297 creandum,
3368 5238 3424 5285 et.

1842 5329 2128 5368 ....ncili|nn
2173 5329 2369 5368 sumini!
2411 5325 2712 5368 Rnnionlin-
2771 5337 2826 5368 nt
2878 5327 3142 5368 nmalnrm
3189 5323 3424 5368 dignitas
