3946 5368
555 301 662 358 cas
1229 306 1287 360 s.
1318 304 1521 362 rem
1562 302 1845 361 DAMIANI
1885 303 2036 361 οιιιι.
2065 302 2245 361 mus
2283 275 2412 364 Sco
2445 305 2678 366 sonus
2708 304 2768 362 ιι.
2813 340 2877 350 -
2911 309 3298 369 εειιιιοκκδ.
3683 315 3770 376 635

555 416 722 470 divini
747 430 890 470 serui
929 415 1014 471 nis
1044 416 1343 484 oraculum,
1371 419 1477 485 vel,
1500 420 1546 474 si
1577 419 1755 475 minus
1781 418 1888 474 hoc
1909 427 2125 474 cautum
2156 421 2203 479 Α
2232 419 2398 474 stolos
2437 420 2610 492 magis
2635 421 2928 480 dilectum?
2961 442 3066 482 non
3101 427 3468 499 apostolorum
3505 433 3768 506 principem

557 515 664 571 est,
697 506 904 576 signata
941 506 1224 576 pluralitas
1266 510 1474 582 absque
1512 510 1790 566 nominum
1821 509 2130 566 differentia
2231 511 2482 567 omnibus
2508 514 2764 584 apostolis
2795 516 3123 584 antelatum;
3153 534 3258 575 non
3297 518 3401 576 Vas
3422 520 3690 579 electionis
3713 529 3768 581 ad

556 597 900 666 praedicetur.
935 598 1206 654 Abraham
1246 610 1355 657 tres
1393 602 1546 668 vidit,
1591 611 1646 658 et
1676 618 1842 657 unum
1886 603 2134 658 adoravit
2231 601 2354 656 coeli
2379 604 2521 657 tertii
2546 613 2756 662 secreta
2780 607 3131 672 translatum;
3159 624 3261 664 nec
3281 612 3606 680 apostolicus
3625 616 3770 683 splen-

556 685 709 757 (Gen.
744 692 921 758 xvnl).
953 688 1062 745 Sed
1088 701 1144 745 et
1186 692 1257 746 ibi
1288 692 1586 763 Scripturte
1627 710 1797 750 sacrae
1827 695 2130 750 reverentia
2232 691 2334 746 dor
2361 692 2557 748 audeat
2586 709 2873 750 occurrere
2915 694 3242 752 Prmcursori
3263 741 3277 764 ,
3317 700 3445 769 quia
3471 699 3581 766 jam
3611 717 3770 761 omnes

552 793 700 833 nunc
736 781 968 848 mixtim,
999 797 1142 836 nunc
1173 784 1467 854 separatim
1501 786 1704 841 claudit
1731 785 2029 856 eloquium,
2070 795 2130 841 ut
2232 781 2322 837 isti
2349 781 2725 838 adclescentize
2753 793 2926 840 melas
2952 797 3318 851 excesserant.
3348 803 3472 843 cum
3501 805 3532 842 τι
3565 791 3769 847 Veritate

553 869 714 924 modo
777 871 1080 938 Dominum,
1141 876 1300 929 modo
1349 877 1496 934 viros
1558 877 1771 947 placem
1822 879 2125 935 nominare,
2231 873 2498 942 prolatum
2526 884 2652 930 est:
2692 893 2709 926 ί
2746 873 2897 931 Inter
2926 885 3081 933 natos
3107 879 3396 934 mulierum
3429 897 3536 935 non
3567 888 3771 941 surrexit

548 957 720 1017 Jndtei
761 971 940 1018 tamen
971 964 1183 1036 longam
1211 965 1302 1022 hic
1339 976 1529 1022 texunt
1563 968 2002 1039 reprehensionis
2030 984 2128 1038 pa-
2232 964 2405 1034 major
2458 964 2665 1021 Joanne
2712 967 2972 1037 Baptista.
3040 987 3060 1022 ο
3130 969 3425 1027 Considera
3497 974 3771 1032 mansiones

550 1059 816 1125 rabolam,
849 1069 964 1115 tres
998 1062 1219 1132 angelos
1249 1078 1279 1117 a
1317 1064 1546 1118 Domino
1585 1066 1780 1120 missos
1813 1080 2130 1120 asseveran-
2231 1056 2404 1126 ηἐηίν
2435 1066 2489 1110 ει
2524 1057 2839 1113 “Rhemum
2877 1061 3126 1116 ordinem
3165 1063 3416 1117 Ιὶυιιηιιω
3441 1068 3771 1135 generationis

550 1159 650 1212 tes,
681 1163 847 1204 unum
879 1150 947 1204 ad
983 1151 1318 1207 nativitatem
1360 1151 1509 1208 Isaac
1543 1154 1959 1224 prtcdicendam,
1992 1155 2099 1210 duo

2229 1145 2536 1210 obambula,
2568 1146 2849 1218 solumque
2887 1148 3147 1206 Joannem
3180 1159 3290 1207 tam
3316 1153 3480 1209 novis
3530 1171 3770 1214 ouamw

546 1241 614 1293 ad
644 1239 939 1296 Sodmuam
979 1242 1394 1298 subverteudam
1430 1261 1441 1297 :
1480 1244 1633 1298 lllum
1667 1246 1837 1310 enim,
1866 1261 1990 1301 cum
2019 1262 2128 1316 quo
2231 1237 2434 1292 mribus
2455 1237 2659 1294 Videbis
2685 1255 2804 1296 esse
2831 1243 3202 1313 ιινωνυεῑιιιτη.

545 1329 760 1386 locutus
789 1331 1091 1400 cstjusms,
1117 1333 1344 1388 dicens;
1379 1352 1397 1386 ι
1432 1335 1675 1402 Domine,
1709 1337 1751 1392 si
1786 1339 1965 1393 inveni
2002 1353 2127 1410 με-
2303 1330 2552 1385 Decimus
2573 1343 2653 1388 est
2695 1334 2924 1388 assertio
2947 1336 3135 1390 matris
3159 1336 3434 1397 Ecclesim.
3465 1339 3771 1396 Tesiturora

547 1420 676 1474 [iam
733 1421 783 1475 in
843 1422 1016 1478 oculis
1070 1424 1174 1478 mis
1223 1424 1433 1497 (11,911,),
1491 1447 1510 1480 ι
1573 1430 1872 1499 ιιι-οριιεεειιί
1931 1431 2124 1501 spiritu
2228 1420 3273 1496 cblamydiunguentumqueprofusum
3315 1428 3368 1483 in
3400 1429 3774 1499 capite,exlre-

546 1515 825 1570 somniant
871 1517 1226 1587 cognovisse,
1285 1519 1587 1576 nativitatis
1631 1521 1786 1579 Isaac
1841 1523 2102 1579 advenisst

2230 1527 2372 1565 tuam
2397 1527 2612 1582 quoque
2639 1513 2944 1570 vestimenti
2969 1515 3235 1575 fimbriam
3266 1517 3597 1575 inundanter
3617 1520 3767 1575 inion-

544 1622 867 1678 prteconem.
910 1610 1064 1665 Illum
1106 1613 1316 1680 adorat,
1359 1615 1500 1670 sicut
1529 1615 1797 1673 Bersabee
1835 1617 2002 1673 David
2034 1633 2102 1672 re-

2227 1602 2326 1656 dit.
2345 1603 2437 1657 illa
2461 1604 2604 1659 enim
2628 1613 2802 1662 mater
2827 1615 2881 1662 et
2898 1607 3153 1677 magistra
3173 1609 3418 1664 omnium
3443 1610 3768 1667 Ecclesium

543 1715 687 1768 gem,
717 1701 986 1772 sociisque
1018 1700 1135 1770 ejus
1175 1715 1398 1776 propter
1429 1706 1596 1776 ipsius
1630 1709 1991 1764 reverentiam
2042 1710 2124 1764 in-
2229 1693 3202 1764 1500185“ananaicuidicwmeﬂi
3235 1717 3252 1750 ‘
3273 1700 3386 1771 Ειςο
3408 1717 3509 1772 ltro
3531 1704 3768 1774 ιθτοεινίν

543 1789 788 1847 defessus
824 1792 1034 1847 assistit
1062 1793 1147 1863 (11
1188 1775 1312 1865 Reg.
1349 1775 1457 1865 In).
1485 1797 1638 1853 Unde
1669 1807 1724 1852 et
1756 1799 1970 1854 nonnisi
2013 1799 2102 1854 dut

2227 1794 2276 1838 ut
2296 1801 2398 1840 non
2419 1787 2635 1848 deficiat
2656 1789 2789 1844 fides
2805 1800 2892 1844 tua
2922 1790 3074 1862 usae.
3097 1793 3232 1864 χχιι)
3253 1833 3270 1858 ,
3293 1812 3311 1845 ι
3341 1793 3398 1848 in
3427 1794 3629 1852 honore
3643 1795 3770 1852 Joan-

541 1899 596 1938 tu
623 1884 976 1942 subversione
1002 1887 1284 1942 civitatum
1314 1888 1612 1945 infelicium
1644 1890 1803 1963 124
1829 1908 2102 1946 ιιιιηιθτίιηι

2223 1880 2310 1936 nis
2344 1879 2622 1950 Baptistm,
2654 1891 2774 1952 post
2805 1882 3103 1938 Salvatoris
3142 1900 3336 1942 nomen
3367 1898 3680 1944 consecrata
3703 1898 3770 1945 est

543 1979 651 2040 tur,
677 1977 766 2031 illo
793 1979 1044 2049 superius
1073 1980 1184 2050 jam
1215 1997 1451 2044 reverso,
1477 1982 1567 2052 qui
1592 1983 1932 2037 nativitatem
1966 1981 2102 2039 lsaat

2221 1979 2274 2025 et
2334 1970 2565 2041 signata.
2619 1970 2848 2044 Dignum
2901 1989 3138 2044 namque
3183 1985 3302 2030 erat
3351 1985 3415 2032 ut
3477 1980 3767 2034 sententiam

542 2068 684 2122 fideli
722 2068 1009 2125 devotione
1037 2072 1426 2142 compleverat.
1455 2072 1589 2128 Tres
1614 2073 1760 2128 enim
1792 2074 1890 2128 viri
1925 2073 2102 2128 Saran'

2221 2062 2403 2133 sponsi
2436 2077 2648 2133 sponsa:
2673 2073 2992 2133 sequeretur
3014 2067 3331 2134 auctoritas,
3371 2079 3434 2124 ct
3470 2070 3763 2142 singularem

541 2159 723 2212 vocari
768 2159 1110 2230 prtecipiunt,
1153 2163 1249 2217 sed
1287 2177 1427 2218 unus
1462 2173 1566 2226 est,
1611 2165 1701 2232 qui
1743 2165 2102 2235 promissionis

2225 2153 2383 2224 125
2431 2156 2664 2210 amicum
2692 2156 2809 2226 ejus
2853 2156 2978 2212 illuc
3023 2159 3370 2227 proveheret,
3401 2161 3495 2216 ubi
3529 2164 3768 2236 principa-

541 2261 828 2319 tuspcrata:
874 2253 1184 2308 manifestat
1211 2271 1489 2310 arcanum.
1541 2256 1668 2311 Ilaec
1695 2256 1888 2323 Judaei,
1932 2266 1987 2314 et
2025 2273 2102 2329 qu.

2222 2254 2333 2301 tum
2368 2247 2481 2318 ipsa
2526 2249 2863 2304 conscendit.
2893 2248 3100 2305 Electio
3129 2252 3316 2322 procul
3349 2253 3521 2310 dubio
3569 2256 3767 2325 singula-

543 2343 713 2411 ntagis
750 2343 1028 2414 elegerunt
1066 2345 1350 2415 judaizare
1395 2361 1556 2416 quam
1598 2347 1840 2402 credere.
1887 2347 2018 2412 Sed,
2062 2357 2119 2403 ut
2221 2337 2318 2401 ι’ίεο
2363 2338 2415 2392 in
2454 2337 2543 2393 illa
2579 2339 2692 2409 ipsa
2751 2341 2885 2396 urbe
2919 2339 3182 2397 Joannem
3229 2344 3527 2413 Pfimalum
3555 2346 3770 2402 Εαίεείε

543 2433 783 2488 breviter
823 2435 1232 2501 concludamus,
1273 2438 1452 2493 omnis
1496 2438 1584 2493 illa
1628 2440 1741 2494 sive
1785 2439 2117 2510 patriarrha-
2219 2429 2519 2495 νὶηάίεπθν
2561 2444 2720 2500 quem
2747 2430 2853 2486 duo
2880 2431 3004 2487 οωλί
3033 2431 3321 2488 luminaria
3349 2446 3534 2490 ωοηε
3562 2436 3769 2492 dalis“-

542 2540 659 2578 rtnn
697 2539 790 2580 seu
833 2529 1274 2598 prophetantium
1311 2530 1557 2599 copulata
1598 2531 1851 2596 societas,
1887 2531 2102 2594 nullamI

2221 2535 2320 2576 ma.
2351 2529 2766 2576 consecrarunt.
2827 2521 3174 2594 Crucifigitur
3227 2524 3442 2592 Petrus,
3493 2527 3676 2583 Paulus
3698 2529 3770 2584 ob-

542 2617 623 2672 vcl
657 2620 707 2672 in
749 2619 1092 2674 sermonibus
1124 2620 1206 2674 vel
1253 2623 1306 2675 in
1357 2621 1540 2687 rebus,
1575 2621 1641 2677 de
1687 2621 1850 2678 Patre
1891 2633 1945 2678 et
1982 2622 2102 2677 Filit

2219 2621 2528 2680 truncatur,
2584 2613 2816 2684 dignitas
2847 2625 3092 2670 remanet
3143 2616 3500 2676 Prtecursori.
3527 2619 3769 2691 Purputas

539 2716 589 2763 et
635 2709 838 2778 Spiritu
881 2718 1071 2766 sancto
1109 2710 1384 2780 reperitur
1425 2721 1610 2780 aperte
1641 2711 1853 2767 fecisse:
1880 2713 2116 2767 mentio-
2223 2714 2309 2760 ιιιι·
2335 2704 2506 2760 Roma
2536 2705 2878 2772 ηιυιιὶιυῑιίιιθ
2923 2717 3258 2780 marlyrmn.
3291 2719 3518 2788 totaque
3551 2713 3768 2768 SUMiIﬂi°

539 2813 681 2854 nem.
734 2798 863 2854 Veni
893 2816 1042 2873 ergo,
1081 2813 1137 2855 et
1165 2803 1379 2858 intuere
1428 2803 1592 2858 filium
1631 2804 1911 2859 Zachariae
1949 2804 2102 2858 Deum

2222 2803 2305 2851 tas
2344 2793 2506 2851 beato
2561 2795 2866 2851 refunditur
2921 2799 3266 2868 patriarchae.
3311 2799 3553 2857 Joannes
3601 2803 3768 2872 ubique

535 2897 589 2943 ct
617 2890 887 2944 hominem
916 2893 1148 2961 propriis
1175 2894 1424 2947 manibus
1454 2895 1819 2949 continentem
1845 2913 1858 2948 :
1914 2904 1970 2950 et
1995 2895 2121 2949 vide
2220 2886 2416 2956 major,
2439 2889 2492 2942 in
2519 2889 2772 2944 omnibus
2794 2889 3104 2959 singularis,
3125 2892 3390 2949 mirabilis
3411 2911 3767 2965 superonntes.

535 2983 661 3052 quia
691 2982 811 3036 οωιί
839 2985 1155 3052 aperiuntur
1185 2985 1276 3050 ibi,
1312 2995 1368 3041 et
1401 2987 1678 3040 descendit
1714 2985 1950 3056 Spiritus
1983 3003 2102 3042 san-

2221 2978 2354 3045 Quis
2381 2979 2461 3033 sic
2495 2978 2730 3048 gloriose
2759 2981 3251 3036 annuntiatusest?
3282 2981 3417 3050 Quis
3451 2985 3529 3039 ita
3553 2984 3765 3055 speciali-

537 3081 657 3126 ctus
688 3073 955 3142 corporali
993 3074 1174 3143 specie
1198 3075 1338 3130 sicut
1361 3075 1610 3130 columba
1644 3078 1695 3130 in
1728 3077 2032 3138 Christum:
2060 3087 2115 3133 et
2158 3141 2189 3147 Α
2222 3079 2305 3123 κεν
2347 3068 2402 3122 in
2453 3069 2645 3125 mall'is
2683 3083 2840 3126 mero
2895 3069 3098 3140 Spiritu
3158 3083 3346 3128 sancto
3397 3073 3599 3147 legitur
3633 3076 3779 3130 fuisse-

536 3179 639 3218 vox
675 3163 850 3218 Patris
875 3165 1056 3220 audita
1082 3175 1162 3221 est
1191 3185 1205 3220 :
1236 3187 1254 3218 ε
1286 3168 1384 3223 Hic
1408 3178 1488 3223 est
1513 3169 1684 3223 Filius
1707 3185 1858 3225 meus
1884 3171 2102 3226 dilectus

2223 3156 2500 3226 repletus?
2539 3157 2710 3226 Quem
2737 3159 2946 3228 legistis
2975 3159 3116 3216 infra
3149 3163 3338 3218 matris
3367 3141 3590 3220 uterum.
3617 3164 3766 3221 exsul.

538 3254 750 3325 (Manli.
785 3258 889 3323 ιιι).
926 3274 944 3306 ι
983 3255 1162 3321 Vides,
1202 3258 1329 3327 quia
1373 3258 1440 3314 ad
1480 3260 1975 3316 sacratissimorum
2011 3279 2102 3318 nos

2224 3249 2399 3340 uisse?
2426 3248 2577 3320 (Luc.
2609 3249 2694 3318 ιι.)
2727 3250 2891 3320 Cujus
2921 3253 3261 3310 nativitatem
3289 3256 3508 3312 vidistis
3529 3257 3766 3314 celebrare

536 3346 740 3401 ιιιίιιιιιιι
773 3347 1063 3403 novitatem
1081 3348 1342 3403 caelorum
1366 3349 1563 3418 palatia
1588 3353 1936 3407 reserantur?
1956 3352 2102 3408 Patet

2219 3337 2680 3395 EcclesiamDei?
2722 3340 2855 3407 Quis
2890 3342 2968 3396 sic
2994 3358 3128 3413 puer
3171 3359 3414 3400 eremum
3458 3346 3767 3417 concupivit!

537 3437 752 3491 auditur
787 3437 840 3492 in
872 3453 1024 3504 voce,
1067 3438 1232 3494 Filius
1257 3439 1565 3510 baptizatur
1587 3439 1639 3494 in
1668 3440 1910 3508 flumine,
1943 3442 2102 3513 Spiri

2220 3427 2352 3496 Quis
2386 3431 2458 3484 ita
2486 3430 2683 3500 legitur
2711 3431 3018 3488 sublimiter
3045 3438 3441 3492 conversatus?
3470 3437 3600 3506 Quis
3624 3437 3765 3508 pinni-

535 3538 622 3584 tus
663 3538 882 3584 sanctus
911 3531 962 3585 in
990 3531 1250 3588 columbae
1278 3532 1458 3602 specie
1490 3533 1912 3588 demonstratur.
1950 3534 2102 3590 Adest

2221 3521 2466 3587 tentiam,
2499 3532 2552 3577 et
2591 3537 2814 3593 regnum
2851 3524 3118 3580 caelorum»
3139 3527 3344 3596 primus
3364 3531 3636 3584 ostendit?
3662 3520 3767 3596 Quis

533 3617 769 3675 Joannes
808 3621 978 3677 totius
1007 3621 1214 3678 medius
1247 3622 1548 3685 Trinitatis,
1583 3623 1983 3695 gloriosumque
2011 3625 2102 3680 Ba-

2217 3608 2512 3681 baptizavit
2553 3613 2753 3684 Regem
2789 3613 3006 3686 glorim?
3050 3617 3150 3672 Cui
3181 3633 3240 3673 se
3275 3619 3515 3688 primum
3561 3621 3766 3675 Trinitas

534 3709 752 3781 ptistam
796 3713 1136 3768 snnetilirant
1185 3714 1430 3770 indivisa:
1469 3715 1784 3774 substantia:
1829 3726 2123 3785 personata
2219 3700 2514 3756 nvem“?
2568 3701 2665 3757 cui
2719 3703 2826 3758 'a'c
2877 3706 3242 3762 ¹⁰δ¹ί¹ηοηίυ¹η
3295 3711 3569 3780 Peritum“
3618 3709 3766 3766 0⁸³⁵9

537 3803 836 3869 voeabula;
891 3814 945 3859 et
1002 3821 1194 3861 nomen
1251 3806 1532 3862 Trinitatis
1583 3807 1856 3876 prioribus
1903 3807 2116 3863 srrculis
2219 3794 2388 3860 Q'lf’m
2438 3795 2518 3850 δίο
2584 3795 2870 3850 “moram
2916 3797 3210 3854 Εεείεδίίιῗ
3246 3802 3380 3857 Vide
3437 3804 3485 3859 Si
3536 3819 3634 3856 ηοη
3675 3803 3766 3856 ιιπ

533 3894 860 3959 οὶινειιιιιιη,
921 3898 1124 3968 absque
1167 3899 1330 3954 totius
1369 3899 1651 3954 velaminis
1697 3899 2102 3956 obumbrationt

2217 3884 2394 3939 omnia
2435 3885 2508 3940 ita
2537 3885 2888 3956 singulariter
2907 3899 3045 3944 sunt
3064 3891 3151 3946 hic
3177 3892 3498 3963 singularia,
3524 3905 3583 3948 ut
3616 3893 3764 3948 nullus

538 3984 764 4039 relucet.
797 3986 1043 4051 Domine,
1076 3991 1196 4057 quis
1232 3999 1312 4044 est
1344 3990 1464 4052 iste,
1497 3991 1622 4060 quia
1656 3990 1937 4046 innotuisti
1959 3992 2045 4046 ei?

2217 3978 2526 4034 mortalium
2554 3982 2827 4050 praedictis
2853 3983 3206 4054 dignitatibus
3233 3989 3431 4042 audeat
3459 3989 3676 4043 inhiare.

606 4073 790 4130 Nonus
829 4087 912 4132 est
959 4080 1324 4135 testimonium
1362 4082 1661 4149 sapientiae.
1705 4081 1836 4136 Cum
1877 4083 2102 4138 audisset

2287 4068 2539 4150 Forsitan
2582 4072 2714 4128 mihi
2763 4073 3005 4144 disponis
3052 4092 3331 4146 opponere
3379 4080 3503 4148 quia
3569 4080 3643 4133 sic
3682 4078 3762 4131 ista

533 4163 769 4221 Joannes
797 4168 848 4221 in
890 4169 1120 4224 vinculis
1154 4186 1314 4241 opera
1343 4172 1566 4240 Christi,
1599 4175 1749 4228 misit
1777 4174 1844 4228 ad
1874 4189 1997 4230 eum
2031 4175 2102 4230 di-

2219 4161 2381 4217 babet
2400 4164 2641 4235 propria,
2679 4173 2739 4221 ut
2774 4175 2968 4222 caetera
3013 4179 3321 4226 sanctorum
3349 4172 3649 4227 communia
3675 4185 3760 4223 non

535 4257 773 4327 scipulos
809 4272 954 4320 suos,
989 4268 1042 4312 et
1074 4275 1384 4330 responsum
1412 4273 1496 4318 est
1520 4263 1600 4317 eis
1635 4281 1646 4317 :
1687 4282 1705 4314 ‹
1737 4262 1874 4319 Czeci
1906 4265 2102 4331 vident,

2217 4252 2466 4322 attingat.
2508 4254 2647 4311 Audi
2689 4273 2819 4328 ergo
2859 4274 2872 4311 :
2923 4256 3162 4313 Joannes
3206 4261 3540 4330 patriarcha,
3567 4263 3665 4315 imo
3689 4275 3767 4329 pa-

531 4358 639 4407 ctc.
678 4350 894 4422 (Matth.
921 4351 1022 4421 tu),
1047 4373 1064 4404 ι
1093 4369 1211 4424 qum.
1236 4355 1480 4410 veritatis
1502 4355 1824 4426 evangelicae
1835 4359 2102 4429 prosequi-

2217 4343 2577 4401 lriarcharum
2620 4347 2743 4403 fluis
2777 4357 2831 4404 et
2858 4358 3045 4419 caput;
3095 4349 3330 4407 Joannes
3377 4354 3649 4423 propheta,
3675 4353 3762 4404 into

532 4450 621 4496 tur
649 4443 864 4514 copiosa
909 4446 1164 4502 narratio.
1213 4445 1610 4503 Reccdentihns
1653 4456 1832 4503 autem
1883 4449 2102 4516 nuntiis,

2216 4431 2497 4504 plusquam
2527 4437 2784 4506 propheta
2825 4455 2839 4492 :
2871 4439 2994 4509 quia
3023 4455 3183 4510 quem
3222 4442 3522 4497 venientem
3555 4444 3758 4505 nuntiat,

531 4549 600 4589 nc
636 4498 773 4590 νοτία
805 4537 857 4592 in
905 4498 1090 4592 eorum
1135 4539 1420 4609 prmaemia
1459 4539 1823 4595 ηάυιηίεοηθπη
1867 4498 2110 4597 redolent:
2142 4498 2192 4559 θ
2217 4525 2384 4594 digito
2404 4526 2742 4582 demonstrat
2772 4546 2784 4581 :
2816 4527 3053 4585 Joannes
3083 4531 3322 4600 angelus,
3355 4534 3516 4588 sedet
3543 4533 3671 4587 inter
3687 4547 3761 4585 au-

531 4625 829 4688 videretur,
868 4629 1031 4696 «capit
1055 4625 1210 4684 Jcsns
1241 4629 1422 4685 dicere
1449 4630 1514 4685 ad
1548 4631 1735 4686 turbas
1765 4631 1830 4687 de
1855 4631 2064 4687 Joanne
2090 4651 2104 4687 :
2215 4619 2364 4688 80'05
2392 4619 2620 4685 θῖοεῑηεν
2650 4621 2928 4677 δεικειίυνθ
2979 4633 3227 4686 ιυδιεηιίθ»
3261 4625 3350 4694 (ἰυί
3381 4625 3546 4680 die“:
3592 4645 3608 4676 ⁴
3642 4624 3760 4679 EC“

534 4731 556 4766 ι
583 4713 720 4782 Quid
745 4716 935 4771 esiszis
957 4718 1008 4770 in
1038 4719 1312 4773 desertum
1338 4718 1554 4774 vitare?
1576 4719 1912 4776 Arundinem
1941 4731 2102 4776 vento

2217 4711 2375 4765 nzitto
2405 4713 2655 4782 angelum
2681 4730 2878 4779 meum,
2905 4717 2995 4784 qui
3034 4718 3366 4786 pra‘parabib
3383 4719 3520 4772 viam
3550 4727 3666 4772 ante
3691 4714 3758 4770 fa-

531 4807 824 4878 agitatam?
844 4807 1054 4880 (Ibid.).
1085 4831 1103 4862 ι
1134 4811 1177 4867 Ο
1201 4812 1333 4866 mira
1368 4809 1675 4867 testificatio
1701 4813 2102 4884 Redemptoris!

2215 4804 2347 4858 ciem
2379 4821 2554 4860 meam
2593 4805 2808 4876 (Matth.
2844 4811 2939 4877 ιιι).
2974 4828 2992 4860 ι
3025 4807 3257 4864 Joannes
3282 4809 3573 4878 apostolus,
3604 4808 3758 4862 sedet

533 4898 665 4964 Quis
691 4897 1059 4968 ingressusest
1081 4902 1361 4967 mundum,
1385 4911 1440 4960 et
1468 4902 1725 4956 mundum
1749 4903 1832 4957 vel
1857 4904 1907 4958 in
1930 4903 2102 4974 aliqua

2215 4897 2586 4964 apostolorum
2633 4899 2859 4969 primus,
2886 4908 2940 4953 et
2961 4901 3240 4970 princeps;
3274 4902 3422 4970 quia,
3450 4923 3466 4952 ‹
3505 4901 3601 4955 fuit
3622 4902 3758 4955 homo

533 5003 641 5042 non
680 4990 963 5058 cognovit?
991 4990 1125 5057 Quis
1163 4996 1266 5057 est,
1291 5008 1451 5062 quem
1487 4991 1570 5047 vel
1601 5001 1822 5047 ventosa
1853 4991 2102 5059 felicitas,

535 5075 620 5130 vel
654 5077 953 5132 adversitas
992 5080 1230 5145 turbida,
1275 5081 1357 5136 vel
1395 5081 1684 5150 cujuslibet
1720 5085 1927 5152 peccati
1972 5099 2103 5139 aura

533 5168 749 5222 tmiuior
801 5185 909 5222 non
965 5171 1198 5226 inﬂexit?
1251 5175 1332 5228 Ad
1395 5185 1696 5230 extremum
1773 5175 2101 5230 suliinfertnt

2214 4990 2411 5044 missus
2440 5006 2469 5043 a
2503 4991 2611 5045 Deo
2657 4990 2840 5060 (Jomt.
2893 4993 2953 5061 ι).
2985 5011 3003 5043 ι
3037 4992 3271 5048 Joannes
3305 4994 3642 5065 evangelista,
3681 4989 3756 5044 sed

2215 5090 2266 5134 et
2307 5081 2579 5150 Evangelii
2612 5082 2822 5151 primus
2860 5099 3081 5144 messor,
3116 5086 3412 5153 paciﬁcans
3440 5083 3753 5153 Evangelia"!

2217 5171 2387 5239 regni.
2414 5171 2651 5226 Joannes
2687 5173 2859 5243 virgo,
2901 5173 3008 5226 imo
3033 5174 3358 5244 virginitatis
3382 5174 3601 5244 insigne,
3625 5169 3758 5240 pudi-
