3946 5368
125 187 250 244 637

1543 205 1778 264 SEilMO
1833 206 2020 262 XXIV.

3319 215 3426 274 658

123 308 278 382 quia
299 315 540 376 Joannes
559 317 676 390 ipse
693 317 972 384 estElias,
997 319 1138 390 quod
1169 317 1389 376 lucerna
1415 321 1488 376 sit
1509 320 1730 388 ardens,
1759 334 1810 394 Α
1835 322 2120 393 inspiravit
2161 321 2300 394 (Act.
2353 322 2408 394 κ)
2443 342 2456 378 :
2493 335 2548 379 et
2571 325 2624 380 in
2655 325 2914 396 quosdam
2959 327 3140 384 adhuc
3167 331 3421 400 gentiles,

123 407 364 476 lucens,
407 411 556 482 quod
593 411 802 468 amicus
861 411 1082 482 Sponsi,
1111 410 1338 483 Sponsa:
1377 426 1732 484 prteparator.

132 499 388 558 Silentia
435 512 654 560 transeo
679 503 824 574 quod
851 505 930 560 sic
953 519 1146 562 novem
1171 506 1488 576 angelorum
1525 507 1734 563 ordini-

133 589 252 646 bus
291 594 536 650 insertus
589 603 694 658 est,
749 602 810 648 ut
857 595 1020 650 etiam
1069 596 1136 650 ad
1195 595 1482 666 Seraplnm
1527 599 1736 668 apicem

135 683 534 740 transleratur.
583 686 786 740 Verum
845 687 948 744 hoc
997 686 1254 743 laboriosi
1311 689 1492 760 operis
1525 699 1628 754 est,
1679 699 1738 746 et

133 789 346 829 sensus
377 775 554 830 nostri
585 783 876 846 paupertas
905 789 1012 830 non
1057 775 1276 832 suﬂicit.
1315 775 1596 834 Suliiciant
1623 781 1736 836 haec

133 869 206 920 ad
231 883 500 938 praesens,
539 884 662 939 quae
681 871 828 924 dicta
853 879 980 925 sunt
1006 873 1072 927 de
1093 872 1252 928 laude
1277 871 1503 930 Joannis
1529 875 1596 930 ad
1625 877 1736 946 glo-

133 959 286 1012 riam
309 957 822 1031 Redemptoris,qui
843 969 930 1016 est
949 960 1094 1018 Deus
1115 963 1436 1022 benedictus
1461 967 1514 1020 in
1539 967 1735 1024 sarcula

131 1049 490 1106 surculorum.
537 1053 728 1108 Amen.

681 1193 712 1228 ⁴
749 1191 982 1251 SERMO
1022 1193 1211 1251 XXIV.

133 1315 200 1354 ιι.
233 1317 290 1358 ts
329 1317 661 1360 suurn-rs
689 1321 738 1360 ε.
767 1321 986 1364 Joannis
1013 1323 1316 1365 uxr-rtem.
1355 1309 1510 1382 (xxiv
1543 1311 1733 1382 ausu.)

207 1415 494 1473 Hodierna
545 1417 832 1485 festivitas,
893 1421 1260 1488 dilectissimi,
1299 1435 1412 1482 toto
1465 1435 1734 1482 terrarum

134 1509 279 1564 orbe
305 1510 624 1580 conspicua,
653 1523 868 1569 mentes
893 1513 1112 1570 nostras
1133 1529 1200 1571 eo
1225 1517 1426 1573 clarius
1451 1519 1735 1587 splendore

133 1599 380 1670 quodam
431 1617 586 1658 novae
627 1603 764 1659 lucis
813 1606 1058 1672 irradiat,
1105 1623 1212 1676 quo
1267 1617 1322 1664 et
1375 1609 1732 1678 primordium

1835 413 2086 484 loquente
2131 413 2314 482 Petro,
2365 433 2470 474 non
2516 417 2688 472 solum
2746 426 2803 472 ut
2851 417 3134 490 Scriptura
3169 430 3422 490 testatur,

1835 509 2060 576 cecidit,
2101 511 2196 564 sed
2219 509 2410 575 etiam,
2454 519 2513 564 ut
2535 509 2732 581 linguis
2755 509 3128 581 loquerentur,
3163 513 3426 570 instruxit

1836 599 2046 670 (υἱώ).
2071 601 2210 668 Quid
2239 617 2370 671 ergo
2405 602 2620 666 mirum,
2651 603 2696 656 si
2728 602 2788 656 Β.
2823 601 3086 656 Joannem
3113 618 3242 660 anze
3275 605 3424 678 lcga-

1835 689 1902 746 lis
1925 692 2164 746 mandati
2201 696 2564 764 quodcunque
2613 694 2910 748 remedium
2938 694 3176 765 Spiritus
3197 709 3423 752 sanctus

1835 785 2076 855 implevit
2119 785 2414 858 [replevit],
2447 803 2606 856 quem
2650 787 2818 857 ipsius
2841 788 2994 860 legis,
3023 800 3079 845 et
3118 790 3420 862 Propheta-

1835 891 1954 930 rum
2003 891 2069 932 ac
2113 877 2278 932 totius
2329 877 2540 934 Veteris
2593 878 2924 934 Testamenti
2971 880 3196 938 limitem
3225 897 3420 952 quem-

1835 969 1982 1035 dam,
2029 980 2216 1040 atque,
2247 977 2306 1026 ut
2355 971 2428 1026 ita
2453 971 2668 1042 loquar,
2702 973 3200 1030 intransmcabiletn
3233 975 3422 1032 tersui.

1837 1075 1964 1116 num
1991 1059 2330 1132 providentia
2353 1062 2536 1116 divina
2557 1064 2878 1120 constituit?
2899 1065 3010 1120 Lex
3049 1066 3194 1120 enim
3215 1077 3270 1121 et
3293 1082 3422 1138 pro.

1835 1155 2033 1224 plusne,
2079 1165 2138 1208 ut
2181 1154 2396 1210 Veritas
2447 1155 2544 1221 ait,
2603 1171 2778 1226 usque
2803 1158 2872 1211 ad
2899 1155 3162 1212 Joannem
3201 1157 3422 1228 (Matth.

1837 1246 1936 1316 ιι).
1971 1243 2210 1300 Joannes
2235 1248 2380 1300 enim
2409 1247 2512 1302 iste
2541 1263 2664 1302 cum
2693 1247 2922 1304 Domino
2951 1249 3422 1304 circumcisionem

1835 1337 2052 1406 quidem
2077 1340 2128 1392 in
2159 1351 2256 1392 sua
2275 1353 2444 1393 carne
2484 1339 2742 1408 suscepit,
2775 1339 2866 1394 sed
2899 1339 3208 1408 suscipiens
3235 1339 3425 1394 termi-

1837 1427 2002 1482 navit.
2027 1427 2088 1482 Et
2120 1427 2242 1482 ideo
2281 1429 2373 1498 qui
2423 1443 2576 1485 nova:
2599 1430 2788 1500 gratiae
2815 1445 2994 1500 przeco
3021 1439 3078 1484 et
3105 1429 3428 1500 magnificus

1835 1523 2191 1578 annuntiator
2219 1524 2434 1587 enituit,
2469 1525 2536 1579 ad
2577 1525 2914 1579 evadendum
2944 1522 3206 1594 originale
3231 1537 3426 1594 pecca-

1837 1623 1950 1668 tum
1977 1613 2396 1668 circumcisione
2423 1629 2532 1668 non
2553 1615 2726 1683 eguit,
2751 1615 2844 1668 sed
2875 1628 3000 1668 eum
3025 1627 3189 1684 supra
3223 1613 3424 1684 legem,

131 1702 348 1748 unum:
369 1693 756 1764 redemptionis
783 1711 846 1752 ac
871 1697 986 1752 veri
1017 1695 1238 1752 luminis
1283 1709 1464 1754 ortum
1499 1707 1556 1753 ut
1584 1715 1738 1754 reco-
1769 1696 1812 1755 Β
1840 1699 2002 1777 supra
2051 1709 2298 1762 lunuante
2339 1707 2667 1763 conditionis
2712 1707 2958 1760 ordinem
2991 1705 3190 1760 electio
3235 1705 3422 1759 divina

132 1784 320 1842 lamus
369 1787 582 1842 invitat.
659 1789 758 1845 Cui
843 1791 988 1845 enim
1043 1791 1324 1846 meditanti
1391 1793 1728 1848 nativitatem

133 1875 388 1943 Joannis,
425 1895 530 1935 non
559 1897 679 1936 mox
703 1883 940 1937 occurrit
963 1883 1220 1938 nativitas
1245 1883 1467 1949 Christi,
1495 1899 1730 1955 praesen

137 1969 237 2024 tim
263 1985 390 2025 cum
416 1973 674 2028 nascendi
717 1972 980 2030 Joannem
1011 1977 1078 2031 de
1101 1985 1254 2046 patre
1303 1991 1434 2033 sene
1475 1987 1528 2031 et
1559 1977 1730 2033 sterili

135 2071 318 2114 matre
357 2063 502 2116 nulla
535 2063 640 2116 alia
665 2065 938 2120 exstiterit
959 2081 1144 2130 causa,
1177 2067 1282 2123 nisi
1315 2079 1372 2122 ut
1405 2069 1734 2125 mirabiliter

137 2161 302 2206 natus
351 2155 684 2222 praecederet
741 2155 1090 2226 singulariter
1159 2159 1517 2214 nasciturum.
1573 2161 1736 2232 126

137 2245 361 2298 Amicus
399 2245 650 2301 vilelicet
683 2247 973 2316 Sponsum,
1022 2249 1254 2305 fatnulus
1286 2251 1593 2320 Dominum,
1627 2269 1730 2309 vox

139 2334 403 2404 Verbum,
437 2338 660 2394 lucerna
709 2340 924 2407 Solem,
971 2359 1149 2412 prch
1195 2343 1462 2412 Judicem,
1492 2347 1732 2405 salvatus

137 2439 506 2499 pnecurreret
547 2431 909 2490 Salvatorcm.
943 2437 1198 2494 Testatur
1242 2449 1296 2494 et
1329 2441 1445 2512 ipse
1469 2439 1728 2509 Joannes,

139 2523 280 2578 banc
333 2539 456 2579 esse
493 2527 576 2580 sui
611 2527 874 2584 adventus
902 2545 1144 2597 causam,
1179 2548 1286 2586 non
1321 2543 1378 2587 ut
1410 2533 1750 2604 simpliciter-

139 2617 372 2682 veniret,
420 2617 516 2673 sed
575 2629 634 2674 ut
671 2619 957 2676 Dominum
1010 2625 1077 2678 ad
1132 2639 1243 2679 sua:
1277 2625 1733 2683 manifestationis

139 2710 398 2765 indicium
431 2713 778 2782 przeveniret.
833 2735 850 2768 t
889 2715 1020 2772 Post
1065 2733 1172 2781 me,
1226 2719 1422 2790 inquit,
1469 2720 1618 2775 venit
1650 2721 1734 2775 vir

137 2802 226 2871 qui
269 2811 398 2856 ante
432 2819 520 2858 me
543 2802 722 2860 factus
750 2815 868 2871 est;
903 2807 1026 2876 quia
1071 2807 1220 2876 prior
1249 2823 1334 2863 me
1357 2817 1474 2864 erat
1505 2823 1520 2864 :
1553 2820 1606 2866 et
1631 2827 1732 2882 ego

137 2894 448 2949 nesciebam
491 2909 613 2950 eum
667 2912 682 2948 :
736 2897 832 2952 sed
861 2905 920 2952 ut
973 2897 1418 2954 manilcstaretur
1455 2899 1508 2955 in
1541 2901 1730 2968 lsrael,

139 2996 424 3056 propterea
483 2989 604 3042 veni
637 3003 739 3059 ego
793 2989 844 3057 in
897 3007 1033 3061 aqua
1084 2991 1366 3061 baptizans
1399 2991 1666 3064 (Joan.t).
1706 3013 1724 3048 ι

139 3077 410 3132 Prtevcnit
454 3095 578 3134 eum
617 3079 910 3142 nascendo,
960 3080 1326 3150 prtedicando,
1379 3083 1725 3152 baptizando,
1756 3077 1800 3142 C

142 3167 440 3232 moriendo,
468 3177 744 3237 postremo
764 3179 818 3224 et
846 3169 911 3223 ad
937 3169 1140 3226 inferos
1162 3171 1560 3228 descendendo.
1585 3175 1730 3230 Prte-

139 3261 302 3315 t-essit
355 3261 541 3331 itaque
573 3259 881 3327 Dominum,
911 3265 1192 3334 praecessit
1249 3272 1303 3318 et
1352 3266 1725 3337 semetipsum.

139 3351 279 3406 Ante
302 3351 448 3405 enim
479 3365 640 3422 quam
700 3353 1081 3422 conciperetur
1128 3355 1180 3408 in
1213 3363 1392 3420 utero,
1442 3365 1728 3424 paternum

141 3459 200 3497 os
249 3443 606 3498 incredulitas
636 3444 864 3510 clausit;
899 3447 1042 3514 quod
1077 3446 1188 3514 ipse
1220 3455 1511 3516 antequam
1543 3445 1730 3517 loque-

145 3545 314 3600 retur,
338 3535 695 3606 expressione
726 3537 806 3590 sui
841 3537 1076 3592 nominis
1099 3537 1419 3593 mirabiliter
1439 3539 1726 3594 reseravit.

145 3627 309 3684 l'lane
347 3645 472 3683 cum
518 3630 746 3683 necdum
791 3637 974 3699 posset
1006 3629 1316 3686 hominibus
1341 3632 1504 3687 verba
1532 3631 1728 3700 depro-

145 3737 317 3785 mere,
353 3723 530 3792 potuit
572 3723 896 3778 exsultando
927 3723 1184 3779 latentem
1227 3725 1278 3778 in
1309 3733 1462 3780 utero
1493 3723 1732 3796 Virginis

145 3815 349 3882 Regem
387 3813 510 3868 cmli
539 3815 800 3869 maternis
830 3815 1132 3870 visceribus
1174 3817 1445 3871 nuntiare.
1495 3815 1730 3888 Spiritus

145 3905 290 3960 cnim
321 3915 566 3970 sanctus,
617 3907 706 3976 qui
746 3921 888 3968 eum,
924 3915 1216 3978 antequam
1261 3907 1454 3963 vitales
1481 3919 1732 3978 carperet

145 4013 330 4060 auras,
389 3999 672 4060 animavit,
722 3999 898 4068 ipsum
954 4015 1169 4070 quoque
1218 4004 1446 4056 materni
1509 4003 1732 4071 pudoris

147 4089 463 4158 ImSpitium,
513 4089 564 4143 in
612 4105 720 4160 quo
749 4089 998 4160 degebat,
1051 4091 1308 4160 implevit.
1359 4091 1513 4148 Unde
1557 4081 1740 4148 Elisa?

147 4183 272 4238 bclh
305 4201 318 4234 :
353 4185 372 4234 ἀ
429 4183 594 4248 Ecce,
647 4183 840 4253 inquit,
877 4192 932 4237 ut
973 4183 1111 4239 facta
1139 4193 1223 4239 est
1250 4202 1348 4240 vox
1387 4187 1734 4244 salutationis

149 4283 250 4328 tua:
284 4273 336 4328 in
374 4275 601 4328 anrilms
632 4275 788 4340 meis,
821 4275 1112 4330 exsultavit
1145 4276 1196 4331 in
1243 4277 1438 4348 gaudio
1469 4277 1648 4334 infans
1679 4279 1730 4334 in

149 4377 302 4423 utero
331 4383 452 4422 meo
492 4365 645 4440 (an.
684 4369 744 4438 ι).
794 4387 812 4420 ›

1836 1801 2102 1872 provexit,
2137 1799 2222 1855 cui
2273 1801 2439 1856 etiam
2493 1801 2626 1854 tanti
2659 1800 2882 1854 honoris
2912 1799 3104 1852 collata
3135 1806 3219 1852 est
3251 1796 3423 1868 gloria

1835 1901 1892 1946 ut
1923 1893 2192 1946 nativitali
2227 1893 2344 1962 ejus
2373 1892 2486 1962 ipsa
2531 1889 2626 1947 Dei
2653 1889 2896 1946 Genitrix
2929 1890 3250 1954 interesset,
3273 1885 3423 1956 ejus-

1834 2001 1938 2056 que
1963 1985 2314 2056 principium,
2347 1984 2522 2040 latens
2553 1985 2606 2040 in
2631 1994 2808 2050 utero,
2833 1982 3296 2038 mundiConditor
3323 1995 3422 2036 sua

1835 2077 2120 2148 praesentia
2145 2077 2440 2132 dedicaret.
2465 2074 2719 2130 Testatur
2743 2074 2852 2130 hoc
2873 2072 3418 2144 Lucasevangeli‘sta,

1834 2185 1956 2225 cum
1984 2169 2116 2224 dicit
2143 2183 2158 2222 :
2194 2187 2214 2221 ι
2255 2167 2453 2224 Mansit
2481 2177 2664 2222 autent
2695 2165 2862 2220 Maria
2893 2180 3018 2220 cum
3071 2165 3160 2219 illa
3183 2203 3200 2229 ,
3231 2162 3424 2218 videli-

1834 2271 1919 2319 cct
1948 2261 2243 2328 Elisabetb,
2275 2262 2431 2330 quasi
2463 2259 2740 2316 mensibus
2773 2259 2976 2324 tribus,
3007 2265 3062 2313 et
3091 2271 3308 2314 reversa
3337 2263 3424 2310 est

1835 2356 1889 2410 in
1923 2355 2140 2409 domum
2195 2369 2350 2406 suam
2403 2351 2556 2422 (Luc.
2599 2349 2658 2422 ι).
2699 2369 2718 2404 ι
2747 2353 2788 2404 A
2821 2349 3180 2420 conceptione
3219 2347 3422 2418 quippe

1835 2447 2074 2512 Domini,
2109 2461 2282 2514 usque
2309 2443 2376 2498 ad
2413 2443 2749 2498 nativitatem
2777 2441 2838 2496 B.
2869 2441 3096 2495 Joannis
3125 2448 3235 2494 tres
3273 2454 3424 2494 men-

1835 2553 1922 2595 ses
1952 2547 2095 2594 suut.
2145 2536 2370 2591 Nolcbat
2403 2535 2584 2603 itaque
2611 2531 2778 2586 Maria
2809 2531 2968 2602 12⁵1
2995 2529 3294 2594 discedere,
3319 2527 3422 2582 do-

1835 2645 1934 2685 nec
1983 2627 2283 2697 grandaeva:
2315 2637 2368 2682 et
2399 2637 2680 2695 puerpera:
2711 2623 3074 2677 ministerium
3111 2617 3422 2674 sedulitatis

1835 2721 2191 2792 impenderet,
2246 2715 2302 2774 et
2353 2733 2472 2788 qute
2502 2717 2750 2788 gestabat
2793 2715 2846 2770 in
2877 2714 2998 2768 aula
3043 2713 3124 2767 sui
3168 2711 3420 2781 corporis

1833 2815 2059 2885 Regem,
2101 2821 2350 2868 cerneret
2395 2811 2602 2866 anteire
2645 2823 2970 2880 pneconem.
3006 2805 3154 2862 Felix
3209 2815 3420 2875 partus,

1833 2921 1992 2973 quem
2041 2903 2128 2958 illa
2176 2903 2264 2955 lux
2296 2901 2498 2970 excipit
2549 2915 2668 2970 quae
2694 2899 2966 2952 illuminat
2993 2895 3420 2951 omnem-homi-

1837 3014 1957 3053 nem
1993 2997 2296 3050 venientem
2337 2991 2388 3049 in
2419 2994 2562 3048 hunc
2587 2993 2848 3047 mundum
2889 2991 3072 3059 (Joan.
3103 2989 3142 3060 I)
3185 2991 3198 3044 ε

1905 3090 2010 3144 Sed
2061 3089 2186 3143 dum
2221 3089 2336 3142 haec
2387 3085 2680 3156 loquimur,
2735 3093 2958 3156 repente
3005 3082 3232 3153 qu:estio
3268 3079 3424 3134 nobis

1831 3183 2098 3245 oboritur,
2133 3195 2253 3248 qua:
2289 3177 2621 3232 dubietatem
2682 3175 2882 3228 inferre
2945 3189 3050 3227 non
3091 3172 3207 3226 sine
3257 3183 3422 3224 causa

1833 3273 2098 3326 videatur.
2127 3267 2384 3323 Testatur
2407 3268 2607 3323 etenim
2670 3265 2930 3320 Dominus
2985 3265 3109 3333 quia
3143 3262 3286 3316 inter
3321 3275 3422 3314 na-

1837 3375 1918 3418 tos
1965 3363 2250 3418 mulierum
2302 3377 2409 3415 non
2441 3360 2680 3416 surrexit
2727 3356 2904 3425 major
2935 3354 3140 3410 Joanne
3179 3351 3420 3422 Baptista

1833 3455 2048 3519 (Matth.
2081 3455 2182 3516 xt).
2233 3453 2472 3508 Exclusit
2507 3451 2690 3521 itaque
2736 3448 3028 3516 majorem,-
3065 3463 3169 3500 non
3199 3441 3424 3516 negavit

1831 3546 2115 3618 aequalem.
2163 3545 2300 3599 lliuc
2340 3544 2592 3614 estquod
2620 3542 2686 3594 ad
2718 3539 3038 3595 Zachariam
3086 3535 3310 3606 angelus
3333 3533 3420 3588 di-

1833 3639 1906 3694 cit
1933 3655 1948 3691 :
1983 3657 2000 3688 ι
2033 3637 2147 3706 Ipse
2178 3635 2446 3705 praecedet
2475 3643 2601 3689 ante
2637 3633 2784 3686 illum
2815 3633 2867 3686 in
2895 3629 3110 3700 spiritu,
3135 3638 3190 3682 et
3218 3629 3418 3682 virtute

1834 3728 1963 3784 Elite
1993 3727 2143 3801 (Luc.
2180 3729 2240 3799 ι).
2279 3745 2298 3780 ι
2349 3726 2454 3780 Par
2486 3741 2615 3796 ergo
2645 3724 2772 3778 Elite
2801 3721 3040 3778 Joannes
3089 3719 3324 3782 videtur,
3365 3719 3418 3772 in

1833 3821 1985 3892 cujus
2024 3819 2215 3890 spiritu
2243 3831 2295 3872 et
2337 3819 2538 3871 virtute
2571 3825 2830 3874 venturus
2857 3813 3150 3876 asseritur;
3186 3825 3418 3880 praeser-

1834 3913 1929 3966 tim
1958 3925 2080 3965 cum
2119 3917 2173 3964 et
2204 3908 2329 3962 alibi
2359 3908 2471 3979 ipsa
2507 3906 2720 3961 Veritas
2757 3905 2905 3959 dicat
2931 3919 2943 3956 :
2975 3919 2994 3952 ι
3020 3901 3166 3956 Elias
3186 3898 3297 3967 jam
3323 3915 3421 3953 vc-

1835 4005 1934 4068 nil,
1969 4013 2022 4058 et
2049 4017 2153 4056 non
2200 4005 2575 4069 cognoverunt
2611 4013 2754 4060 cum,
2800 3995 2894 4050 sed
2928 3993 3175 4050 fecerunt
3205 3992 3259 4045 in
3297 4004 3422 4043 eum

1834 4096 2192 4168 quodcunque
2216 4091 2499 4146 voluerunt
2523 4089 2737 4161 (Matth.
2763 4103 2893 4150 xvtt,
2917 4087 3002 4157 I‘J)
3030 4103 3042 4138 :
3081 4105 3099 4138 ι
3120 4095 3174 4139 et
3199 4083 3241 4139 si
3263 4081 3426 4136 vultis

1835 4187 1996 4253 scire,
2023 4185 2261 4241 Joannes
2291 4184 2405 4253 ipse
2435 4191 2523 4238 est
2545 4181 2710 4236 Elius.
2731 4179 2836 4236 Sed
2853 4191 2979 4236 ecce
3002 4194 3032 4234 e
3055 4177 3272 4232 diverso
3295 4173 3422 4228 illud

1834 4279 2078 4334 occurrit
2115 4277 2258 4348 quod
2287 4277 2497 4331 Eliseus
2519 4275 2786 4345 duplicem
2819 4272 2947 4328 Elite
2973 4271 3245 4342 spiritum,
3267 4266 3422 4334 juxta

1839 4375 2055 4431 modum
2084 4388 2198 4428 sua:
2251 4369 2526 4439 petitionis
2570 4367 2798 4436 accepit.
2829 4385 2846 4418 ι
2886 4365 3146 4424 Obsecro,
3175 4359 3420 4422 Domine,

215 4457 320 4515 Ubi
375 4430 730 4528 quaerendum
776 4469 859 4514 est
913 4460 1186 4530 quomodo
1215 4430 1332 4516 fieri
1357 4463 1532 4533 potuit
1581 4472 1640 4518 ut
1677 4464 1728 4517 in
1759 4449 1809 4509 Ῑ)
1838 4430 2016 4521 ιιιῐίςιι
2059 4430 2282 4534 spiritus
2327 4472 2448 4516 tuus
2505 4430 2712 4530 duplex
2739 4459 2790 4512 in
2823 4475 2909 4512 me
2956 4454 3063 4526 (IV
3101 4451 3226 4521 Reg.
3264 4451 3348 4520 ll).
3401 4467 3418 4502 ο

147 4563 268 4602 eum
311 4547 550 4617 Spiritus
579 4558 804 4604 sanctus
860 4565 954 4604 sua
988 4551 1125 4604 dona
1183 4550 1544 4618 dill‘underet;
1587 4571 1734 4619 cum,

145 4637 293 4704 juxta
327 4639 490 4694 ritum
525 4637 852 4694 conditionis
899 4639 1170 4706 lmtnaurc,
1195 4641 1376 4697 adhuc
1399 4641 1452 4696 in
1477 4641 1728 4712 iniquita-

153 4729 292 4786 tibus
313 4741 612 4803 conccptns
637 4731 918 4796 existeret,
955 4743 1011 4788 ct
1041 4734 1271 4788 necdum
1296 4733 1575 4806 originalis
1603 4751 1733 4806 pec-

151 4825 252 4878 cati
277 4825 574 4890 vinculum,
601 4834 855 4895 pcrcepta
899 4824 1086 4896 legalis
1110 4826 1472 4882 observantia:
1502 4827 1736 4882 circum-

152 4916 350 4971 cisione
373 4917 654 4978 solvisset,
685 4932 806 4970 cum
833 4931 930 4985 per
957 4917 1176 4987 Moysen
1207 4917 1391 4974 divina
1415 4934 1514 4972 vox
1547 4919 1690 4974 dicat
1717 4938 1730 4976 :

159 5029 174 5058 σ
227 5009 516 5074 Masculus,
561 5009 724 5076 cujus
775 5011 1020 5080 prmputii
1067 5024 1199 5064 caro
1251 5012 1572 5066 circumcisa
1624 5029 1734 5070 non

158 5098 326 5162 fuerit,
367 5099 574 5172 peribit
627 5098 804 5151 anima
833 5097 920 5154 illa
967 5101 1032 5154 de
1075 5097 1275 5170 populo
1305 5117 1443 5166 meo,
1477 5102 1738 5171 quoniam

159 5201 352 5260 pactum
379 5207 565 5247 meum
597 5188 809 5241 irritum
847 5187 1154 5259 fecit,(Gen.
1182 5190 1340 5260 XVII).
1389 5211 1406 5242 ι

219 5285 318 5340 Sed
383 5279 695 5342 notandum
739 5293 818 5336 est
893 5286 1016 5356 quia
1041 5281 1284 5350 Spiritus
1333 5285 1504 5339 sancti
1558 5292 1738 5353 gratia

1839 4559 1992 4627 Quod
2023 4557 2066 4611 si
2091 4555 2260 4609 Eliam
2289 4553 2498 4608 Eliscus
2524 4550 2812 4622 dupliciter
2843 4547 3136 4610 antecellit,
3159 4541 3425 4614 tequalem

1841 4649 1970 4704 Elim
2020 4646 2282 4701 Joannem
2357 4644 2630 4716 quomodo
2678 4657 2784 4696 non
2843 4649 3083 4710 superat,
3139 4653 3246 4707 quo
3285 4638 3430 4692 inter

1837 4748 1995 4794 natos
2019 4737 2305 4792 mulierum
2340 4735 2513 4806 major
2541 4749 2699 4788 nemo
2719 4733 2994 4788 surrexit?

1909 4829 2315 4890 Verumtamen,
2359 4835 2419 4881 ut
2465 4825 2713 4880 solvatur
2746 4821 2996 4894 qua-stin,
3047 4817 3438 4890 ponderandus

1839 4931 1924 4976 est
1954 4934 2168 4984 sensus,
2219 4925 2279 4971 ut
2314 4918 2458 4988 quod
2483 4917 2680 4972 durum
2723 4914 2775 4968 in
2832 4909 3016 4967 verbis
3072 4909 3448 4970 exterioribus

1834 5020 2014 5074 sonat,
2067 5010 2133 5063 de
2163 5009 2250 5078 pia
2300 5008 2600 5064 intentione
2645 5006 2950 5074 procedere
2973 4999 3234 5055 discretio
3262 5005 3448 5062 sobrie

1838 5101 2120 5160 sentientis
2177 5099 2470 5172 intelligat.
2529 5100 2746 5154 Durum
2811 5096 3012 5169 quippe
3063 5092 3245 5148 sonuit
3305 5097 3458 5166 quod

1840 5197 2048 5252 liliseus
2071 5192 2342 5262 duplicem
2395 5191 2640 5266 magistri
2677 5195 2938 5272 spiritum
2969 5187 3158 5256 petiit;
3191 5201 3320 5244 cum
3349 5201 3458 5244 non

1845 5291 1918 5344 sit
1965 5283 2260 5356 discipulus
2303 5301 2474 5360 super
2519 5283 2858 5354 magistrum
2889 5280 3111 5356 (Matth.
3141 5281 3220 5346 x).
3253 5279 3366 5336 Sed
3391 5297 3462 5336 ex
