3946 5368
461 307 465 310 ’
552 312 675 370 εωε

1153 309 1210 365 s.
1237 307 1438 364 PETRI
1472 305 1757 363 DAMIANI
1792 304 1944 360 ore.
1981 285 2160 358 mas
2200 301 2331 359 seu
2354 301 2592 360 roues
2630 302 2693 357 ιι.
2725 333 2794 344 -
2834 300 3219 361 SERMONES.

3598 284 3753 366 sti)

550 423 661 497 (IV
695 422 819 495 Reg.
850 420 913 493 ιι)
971 439 989 474 ι
1033 438 1046 474 :
1082 420 1481 489 simplicitatem
1509 431 1636 472 vero
1676 416 1778 485 piae
1805 412 2116 497 intentionis
2149 417 2191 474 Α
2221 410 2477 481 pudicitia
2529 410 2821 482 virginum,
2862 411 2945 467 vel
2974 412 3038 466 'in
3061 411 3244 469 verbis
3279 412 3403 469 vitta
3444 428 3505 469 se
3532 426 3757 474 emunt

552 494 836 583 aspiciens,
878 518 1078 581 praesto
1124 508 1398 580 subjungit
1430 523 1447 562 :
1483 527 1503 559 ι
1543 508 1796 561 Attamen
1839 505 1883 560 si
1913 494 2116 560 videris

555 617 642 656 me
677 602 888 670 quando
936 600 1095 654 tollar
1139 615 1168 653 a
1216 608 1288 663 te,
1325 599 1430 654 erit
1454 596 1597 666 quod
1627 595 1809 667 petisti
1850 594 2058 666 (lbid.).
2092 612 2111 647 ι

555 690 671 745 Non
695 689 942 746 videlicet
982 689 1285 757 duplicitas,
1315 704 1476 757 quam
1511 688 1763 742 incautus
1797 701 1975 741 sermo
1996 700 2118 755 pro-

556 781 750 845 fundit,
778 779 872 835 sed
912 780 1110 834 donum
1143 777 1385 848 spiritus,
1433 778 1575 847 quod
1605 775 1792 832 humili
1816 791 1879 830 ac
1904 776 2116 831 sincera

558 868 755 923 mentis
780 868 1075 923 intentione
1095 867 1361 936 quasivit.
1388 866 1499 922 Hoc
1523 868 1708 935 itaque
1733 864 1891 921 modo
1917 881 2119 937 nequa-

553 970 725 1026 quam
740 955 1000 1014 Joannem
1032 965 1249 1030 superat
1277 957 1502 1022 Eliseus,
1544 959 1684 1011 situst
1712 969 1809 1012 nec
1838 954 2011 1026 major
2036 965 2121 1011 est

556 1063 716 1117 quam
768 1048 930 1101 Elias.
986 1034 1458 1101 Verumtamensi
1489 1062 1658 1102 sacra:
1694 1047 1937 1101 historia:
1969 1054 2121 1100 teno-

553 1153 667 1193 rem
719 1138 1030 1207 inspicimus
1077 1138 1377 1207 diligenter,
1409 1138 1712 1193 uberiorem
1757 1138 1871 1192 sive
1922 1135 2119 1192 clario-

556 1244 670 1284 rem
726 1229 959 1284 illiscum
987 1238 1148 1298 quam
1200 1229 1371 1283 Eliam
1427 1229 1481 1283 in
1528 1228 1912 1285 miraculorum
1954 1226 2122 1282 fuisse

555 1304 845 1373 virtutibus
894 1318 1213 1373 invenimus.
1270 1317 1361 1373 llle
1391 1317 1646 1375 nimirum
1698 1318 1883 1374 virens
1931 1317 2119 1373 delun-

480 1427 484 1431 ι
549 1416 700 1462 etum
728 1422 949 1477 puerum
985 1408 1106 1463 vitae
1128 1407 1363 1464 restituit
1391 1406 1512 1479 (III
1536 1406 1667 1487 Reg.
1696 1408 1849 1477 xvn),
1883 1407 1984 1463 iste
2004 1405 2118 1475 jam

480 1526 481 1531 η
559 1508 805 1552 mortuus
836 1506 1104 1553 mortuum
1133 1499 1418 1554 suscitavit
1460 1496 1566 1569 (IV
1627 1497 1757 1568 Reg.
1818 1497 1959 1567 ιιιι).
2024 1492 2120 1552 1110

481 1618 484 1621 λ
557 1592 936 1660 prophetante,
967 1592 1158 1662 hydria
1185 1589 1395 1657 farinae,
1416 1600 1469 1646 et
1493 1590 1738 1661 lecytltus
1761 1589 1866 1644 olei
1900 1604 2009 1643 non
2028 1587 2121 1644 de-

556 1680 681 1735 fecit
706 1679 825 1750 (ll!
874 1680 1000 1750 Reg.
1034 1683 1202 1751 xvn);
1239 1682 1340 1737 istc
1370 1681 1605 1738 obsessae
1646 1690 1702 1735 et
1742 1678 1952 1734 alllicta:
1988 1679 2122 1734 civis

2218 501 2397 574 lingua
2446 502 2746 567 doctorum,
2777 502 2914 557 citra
2944 511 3142 559 metam
3172 500 3395 559 Joannis
3421 505 3600 559 omnia
3621 509 3755 563 etuti:

2217 591 2440 655 bentur,
2468 591 2710 664 nihilque
2734 590 2957 647 virtutis
2992 593 3262 660 humanae,
3298 594 3449 649 nihil
3478 594 3759 666 religittuis,

2218 682 2353 737 nihil
2381 681 2732 753 perfectionis
2768 681 2908 737 ultra
2937 682 3298 754 progreditur.
3321 681 3757 754 Cujusincotnpaa

2220 771 2404 828 rabilis
2455 772 2576 827 vita:
2610 772 2804 828 seriem
2840 787 2972 828 non»
2995 773 3467 843 historiographus
3524 774 3756 843 quispiam

2217 872 2340 931 post
2363 863 2479 931 ejus
2502 863 2708 918 obitum
2738 864 2926 927 texuit,
2967 865 3062 919 sed
3095 865 3459 936 archangelus
3478 865 3571 920 ille
3592 869 3757 936 praeei-

2218 968 2355 1023 puus
2400 962 2686 1021 antequam
2728 962 3027 1023 conceptus
3050 963 3194 1011 esset
3215 954 3271 1008 in
3292 964 3477 1018 utero,
3509 954 3643 1009 sicut
3670 957 3758 1010 Do-

2220 1046 2369 1109 mini.
2408 1047 2489 1103 sic
2532 1056 2587 1102 et
2631 1046 2791 1116 hujus
2839 1064 3004 1119 opera
3035 1050 3275 1107 miranda
3326 1051 3593 1105 narravit.
3620 1050 3759 1120 liuius

2219 1152 2349 1191 sane
2396 1140 2723 1207 prtcconium
2763 1155 2869 1196 non
2901 1143 3201 1201 assertione
3243 1143 3471 1198 veridici
3503 1144 3758 1212 cujuslibet

2220 1228 2474 1294 hominis,
2518 1231 2612 1284 sed
2637 1246 2701 1285 ex
2732 1246 2826 1286 ore
2851 1231 3020 1302 ipsius
3064 1248 3288 1289 summa:
3317 1234 3609 1290 didicimus
3630 1236 3758 1290 Veri-

2222 1317 2365 1372 tatis.
2399 1318 2466 1375 Et
2506 1318 2596 1375 ille
2621 1329 2707 1375 est
2726 1330 2968 1376 assertor
2989 1331 3046 1378 et
3089 1320 3334 1378 laudator
3356 1324 3602 1390 Joannis,
3631 1327 3708 1396 qui
3733 1343 3757 1381 a

2219 1409 2431 1466 cunctis
2470 1410 2782 1469 cmlestibus
2811 1428 2876 1468 ac
2904 1415 3134 1471 terrenis
3162 1408 3417 1471 laudatur
3438 1426 3495 1471 et
3519 1408 3755 1472 benedici.

2223 1509 2310 1553 tur
2337 1501 2630 1555 creaturis.
2670 1501 2752 1558 Ab
2800 1501 2894 1557 illo
2916 1502 3165 1573 denique
3201 1506 3373 1560 verbo
3410 1503 3755 1560 Immineat

2222 1588 2534 1659 deprompta
2584 1590 2878 1667 praeculti,
2925 1603 3023 1659 per
3052 1592 3217 1661 quod
3235 1590 3464 1648 fundata
3497 1603 3579 1648 est
3610 1594 3755 1656 arida,

2224 1689 2506 1736 moventur
2535 1681 2730 1745 sidera.
2760 1681 3157 1738 condita-sunt
3183 1682 3476 1742 element.
3505 1683 3761 1739 Enimvero

490 1808 493 1809 ν
558 1771 653 1825 tati
681 1774 925 1840 protinus
955 1772 1009 1825 in
1035 1772 1175 1826 diem
1206 1772 1434 1827 alterum
1470 1770 1816 1828 incredibiles
1846 1770 2118 1827 hostilium
2147 1755 2437 1839 Bquautaa
2473 1770 2889 1840 magnificentiae
2935 1779 3019 1827 est
3066 1773 3138 1843 ab
3186 1772 3278 1833 illo
3562 1773 3754 1843 gloriam

558 1872 859 1919 castrorum
909 1863 1092 1931 copias
1137 1862 1331 1917 obtulit
1367 1861 1419 1933 (1
1435 1859 1490 1928 γ.
1523 1860 1653 1931 Reg.
1709 1861 1807 1930 vi).
1835 1858 2032 1930 Atque,
2065 1868 2125 1913 ut

488 1977 493 1983 -
556 1951 703 2005 brevi
756 1962 953 2007 cuncta
1000 1951 1337 2015 caucludam,
1368 1951 1517 2006 Elias
1556 1951 1859 2015 duodecim,
1890 1949 2122 2028 Eliseus,

558 2051 617 2095 ut
639 2041 935 2111 Scriptura:
963 2043 1163 2096 veritas
1199 2041 1380 2105 tradit,
1414 2039 1605 2109 viginti
1629 2046 1861 2110 quatuor
1893 2037 2126 2092 miracu-

556 2134 732 2191 lorum
783 2136 950 2206 signis
977 2135 1194 2199 enituit,
1225 2148 1343 2204 qua
1384 2133 1659 2196 videlicet,
1691 2132 1818 2202 quia
1850 2129 2125 2184 fastidium

556 2226 882 2291 devitamus,
923 2225 1013 2280 hic
1040 2239 1361 2280 enumerare
1409 2223 1802 2293 postponimus.
1846 2218 2126 2291 Quomodo

558 2318 723 2386 igitur
748 2316 906 2388 hujus
951 2317 1038 2372 uie
1069 2316 1209 2371 nodo
1235 2314 1548 2386 quaestionis
1578 2312 1884 2383 expediam,
1907 2320 1967 2365 ut
1996 2323 2124 2381 pro-

563 2406 673 2461 lata
701 2405 1065 2477 magnitudine
1083 2404 1329 2472 Joannis,
1361 2420 1466 2460 non
1484 2404 1698 2460 vacillet
1722 2402 1990 2458 sententia
2019 2399 2127 2456 Ve-

563 2496 765 2560 ritatis,
785 2511 891 2567 qua
921 2496 1120 2552 dicitur
1146 2497 1201 2551 in
1240 2497 1384 2550 natis
1416 2495 1698 2551 mulierum
1726 2508 1833 2549 non
1872 2507 1993 2548 esse
2014 2508 2128 2548 ma-

553 2584 726 2655 jorem
770 2585 978 2641 Joanne
1010 2584 1283 2656 Baptista?
1317 2584 1451 2640 Nam
1492 2586 1537 2640 si
1591 2584 1762 2654 major
1790 2593 1873 2639 est
1921 2582 2128 2638 Eliseus

557 2693 720 2748 quam
767 2677 932 2745 Elius,
976 2693 1109 2750 ergo
1157 2678 1329 2739 maior
1356 2687 1437 2734 est
1474 2676 1778 2733 etJoannc.
1809 2674 1985 2743 Quod.
2013 2673 2126 2730 fieri

560 2766 888 2837 impossibile
907 2775 1010 2823 est.

568 2920 573 2925 Α
633 2858 739 2915 Sed
765 2859 1056 2915 notandum
1077 2860 1222 2931 quod
1248 2859 1393 2916 aliud
1427 2868 1512 2916 est
1540 2873 1793 2928 maguum
1818 2857 1948 2929 quid
1970 2870 2129 2927 agere

565 2950 618 3003 in
650 2950 818 3019 signis
868 2950 1272 3017 miraculorum,
1317 2951 1460 3006 aliud
1512 2965 1765 3021 magnum
1803 2964 1924 3005 esse
1949 2949 2003 3004 in
2037 2963 2131 3004 ex-

562 3037 807 3092 cellentia
856 3041 1188 3095 meritorum.
1238 3038 1370 3094 Nam
1406 3040 1451 3095 si
1499 3039 1568 3095 de
1607 3039 1883 3096 miraculis
1928 3038 2126 3108 agitur,

563 3126 768 3182 nullum
819 3128 1009 3184 fecisse
1043 3129 1359 3183 miraculum
1389 3127 1649 3184 Joannem
1682 3129 1845 3199 128
1886 3129 1938 3183 in
1983 3129 2128 3183 Scri-
2155 3129 2198 3190 C
2230 3142 2335 3198 quo
2378 3128 2635 3184 Dominus

562 3228 845 3288 pturarunt
869 3219 1079 3288 paginis
1101 3219 1391 3274 invenitur.
1411 3219 1515 3274 Sed
1531 3221 1770 3290 nunquid
1797 3228 2012 3288 propter
2028 3219 2129 3274 hoc

563 3305 779 3365 intimus
799 3308 905 3361 erit
931 3307 1169 3362 omnium
1205 3315 1535 3374 sanctorum,
1571 3308 1695 3378 quia
1726 3308 1870 3361 nulla
1903 3309 2130 3361 traditur

564 3395 720 3466 signa
764 3395 956 3451 fecisse
1020 3397 1314 3451 virtutum?
1364 3397 1575 3452 Eliseus
1644 3413 1772 3468 ergo
1836 3396 2006 3466 major
2047 3406 2130 3453 est

564 3502 725 3557 quam
775 3487 919 3542 Elias
959 3488 1013 3541 in
1058 3488 1391 3545 exhibitione
1426 3490 1724 3559 signorum,
1756 3500 1915 3558 quem
1951 3499 2127 3544 tamen

568 3593 906 3649 nequaquam
961 3591 1178 3650 superat
1212 3580 1267 3636 in
1314 3581 1529 3637 cumulo
1576 3582 1911 3637 meritorum.
1968 3566 2129 3635 lta'ct

564 3666 798 3724 Joannes
823 3685 924 3740 par
952 3672 1166 3740 quidem
1212 3679 1295 3727 est
1323 3672 1472 3737 Elim;
1503 3674 1628 3744 quia
1678 3675 1813 3727 sicut
1840 3672 1926 3727 ille
1956 3688 2129 3741 praeco

567 3763 781 3817 futurus
810 3772 893 3817 est
934 3760 1167 3831 judieis;
1217 3763 1289 3818 ita
1325 3774 1380 3819 ct
1408 3765 1495 3819 hic
1521 3780 1821 3835 prmcursor
1850 3765 2022 3818 factus
2047 3774 2131 3819 est
2164 3747 2173 3756 ’

569 3851 981 3923 Redemptoris,
1036 3855 1128 3909 sed
1174 3857 1346 3926 major
1388 3856 1525 3921 Elia,
1565 3859 1689 3928 quia
1725 3873 1883 3927 quem
1912 3858 2133 3912 demouv

566 3945 779 4007 stravit,
801 3946 963 3999 etiam
988 3946 1296 4014 baptizavit.
1325 3947 1377 4002 ln
1408 3946 1507 4002 illo'
1528 3948 1761 4018 denique
1787 3947 2133 4018 baptismatis

572 4043 914 4088 sacramento
959 4032 1209 4090 Jordanis
1236 4037 1377 4090 unda
1406 4038 1576 4107 magis
1600 4046 1684 4092 est
1712 4037 1817 4092 lota
1849 4052 2013 4105 quam
2047 4035 2129 4091 la-

570 4120 665 4183 vit,
698 4137 765 4176 ex
791 4138 895 4191 qua
930 4123 1150 4192 insuper
1179 4126 1286 4178 vim
1333 4126 1776 4182 sanctiﬁcationis
1811 4128 1988 4182 omnis
2009 4126 2130 4183 ubi-

566 4222 675 4277 que
700 4218 960 4263 terrarum
986 4225 1122 4278 aqua
1144 4214 1408 4281 concepit.
1448 4213 1565 4268 lllic
1590 4213 1647 4267 Β.
1686 4213 1922 4271 Joannes
1943 4230 2129 4270 vocem

572 4296 750 4352 Patris
770 4299 988 4362 audivit,
1024 4300 1284 4368 Spiritum
1310 4314 1554 4355 sanctum
1590 4303 1643 4357 in
1668 4303 1927 4358 columba:
1954 4305 2134 4374 specie

571 4389 987 4445 descendentem
1035 4392 1265 4459 aspexit,
1303 4393 1639 4469 tremendum
1681 4394 1885 4464 angelis
1908 4394 2001 4449 Dei
2043 4394 2133 4449 Fi-

571 4481 698 4535 lium
744 4481 856 4536 suis
890 4483 1136 4536 manibus
1167 4483 1504 4547 inclinatum,
1539 4483 1692 4551 aquis
1734 4484 1976 4537 intinxit.
1999 4483 2131 4541 lllud

567 4571 709 4626 enim
774 4569 1185 4626 fundamentum
1252 4579 1307 4625 ct
1370 4571 1523 4643 origo
1580 4572 1919 4642 baptismatis
1972 4574 2135 4628 rebus

567 4663 823 4730 ostendit,
870 4665 1011 4733 quod
1044 4662 1253 4720 Veritas
1282 4664 1621 4735 postmodum
1661 4664 1952 4732 discipulos
1973 4679 2134 4735 agere

568 4752 748 4806 verbis
795 4751 991 4806 virtute
1032 4752 1204 4823 plenis
1241 4751 1475 4807 edocuit.
1512 4769 1531 4802 ‹
1587 4751 1682 4816 lte,
1713 4752 1907 4821 inquit,
1943 4754 2133 4808 docete

569 4856 755 4895 untnes
783 4850 992 4911 gentes,
1026 4840 1362 4911 baptizantes
1386 4856 1480 4897 eos
1521 4842 1574 4895 in
1602 4839 1819 4896 nomine
1846 4841 2043 4905 Patris,
2077 4852 2133 4898 et

572 4925 714 4993 Filii,
755 4939 809 4983 et
845 4930 1081 5001 Spiritus
1122 4929 1296 4985 sancti
1344 4929 1559 5001 (Matth.
1588 4928 1802 5000 xxvm).
1845 4948 1864 4981 ι
1911 4929 2020 4985 Illic
2042 4944 2130 4985 res

562 5010 855 5073 ‘Iuanifesta
885 5029 939 5073 et
969 5035 1074 5075 non
1101 5021 1296 5084 verba;
1341 5020 1430 5076 hic
1457 5020 1619 5074 verba
1643 5029 1698 5075 et
1734 5035 1823 5076 res
1852 5034 2000 5085 vera,
2037 5022 2131 5077 sed

571 5105 801 5152 occttlta.
837 5105 1072 5152 Joannes
1098 5108 1279 5152 itan-ra
1303 5108 1657 5152 humanm-nm
1684 5108 1839 5152 lima:
1866 5115 1944 5152 :23
1973 5110 2133 5152 mari...

2225 1858 2425 1924 laudis,
2467 1862 2610 1930 apud
2657 1875 2819 1931 quem
2864 1876 3073 1921 summa
3100 1861 3333 1921 felicitas
3377 1872 3466 1921 est
3502 1863 3757 1931 impetrare

2223 1951 2434 2011 veniam
2467 1952 2809 2022 pietatis,,et
2851 1953 2920 2007 ab
2961 1952 3057 2010 illo
3099 1952 3340 2024 [traferri
3382 1952 3756 2016 hminibus”

2224 2055 2334 2111 (ιιιο
2371 2041 2664 2113 gloriosum
2705 2053 2791 2101 est
2824 2055 3101 2115 utcunque
3152 2044 3421 2115 probari?
3460 2045 3551 2101 Ait
3593 2045 3755 2100 cuitu:

2232 2149 2250 2182 ι
2284 2130 2421 2199 Quid
2473 2130 2662 2189 existis
2708 2134 2925 2188 videre?
2970 2132 3330 2204 prophetam?
3382 2134 3517 2191 Dico
3542 2133 3760 2190 vobis-et

2224 2221 2507 2292 plusquam
2542 2225 2854 2293 prophetam
2883 2225 3097 2296 (Matth.
3128 2224 3235 2294 ut).
3270 2243 3293 2277 ι

2221 2381 2224 2384 ἢ
2299 2313 2403 2368 Sed
2450 2316 2574 2384 quia
2610 2317 2868 2386 propheta
2911 2317 3053 2372 inter
3093 2326 3317 2375 caeteros
3360 2315 3608 2373 homines
3634 2328 3758 2384 egre-

2227 2403 2345 2475 gius
2380 2411 2465 2460 est
2509 2413 2566 2459 et
2604 2404 2848 2475 insignis,
2879 2406 2971 2474 qui
3001 2405 3202 2460 nullout
3231 2406 3285 2459 in
3314 2405 3592 2465 communi
3616 2404 3758 2458 homi-

2228 2511 2353 2550 num
2381 2509 2579 2566 genere
2604 2495 2812 2551 habens
2847 2495 3128 2565 aqualem,
3174 2495 3337 2551 etiam
3366 2493 3632 2565 prophetae
3648 2505 3758 2562 pne;

2226 2586 2475 2657 ponitur,
2528 2594 2711 2651 restat,
2757 2595 2820 2642 ut
2860 2587 2975 2659 jam
3015 2602 3120 2641 non
3175 2587 3362 2649 homo,
3416 2585 3517 2641 sed
3570 2583 3758 2653 angelus

2228 2686 2587 2746 nuncupatur.
2639 2676 2790 2732 Unde
2837 2686 2893 2732 et
2916 2676 3154 2733 subdidit
3182 2693 3197 2730 :
3228 2696 3246 2728 ι
3275 2675 3378 2731 llic
3429 2684 3519 2730 est
3545 2674 3675 2730 enim
3705 2671 3759 2724 de

2228 2785 2336 2839 quo
2362 2771 2621 2840 scriptum
2645 2779 2726 2824 est
2758 2785 2771 2823 :
2811 2769 2948 2827 Ecce
2974 2784 3075 2838 ego
3111 2768 3266 2823 mitto
3300 2766 3555 2839 angelum
3589 2779 3754 2824 meum.

2229 2862 2318 2932 qui
2374 2861 2696 2932 praeparabit
2737 2860 2876 2914 viam
2931 2870 3055 2915 ante
3084 2860 3274 2916 faciem
3305 2868 3457 2915 tuam
3501 2856 3704 2930 (Ibid).
3737 2873 3751 2906 ι

2231 2951 2335 3007 Sed
2359 2961 2415 3007 et
2444 2952 2498 3006 in
2513 2952 2877 3023 suppositione
2901 2966 2996 3005 sua
3040 2949 3232 3006 melius
3262 2950 3321 3004 Β.
3348 2948 3586 3005 Joannes
3610 2955 3757 3001 osten-

2230 3040 2375 3094 ditur
2404 3048 2660 3108 quantum
2718 3038 2927 3093 ueteris
2966 3036 3272 3093 hominibus
3328 3035 3676 3106 prmferatur,
3704 3033 3757 3084 de

2684 3146 2708 3182 :r
2759 3147 2778 3179 ι
2825 3127 2927 3194 Qui
2971 3137 3170 3191 autem,
3202 3127 3398 3198 inquit,
3438 3128 3608 3181 minor
3630 3124 3756 3178 estin

2230 3214 2873 3287 retinoctelorum,major
2889 3226 2972 3273 est
2997 3217 3088 3272 illo
3113 3216 3346 3289 (lbid.).i
3371 3216 3509 3283 Quia
3538 3214 3755 3269 nimirum

2230 3307 2555 3380 Redemptor
2597 3318 2801 3375 noster,
2838 3310 2928 3379 qui
2979 3292 3188 3366 Joanne
3236 3309 3418 3381 minor
3458 3307 3618 3363 estin
3646 3315 3757 3360 terra

2229 3413 2322 3468 per
2350 3413 2624 3455 accessura
2653 3401 2992 3456 succedentis
3038 3400 3235 3463 aetatis,
3266 3399 3319 3452 in
3342 3398 3485 3454 caelo
3516 3397 3674 3466 major
3694 3403 3759 3448 est

2227 3503 2325 3558 per
2352 3500 2566 3546 teternte
2594 3490 2753 3562 129
2772 3490 3108 3562 privilegium
3129 3490 3450 3561 majestatis.
3472 3490 3518 3546 0
3544 3487 3656 3543 felix
3679 3485 3757 3539 ista

2229 3578 2480 3650 dejectio,
2522 3583 2738 3649 quando
2763 3581 2923 3635 homo
2952 3581 3063 3636 Deo
3099 3580 3442 3651 supponitur,
3478 3594 3509 3639 a
3539 3578 3758 3634 Creatore

2228 3678 2474 3722 creatura
2494 3668 2834 3738 praeeeditur,
2867 3668 3090 3739 exiguus
3109 3669 3177 3723 ab
3204 3667 3586 3723 immensitatis
3612 3663 3754 3736 gloria

2228 3765 2512 3825 superatur
2539 3758 2551 3809 l
2590 3754 2758 3827 Major
2783 3773 2903 3812 esse
2928 3757 3132 3813 Joanne
3143 3755 3391 3813 Christus
3417 3757 3471 3812 in
3498 3755 3629 3812 coelo
3653 3750 3759 3807 diti-

2231 3854 2338 3911 ttzr,
2368 3845 2455 3899 ubi
2483 3862 2512 3899 a
2540 3846 2751 3901 cunctis
2776 3847 3028 3918 angelicae
3052 3846 3330 3918 dignitatis
3349 3842 3628 3899 virtutibus
3650 3840 3755 3894 adeo

2231 3947 2401 4002 ratur,
2432 3937 2518 3992 cui
2564 3937 2867 4002 cherubim,
2900 3946 2956 3991 et
3001 3938 3272 4007 seraphim
3315 3937 3585 3990 humiliter
3608 3929 3756 4001 proci-

2229 4026 2385 4090 dunt,
2433 4027 2589 4096 cujus
2653 4025 2999 4097 Principatus
3049 4037 3105 4083 et
3156 4026 3461 4093 Potestates
3511 4020 3757 4092 imperium

2229 4119 2670 4182 contremiscunt,
2695 4118 2847 4187 cujus
2887 4118 3120 4196 denique
3145 4118 3348 4173 vultum
3371 4118 3665 4172 desiderant
3680 4126 3761 4164 au-

2231 4210 2333 4279 gcli
2357 4210 2668 4279 prospicere
2691 4209 2745 4281 (Ι
2762 4209 2905 4264 Petr.
2929 4208 2993 4281 1);
3016 4207 3208 4265 Joanni
3239 4224 3298 4264 se
3328 4208 3574 4277 perbibet
3597 4206 3643 4259 in
3670 4216 3758 4256 ca!-

2232 4298 2349 4353 lcsti
2395 4300 2655 4370 dignitate
2699 4313 2950 4370 praeesse,
3000 4300 3061 4353 in'
3105 4297 3259 4368 cujus
3296 4299 3457 4367 plane
3502 4300 3755 4364 conspectu

2230 4405 2417 4447 omnes
2445 4400 2637 4463 gentes
2673 4390 2826 4461 quasi
2849 4390 2990 4445 stilla
3017 4399 3141 4445 sunt
3163 4390 3335 4444 situla:
3359 4430 3374 4454 ,
3422 4387 3636 4457 et-juxta
3659 4397 3758 4453 pro-

2162 4466 2209 4526 θ
2235 4482 2408 4551 pheta:
2431 4482 2765 4546 vaticinium,
2796 4482 2961 4550 quasi.
2986 4479 3231 4543 nihilum,
3262 4490 3317 4534 et
3347 4481 3505 4533 inane
3535 4481 3756 4546 reputat:

2233 4580 2359 4624 sunt
2415 4568 2550 4641 (Ira.
2595 4570 2717 4640 1L);
2766 4572 2925 4625 beato
2961 4570 3079 4625 viro
3125 4585 3184 4625 se
3228 4586 3333 4624 non
3389 4568 3687 4636 dedignatur
3711 4560 3753 4614 in

2233 4660 2637 4728 comparatione
2670 4673 3005 4729 prmponere,
3039 4669 3097 4715 ut
3140 4660 3442 4715 inveniatur
3464 4658 3616 4712 homo
3641 4648 3755 4722 apud

2234 4750 2398 4804 Deum
2432 4765 2531 4820 pro
2568 4752 2884 4805 meritorum
2912 4752 3234 4806 excellentia
3266 4751 3419 4820 quasi
3446 4749 3611 4803 locum
3636 4757 3753 4797 com-

2233 4840 2528 4909 parationis
2557 4839 2774 4894 habere.
2804 4840 2904 4907 Qui
2935 4841 3080 4895 cnim
3111 4849 3300 4896 auctor
3328 4850 3409 4894 est
3438 4832 3752 4893 celsitudinis,

2231 4929 2345 4998 ipse
2367 4929 2707 4985 nobisfactus
2750 4940 2831 4985 est
2854 4931 3108 5001 magister
3139 4930 3469 4985 humilitatis.
3499 4928 3596 4997 ipsi
3614 4922 3752 4995 gloria

2230 5027 2284 5071 et
2314 5017 2620 5086 imperium,
2660 5028 2715 5074 et
2740 5019 2917 5083 modo,
2942 5028 2995 5074 et
3024 5020 3241 5085 amodo,
3264 5020 3316 5072 in
3343 5017 3532 5073 secula
3567 5009 3754 5069 seculo-

2235 5121 2372 5152 rum-
2417 5109 2452 5152 Α
2464 5122 2604 5152 mon-
