3946 5368
1553 209 1590 221 δ..

211 288 309 346 6H

1617 273 1848 328 SERSEO
1900 267 2063 324 XXV.

3345 269 3450 323 iiii

209 413 427 471 gerere,
457 407 512 454 et
538 383 676 454 inter
727 395 1042 466 eloquentes
1069 391 1437 450 erubescimus
1484 389 1772 445 balbutire.
1807 393 1850 448 Λ
1881 381 2148 437 Ecclesiae.
2179 381 2369 434 De:.te3
2394 379 2556 450 igitur
2575 393 2784 450 sponsa:
2813 387 2937 434 sunt
2961 378 3209 434 doctores
3255 381 3452 446 sancti,

211 489 316 544 Sed
351 487 480 557 quis
508 496 684 542 taceat
708 487 760 540 in
807 483 1085 540 nativitate
1128 481 1308 536 vocis?
1358 479 1487 547 Quis
1534 477 1779 532 obmute-

209 592 326 633 scat
353 595 384 631 a
415 578 574 634 laude
597 576 878 646 praeconis,
912 574 1012 629 nisi
1044 573 1182 627 forte
1208 571 1297 640 qui
1324 569 1512 624 dillidit
1568 568 1634 622 ad
1678 568 1780 621 hoc

208 669 350 738 quod
375 669 645 737 angelitus
672 667 852 721 audit?
877 665 1166 720 Zacharias
1189 678 1378 732 nempe
1401 662 1526 715 dum
1551 660 1778 730 loquen-

211 761 277 813 tis
300 760 480 828 angeli
515 774 618 814 non
644 756 1074 817 creditoraculo,
1105 753 1360 824 loquendi
1387 766 1510 804 mox
1534 750 1778 818 privatur

207 848 402 912 ofﬁcio,
443 860 502 905 et
526 851 592 906 ad
617 850 764 904 vocis
783 851 1090 912 adventum,
1117 848 1262 900 vocis
1287 845 1488 900 amittit
1507 841 1776 911 eloquium

208 939 361 1008 (Luc.
396 942 462 1008 ι).
515 942 581 993 At
641 955 776 993 vero
823 939 1098 1008 progenita
1150 935 1351 1000 sobole,
1410 949 1529 1003 qua:
1568 929 1774 1001 paterni

205 1030 517 1098 prosapiam
573 1029 786 1098 genetis
835 1044 984 1082 nova:
1025 1027 1209 1097 gloriae
1263 1023 1414 1079 titulo
1469 1021 1774 1086 decorabat,

206 1121 462 1186 dumjam
495 1137 598 1174 non
627 1121 920 1184 addubitat,
949 1119 1041 1174 sed
1065 1120 1338 1187 imponere
1362 1116 1540 1186 potius
1583 1128 1775 1167 nomen

205 1210 471 1272 exsultat,
503 1225 607 1264 non
638 1209 793 1264 modo
815 1208 1114 1264 reformata:
1137 1209 1238 1261 sibi
1282 1207 1565 1262 locutionis
1616 1220 1774 1275 orga-

206 1319 330 1356 num
383 1305 712 1369 t'estituitur,
755 1305 847 1358 sed
883 1312 938 1361 et
983 1303 1277 1373 prophetici
1334 1301 1555 1371 spiritus
1603 1301 1772 1370 gratia

204 1396 547 1460 cumulatur;
587 1406 642 1451 et
695 1397 784 1465 qui
832 1406 1053 1450 eatenus
1106 1394 1414 1448 facultatem
1467 1391 1772 1462 proferendi

205 1486 574 1558 cujuscunque
612 1490 876 1545 sermonis
922 1489 1214 1551 amiserat,
1271 1488 1385 1558 jam
1445 1484 1773 1555 propltctalis

205 1579 448 1653 vaticinii
475 1579 676 1645 ditatus
701 1579 938 1642 oraculo,
985 1579 1225 1649 mysterii
1279 1577 1531 1632 salutaris
1578 1591 1772 1630 arcana

206 1671 428 1725 revelat.
457 1669 692 1727 Joannes
720 1671 878 1740 plane
905 1686 1007 1724 vox
1037 1679 1178 1734 erat,
1207 1668 1438 1724 Verbum
1468 1683 1770 1739 praecurre-

204 1763 315 1824 bat,
346 1771 403 1816 et
430 1760 665 1816 Verbum
696 1735 1070 1816 annuntiabat.
1099 1762 1266 1832 llujus
1289 1735 1610 1825 vocisisive
1638 1775 1778 1829 przc-
1805 1736 1850 1795 Β
1881 1735 1995 1800 θθίν

202 1854 382 1917 conis,
408 1852 651 1910 ctlsaias
676 1855 1060 1925 prophetarum
1104 1853 1333 1908 eximius
1378 1868 1555 1923 prmco
1597 1851 1774 1907 factus

204 1944 399 2010 fuerat,
437 1962 558 2001 cum
585 1947 890 2001 clamabat:
919 1965 936 1998 ι
971 1945 1082 1999 Vox
1111 1945 1394 2000 clamantis
1429 1945 1480 1998 in
1511 1946 1724 1999 deserto
1757 1963 1769 1998 :

208 2035 406 2091 Parate
470 2037 612 2091 viam
655 2036 864 2098 Domini
915 2036 1049 2108 (lsa.
1088 2036 1196 2107 xc).
1246 2057 1263 2088 ι
1315 2033 1418 2090 Per
1455 2035 1774 2091 Malachlaut

204 2140 416 2194 quoque
442 2126 622 2180 divina
653 2142 754 2180 vox
776 2127 851 2180 ait
876 2145 890 2181 :
930 2145 946 2177 ε
973 2127 1110 2181 Ecce
1129 2127 1281 2180 mitto
1302 2126 1548 2198 angelum
1573 2141 1772 2193 meum,

201 2216 292 2284 qui
317 2217 647 2286 praeparabit
674 2218 810 2271 viam
845 2226 987 2272 tuam
1011 2226 1136 2271 ante
1157 2227 1228 2272 te.
1269 2238 1286 2267 ι

271 2306 586 2370 Pensemus,
618 2306 813 2362 fratres
837 2307 1163 2371 charissimi,
1194 2308 1275 2360 vir
1297 2307 1399 2362 iste
1446 2322 1608 2378 quam
1662 2324 1775 2362 ma-

203 2395 406 2466 gniﬁcat
432 2394 714 2464 privilegio
739 2395 1084 2451 sublimitatis
1108 2395 1359 2460 en‘tineat,
1388 2411 1550 2466 quam
1576 2397 1778 2452 incom-

203 2485 423 2554 parabili
455 2485 774 2540 celsitudine
799 2487 1114 2540 meritorum
1139 2487 1279 2541 inter
1302 2497 1614 2542 sanctorum
1643 2489 1772 2543 eho.-

204 2591 286 2627 ros
315 2574 570 2638 excellat,
591 2575 681 2644 qui
707 2575 772 2628 ad
804 2575 974 2628 instar
1001 2573 1314 2636 Salvatoris,
1364 2584 1418 2630 et
1445 2591 1475 2628 a
1498 2576 1775 2646 prophetis

201 2674 321 2718 ante
345 2665 654 2733 prtedictus,
689 2665 832 2719 etab
854 2667 1063 2731 eodem,
1118 2681 1224 2734 quo
1259 2666 1538 2732 Dominus,
1587 2667 1774 2738 angelo

201 2756 478 2809 nuntiatus
506 2769 524 2810 :
557 2754 726 2826 ipsius
750 2755 969 2824 insuper
1019 2755 1324 2810 testimonio
1377 2756 1630 2810 Veritatis
1675 2758 1775 2810 int-

200 2845 402 2897 mensis
427 2843 645 2897 laudum
675 2845 958 2912 prteconiis
983 2844 1192 2899 exstitit
1247 2843 1534 2914 gloriosus.
1589 2844 1772 2901 Talem

199 2936 394 3006 quippe
441 2937 669 2991 decebat
697 2945 755 2990 ut
782 2936 1006 2993 haberet
1047 2936 1283 2992 caelestis
1330 2936 1572 3006 Sponsus
1634 2938 1772 2991 ami-

199 3042 354 3092 cum;
386 3025 508 3080 talis
532 3027 818 3097 Oportebat
861 3036 1082 3086 etesset
1121 3028 1418 3084 foederator
1475 3027 1770 3083 caelestium

1882 473 1972 542 qui
2003 471 2253 540 quoniam
2285 469 2557 540 simplices
2607 485 2704 539 per
2753 469 3114 524 innocentiam
3176 479 3348 535 sunt,
3397 480 3451 524 ct

1881 563 2061 616 omnia
2091 561 2469 629 relinquentes,
2531 559 2846 614 facultatum
2893 576 3109 614 suarum
3168 561 3452 628 velleribus

1882 659 2007 703 sunt
2035 649 2204 712 exuti,
2237 665 2299 702 ac
2321 650 2460 703 sacri
2489 650 2826 716 baptismatis
2852 652 2988 702 unda
3018 650 3303 719 puritirati,
3336 651 3443 706 sic-

1883 749 1938 794 ut
1972 758 2101 811 grex
2151 749 2426 794 tonsarunt
2476 748 2619 802 sunt,
2686 755 2804 808 qua:
2841 742 3201 792 ascenderunt
3250 742 3314 796 de
3371 741 3451 793 la-

1879 850 2061 890 vacro.
2093 833 2249 888 Venit
2276 835 2454 903 itaque
2495 832 2660 887 Judas
2703 833 2768 886 ad
2807 830 3099 886 tondendas
3144 848 3292 898 oves,
3343 849 3450 886 non

1881 927 2095 995 quidem
2127 925 2291 990 solus,
2321 925 2415 978 sed
2439 940 2556 977 cum
2586 933 2798 992 pastore
2837 938 2934 976 suo
2968 922 3310 988 OJollamite,
3362 923 3449 975 cui

1881 1030 2070 1069 nomen
2095 1025 2213 1068 erat
2240 1015 2413 1066 lliras.
2439 1013 2604 1077 Quem
2633 1027 2728 1081 per
2782 1011 3153 1064 Udollamttem
3198 1009 3455 1081 intelligi-

1881 1121 2016 1166 mus,
2043 1104 2143 1156 nisi
2167 1101 2462 1156 Joannem?
2491 1099 2878 1167 Interpretatur
2900 1111 3074 1152 autem
3097 1097 3448 1153 Oiollamitcs

1879 1194 2226 1247 testimonium
2276 1193 2329 1244 in
2380 1207 2536 1260 aqua.
2590 1190 2723 1244 Cum
2789 1191 2888 1243 hoc
2938 1191 3093 1258 plane
3141 1193 3451 1245 testimonio

1880 1281 2298 1336 vettitDominus
2319 1281 2384 1333 ad
2427 1293 2623 1348 aquam
2669 1279 3026 1348 baptismatis,
3076 1281 3276 1333 habens
3326 1282 3450 1351 qui-

1878 1371 1997 1424 dem
2026 1370 2384 1424 testiinonium
2419 1367 2587 1436 majus
2620 1367 2845 1433 Joanne,
2903 1371 2995 1423 sed
3051 1381 3268 1440 propter
3305 1371 3454 1426 infir-

1877 1477 1993 1513 mas
2018 1476 2166 1523 uses,
2203 1460 2303 1512 hoc
2325 1458 2634 1512 testimonio
2661 1459 2735 1510 uti
2762 1459 3010 1528 dignatus
3039 1471 3121 1513 est
3174 1462 3226 1513 in
3288 1475 3446 1530 aqua.

1883 1549 2029 1604 Unde
2056 1563 2177 1603 eum
2203 1549 2407 1602 videret
2436 1561 2556 1600 eum
2600 1548 2665 1599 ad
2695 1547 2947 1601 Jordanis
2987 1548 3184 1602 ﬂuenta
3231 1552 3452 1618 prepin-

1876 1653 2148 1714 quantem,
2197 1641 2441 1712 protinus
2493 1639 2823 1705 exclamans,
2882 1641 2994 1693 ait:
3037 1659 3054 1691 ι
3088 1641 3222 1695 Ecce
3268 1643 3454 1711 Agnus

2046 1749 2171 1788 ecce
2225 1733 2317 1802 qui
2364 1731 2501 1784 tollit
2544 1740 2764 1800 peccata
2815 1733 2995 1784 mundi
3032 1731 3209 1800 (Joan.
3237 1735 3296 1801 ι).
3327 1753 3344 1784 ι
3384 1733 3454 1787 Ει

1880 1826 2205 1897 evangelista
2233 1824 2395 1878 dicit:
2431 1841 2448 1872 ι
2477 1821 2868 1876 'l‘estimonintu
2923 1823 3191 1892 perhibuit
3215 1823 3453 1878 Joannes

1879 1915 2100 1969 dicens:
2129 1913 2265 1980 Quia
2291 1911 2401 1965 vidi
2428 1908 2688 1980 Spiritum
2738 1911 3145 1964 descendentem
3191 1919 3449 1980 tanquam

1877 2005 2181 2062 columbam
2205 2006 2271 2057 de
2297 2002 2454 2071 caelo,
2487 2015 2543 2057 et
2573 2004 2774 2057 mansit
2805 2017 2966 2073 super
2992 2017 3137 2067 eutn,
3162 2011 3215 2055 et
3234 2018 3332 2071 ego
3358 2018 3455 2057 ne-

1876 2101 2110 2157 sciebam
2129 2114 2249 2154 eutn
2268 2115 2283 2162 ;
2302 2098 2392 2153 sed
2417 2099 2506 2172 qui
2535 2099 2679 2152 misit
2709 2113 2793 2151 me
2815 2097 3084 2169 baptizare
3107 2095 3158 2148 itt
3183 2109 3340 2162 aqua,
3365 2094 3451 2148 ille

1877 2194 2008 2248 ntihi
2035 2193 2170 2247 dixit
2199 2211 2211 2246 :
2243 2193 2415 2263 Super
2437 2208 2595 2263 quem
2627 2190 2824 2244 videris
2847 2188 3105 2256 Spiritum
3132 2187 3453 2240 descendeno

1872 2292 2004 2350 ,tetn,
2037 2291 2092 2336 et
2135 2291 2436 2337 manentem
2465 2295 2626 2351 super
2653 2294 2796 2343 eum,
2831 2279 2916 2332 hic
2947 2285 3032 2331 est
3070 2277 3160 2346 qui
3201 2277 3440 2345 baptizat

1877 2375 1931 2428 itt
1956 2373 2162 2444 Spiritu
2195 2382 2380 2428 sancto
2408 2370 2616 2441 (Ibid).
2658 2391 2676 2422 ι
2709 2368 2807 2424 Cui
2842 2369 3045 2424 scilicet
3074 2369 3264 2424 visioni
3286 2369 3445 2421 etiam

1876 2480 2068 2520 nomen
2099 2464 2329 2534 pastoris
2361 2462 2501 2516 illius
2526 2462 2802 2531 aptissime
2824 2461 3092 2530 congruit.
3124 2460 3451 2528 interpreta-

1872 2562 1963 2613 tur
1987 2555 2128 2608 enim
2158 2554 2334 2618 lliras,
2357 2553 2540 2622 fratris
2569 2553 2669 2604 mei
2694 2553 2840 2604 visio.
2874 2551 3000 2609 Erat
3028 2552 3226 2619 quippe
3269 2552 3453 2604 Domi-

1879 2662 1981 2700 nus
2027 2645 2196 2707 frater
2244 2643 2483 2704 Joannis,
2544 2657 2650 2696 non
2705 2645 2862 2696 modo
2914 2642 3206 2698 secundum
3257 2656 3439 2696 semen

1871 2737 2122 2801 Abralne,
2150 2737 2243 2790 sed
2261 2735 2425 2789 etiatn
2453 2732 2609 2801 juxta
2650 2731 3022 2804 cognationem
3053 2729 3232 2785 Mariae
3253 2741 3308 2784 et
3333 2729 3450 2784 Eli--

1874 2827 2083 2882 sabeth.

1948 2918 2093 2974 Vidit
2120 2917 2300 2987 itaque
2326 2914 2563 2972 Joannes
2594 2915 2818 2971 fratrem
2850 2931 3005 2970 suum
3030 2916 3205 2970 adhuc
3231 2913 3449 2970 clausus

1879 3007 1932 3062 in
1953 3016 2124 3071 utero,
2153 3006 2286 3061 vidit
2307 3006 2360 3060 in
2388 3007 2674 3076 baptismo,
2706 3007 2838 3060 vidit
2867 3006 3036 3060 oculis
3055 3006 3236 3061 carnis
3285 3005 3452 3060 homi-

199 3120 533 3188 nuptiarum.
619 3117 722 3184 Qui
749 3119 929 3184 habet,
967 3119 1159 3188 inquit,
1224 3134 1498 3189 sponsam,
1553 3134 1780 3188 sponsus
1805 3084 1847 3144 Ε
1879 3115 2026 3164 nemo
2055 3099 2188 3154 νίάίι
2209 3101 2260 3152 in
2290 3097 2482 3168 δΡίΓίιυ
2508 3099 2865 3166 ηδθὲθδιέιιθιη·
2911 3095 3061 3189 υξι-(ξθ
3087 3107 3142 3151 ει
3172 3097 3452 3166 υῑτίυδφιθ

201 3220 282 3265 est
329 3210 516 3281 (Joan.
550 3210 668 3280 nt);
696 3210 902 3265 amicus
944 3220 1119 3264 autem
1174 3211 1378 3279 sponsi,
1425 3210 1516 3279 qui
1568 3217 1676 3263 stat
1727 3217 1782 3264 et

201 3303 349 3356 audit
376 3317 523 3368 eum,
559 3303 757 3374 gaudio
790 3303 985 3373 gaudet
1030 3313 1248 3374 propter
1290 3317 1474 3356 vocem
1521 3302 1723 3372 sponsi.
1755 3323 1772 3354 ι

205 3391 271 3448 Ut
304 3403 490 3449 autem
543 3402 730 3450 sancta
777 3393 1013 3448 Ecclesia
1067 3396 1134 3448 ab
1174 3394 1320 3449 omni
1355 3405 1512 3447 cmuo
1544 3394 1777 3463 contagii

203 3501 551 3561 purgaretur,
582 3503 638 3546 et
681 3507 787 3546 non
839 3491 1040 3546 habens
1077 3491 1340 3546 maculam
1371 3505 1543 3560 neque
1588 3506 1776 3560 rugam

203 3584 419 3655 (Ephes.
451 3588 531 3653 ν),
587 3581 1358 3654 caelestis|Sponsijthalatuos
1409 3581 1616 3650 ingredi
1667 3595 1778 3634 tne-

206 3690 443 3743 reretur,
468 3677 610 3732 beati
667 3677 824 3745 hujus
874 3676 1224 3748 paranytuplii
1255 3673 1512 3746 mysterio
1575 3672 1776 3729 factum

201 3781 306 3837 est,
335 3771 427 3838 qui
456 3779 512 3824 et
537 3768 839 3824 Jorilanicis
861 3767 1110 3823 ﬂuctibus
1144 3767 1426 3832 immersit,
1477 3766 1592 3835 ipsa
1641 3781 1775 3835 quo-

202 3877 306 3932 que
357 3860 520 3931 130
541 3859 739 3914 ﬂuenta
776 3868 1096 3936 tergentem,
1155 3867 1209 3912 et
1247 3855 1484 3924 ejusdem
1526 3856 1776 3926 baptismi

204 3953 476 4022 totiusque
498 3951 773 4006 munditia:
803 3951 929 4006 lavit
959 3959 1254 4003 auctorem.

269 4045 476 4099 Harum
507 4042 748 4113 profecto
784 4041 1088 4112 nuptiarum
1118 4038 1281 4093 Judas
1308 4036 1397 4091 ille
1426 4035 1650 4107 figuram
1703 4042 1780 4089 te-

201 4135 338 4198 nuit,
371 4135 463 4204 qui
490 4135 557 4188 ad
587 4132 885 4188 tondendas
919 4146 1048 4186 oves
1071 4130 1123 4183 in
1145 4128 1418 4182 Thaumas
1463 4141 1583 4180 cum
1624 4125 1774 4190 llira,

203 4227 282 4281 sui
311 4225 562 4281 videlicet
578 4223 1022 4295 gregiSOpilione,
1047 4218 1323 4274 descendit
1347 4214 1496 4287 (Cen.
1525 4214 1773 4286 XXXVIII).

204 4318 480 4374 Thaumas
506 4325 683 4371 autem
715 4313 956 4383 deﬁciens
1011 4311 1416 4384 interpretatur,
1470 4323 1565 4377 per
1615 4322 1776 4376 quatit

201 4411 453 4466 videlicet
480 4409 786 4479 Synagoga,
819 4408 869 4460 in
901 4419 1004 4474 qua
1054 4417 1208 4470 reges
1242 4411 1296 4456 et
1323 4400 1598 4470 propheta:
1625 4398 1772 4453 defe-

204 4511 410 4567 cerant,
433 4500 594 4556 simul
621 4508 674 4553 et
704 4497 906 4562 unctio,
933 4496 1101 4550 donec
1122 4493 1350 4557 veniret,
1376 4492 1462 4547 cui
1481 4491 1771 4562 repositum

202 4609 314 4654 erat
337 4598 662 4653 ostenditur.
712 4593 860 4650 Unde
907 4601 961 4646 et
1016 4605 1110 4662 per
1162 4589 1477 4660 prophetam
1527 4587 1770 4644 dicitur:

211 4711 227 4742 ι
261 4693 394 4747 Cum
420 4688 632 4744 venerit
661 4685 893 4742 Sanctus
916 4692 1251 4745 sanctorum,
1305 4678 1539 4734 cessabit
1593 4675 1775 4731 unctio

207 4785 362 4854 (Dan.
394 4783 492 4852 ts).
529 4802 547 4834 ι
588 4779 727 4846 Quid
758 4779 939 4846 itaque
959 4791 1054 4844 per
1076 4773 1288 4836 Judam,
1319 4772 1410 4842 qui
1458 4771 1524 4824 ad
1553 4770 1774 4822 tonden-

206 4875 296 4930 das
327 4889 458 4928 oves
485 4873 538 4928 in
567 4870 843 4924 Thaumas
871 4866 1037 4928 venit,
1071 4863 1172 4918 nisi
1222 4861 1549 4930 Redemptor
1591 4865 1774 4912 noster

207 4966 542 5037 intelligitur,
572 4962 662 5032 qui
693 4969 917 5022 utoves,
941 4972 1060 5028 quae
1097 4954 1366 5024 perierant
1401 4955 1589 5008 domus
1611 4949 1773 5006 Israel

208 5057 350 5128 (Luc.
374 5057 826 5127 xv).exoneraret
847 5049 1102 5120 peccatis,
1123 5047 1188 5099 ad
1205 5045 1542 5116 Synagogam
1568 5042 1775 5096 venisse

207 5144 580 5219 cognoscitur?
617 5142 772 5200 Unde
800 5148 853 5193 et
882 5140 1124 5209 Sponsus
1151 5135 1216 5187 ad
1236 5149 1487 5202 sponsam
1547 5132 1598 5186 in
1639 5131 1777 5185 Can-

1878 3189 2037 3260 ltnjus
2093 3190 2324 3246 nominis
2378 3191 2871 3259 interpretationem
2899 3228 2912 3250 ,
2958 3186 3118 3247 lliras
3164 3187 3449 3252 videlicet,

1878 3285 2019 3353 quod
2042 3293 2121 3337 est
2151 3284 2332 3351 fratris
2361 3285 2462 3336 mei
2485 3284 2642 3345 visio,
2663 3294 2715 3336 et
2737 3281 3097 3345 Odollamitis,
3131 3281 3270 3349 quod
3295 3292 3451 3334 sonat

1876 3378 2228 3432 testimonium
2257 3376 2311 3428 in
2357 3391 2515 3444 aqua,
2547 3373 2688 3429 idem
2731 3373 2965 3430 Joannes
2995 3374 3094 3428 sub
3120 3373 3279 3426 unius
3324 3385 3452 3426 seno

1875 3468 2058 3522 tentia:
2099 3466 2362 3520 versiculo
2415 3465 2824 3534 comprehendit
2853 3503 2869 3528 ,
2919 3463 3104 3522 dicens
3142 3479 3155 3516 :
3193 3481 3211 3514 ι
3245 3461 3312 3516 Ει
3353 3475 3451 3532 ego

1879 3560 2006 3622 vidi,
2030 3569 2085 3612 et
2119 3554 2485 3611 testimonium
2517 3555 2797 3623 perhibui,
2834 3552 2959 3622 quia
3009 3553 3098 3606 hic
3145 3560 3226 3606 est
3283 3550 3451 3606 Filits

1879 3647 2199 3717 Dei_(lbt'd.).
2224 3665 2242 3696 ι
2264 3645 2521 3701 Veniente
2546 3645 2707 3714 igitur
2731 3641 2866 3696 Juda
2894 3645 2959 3697 ad
2986 3658 3114 3697 oves
3137 3651 3156 3694 t
3194 3641 3448 3706 ndeadas,

1878 3739 2112 3797 Thamar
2141 3745 2314 3792 mutat
2337 3736 2605 3799 habitum,
2632 3735 2759 3802 quia
2788 3741 2961 3790 mutat
2991 3730 3235 3802 spiritale
3284 3745 3447 3784 voca-

1878 3831 2083 3885 bulum.
2139 3829 2376 3883 Thamar
2429 3827 2625 3896 quippe
2677 3835 3000 3881 commutant
3048 3825 3448 3894 interpretatur.

1877 3921 2010 3976 Nam
2045 3922 2110 3977 de
2146 3920 2429 3991 Synagoga
2461 3918 2522 3970 iit
2555 3916 2818 3972 Ecclesia.
2871 3917 2976 3971 Sed
3027 3915 3179 3983 juxta
3221 3914 3448 3980 litteras,

1878 4013 2018 4069 idem
2042 4026 2237 4067 nomen
2267 4011 2642 4067 amaritudinis
2668 4020 2847 4064 manet
2881 4026 2896 4063 :
2923 4025 3026 4064 non
3056 4009 3217 4072 illius,
3248 4009 3301 4062 itt
3343 4024 3448 4078 qua

1877 4107 2100 4163 Domino
2131 4105 2199 4160 fel
2230 4106 2295 4161 ad
2323 4104 2612 4160 bibendum
2641 4103 2793 4158 miles
2815 4103 3038 4171 obtulit;
3071 4101 3164 4157 sed
3187 4101 3302 4170 ejus
3355 4117 3451 4171 po-

1881 4201 2010 4265 tius,
2035 4199 2088 4253 in
2108 4213 2216 4267 qua
2255 4195 2449 4256 Petrus
2479 4203 2600 4266 post
2626 4194 2835 4264 lapsum
2856 4208 3042 4252 amare
3064 4192 3208 4246 ﬂevit
3231 4191 3446 4264 (Matth.

1880 4291 2072 4361 uvu).
2095 4288 2262 4344 Judas
2295 4295 2475 4344 autem
2516 4283 2734 4354 (Matth.
2770 4285 2917 4354 XXVI)
2939 4284 3194 4351 confessio
3227 4282 3445 4338 dicitur.

1879 4382 2113 4440 Thamar
2135 4395 2262 4449 ergo
2275 4395 2398 4436 cum
2415 4375 2715 4451 131Juda
2740 4375 3032 4439 dormiens,
3056 4373 3302 4445 protinus
3314 4386 3448 4427 con-

1876 4478 2035 4552 cipit;
2064 4475 2188 4548 quia
2216 4489 2340 4528 emn
2369 4469 2694 4526 confessioni
2718 4469 3022 4525 amaritudo
3053 4466 3333 4528 miscetur,
3379 4465 3448 4516 ad

1877 4567 2228 4638 proferendos
2261 4562 2590 4634 pmttitentiae
2614 4560 2822 4614 fructus
2846 4565 3029 4613 sancta
3054 4571 3173 4609 mox
3204 4554 3445 4610 Ecclesia

1876 4657 2214 4716 fecundatur.
2240 4653 2391 4709 Unde
2417 4660 2470 4705 et
2489 4648 2726 4704 Joannes
2753 4665 2765 4700 :
2803 4665 2822 4698 ι
2853 4646 3061 4708 Facite,
3093 4646 3283 4714 inquit,
3333 4647 3451 4700 fru-

1874 4759 1994 4804 ctus
2013 4746 2204 4816 dignos
2223 4742 2553 4812 pmnitentia:
2598 4737 2812 4810 (Matth.
2867 4737 2968 4806 ut).
3000 4755 3016 4787 ι
3050 4734 3150 4802 Qui
3194 4736 3449 4792 nimirum

1875 4837 2206 4910 pmnitentite
2241 4835 2449 4890 fruetus
2505 4831 2557 4884 in
2609 4827 2945 4884 Hierusalem
3003 4823 3209 4895 primus
3250 4829 3451 4896 erupit,

1877 4933 2061 4999 sicque
2088 4926 2423 4996 postmodum
2468 4936 2565 4992 per
2615 4933 2833 4976 onmem
2880 4916 3061 4971 mundi
3117 4916 3454 4974 latitu.tit.an

1882 5019 2180 5094 pullulavit.
2213 5018 2350 5073 Hinc
2369 5014 2580 5070 Veritas
2608 5011 2741 5067 dicit
2768 5030 2782 5066 :
2815 5031 2833 5064 ι
2866 5007 3166 5077 Oportebat
3183 5007 3461 5068 Christum

1883 5112 2012 5184 pati,
2050 5118 2102 5165 et
2132 5120 2420 5180 resurgere
2441 5119 2472 5158 a
2495 5103 2722 5158 mortuis
2756 5106 2846 5160 die
2880 5098 3062 5168 tertia,
3083 5109 3137 5154 et
3182 5101 3469 5168 pradicari

1886 5210 1936 5236 :..
1961 5201 2172 5236 ...ι-ηἰηο
2197 5201 2312 5236 μία-ε
2342 5194 2712 5236 nmnitpntinm
2769 5205 2822 5236 nt
2861 5188 3240 5236 remissionem
3282 5206 3472 5236 nerea-

1907 5226 1936 5236 ιι
1961 5201 2172 5236 οιιιινηῖηο
2197 5201 2312 5236 μίηε
