3946 5368
496 121 602 188 διδ

1105 130 1164 186 S.
1197 129 1402 186 PETRI
1434 129 1716 185 DAMIANI
1752 129 1904 186 OPP.
1936 125 2115 184 PARS
2139 127 2270 185 SEU
2293 107 2530 185 TOMUS
2561 127 2623 183 ll.
2661 157 2733 168 —
2764 127 3152 184 SERMONES.

3657 128 3756 187 ιιιι

493 253 818 309 amaritudo.
847 251 989 323 Bene
1021 250 1072 304 in
1114 264 1178 304 ea
1207 250 1512 303 amaritudo
1562 245 1756 302 deiecit
1781 287 1796 310 ,
1833 261 1954 299 cum
2006 243 2079 300 ιε-
2111 259 2157 315 Α
2187 262 2251 301 eo
2291 256 2545 301 nascente
2583 246 2837 300 clamavit
2873 265 2885 301 :
2925 266 2942 299 ι
2972 245 3150 314 Quare
3199 245 3368 302 divisa
3420 258 3506 302 est
3545 259 3758 319 propter

489 343 667 400 cunda
702 341 841 396 facta
863 341 929 395 de
958 338 1146 402 sterili,
1180 339 1390 394 dulcem
1437 337 1558 392 novi
1617 335 1876 407 germinis
1920 335 2076 390 sobo-

493 426 593 489 lem
618 433 944 503 procreavit.
993 429 1230 484 Thamar
1275 431 1436 500 igitur
1483 446 1512 482 a
1563 445 1666 482 non
1722 435 2080 498 cognoscente

494 526 721 591 letatur;
749 525 873 595 quia
901 533 1084 578 sancta
1109 522 1347 577 Ecclesia
1377 531 1641 591 quantum
1685 520 1751 574 ad
1807 518 2078 589 gentilita-

495 627 623 679 tem,
664 616 717 669 in
751 615 1067 686 primordio,
1093 617 1216 668 dum
1250 631 1399 669 nnvze
1424 613 1543 668 lidci
1593 629 1776 668 semen
1823 613 2079 681 concipit,

492 721 599 760 non
622 706 953 776 agnoscitur.
987 704 1137 759 Unde
1165 713 1221 758 et
1268 703 1480 757 canitur
1504 718 1516 730 °
1553 721 1571 754 ι
1610 702 1860 774 Populus,
1921 716 2081 772 quem

494 812 600 851 non
627 799 875 868 cognovi,
907 799 1131 852 servivit
1165 796 1291 850 mihi
1318 794 1490 866 (Prol.
1528 798 1683 864 χιιι).
1721 814 1739 846 ι
1779 795 1845 849 Ει
1872 794 2038 848 Isaias
2067 811 2080 845 :

498 909 517 940 ι
557 889 716 952 Ecce,
768 891 864 956 ait,
911 900 1125 958 gentem
1192 904 1354 958 quam
1412 888 1690 943 nesciebas
1739 887 1984 950 vocabis;
2033 895 2086 940 ct

492 990 680 1050 gentes
731 995 852 1050 quae
912 988 962 1034 te
1011 996 1116 1033 non
1171 985 1588 1050 cognoverunt,
1659 977 1726 1030 ad
1772 986 1820 1031 te
1869 987 2088 1032 current

494 1070 633 1140 (lsa.
663 1071 774 1139 ιν).
814 1090 831 1122 ι

566 1163 735 1217 Porro
755 1173 954 1225 autem,
992 1162 1131 1231 quod
1162 1161 1234 1216 illi
1268 1162 1450 1216 bmdus
1482 1177 1576 1230 per
1628 1159 1878 1216 eumdem
1928 1158 2090 1214 Oilol-

493 1252 734 1308 lamitem
770 1254 1021 1317 mittitur,
1052 1253 1199 1322 quid,
1227 1254 1326 1306 nisi
1362 1268 1458 1322 per
1478 1251 1741 1308 Joannem
1766 1252 1907 1305 facta
1959 1267 2088 1320 pec-

495 1359 742 1402 catorum
791 1347 1143 1416 exprobratio
1193 1345 1540 1416 designatur?
1593 1344 1755 1412 Quasi
1811 1344 1954 1398 enim
1991 1344 2093 1398 lue-

494 1437 620 1492 dum
649 1437 920 1492 meretrici
947 1437 1176 1507 portitor
1202 1434 1480 1499 adferebat,
1509 1452 1630 1489 cum
1661 1436 1972 1505 properanti
2023 1434 2090 1488 ad

492 1526 746 1599 baptismi
779 1529 1093 1594 lavacrum,
1129 1531 1298 1592 turba:
1335 1545 1430 1599 per
1476 1529 1900 1599 increpationem
1949 1529 2094 1582 dice-

2182 346 2232 392 te
2265 338 2540 393 maceria?
2578 360 2594 389 ι
2629 338 2801 393 Omne
2831 339 3031 410 quippe
3060 355 3229 410 genus
3271 340 3564 395 htunauum
3610 344 3755 411 quasi

2179 429 2405 483 distorta
2459 428 2715 483 silvarum
2766 430 2994 500 virgulta
3051 431 3314 484 adversus
3355 431 3660 485 venientem
3707 431 3755 485 in

2180 536 2343 576 Carne
2372 519 2654 574 Dominmn
2682 521 2970 575 inaceriam
2993 519 3224 576 fecerat'
3251 530 3306 575 et
3331 535 3398 574 ne
3421 521 3488 574 ad
3510 537 3759 592 peragen-

2183 613 2306 667 dmn
2335 612 2648 682 mysterium
2691 610 3077 681 redemptionis
3113 611 3506 680 ingrederetur,
3566 611 3756 666 unani-

2183 703 2345 756 mitcr
2377 703 2695 756 obsistebat.
2762 701 2915 757 Unde
2970 710 3023 756 et
3065 700 3264 755 Paulus
3294 720 3305 754 :
3340 719 3357 752 ι
3393 700 3522 763 Nos,
3573 701 3757 772 inquit,

2185 797 2538 867 praedicamus
2585 795 2862 849 Christum
2916 793 3260 857 cruciﬁxum,
3311 793 3510 850 Judwis
3554 795 3756 864 quidem

2186 887 2524 952 scandalum,
2552 887 2801 958 gentibus
2849 895 3026 941 autem
3068 886 3350 941 stultitiam
3399 884 3450 955 (1
3483 885 3606 940 Cor.
3643 883 3700 956 ι).
3735 905 3752 937 ι

2188 978 2292 1036 Sed
2330 979 2546 1051 gentilis
2573 979 2801 1050 populos
2845 978 2984 1033 hanc
3029 977 3233 1040 divisit,
3288 977 3442 1047 quasi
3501 976 3756 1030 nascendo

2189 1073 2506 1137 maceriam,
2529 1087 2650 1126 cum
2683 1085 2780 1140 per
2801 1068 3110 1124 Cornelium
3162 1069 3562 1131 centurionem,
3609 1067 3755 1121 alios-

2190 1179 2294 1234 quc
2319 1165 2585 1234 primitias
2615 1162 2760 1226 fidei,
2815 1161 3066 1232 baptismi
3120 1161 3424 1231 suscipiens
3474 1159 3751 1223 lavacrum,

2190 1252 2291 1308 sub
2321 1251 2520 1308 Christi
2547 1251 2757 1305 titulum
2789 1251 3094 1306 convolavit
3121 1252 3256 1320 (Act.
3285 1254 3360 1321 κ).
3415 1251 3565 1305 Ilanc
3609 1251 3754 1304 alter-

2193 1343 2418 1398 nitatem
2451 1343 2703 1397 nascendi
2735 1343 3114 1396 considerabat
3139 1343 3194 1396 Β.
3219 1342 3476 1406 Joannes,
3525 1359 3642 1398 cum
3678 1341 3752 1397 Jn-

2195 1435 2432 1490 dil‘Ol‘lllll
2459 1436 2634 1489 turbis
2662 1436 2897 1506 undique
2925 1435 3320 1490 conﬂuentibus
3373 1437 3578 1490 diceret
3603 1455 3614 1488 :
3644 1454 3659 1486 ι
3688 1435 3750 1490 Nc

2195 1527 2475 1598 emperitis
2509 1527 2710 1592 dicere,
2741 1527 2954 1582 Patrem
2989 1528 3250 1582 habemus
3292 1529 3591 1582 Abraham.
3643 1527 3751 1583 Dico

492 1621 588 1677 bat
621 1638 635 1675 :
670 1639 688 1672 ι
724 1620 1012 1676 Genimina
1038 1621 1366 1692 viperarum,
1391 1621 1513 1690 quis
1541 1620 1778 1674 ostendit
1805 1621 1957 1675 vobis
2005 1619 2088 1673 ιἰι-
2122 1621 2163 1681 Β
2191 1619 2334 1673 enim
2365 1618 2536 1682 vobis,
2571 1619 2696 1689 quia
2729 1633 2918 1691 potens
2950 1629 3029 1675 est
3069 1621 3207 1675 Dens
3243 1621 3308 1675 de
3335 1621 3600 1690 lapidibus
3651 1621 3751 1675 istis

491 1726 620 1782 gere
643 1710 712 1766 ab
737 1711 813 1766 ira
835 1714 1092 1767 ventura?
1127 1711 1394 1783 ιξ(Μιιιι1ι.
1425 1714 1529 1782 ιιι.)
1555 1711 1884 1782 lteqnirehat
1903 1721 2087 1764 autem

493 1799 654 1855 lliras
678 1799 1030 1856 Odollamites
1062 1816 1091 1854 a
1125 1800 1364 1856 Thamar
1401 1801 1682 1867 annulum,
1718 1800 2008 1865 armillam,
2035 1809 2091 1854 et

493 1891 766 1948 baculum.
792 1892 894 1946 Per
915 1893 1176 1947 annulum
1212 1893 1550 1964 signaculum
1581 1892 1724 1959 lidei,
1758 1908 1854 1964 per
1901 1891 2090 1946 armil-

494 1982 601 2037 lam
631 1982 784 2038 labor
811 1984 1012 2054 operis,
1044 1999 1140 2053 per
1171 1985 1419 2038 baculum
1449 1999 1577 2038 vero
1633 1985 1949 2054 designatur
1995 1998 2088 2039 re-

493 2073 650 2142 quies
690 2075 825 2144 Spei.
881 2074 1044 2141 Quasi
1076 2074 1221 2130 cnim
1273 2076 1394 2130 ﬁdei
1443 2069 1698 2130 annulum
1758 2075 2086 2146 requirebat,

495 2182 618 2222 cum
648 2169 851 2223 diceret
883 2211 895 2222 .
934 2188 953 2220 ι
995 2169 1095 2238 Qui
1123 2171 1369 2226 creditin
1403 2171 1596 2225 Filium
1643 2171 1757 2235 Dei,
1806 2172 1966 2227 habet
2014 2171 2093 2226 vi-

498 2266 608 2314 tam
634 2270 929 2334 :eteruam;
957 2262 1048 2331 qui
1075 2272 1256 2317 autem
1289 2262 1598 2318 incredulus
1622 2271 1702 2317 Crl
1729 2263 1946 2318 Christo
1998 2261 2089 2316 Fi-

497 2350 591 2417 lio,
629 2368 734 2406 non
769 2354 970 2408 videbit
999 2356 1191 2422 vitam,
1221 2356 1317 2410 sed
1341 2356 1420 2409 ira
1449 2356 1539 2410 Dei
1567 2365 1748 2411 manet
1780 2373 1943 2426 super
1967 2373 2089 2410 eum

499 2439 804 2513 (Joau.m).
843 2461 861 2492 ι
892 2444 971 2495 An
1003 2459 1106 2496 non
1136 2445 1300 2498 etiam
1331 2445 1397 2499 ad
1438 2445 1698 2500 annulum
1759 2447 2088 2516 pertinebat,

495 2548 616 2588 cum
643 2535 848 2590 diceret
896 2553 909 2589 :
945 2555 963 2587 ι
1004 2535 1105 2603 Qui
1144 2538 1304 2592 habet
1348 2553 1628 2608 sponsam,
1685 2555 1916 2608 sponsus
1960 2541 2093 2594 est?

494 2623 683 2696 (Ibitl.)
722 2647 738 2678 ι
775 2627 1055 2682 Armillam
1091 2644 1219 2684 vero
1253 2630 1456 2684 laboris
1495 2631 1808 2696 exhibebat,
1847 2647 1970 2686 cum
2018 2631 2089 2686 di-

495 2727 677 2772 ceret:
721 2737 738 2770 ι
785 2717 1168 2774 Paenitentiam
1221 2721 1365 2790 agite
1414 2722 1631 2792 (Matth.
1689 2725 1796 2794 tu).
1831 2743 1848 2774 ι
1910 2722 2093 2778 Baculi

495 2823 716 2880 quoque
742 2813 1004 2881 requiem,
1035 2829 1158 2867 cum
1188 2824 1385 2884 ιιι-λεειο
1412 2816 1763 2886 subjongcret
1791 2835 1802 2870 :
1839 2835 1858 2867 ι
1885 2816 2092 2887 Appro-

497 2901 779 2972 pinquavit
806 2903 950 2959 enim
980 2905 1489 2975 regnuntcmlorum
1515 2905 1732 2976 (Ibid).
1764 2927 1781 2958 ι
1809 2906 1887 2960 Ac
1911 2907 1956 2961 si
1982 2921 2097 2976 per-

1092 3013 1104 3048 :
1141 2994 1314 3051 Nolite
1365 2997 1466 3051 sub
1498 2997 1751 3066 injuncta:
1785 2982 1936 3052 vobis
1985 3013 2096 3068 pte-
2125 3001 2170 3060 C

496 2993 680 3062 spieuc
737 2993 1046 3063 loqueretur

501 3082 744 3139 nitentia:
767 3083 948 3140 labore
979 3085 1302 3152 lassescere,
1354 3088 1446 3142 sed
1505 3089 1681 3158 potius
1717 3089 1869 3142 lirnia
1899 3104 1996 3157 spe
2029 3088 2095 3143 de

500 3176 650 3246 regni
683 3175 922 3232 cmlestis
943 3179 1468 3248 appropinquatione
1487 3179 1725 3234 aninmm
1751 3180 2022 3236 roborate.

574 3289 836 3356 Qmesivit
865 3302 1046 3344 autem
1073 3307 1192 3346 eam
1220 3289 1386 3346 ludas
1416 3292 1468 3346 in
1495 3293 1658 3354 bivio.
1725 3293 1819 3348 sed
1848 3294 2096 3349 invenire

499 3395 608 3436 non
645 3383 851 3452 potuit;
884 3384 1010 3453 quia
1040 3399 1160 3454 qua:
1191 3384 1242 3438 in
1269 3385 1505 3453 publico,
1553 3385 1706 3455 juxta
1753 3386 2093 3455 prophetam,

497 3473 664 3527 etsub
686 3474 830 3527 omni
859 3474 1002 3545 ligno
1017 3473 1272 3532 frondoso
1287 3475 1464 3531 fuerat
1489 3477 1778 3550 prostituta
1797 3477 1934 3544 (Jer.
1954 3495 1991 3542 ι,
2012 3477 2094 3549 ιι),

2191 1711 2455 1766 suscitare
2483 1712 2620 1766 lilios
2649 1711 2881 1766 Abrabze
2903 1711 3118 1782 (Matth.
3146 1714 3225 1780 ιιι)
3281 1733 3298 1764 ι
3331 1713 3409 1768 Ac
3438 1713 3482 1767 si
3530 1723 3751 1783 patenter

2191 1803 2374 1858 dicat:
2402 1802 2642 1859 Gentiles
2677 1803 2876 1875 populi,
2908 1805 3000 1874 qui
3033 1803 3238 1873 lapides
3261 1813 3406 1870 sunt,
3458 1805 3582 1875 quia
3630 1804 3747 1874 lapi-

2193 1897 2286 1952 des
2309 1897 2513 1964 colunt,
2543 1899 2882 1969 prunogeniti
2907 1899 3060 1953 vobis
3082 1898 3211 1954 [ient
3257 1901 3322 1954 ad
3353 1900 3748 1972 regenerationis

2191 1997 2248 2043 et
2283 2005 2434 2043 nova:
2458 1988 2645 2059 gratia:
2672 2000 3096 2055 sacramentum,
3127 2006 3358 2060 quorum
3391 2007 3487 2045 vos
3519 2007 3611 2063 per
3631 1991 3747 2062 lega-

2193 2080 2272 2136 les
2299 2081 2652 2137 cazremonias
2677 2081 3002 2137 videbamini
3039 2083 3287 2138 renuisse
3318 2084 3630 2154 primatum.

2265 2171 2390 2228 llmc
2423 2174 2595 2239 vobis,
2656 2172 2855 2228 fratres
2909 2173 3242 2239 cbarissimi,
3279 2190 3385 2228 non
3435 2176 3749 2244 exponendo,

2195 2265 2286 2320 sed
2314 2275 2587 2335 utcunque
2622 2265 2912 2335 tangendo,
2941 2265 3215 2320 succincte
3243 2269 3678 2331 transcurrimus,
3705 2277 3751 2321 ut

2194 2354 2254 2409 Β.
2279 2353 2542 2410 Joannem
2577 2355 2881 2410 ministrum
2928 2370 3079 2410 nova:
3135 2355 3343 2426 gratiae,
3397 2365 3454 2412 et
3497 2373 3750 2428 paranyni-

2195 2447 2361 2517 pluun
2421 2446 2781 2516 spiritualium
2839 2449 3172 2517 nuptiarum,
3227 2465 3294 2503 ex
3340 2449 3579 2520 antiquis
3615 2450 3748 2504 etiam

2196 2552 2365 2592 sacrae
2396 2535 2688 2608 Scriptura:
2715 2537 2924 2607 paginis
2951 2537 3405 2594 demonstremus.
3452 2538 3603 2594 llmic
3635 2541 3750 2594 enini

2197 2629 2463 2697 insignem
2516 2639 2678 2699 atque
2735 2629 3012 2700 egregium
3079 2630 3240 2685 totius
3284 2629 3505 2684 humani
3569 2630 3753 2702 generis

2198 2719 2395 2785 virum,
2422 2720 2487 2773 ad
2519 2719 2866 2784 cnrrendam,
2899 2719 3152 2791 utgigas,
3191 2721 3544 2776 mortalitatis
3585 2729 3752 2774 nostra:

2198 2812 2379 2876 viam,
2413 2812 2567 2882 quasi
2598 2811 2963 2866 cenviatorem
2995 2810 3096 2865 sibi
3145 2810 3391 2866 Salvator
3421 2810 3669 2876 adscivit;
3713 2819 3756 2862 et

2200 2903 2265 2956 ad
2296 2901 2658 2972 peragendum
2685 2902 3069 2971 redemptionis
3103 2912 3299 2958 nostra:
3328 2903 3623 2973 negotium,
3647 2918 3758 2972 quo.

2202 2994 2488 3048 dauuuodo
2515 3003 2571 3046 ιιι
2602 2995 2872 3064 particeps
2900 3004 3043 3049 esset
3070 3004 3121 3047 et
3154 2994 3542 3059 eollaborator,
3597 2993 3754 3064 elegit.

2205 3085 2356 3142 Unde
2386 3104 2508 3141 cum
2533 3087 2599 3142 ad
2622 3103 2742 3142 cum
2771 3089 3129 3158 baptizandus
3175 3090 3497 3154 accederet;
3541 3087 3760 3142 sublimis

2198 3189 2378 3234 autem
2408 3189 2463 3233 et
2497 3179 2714 3234 lnunilis
2739 3196 2928 3235 servus
2958 3179 3262 3248 iniunctum
3284 3181 3388 3236 sibi
3421 3179 3758 3235 ministerium

2200 3269 2439 3339 trepidus
2479 3281 2806 3337 excusaret,
2859 3271 3084 3326 dicens:
3122 3292 3139 3323 ι
3182 3273 3287 3344 ligo
3317 3288 3348 3326 a
3383 3283 3434 3328 te
3467 3273 3635 3328 debeo
3680 3271 3761 3326 ba-

2200 3361 2413 3432 ptizari,
2433 3371 2483 3415 et
2511 3373 2563 3416 tn
2582 3363 2731 3418 venis
2747 3364 2814 3417 ad
2837 3363 2958 3418 me?
2987 3363 3176 3437 (Ibid.)
3211 3384 3227 3414 ι
3263 3364 3542 3435 respondit
3568 3382 3582 3418 :
3615 3384 3632 3415 ι
3654 3361 3760 3418 Sine

2200 3454 2378 3508 modo.
2411 3455 2500 3508 Sic
2527 3455 2672 3508 enim
2702 3455 2856 3508 decet
2881 3451 3756 3524 nosimplereomncmjostitiain.i

2198 3543 2242 3598 Ο
2270 3544 2517 3609 Domine,
2540 3545 2724 3599 dixisti
2757 3563 2766 3597 :
2802 3565 2817 3594 ι
2842 3543 2959 3598 Fiat
2983 3544 3094 3609 lux,
3121 3555 3168 3599 et
3201 3543 3342 3598 facta
3371 3555 3456 3599 est
3480 3543 3634 3613 (Cen.
3663 3545 3716 3610 1).
3742 3565 3754 3591 ι

2198 3633 2357 3690 Fiant
2384 3634 2553 3690 stella:
2587 3635 2731 3700 cceli,
2755 3637 2943 3691 bestiae
2965 3639 3102 3708 agri,
3135 3634 3385 3692 volucres
3415 3636 3586 3702 aeris,
3612 3636 3762 3707 piscis

2200 3744 2482 3798 aquarum.
2521 3727 2714 3782 Omnia
2741 3730 2856 3785 lucc
2899 3731 3116 3785 condita
3165 3739 3292 3784 sunt
3334 3730 3401 3784 ad
3460 3729 3636 3784 solum
3679 3738 3765 3783 tum

493 3559 606 3630 jam
630 3565 752 3618 sein
777 3566 936 3619 domo
961 3576 1208 3635 paterna,
1225 3568 1324 3622 sub
1339 3567 1538 3622 Christi
1555 3567 1805 3623 videlicet
1827 3569 2097 3623 constrin-

500 3665 656 3710 xerat
689 3657 970 3726 disciplina
1011 3676 1023 3712 :
1053 3674 1152 3714 nec
1181 3674 1300 3714 eam
1325 3659 1532 3728 peccati
1570 3661 1771 3728 reperit
1804 3662 2100 3730 exprobra-

504 3745 604 3810 tio,
621 3761 782 3815 qnam
806 3746 1166 3805 confessionis
1189 3759 1498 3804 mutaverat
1515 3750 1837 3806 amaritudo.
1857 3751 2071 3806 Viduita
2085 3782 2100 3794 ο

502 3836 576 3890 tis
595 3854 652 3892 se
666 3840 903 3894 vestibus
921 3840 1127 3907 induit;
1161 3843 1284 3912 quia
1302 3843 1784 3913 pra-teretelcstem
1804 3843 2094 3914 Sponsum,

503 3926 594 3996 qui
629 3943 725 3996 pro
760 3944 821 3981 ea
864 3943 1108 3985 mortuus
1137 3946 1242 3997 est,
1270 3935 1498 3988 alterum
1532 3951 1635 3988 non
1662 3936 1918 3991 admittit.
1943 3937 2096 4004 Quod

505 4021 687 4070 autem
710 4019 910 4086 gemini
935 4033 1304 4089 apparuerunt
1335 4023 1389 4077 in
1417 4033 1592 4088 utero,
1629 4026 1733 4079 duo
1763 4035 1888 4080 sunt
1916 4026 2095 4097 populi

507 4108 563 4162 in
594 4106 848 4164 Ecclesiae
874 4113 1079 4182 gremio
1107 4129 1203 4183 per
1233 4117 1406 4170 sancti
1443 4117 1683 4186 Spiritus
1715 4119 1944 4188 gratiam
2001 4133 2095 4189 ge-

504 4199 703 4254 nerati.
745 4198 800 4254 lu
827 4201 938 4271 ipsa
964 4217 1096 4257 vero
1123 4203 1384 4260 ell'nsione
1414 4209 1774 4273 nascentium,
1819 4225 1962 4265 unus
1985 4227 2098 4266 ma-

505 4305 632 4346 nttm
666 4291 907 4361 protulit,
936 4304 990 4348 et
1028 4295 1191 4366 ligato
1229 4298 1473 4362 coccino,
1503 4315 1626 4353 mox
1661 4301 1925 4366 retraxit;
1985 4303 2093 4358 sic-

2193 3821 2453 3892 jnssionis
2479 3823 2787 3893 imperium,
2818 3825 2998 3877 omnia
3035 3824 3397 3894 disponuntur
3448 3823 3517 3877 ad
3573 3823 3762 3877 unicum

2202 3924 2305 3969 tum
2334 3913 2624 3969 voluntatis
2659 3923 2867 3980 lltllttlll,
2896 3931 2994 3970 nec
3054 3915 3120 3968 ad
3170 3916 3282 3970 haec
3341 3916 3646 3986 peragenda
3686 3915 3760 3968 ad-

2200 4004 2421 4060 hibuisti
2473 4005 2566 4058 tibi
2595 4004 2880 4075 cujuslibet
2909 4005 3163 4075 angelica:
3188 4005 3467 4075 potestatis
3495 4005 3758 4066 auxilium;

2200 4097 2470 4165 quotlme
2500 4111 2630 4167 ergo
2679 4114 2823 4152 nunc
2867 4097 3024 4161 diris,
3081 4098 3148 4152 ad
3193 4106 3420 4152 terrena:
3465 4099 3760 4153 conditionis

2201 4191 2469 4245 hominem
2495 4190 2647 4259 quasi
2679 4205 2968 4258 co:equans
2999 4200 3072 4254 te,
3103 4199 3156 4246 et
3187 4199 3608 4260 contempt-rans
3643 4188 3757 4244 inlir-

2202 4285 2375 4340 mitati
2404 4295 2644 4338 nostra):
2692 4285 2807 4338 sine
2845 4283 3036 4348 modo;
3078 4283 3158 4338 sic
3207 4285 3360 4338 decet
3413 4299 3514 4337 nos
3570 4284 3759 4352 implere

505 4396 614 4454 que
633 4394 760 4438 ante
787 4400 845 4440 se
878 4365 1135 4443 nascendi
1178 4389 1334 4444 alteri
1389 4391 1595 4446 aditum
1628 4391 1903 4462 patefecit.
1958 4396 2090 4463 Quia

2201 4392 2417 4432 onmem
2435 4375 2747 4446 justitiam?
2775 4374 2914 4432 Ecce
2942 4375 3087 4429 enim
3111 4389 3270 4446 quem
3297 4384 3350 4429 tu
3403 4375 3470 4428 ad
3528 4389 3755 4444 coopera-

504 4477 762 4533 nimirum
793 4479 1054 4536 Iudaicus
1084 4483 1330 4554 populus,
1361 4485 1453 4556 qui
1511 4486 1578 4540 ad
1631 4486 1805 4549 lucem
1862 4486 2098 4560 Spiritus

505 4569 656 4624 nasci
697 4571 949 4639 primitus
975 4575 1164 4644 carpit,
1192 4575 1428 4630 ostendit
1452 4591 1616 4648 Opera
1668 4593 1762 4632 sna
1801 4581 2096 4650 propheta-

507 4675 626 4714 rum
653 4662 1094 4730 prascedentium,
1125 4674 1176 4718 ct
1217 4665 1385 4734 ipsius
1419 4666 1625 4721 Domini
1654 4683 1848 4722 cruore
1873 4670 2094 4740 polluta.

510 4746 663 4802 Unde
693 4759 746 4802 et
777 4749 912 4803 Zara
943 4751 1117 4804 oriens
1168 4752 1591 4823 interpretatur;
1625 4756 1751 4825 quia
1803 4756 2099 4816 llebraicns

509 4834 599 4889 ille
622 4837 847 4905 p0pnlus
872 4839 1020 4907 prior
1051 4849 1204 4895 ortus
1231 4851 1313 4895 est
1340 4843 1405 4896 ad
1433 4843 1668 4899 litteram
1689 4845 1844 4916 legis,
1887 4848 1981 4901 sed
2008 4865 2106 4918 po-

512 4929 709 4984 sterior
756 4930 932 4984 l'actus
962 4943 1045 4986 est
1094 4935 1160 4986 ad
1206 4936 1607 5005 suscipiendam
1670 4938 1827 5008 132
1874 4941 2101 5010 gratiam

514 5017 816 5086 Evangelii.
849 5017 962 5073 Hoc
989 5022 1170 5090 itaque
1227 5027 1386 5079 modo
1441 5029 1670 5082 retraxit
1723 5045 1961 5094 manum,
2010 5031 2100 5101 qui

449 5155 461 5164 .
514 5108 662 5162 nasci
679 5105 794 5174 jam
818 5122 914 5176 per
956 5111 1202 5178 spiritum
1234 5125 1476 5182 ccrperat
1503 5119 1730 5187 populus
1755 5118 2097 5186 Juikeorum;

512 5207 566 5252 et
592 5213 714 5252 mox
741 5197 1004 5266 prorupit,
1041 5213 1103 5251 ac
1127 5199 1298 5256 factus
1323 5215 1404 5258 est
1431 5209 1824 5278 primogenilus
1871 5212 2101 5281 populus

516 5286 779 5357 gentium.
811 5283 1036 5340 Scilicet
1083 5295 1164 5351 ut,
1208 5288 1361 5355 juxta
1415 5298 1738 5352 sententiam
1799 5299 2052 5355 Veritatis
2085 5341 2098 5362 .

2205 4469 2371 4524 tionis
2402 4479 2505 4522 tua:
2533 4469 2878 4538 participiqu
2905 4466 3177 4536 provehis,
3205 4481 3364 4536 quem
3389 4466 3755 4536 quodammodo

2205 4560 2272 4612 ad
2304 4568 2406 4612 tua:
2428 4556 2798 4612 similitudinis
2826 4557 3039 4611 culmen
3059 4555 3283 4621 attollis,
3305 4556 3474 4618 dicat,
3500 4572 3620 4627 qua:
3643 4557 3696 4610 de
3720 4565 3756 4607 ω

2205 4652 2540 4723 comparatio
2591 4649 2706 4704 lieri
2745 4650 2911 4719 possit
2959 4651 3025 4704 ad
3052 4665 3131 4704 se.
3162 4648 3254 4704 Ait
3281 4649 3501 4719 itaque:
3527 4669 3546 4702 ι
3569 4649 3672 4704 Non
3704 4648 3755 4700 ιιι

2208 4745 2516 4798 mensuram
2546 4739 2638 4794 dat
2666 4739 2808 4792 Deus
2835 4738 3098 4809 Spiritum
3123 4737 3301 4809 (Joan.
3332 4737 3438 4811 ιιι).
3473 4760 3491 4792 ι
3532 4739 3675 4794 Pater
3695 4737 3755 4791 ili-

2206 4837 2322 4906 ligit
2347 4834 2564 4899 Filium,
2592 4843 2646 4887 et
2671 4832 2853 4887 outnia
2884 4831 3030 4886 dedit
3055 4831 3106 4885 iu
3141 4848 3302 4886 manu
3327 4831 3486 4902 ejus;
3532 4833 3621 4888 sed
3653 4832 3752 4902 ιιιιί

2207 4937 2258 4982 te
2278 4927 2525 4996 perhibet
2553 4924 2753 4978 nullam
2776 4922 3013 4993 Spiritus
3039 4924 3240 4977 habere
3264 4939 3598 4985 mensuram,
3638 4923 3689 4975 tle
3708 4939 3755 4973 ιε

2171 5020 2332 5091 ςιιιιίιι
2377 5021 2608 5080 sentiat.
2645 5016 2790 5070 dicat
2825 5035 2836 5069 :
2873 5034 2890 5066 ι
2926 5015 3030 5069 Nos
3057 5056 3072 5077 .
3132 5015 3304 5084 inquit
3332 5057 3346 5080 ,
3379 5017 3443 5069 de
3468 5015 3583 5084 plen
3609 5013 3755 5068 t;.di..e

2203 5111 2320 5180 ejus
2332 5126 2520 5167 omnes
2536 5108 3039 5178 acccpiums(Joau.
3059 5107 3120 5176 ι).
3146 5128 3162 5159 ι
3194 5109 3271 5162 Ac
3288 5109 3329 5162 si
3351 5109 3526 5163 dicat:
3548 5109 3641 5162 Nos
3654 5122 3753 5158 vasa

2171 5247 2174 5252 .
2205 5219 2414 5269 sumus,
2431 5203 2518 5258 ille
2534 5202 2672 5256 fons.
2689 5199 2780 5256 llle
2793 5201 2844 5256 in
2860 5200 3015 5256 nobis
3030 5216 3127 5268 pro
3139 5200 3223 5253 sui
3241 5199 3617 5254 moderaminis
3629 5211 3751 5252 men-

2207 5313 2338 5352 sura
2357 5297 2668 5368 dispensat,
2698 5295 2839 5349 unde
2860 5310 2970 5349 sua:
2994 5293 3371 5348 immensitatis
3398 5290 3750 5366 incomparabi-
