3946 5368
189 114 291 174 σὶῧ

1574 113 1806 171 sunto
1852 115 2036 171 XXVI.

2640 86 2646 91 -
2669 86 2784 97 .-~....
2794 87 2833 96 το

3353 128 3461 193 (⁸ιὸ

188 234 330 288 ςωιο
362 233 528 298 venit,
563 246 725 303 super
750 247 939 288 omnes
967 242 1051 288 est
1102 229 1281 302 (loau.
1338 230 1443 291 nt).
1490 252 1507 285 ι
1553 234 1779 298 Quantae
1812 246 1855 295 Α
1889 235 2174 291 immersit.
2205 237 2353 292 luter
2391 250 2717 310 purpuratos
2743 243 2906 299 etiam
2934 255 3233 317 martyrum
3259 248 3457 307 choros

189 335 371 394 itaque
403 326 499 379 tibi
535 324 885 395 subjectiouis
930 325 1247 395 obsequium
1283 324 1499 389 debeat,
1548 324 1777 395 publicis

186 415 336 469 omni
389 414 584 483 popqu
631 414 851 468 vocibus
888 414 1118 468 clamat:
1173 433 1191 465 ι
1226 412 1385 469 Venit
1428 413 1619 468 fortior
1665 431 1771 479 me,

184 504 340 572 cujus
372 521 477 557 non
508 521 626 557 sum
658 504 854 573 dignus
882 504 1092 559 solvere
1119 505 1409 575 corrigiam
1436 506 1764 559 calceamen-

188 607 363 649 torqu
392 596 509 664 ejus
533 595 683 665 (Luc.
712 599 815 667 ιιι).
854 616 871 647 ι
907 595 952 650 Ο
981 596 1151 651 beata:
1204 597 1523 651 lnnnilitatis
1561 597 1772 652 excelsa

186 687 461 760 maiestas,
496 705 615 757 qua:
641 689 767 742 dum
796 705 893 743 suo
918 688 1126 758 judicio
1176 689 1228 743 in
1284 689 1389 743 ima
1426 690 1770 759 deprimitur,

183 781 365 833 divina
384 782 711 850 provehente
735 780 1126 845 cleineutia,ad
1154 780 1395 835 coelestia
1426 782 1767 848 sublevatur;

184 871 422 939 limoque
443 870 552 923 Deo
584 886 641 923 se
674 870 953 923 humiliter
978 870 1213 937 subjicit,
1237 872 1304 924 ad
1336 870 1770 926 Drieonsortinm

184 961 515 1014 excellenter
538 962 798 1030 assurgit!
830 961 921 1015 Ille
942 962 1134 1031 quippe
1157 978 1350 1017 secum
1366 963 1578 1017 caeteris
1600 962 1773 1017 homi-

184 1052 343 1105 nibus
357 1052 601 1121 perhibet
636 1064 860 1119 terram,
888 1070 951 1108 ac
982 1066 1195 1109 terrena
1215 1055 1554 1124 loquentem;
1584 1056 1768 1111 Domi-

185 1158 287 1195 niis
317 1153 496 1197 autem
534 1153 783 1210 testatur,
819 1144 1020 1198 nullum
1054 1161 1121 1199 eo
1154 1146 1293 1199 inter
1309 1154 1463 1200 natos
1483 1146 1766 1201 mulierum

183 1236 494 1287 surrexisse
527 1234 781 1302 majorem
814 1235 1028 1305 (Matth.
1062 1236 1160 1307 ιι).
1209 1236 1301 1290 Ille
1350 1253 1408 1291 se
1454 1238 1521 1290 ad
1554 1236 1765 1291 solven-

184 1328 309 1379 dmn
343 1326 530 1396 caliga:
589 1327 859 1380 vinculum
893 1328 1220 1381 vociferatur
1248 1329 1545 1398 indignum,
1580 1327 1764 1381 Domi-

184 1432 283 1469 nus
316 1426 485 1470 totum
517 1434 714 1488 corpus
742 1435 898 1472 suum
928 1417 1046 1487 ejus
1075 1420 1323 1472 manibus
1354 1419 1595 1489 subjicit,
1641 1435 1763 1471 cum

182 1507 521 1577 baptismatis
544 1508 815 1563 lavacrum
846 1510 1123 1564 subiturus
1153 1511 1382 1564 accedit.
1430 1510 1522 1563 Ille
1548 1526 1605 1563 se
1636 1526 1761 1579 pro~

1878 330 1936 381 lt.
1972 326 2209 384 Joannes
2238 330 2291 383 in
2341 332 2639 402 magisterii
2690 335 2949 389 cathedra
3002 340 3276 404 pra-sitiet,
3330 342 3458 411 quia

1876 434 1972 487 pro
2002 419 2311 475 testimonio
2336 422 2583 477 veritatis
2612 433 2867 480 strenuus
2918 428 3146 482 bellator
3178 432 3453 496 occubuit,

1874 508 2223 580 omniumque
2253 526 2351 581 pro
2377 511 2595 570 Christo
2622 516 2950 571 certantium
2985 518 3092 573 dux
3134 518 3331 585 factus,
3366 537 3460 573 Ve-

1875 600 2061 655 xillutn
2126 602 2447 673 triumphale
2507 606 2750 677 martyrii
2778 608 2918 663 caalo
2964 610 3175 679 primus
3217 612 3443 667 invexit.

1874 688 2070 743 Beatus
2101 690 2282 759 itaque
2306 690 2541 748 Joannes
2569 696 2809 750 omnium
2839 708 3153 754 sanctorum
3183 702 3453 771 particeps

1877 777 2035 850 135
2061 777 2237 834 factus
2262 789 2345 834 est
2383 782 2586 844 choris.
2612 784 2735 853 quia
2770 786 2914 840 nulla
2945 787 3048 841 sibi
3081 788 3255 844 virtus
3285 789 3453 844 defuit

1872 870 2214 924 sanctitatis:
2242 871 2349 925 imo
2375 882 2524 927 tanto
2548 875 2813 945 insignius
2846 878 2987 931 iuter
3015 895 3203 934 onmes
3228 892 3449 936 sancto-

1872 975 1991 1014 rum
2023 960 2243 1015 ordines
2263 962 2484 1029 emicat,
2539 978 2745 1034 quanto
2801 970 3009 1023 auctori
3061 973 3302 1026 omnium
3361 991 3457 1041 ιον

1871 1051 2291 1119 incomparabile
2316 1057 2567 1111 meritum
2592 1060 2877 1115 sublimius
2901 1064 3316 1133 appropinquat.
3347 1066 3449 1131 Qui

1870 1143 1923 1198 in
1964 1142 2230 1199 Trinitate
2282 1145 2519 1215 perlecta
2558 1165 2697 1204 unus
2739 1161 2793 1206 et
2845 1169 3003 1207 verus
3039 1153 3182 1210 Deus
3212 1157 3344 1211 vivit
3399 1165 3455 1210 et

1869 1244 2061 1305 regnat
2087 1236 2138 1290 in
2192 1237 2389 1291 swcula
2417 1240 2760 1296 saeculorum.
2800 1243 2995 1298 Anien.

2435 1376 2451 1394 ⁶
2484 1372 2719 1431 SERMO
2760 1376 2948 1433 XXVI.

2042 1500 2107 1538 DE
2150 1500 2351 1541 διεςτο
2388 1501 2561 1541 verno
2591 1504 2884 1544 nosmto.
2927 1490 3096 1562 (uix.
3136 1491 3278 1562 JUN.)

184 1602 401 1669 phetam
433 1602 710 1656 humiliter
742 1602 997 1670 abnegat,
1027 1618 1186 1671 quem
1215 1602 1497 1671 plusquam
1528 1602 1762 1672 propbe-
1799 1593 1837 1651 li
1871 1595 2044 1651 Suoer
2073 1597 2202 1653 illud
2248 1598 2596 1653 Canticorum
2643 1600 2981 1656 Salomonis:
3029 1603 3448 1659 Adolescentqu

188 1702 292 1745 tam
320 1709 457 1753 esse.
490 1702 655 1762 atque
687 1694 907 1764 insuper
936 1693 1186 1764 angelum
1220 1690 1470 1746 Salvator
1508 1692 1761 1758 atlirmat,

184 1786 248 1836 de
276 1799 382 1853 quo
410 1793 464 1838 et
500 1784 842 1853 postmodum
870 1784 1032 1838 dicit:
1069 1803 1086 1835 ι
1118 1784 1209 1838 lllc
1254 1792 1373 1838 erat
1426 1786 1645 1839 lucerna
1672 1803 1763 1839 ar-

184 1876 335 1939 Ceus,
363 1887 415 1929 ct
448 1876 632 1931 lucens
676 1875 857 1947 (locu.
888 1876 963 1946 v).
1005 1897 1021 1927 ι

248 1966 585 2037 Perpcudite.
624 1967 822 2023 fratres
864 1970 988 2035 mei,
1042 1985 1201 2039 quam
1259 1970 1613 2035 admirabilis,
1660 1972 1766 2025 imo

182 2072 340 2125 quam
371 2057 615 2126 angelica
652 2059 759 2111 vita
796 2059 942 2113 beati
989 2058 1209 2113 Joannis
1246 2070 1388 2125 erat,
1428 2077 1587 2131 quam
1618 2072 1767 2116 certe

180 2147 459 2215 magniﬁca
488 2150 696 2204 cunctis
725 2150 979 2220 opinione
1010 2151 1303 2215 claruerat,
1330 2152 1425 2220 qui
1455 2168 1575 2205 cum
1607 2152 1767 2206 nullis

180 2240 387 2309 signum
424 2242 640 2297 virtutis
690 2245 1020 2308 ostenderet,
1062 2243 1339 2299 Christum
1386 2256 1563 2298 tamen
1616 2244 1763 2298 illum

180 2348 298 2385 esse
326 2333 503 2386 omnis
533 2334 758 2403 populus
788 2335 1106 2401 aestimaret,
1166 2336 1307 2390 Luca
1365 2347 1623 2399 testante.
1671 2337 1763 2406 qui

180 2425 281 2477 ait:
340 2445 357 2476 ι
420 2426 781 2482 Existimante
827 2438 1005 2483 autem
1057 2429 1274 2499 populo,
1314 2440 1370 2483 et
1398 2430 1763 2500 cogitantibus

180 2517 429 2571 omnibus
457 2520 509 2572 in
540 2521 795 2575 cordibus
826 2538 937 2576 SlllS
988 2524 1053 2575 de
1080 2520 1309 2587 Joanne,
1365 2540 1431 2576 ne
1464 2522 1603 2577 forte
1649 2525 1762 2593 ipse

178 2619 319 2662 esset
346 2610 599 2666 Christus
632 2610 777 2683 (Luc.
821 2614 924 2682 ιιι).
963 2633 979 2664 ι
1011 2614 1138 2680 Qua:
1170 2616 1315 2668 enim
1369 2615 1582 2684 religio,
1640 2631 1761 2685 qua:

179 2698 457 2765 ποθὴ-θείω
475 2716 594 2769 qua:
622 2702 854 2773 denique
879 2704 1069 2767 virtus,
1087 2706 1227 2773 quod
1254 2706 1559 2759 sanctitatis
1590 2720 1761 2777 genus

181 2791 446 2858 reperitur
499 2793 551 2846 in
604 2792 783 2863 aliquo
839 2806 1173 2858 sanctorum.
1240 2799 1379 2866 quod
1448 2799 1500 2852 iu
1556 2796 1761 2852 Joanne

180 2882 327 2946 quasi
350 2885 723 2954 praerogativa:
737 2886 1015 2955 cujusdam
1039 2904 1142 2942 non
1162 2896 1341 2942 teneat
1364 2889 1759 2959 principatum?

2364 1672 2654 1724 dilexerunt
2677 1683 2725 1725 te
2755 1674 2930 1726 nimis.

1938 1784 2130 1839 Petrus
2168 1784 2459 1855 apostolus,
2493 1784 2857 1856 apostolorum
2888 1785 3142 1856 princeps
3160 1794 3216 1840 et
3236 1785 3441 1855 princio

1868 1893 1991 1947 pum
2024 1878 2250 1947 primus,
2285 1877 2600 1931 hodiernam
2632 1876 2775 1930 diem
2803 1877 2957 1931 nobis
2985 1877 3219 1932 reddidit
3251 1876 3448 1932 clario-

1871 1983 2004 2020 rem.
2037 1966 2203 2021 Sacra
2235 1966 2477 2037 profecto
2514 1967 2650 2031 dies,
2681 1968 2808 2035 quia
2835 1968 3205 2023 sacratissimo
3236 1967 3443 2022 homini

1866 2068 2207 2122 consecrata,
2234 2066 2288 2111 et
2316 2057 2460 2111 illius
2485 2058 2758 2129 assignata
2786 2059 3097 2129 prmconiis,
3119 2076 3280 2129 quem
3310 2074 3446 2113 cow-

1868 2160 2060 2205 ventus
2084 2150 2360 2222 angelicas
2396 2167 2502 2205 non
2555 2153 2902 2207 mediocriter
2953 2164 3250 2209 reveretur.
3300 2152 3451 2208 Uuus

1866 2250 1948 2296 est
1984 2241 2151 2307 enim,
2190 2258 2352 2311 quem
2400 2243 2800 2314 praenobilitant
2852 2244 3143 2315 singularis
3188 2246 3453 2314 primatus

1868 2331 2122 2403 insignia,
2164 2332 2545 2388 clavicularius
2573 2336 2721 2403 regni
2764 2336 3049 2401 caalorum,
3083 2336 3286 2407 lingua,
3324 2338 3449 2391 lidei

1865 2421 2298 2478 fundamentum.
2333 2424 2752 2479 Consummatur
2782 2424 2952 2479 honor
2987 2437 3041 2481 et
3067 2428 3305 2497 dignatio
3336 2425 3450 2495 glo-

1867 2514 2031 2579 riosa,
2065 2514 2340 2568 hominem
2373 2514 2425 2567 in
2457 2514 2617 2567 terris
2643 2516 2876 2582 positum
2912 2514 3065 2570 caalis
3110 2516 3447 2583 imperitare,

1862 2613 1917 2657 et
1942 2603 2082 2657 inter
2104 2603 2415 2674 angelorum
2441 2604 2631 2658 choros
2654 2604 2953 2673 judiciarite
2978 2608 3261 2675 potestatis
3290 2619 3451 2659 exer-

1865 2709 1989 2749 cr:e
2005 2694 2280 2748 virtutem.
2302 2693 2467 2749 Sedet
2484 2695 2797 2750 dounnator
2812 2697 3066 2751 Dominus
3083 2696 3222 2751 inter
3234 2699 3448 2767 agmina

1866 2788 2127 2842 lucidiore
2155 2788 2276 2843 luce
2304 2788 2582 2861 fulgentia,
2614 2800 2669 2842 et
2696 2792 2762 2844 de
2792 2787 3027 2844 Thronis
3050 2792 3117 2845 ad
3156 2788 3454 2844 Cherubin;

1867 2879 2233 2944 transvolans,
2258 2880 2403 2933 vices
2433 2880 2791 2934 sessionarias
2817 2882 3155 2933 intertuutat.
3181 2880 3455 2947 Quamob-

181 2972 312 3025 δυηι
342 2951 611 3042 εἰσιιιίαέιιι
642 2951 817 3029 5³00ιῖ
854 2976 1093 3032 ΘΓθΙΙΙῘιὶιὲ
1143 2987 1198 3033 et
1251 2951 1613 3047 anachoreta;
1665 2984 1758 3037 sed
1789 2951 1832 3010 Ο
1868 2987 1981 3024 rem
2016 2971 2331 3024 admiranda
2380 2969 2599 3040 quidem
2641 2970 2943 3025 sessionum
2977 2972 3231 3031 mutatio,
3260 2970 3451 3038 longe-

180 3065 295 3132 quis
315 3065 420 3119 sibi
464 3068 674 3123 vivendi
706 3068 943 3140 regulam
976 3070 1026 3124 iu
1058 3071 1294 3125 silvestri
1328 3073 1507 3138 melle,
1536 3082 1591 3129 et
1619 3074 1761 3130 inco-

181 3158 430 3212 meslibili
466 3158 794 3215 locustarum
832 3178 953 3218 esca
988 3158 1274 3233 przelixit?
1325 3165 1421 3219 Cui
1479 3182 1641 3235 porro
1691 3168 1760 3221 ad

181 3252 527 3319 asperitatem
559 3253 786 3308 vestium
815 3270 919 3309 nou
947 3254 1213 3309 sulllciant
1244 3272 1369 3326 saga
1388 3256 1546 3311 ciiina
1566 3273 1758 3327 capra-

182 3343 331 3396 rum?
358 3342 469 3397 [ste
500 3344 721 3414 pellicca
777 3362 912 3400 zona
950 3348 1296 3416 praecinctus,
1347 3350 1469 3418 pilis
1524 3350 1761 3404 induitur

180 3435 531 3489 camelorum.
564 3435 853 3491 Enimvero
890 3448 1015 3493 sunt
1044 3440 1217 3494 sancti
1266 3441 1757 3505 abrenuntiatorcs,

180 3535 231 3579 et
265 3529 529 3582 smculum
585 3529 977 3599 relinquentes;
1020 3532 1113 3586 sed
1149 3532 1274 3597 iste,
1323 3532 1543 3602 puerilis
1586 3534 1762 3590 adhuc

181 3618 389 3682 indolis,
421 3636 547 3675 ιιιιιι
588 3622 815 3675 necdqu
852 3622 1131 3677 didicisset
1158 3624 1391 3678 civiliter
1433 3623 1635 3687 vivere,
1669 3625 1762 3678 ιι(-

182 3721 313 3765 serta
339 3724 658 3784 penetrans,
716 3715 957 3769 decrevit
1006 3715 1281 3770 solitarius
1338 3717 1613 3782 habitare;
1665 3732 1761 3771 nec

180 3805 426 3877 dignatus
454 3814 535 3861 est
558 3806 695 3877 patri
724 3806 775 3860 in
800 3807 1120 3862 sacerdotali
1152 3808 1415 3878 dignitate
1448 3809 1759 3871 succedere,

180 3910 234 3953 ut
261 3917 451 3956 verum
509 3917 888 3972 summumque
936 3903 1176 3957 oumium
1221 3901 1559 3957 sacerdotem
1592 3901 1757 3955 libera

182 3995 440 4065 potuisset
499 4004 631 4049 voce
686 3994 998 4064 praedicare.
1052 3993 1337 4063 Propheta:
1388 3993 1761 4047 vaticinantur

183 4083 414 4140 futurum
475 4085 775 4141 Salvatoris
820 4086 1131 4147 adventura,
1172 4085 1422 4155 apostoli,
1472 4086 1762 4154 exterique

183 4177 426 4233 doctores
462 4180 1065 4251 testanturimpletum;
1118 4179 1355 4234 Joannes
1385 4188 1563 4233 autem
1610 4178 1761 4233 illiilli

183 4282 498 4341 pm‘scntcm
551 4272 810 4337 ostendit,
857 4272 945 4328 cui
998 4272 1159 4327 totius
1212 4271 1415 4335 stet-itii,
1457 4279 1512 4325 et
1552 4270 1760 4341 antiqui

184 4362 382 4415 scilicet
410 4373 466 4416 et
508 4363 774 4427 modcrui,
803 4364 1117 4434 praedicatio
1149 4363 1420 4417 militavit.

245 4452 297 4507 lu
332 4454 437 4508 hoc
464 4455 628 4507 etiam
659 4453 760 4507 iste
789 4454 1061 4525 prophetis
1091 4455 1341 4509 omnibus
1366 4456 1756 4523 supereminet,

186 4546 428 4613 qumiiain
447 4544 520 4598 illi
539 4542 797 4614 Spiritum
822 4555 1065 4599 sanctum
1083 4562 1176 4615 per
1193 4554 1412 4599 relatum
1430 4545 1757 4599 incrementa

185 4635 507 4705 suscipiunt;
545 4637 644 4688 iste
676 4652 803 4689 vero
849 4634 1146 4688 visceribus
1176 4635 1351 4688 adhuc
1380 4633 1641 4687 maternis
1674 4634 1758 4686 in-

186 4725 376 4794 clusus,
409 4729 665 4781 virtutem
711 4727 963 4797 Spiritus,
990 4726 1160 4795 gratia
1197 4725 1579 4793 prteveniente,
1622 4720 1756 4777 ‘cou-

187 4819 350 4887 cepit;
375 4829 431 4875 et
468 4820 935 4889 appropinquante
964 4817 1127 4871 totius
1156 4816 1390 4870 Auctore
1421 4816 1641 4879 ltctitite,
1671 4817 1759 4869 vix

188 4910 305 4963 dum
334 4907 550 4965 formati
582 4910 826 4979 corporis
874 4909 1089 4965 nutibus
1134 4906 1443 4961 exsultavit.
1494 4906 1596 4961 Alii
1652 4923 1758 4962 non

190 5002 592 5070 coinquinantes
639 5000 953 5055 vestimenta
1010 5014 1107 5055 sua
1159 4997 1396 5067 virgines
1449 5013 1761 5068 permanse-

194 5092 451 5157 runt;bic
501 5102 707 5155 autem,
747 5100 803 5143 ut
852 5106 1037 5147 omnes
1071 5091 1123 5143 in
1158 5103 1214 5141 se
1246 5090 1428 5143 carnis
1482 5089 1762 5144 illeceir'as

192 5182 256 5234 ab
303 5183 410 5253 ipsa
458 5181 700 5236 funditus
753 5180 926 5235 radice
964 5177 1306 5254 pra'cidcret,
1356 5190 1409 5232 et
1463 5194 1568 5233 non
1602 5178 1761 5232 modo

192 5273 425 5340 geni..-.lia
468 5273 731 5337 membra,
783 5270 872 5325 sed
907 5285 959 5329 et
1014 5284 1183 5326 aures
1234 5277 1287 5320 ct
1334 5271 1521 5324 oculos
1553 5268 1603 5321 in
1641 5283 1759 5322 ver-

1862 3079 1967 3135 que
1995 3064 2219 3117 rationis
2250 3063 2499 3117 humana}
2525 3065 2849 3133 superducta
2887 3060 3286 3133 conspectibns,
3326 3079 3456 3115 cuin

1863 3157 2022 3209 modo
2047 3152 2313 3218 Thronos,
2340 3153 2497 3208 modo
2517 3153 2812 3208 .Cherubim
2842 3150 3101 3207 insedisse
3122 3154 3350 3223 legatur.
3379 3153 3447 3205 Et

1863 3247 1989 3302 licet
2017 3248 2275 3302 assistant
2302 3246 2477 3316 angeli
2519 3247 2857 3316 Prazsidentis
2914 3247 3199 3316 imperiunm
3256 3262 3451 3315 exspu-

1865 3349 2095 3401 ctantes,
2148 3346 2203 3392 et
2255 3337 2707 3391 administratorii
2766 3337 2989 3405 Spiritus
3020 3339 3292 3407 assignata
3347 3337 3451 3391 sibi

1863 3449 1894 3484 n
1920 3432 2161 3486 inisteria
2203 3432 2539 3495 sortiantur;
2574 3429 2751 3484 nullus
2778 3438 2957 3484 tamen
3003 3443 3192 3484 eorum
3247 3429 3448 3500 ligandi

1862 3534 2025 3593 atque
2062 3522 2301 3578 solvendi
2334 3524 2575 3594 possidet
2623 3533 2962 3595 potestatem.
3014 3524 3179 3578 Adest
3234 3522 3453 3589 Petrus,

1862 3625 1914 3670 ct
1946 3616 2012 3669 ad
2038 3615 2154 3684 ejus
2202 3614 2483 3669 arbitrium
2533 3615 2680 3669 orbis
2738 3615 3064 3669 universitas
3117 3616 3362 3678 solvitur,
3394 3626 3450 3669 et

1863 3708 2087 3777 ligatur;
2114 3716 2167 3762 et
2198 3709 2449 3778 praecedit
2479 3706 2621 3763 Petri
2654 3710 2918 3763 sententia
2971 3711 3297 3764 sententiam
3350 3711 3452 3765 lle-

1861 3801 2177 3871 dcmptoris,
2200 3802 2444 3871 quianon
2472 3801 2613 3869 quo-.l
2641 3801 2912 3866 Christus,
2943 3800 3047 3855 hoc
3070 3802 3199 3871 ligat
3231 3800 3451 3867 Petrus,

1862 3892 1955 3945 sed
1978 3893 2119 3962 quod
2136 3891 2344 3957 Petrus,
2364 3894 2464 3947 hoc
2487 3893 2896 3965 ligatChristus.
2926 3894 3289 3966 Ipsoidipsum
3314 3905 3451 3949 atte-

1862 3995 2041 4043 stante
2084 4005 2095 4040 :
2133 4005 2151 4038 t
2189 3987 2575 4057 Quodcunque,
2606 3989 2799 4057 inquit,
2827 3988 3093 4059 ligaveris.
3126 4004 3290 4059 super
3350 3998 3453 4043 ter-

1866 4097 2001 4145 ram,
2054 4080 2158 4133 erit
2203 4079 2424 4149 ligatum
2476 4090 2531 4133 et
2576 4081 2807 4135 incmlis
2841 4080 3055 4152 (Matth.
3096 4084 3231 4153 χγι).
3268 4103 3287 4134 ι

1936 4170 1979 4225 Ο
2009 4186 2170 4241 quam
2213 4180 2402 4241 potens
2448 4171 2705 4239 dignitas,
2751 4188 2915 4240 quam
2975 4174 3135 4243 digna
3178 4171 3447 4242 potentia!

1792 4303 1837 4359 υ
1864 4263 2078 4319 Judicat
2105 4263 2316 4326 Petrus,
2349 4272 2401 4317 et
2437 4262 2583 4318 Petri
2607 4265 2809 4333 judicia
2858 4265 3147 4319 confirmat
3196 4264 3452 4336 Omnipo-

1872 4366 2012 4420 trns,
2035 4366 2186 4409 etest
2212 4357 2262 4409 in
2288 4372 2444 4409 mauu
2472 4355 2611 4409 Petri
2639 4372 2830 4411 manus
2855 4356 3116 4409 Altissimi
3146 4372 3161 4419 ;
3195 4356 3450 4427 solusque

1870 4449 1959 4502 ille
1997 4447 2229 4503 cﬂicitur
2254 4446 2536 4501 familiaris
2561 4447 2787 4513 Christi,
2819 4450 2910 4519 qui
2936 4448 3080 4502 Petri
3112 4447 3451 4502 familiarita-

1871 4548 1975 4594 tem
2009 4540 2277 4596 habuerit.
2325 4538 2461 4603 Quid
2494 4548 2577 4593 est
2632 4554 2763 4608 quo,
2813 4541 3123 4612 angelorum
3175 4550 3231 4595 et
3276 4541 3449 4595 homi-

1867 4648 1992 4685 num
2032 4631 2336 4701 agminibus
2361 4632 2783 4693 exelusis.solus
2811 4634 3003 4689 Petrus
3034 4633 3084 4687 in
3118 4633 3453 4688 consortium

1869 4727 2061 4780 divina:
2080 4724 2398 4795 majestatis,
2423 4734 2477 4780 et
2498 4744 2618 4781 cum
2637 4725 2869 4785 Domino
2892 4727 3459 4794 rcsidctprtesidentc?

1874 4818 2037 4874 Dulce
2091 4817 2443 4887 colloquium,
2500 4828 2682 4874 sancta
2741 4817 3121 4880 conversatio;
3176 4819 3465 4875 concitum

1870 4908 2106 4981 speciale
2157 4906 2301 4962 Petri
2333 4919 2386 4965 et
2415 4907 2535 4977 Dei,
2565 4909 2653 4965 ubi
2707 4920 3057 4972 secretorum
3106 4905 3473 4964 indifferentia

1870 5002 2155 5057 mortalem
2185 5002 2457 5059 hominem
2482 5004 2595 5060 Deo
2626 5005 2873 5070 copulat
2898 5012 2951 5059 et
2986 4994 3183 5053 couuit.
3205 4999 3332 5056 Non
3354 5017 3481 5068 ergo

1873 5095 2068 5147 mirum
2126 5090 2170 5143 si
2200 5092 2507 5147 ardentiore
2537 5093 2730 5147 alfcetu
2803 5093 2989 5165 dirigit
3015 5087 3351 5146 Salvatorem
3390 5089 3485 5141 Pe-

1872 5196 1985 5239 trus
2013 5181 2311 5251 apostolus,
2336 5199 2457 5236 cum
2492 5183 2807 5255 singularis
2879 5196 3032 5245 amor
3081 5178 3296 5235 refusus
3339 5180 3406 5233 sit
3435 5179 3488 5233 in

1867 5291 2015 5337 eum,
2052 5278 2109 5326 ut
2145 5283 2198 5326 ct
2224 5271 2573 5343 singulariter
2606 5275 2853 5351 diligat,
2884 5288 2942 5335 et
2973 5267 3278 5341 speCialhel‘
3307 5268 3495 5333 ἀὶιὶὶζτι·
