3946 5368
168 223 288 294 mi

1609 227 1844 286 δειωθ
1883 229 2096 288 XXVII.

3309 251 3414 306 650

171 351 378 408 Aﬁixus
427 353 596 419 cruel,
643 368 672 406 a
731 353 834 408 fide
889 347 1130 424 separari
1169 340 1278 408 non
1327 351 1523 422 potuit.
1579 349 1818 410 ωδε-Α
1844 347 1946 404 olei
1977 349 2240 420 liquorem
2269 351 2514 418 etfundit,
2543 355 2658 410 sine
2685 371 2796 424 quo
2833 371 2930 412 nec
2973 358 3138 428 regia,
3189 376 3290 418 nec
3329 379 3418 420 sa-

169 445 298 516 e'rgo
343 447 616 515 quomodo
645 455 756 501 tres
777 447 976 516 gradus
1007 445 1102 500 isti
1125 445 1282 500 trime
1310 443 1444 514 legis
1463 441 1754 498 dilectioni

171 539 517 592 conveniant.
553 537 738 608 Itaque
765 551 1010 592 amemus
1063 535 1316 602 dulciter,
1365 535 1640 606 sapienter
1687 544 1742 591 et

173 627 416 692 fortiter,
447 636 504 681 ut
534 629 602 682 ad
631 628 942 698 Magistrum
971 627 1116 684 Petri
1147 627 1536 682 intercessione
1563 641 1744 699 perve-

171 724 286 778 nire
319 722 624 788 valeamus,
659 725 748 794 qui
773 733 859 777 est
879 723 1196 779 benedictus
1225 724 1278 778 in
1305 723 1520 780 saecula.
1547 725 1739 780 Amen.

697 813 716 832 ⁴
749 813 982 869 SERMO
1007 813 1216 868 XXVII.

175 920 238 958 at;
261 919 490 960 SANC'I'IS
518 899 812 960 arusrous
845 919 1018 960 verno
1050 922 1118 960 ετ
1145 897 1333 961 ritum.
1363 904 1386 977 (
1401 921 1526 962 xxix
1579 923 1690 962 tua.
1725 907 1756 978 )’

238 996 516 1051 Hodierna
545 997 678 1062 dies,
705 997 1067 1062 dilectissimi,
1093 997 1238 1052 clara
1266 1009 1348 1053 est
1371 1007 1426 1053 et
1469 998 1744 1065 solemnis,

175 1086 598 1155 universumque
619 1079 928 1142 creaturam
961 1101 1059 1142 suo
1111 1086 1314 1142 lumine
1365 1087 1672 1143 sanctificat
1693 1097 1754 1144 et‘

175 1176 434 1233 infundit.
461 1177 576 1234 Non
605 1179 750 1234 enim
779 1189 864 1234 est
894 1179 1074 1249 ignota
1103 1179 1390 1246 festivitas,
1419 1181 1502 1236 vel
1524 1179 1748 1250 alicujus

173 1267 526 1324 obscuritatis
575 1269 810 1325 tenebris
857 1270 1140 1337 oii'uscata,
1189 1271 1281 1326 sed
1328 1272 1396 1326 ab
1449 1283 1570 1326 ortu
1619 1271 1748 1326 s‘olis

174 1351 346 1428 usque
372 1361 440 1414 ad
467 1375 718 1417 occasum
745 1363 838 1417 toti
869 1363 1085 1432 cognita
1133 1363 1350 1428 mundo,
1397 1363 1526 1432 ipsis
1582 1364 1748 1418 etiam

179 1450 332 1506 caelis
363 1451 512 1506 clara
544 1453 662 1507 luce
689 1453 958 1507 relucens.
1015 1453 1130 1507 Duo
1175 1453 1320 1507 enim
1378 1453 1756 1524 apostolorum"

175 1535 472 1610 principes,
527 1541 782 1596 Ecclesia:
833 1541 1140 1608 luminaria,
1203 1549 1472 1614 martyres
1527 1545 1756 1607 summi,-

179 1632 310 1703 legis
333 1632 606 1698 doctores,
637 1633 796 1688 amici
821 1635 1032 1702 sponsi,
1053 1633 1194 1688 oculi
1224 1648 1454 1703 sponsae,
1503 1642 1748 1703 pastores

176 1725 372 1794 gregis,
401 1725 586 1779 mundi
615 1727 888 1789 custodes,
925 1725 1184 1779 hodierna
1214 1724 1301 1778 die
1327 1723 1562 1780 coelestia
1585 1737 1751 1794 regna

177 1807 316 1871 felici
347 1817 612 1887 martyrio
657 1817 1118 1882 conscenderunt;
1147 1815 1282 1872 alter
1305 1817 1556 1886 princeps
1601 1816 1752 1887 regni

181 1904 464 1971 crelorum,
501 1907 656 1977 137
683 1907 822 1962 alter
856 1911 1039 1977 raptus
1066 1909 1132 1962 ad
1163 1909 1380 1963 tertium
1417 1907 1642 1974 caelum;
1675 1909 1752 1962 al-

181 1991 260 2050 ter
283 1997 486 2054 inda-is
517 1999 788 2068 praelatus,
820 1999 954 2054 alter
1005 2001 1254 2069 gentibus
1302 2001 1459 2056 datus
1491 2017 1506 2066 ;
1539 2001 1591 2055 in
1644 1995 1754 2054 vita

183 2092 332 2157 socii,
363 2091 645 2149 consortes
673 2095 722 2148 in
752 2104 944 2159 morte,
977 2095 1028 2146 in
1057 2107 1258 2148 corona
1297 2107 1474 2164 pares,
1522 2093 1755 2163 aequales

179 2181 232 2237 in
253 2181 456 2252 gloria;
476 2183 689 2253 judices
715 2184 884 2248 orbis,
917 2183 1126 2238 Domini
1156 2183 1518 2239 confessores.

195 2335 200 2344 z
241 2271 580 2327 Admiranda
629 2289 851 2344 prorsus
897 2273 1180 2344 dispositio
1235 2273 1643 2344 Redemptoris,
1703 2283 1758 2329 et

172 2341 372 2430 judicia
419 2361 514 2416 Dei
544 2341 770 2432 abissus
811 2341 1182 2430 multaiPsal.
1241 2341 1582 2435 xxxv),_cum
1635 2363 1755 2420 illos

180 2443 432 2506 Ecclesia:
484 2467 594 2507 sure
641 2453 901 2522 praefecit,
955 2455 1048 2525 qui
1098 2455 1177 2511 sic
1219 2456 1576 2510 criminaliter
1619 2456 1753 2526 lapsi

181 2552 326 2608 sunt,
357 2558 420 2598 ut
449 2545 500 2598 in
543 2555 887 2614 peccatorum
915 2545 1110 2602 lluctus
1144 2545 1585 2602 absorberentur.
1621 2547 1756 2602 Cum

182 2633 396 2688 intueor
437 2633 683 2700 Petrum,
753 2649 912 2706 quem
958 2638 1075 2706 ipsa
1130 2651 1322 2692 manus
1363 2633 1758 2707 Omnipotcnt'is

182 2725 328 2798 regni
364 2725 603 2781 Caelestis
627 2726 896 2782 .cla‘vibus‘
931 2728 1169 2793 investit,
1220 2727 1306 2783 eui
1347 2727 1510 2782 Pater
1556 2727 1758 2784 reveiat

183 2809 300 2869 Filii
351 2815 721 2884 maiestatem,
773 2833 936 2889 super
985 2833 1145 2888 quem
1193 2815 1446 2872 fu'ndat'ur
1489 2817 1755 2883 Ecclesia.

182 2905 267 2959 cui
330 2913 570 2973 potestas
619 2907 818 2978 ligandi
855 2917 908 2963 et
929 2907 1166 2964 solvendi
1192 2907 1506 2964 Conceditur
1537 2907 1752 2979 (Matth.

183 2995 318 3064 xvt),
349 2997 440 3065 qui
492 2995 905 3053 coelos‘claudit
964 3008 1019 3053 et
1063 3001 1254 3069 aperit,
1305 3001 1448 3070 quod
1475 3001 1754 3056 cherubim

185 3091 238 3139 et
305 3087 578 3156 seraphin]
649 3089 846 3144 habere
919 3095 1025 3144 non
1101 3089 1342 3161 legitur,
1407 3091 1758 3147 vehementer

185 3174 439 3230 admiror.
492 3176 702 3232 Rursus
751 3193 872 3234 cum
939 3177 1156 3234 reﬂecte
1204 3179 1428 3246 oculos,
1492 3190 1548 3236 et
1603 3195 1756 3236 eum-

187 3266 306 3320 dem
384 3269 605 3322 Petrum
661 3270 817 3324 video
890 3286 918 3326 a
971 3271 1125 3342 longe
1191 3273 1338 3342 sequi
1402 3272 1755 3337 Salvatorem,

185 3365 238 3410 et
259 3357 326 3412 ad
351 3359 509 3412 unius‘
531 3358 742 3413 ancilla:
763 3373 947 3414 vocem
975 3361 1253 3428 detestari,
1297 3371 1352 3416 et
1368 3359 1554 3430 jurare
1591 3383 1609 3415 ι
1632 3364 1758 3434 quia

185 3463 288 3502 non
319 3450 442 3503 novi
469 3451 761 3518 hominem,
777 3471 794 3502 ι
815 3453 1114 3524 ipsumque,
1139 3469 1296 3523 quem
1313 3455 1402 3508 Dei
1419 3455 1610 3510 Filium
1631 3472 1762 3512 con-i

189 3535 362 3594 fessus
383 3538 578 3604 fuerat,
621 3542 828 3610 trepida
867 3543 1180 3613 fugitationc
1215 3543 1516 3613 relinquere
1544 3543 1764 3616 (Matt/tr

185 3626 484 3694 xxvt,Luc.
511 3629 670 3699 xxii),
707 3631 900 3685 timore
931 3633 1235 3696 concutior,
1275 3633 1458 3688 dicens
1499 3649 1711 3689 mecum
1741 3653 1754 3688 :

191 3727 214 3767 ‹
243 3716 374 3783 Quis
405 3719 657 3788 cognovit
693 3735 912 3775 sensum
951 3721 1198 3776 Domini?
1227 3740 1246 3772 ›
1291 3722 1469 3793 (liam.
1499 3723 1612 3792 χι.)
1627 3724 1760 3778 Cum

189 3813 418 3883 respicio
443 3813 669 3867 Paulum
711 3815 918 3884 spirare
949 3815 1124 3869 minus
1169 3825 1224 3871 et
1251 3816 1423 3871 caedes
1453 3817 1504 3871 in
1529 3817 1762 3886 discipu-

188 3903 264 3957 los
309 3904 546 3970 Domini,
599 3906 810 3960 vinctos
859 3905 1078 3971 ducere,
1109 3907 1366 3962 damnare
1416 3910 1578 3963 morti
1623 3909 1758 3980 (Act.

189 3995 287 4066 rs),
327 4005 382 4051 et
421 3997 473 4050 in
527 4009 732 4067 corpus
765 3997 1022 4053 Ecclesia:
1055 4006 1165 4052 tota
1205 3998 1624 4054 debacchatione
1664 4015 1764 4055 ste-

181 4087 326 4152 vire,
373 4087 515 4140 intra
547 4087 923 4158 memetip3um
948 4097 1248 4153 contremo,
1285 4087 1471 4143 dicens
1496 4107 1508 4141 :
1537 4109 1554 4140 ‹
1583 4089 1764 4144 Nescit

185 4178 351 4231 homo
379 4185 560 4232 utrum
605 4191 789 4233 amore
815 4193 882 4232 an
909 4178 1034 4234 odio
1063 4178 1253 4248 dignus
1278 4179 1349 4234 sit
1379 4177 1576 4250 (Eccle.
1615 4179 1712 4250 ιι).
1741 4199 1760 4232 ι

185 4265 322 4322 Cum
354 4267 588 4338 respicio
630 4269 896 4338 desuper,
925 4275 981 4324 et
1009 4268 1168 4322 video
1205 4279 1300 4322 vas
1339 4268 1619 4324 electionis
1641 4285 1760 4340 por-

187 4365 304 4411 tare
341 4371 542 4412 nomen
586 4355 788 4412 Christi
819 4372 1000 4412 coram
1031 4359 1312 4427 gentibus,
1342 4367 1396 4413 et
1425 4359 1661 4429 regibus,
1709 4369 1765 4414 et.

187 4447 316 4503 ﬁliis
339 4447 504 4502 Israel
524 4487 539 4513 ,
565 4449 630 4502 ad
651 4449 790 4503 tertii
813 4449 934 4504 caeli
966 4459 1173 4503 secreta
1219 4451 1446 4519 raptari,
1479 4458 1534 4505 et
1574 4451 1764 4506 audire

167 4529 390 4594 arcana
411 4540 600 4606 verba,
639 4555 758 4609 quae
805 4557 910 4595 non
937 4541 1062 4596 licet
1091 4541 1289 4597 homini
1335 4542 1480 4613 loqui
1525 4543 1610 4613 (11
1637 4542 1760 4598 Cor.

183 4639 263 4698 ξι,
293 4633 434 4704 xu),
483 4646 540 4691 et
580 4636 633 4689 in
659 4635 802 4690 illam
835 4637 1004 4706 ipsam
1029 4627 1346 4691 Trinitatem
1384 4637 1567 4692 oculos
1599 4639 1764 4708 figere

185 4724 474 4792 clariores,
503 4727 715 4796 gaudeo
759 4727 944 4782 dicens
980 4746 993 4782 :
1033 4746 1051 4778 ε
1085 4727 1184 4782 llic
1227 4737 1310 4784 est
1361 4729 1461 4793 vir,
1519 4729 1610 4797 qui
1655 4745 1760 4792 non

187 4825 272 4872 est
295 4817 587 4874 derelictus
619 4835 649 4873 a
679 4819 904 4875 Domino
927 4819 1082 4890 (ευρ.
1115 4819 1188 4888 x).
1214 4839 1231 4870 ι

255 4906 399 4973 Quid
423 4915 506 4970 est
533 4908 676 4976 quod
702 4909 779 4963 sic
803 4909 1076 4973 labuntur,
1111 4910 1198 4978 qui
1247 4907 1614 4978 praeficiuntur
1661 4911 1765 4966 Ec-

185 4998 402 5052 clesiae?
445 4996 721 5067 Sapientia
771 4999 1012 5054 suaviter
1059 5001 1348 5070 disponens
1394 5000 1592 5066 omnia,
1652 5003 1767 5056 huic

187 5089 312 5144 ideo
342 5089 496 5153 fecit,
527 5100 585 5143 ut
607 5091 662 5144 in
699 5092 890 5162 seipsis
919 5093 1157 5160 prmdicti
1189 5087 1468 5162 principes
1495 5092 1768 5153 discerent

187 5181 429 5236 uitaliter
458 5181 578 5235 aliis
608 5182 851 5236 misereri
879 5183 1147 5236 deberent.

1847 440 2130 496 cerdotalis
2159 453 2372 498 constat
2413 448 2730 502 auctoritas.
2755 447 2946 504 Oleum
2977 460 3158 508 autem
3181 463 3416 522 quatuor

1847 529 2048 586 habet:
2091 543 2406 602 supernatat
2451 537 2702 592 omnibus
2747 537 3072 606 liquoribus,
3125 543 3416 612 illuminat,

1847 620 2022 687 pascit
2065 633 2122 676 et
2167 623 2338 694 ungit.
2401 625 2714 696 Cuicunque
2771 631 2912 684 enim
2999 631 3194 700 liquori
3241 635 3418 692 oleum

1847 723 2198 780 superponas,
2227 714 2412 768 statim
2441 717 2542 770 sibi
2573 720 2870 788 superioris
2899 721 3002 776 loci
3046 725 3286 780 vindicat
3323 743 3420 798 po-

1847 807 2128 867 testatem;
2163 803 2237 856 ita
2261 815 2316 858 et
2355 806 2726 862 misericordia
2757 809 2846 866 Dei
2871 813 3122 868 omnibus
3143 815 3259 886 ejus
3289 833 3422 887 ope-

1847 888 2624 960 ribus‘prtefertur,Psalmista
2649 907 2898 966 testante,
2923 903 3013 970 qui
3039 905 3170 960 dicit
3191 925 3204 962 :
3227 925 3246 957 t
3267 907 3424 964 Mise-

1848 980 2087 1036 rationes
2103 981 2222 1052 ejus
2241 1000 2408 1054 super.
2423 989 2604 1042 omnia
2629 1005 2791 1058 opera
2824 993 2942 1061 ejus
2965 993 3136 1063 (Paul.
3161 997 3364 1066 currv).
3401 1017 3421 1050 ι

1848 1069 2161 1140 Miserator,
2203 1085 2258 1130 et
2283 1077 2623 1144 misericors,
2675 1083 2916 1149 patiens,
2966 1087 3110 1142 mitis
3157 1090 3340 1154 corde,
3372 1101 3428 1146 et

1848 1164 2029 1218 suavis
2067 1165 2354 1232 universis,
2379 1168 2638 1225 Dominus
2665 1175 2989 1241 praedicatur
3013 1177 3190 1247 (Paul.
3219 1196 3422 1244 Lxxxv,

1848 1255 2024 1325 cxtv).
2059 1255 2155 1312 Est
2185 1267 2364 1314 autem
2393 1270 2450 1314 et
2474 1261 2652 1330 justus
2677 1261 2856 1334 (Ρεαι.
2893 1269 2980 1336 x),
3015 1271 3109 1324 sed
3147 1287 3424 1342 nunquam

1851 1345 2266 1416 multumjustus’
2279 1349 2476 1420 legitur
2499 1355 2550 1406 in
2576 1353 2856 1424 Scriptura
2873 1397 2888 1422 ,
2914 1359 3054 1414 sicut
3081 1361 3302 1416 multum
3329 1367 3430 1420 mi—

1851 1437 2102 1492 sericors.
2123 1437 2214 1494 Vis
2234 1441 2419 1496 videre
2431 1445 2698 1512 quomodo
2711 1446 2958 1516 discipuli
2995 1461 3296 1519 sequuntur
3317 1455 3426 1508 Do-

1850 1525 2056 1581 minutn
2083 1539 2138 1583 et
2167 1528 2480 1600 Magistrum
2505 1535 2702 1588 suum?
2730 1537 2921 1606 Aspice
2941 1552 3176 1610 quantus
3209 1546 3430 1612 pietatis

1851 1617 2077 1676 affectus
2091 1622 2451 1690 apostolorum
2475 1627 2704 1696 principi
2735 1645 2794 1684 se
2815 1629 3029 1696 infudit,
3055 1636 3272 1702 quando
3319 1639 3430 1692 cir-

1785 1697 1826 1754 Β
1853 1719 2241 1768 cumsteterunt
2271 1712 2422 1768 illum
2449 1731 2640 1772 omnes
2665 1719 2860 1784 viduae,
2914 1697 3104 1778 flentes
3137 1733 3192 1780 et
3241 1737 3428 1782 osten-

1854 1799 2041 1854 dentes
2067 1803 2280 1860 tunicas
2305 1815 2358 1860 et
2407 1817 2604 1872 vestes,
2634 1825 2768 1879 quas
2793 1811 3028 1868 faciebat
3073 1815 3176 1870 illis
3227 1817 3430 1876 Dorcas

1855 1893 2006 1963 (Act;
2039 1897 2138 1966 Ix).
2165 1899 2546 1956 Circumdatur
2575 1905 2920 1962 multitudine
2957 1925 3254 1980 pauperum
3297 1929 3430 1982 apo—

1855 1987 2112 2044 stolorum
2169 1992 2448 2064 princeps,
2473 1995 2528 2050 et
2557 1998 2784 2052 vocibus
2823 2000 3144 2071 lacrymosis
3189 2009 3433 2062 concuti-

1857 2085 1946 2131 tur
2007 2079 2290 2136 viduarum
2323 2123 2338 2148 ,
2395 2086 2859 2158 apostolicumque
2921 2101 3109 2160 pectus
3178 2095 3433 2166 irrumpit

1854 2165 2154 2225 clementiae
2199 2173 2506 2229 multitudo.
2551 2177 2686 2232 Orat
2722 2180 3008 2250 Apostolus
3055 2195 3178 2240 ante
3225 2165 3432 2242 vultum

1855 2256 2060 2327 gloriae,
2111 2275 2294 2318 coram
2375 2265 2604 2322 Domino
2673 2271 3012 2341 majestatis;
3079 2280 3435 2334 resuscitatur

1855 2347 2080 2415 mulier,
2127 2361 2184 2406 et
2237 2353 2452 2410 miseris
2501 2358 2748 2414 redditur
2799 2362 3188 2421 misericordiae
3254 2371 3436 2438 propi-

1857 2439 2056 2494 natrix.
2091 2441 2218 2498 Haec
2246 2445 2620 2502 misericordia
2669 2449 2798 2506 facit
2825 2452 3041 2509 Petrum
3079 2459 3146 2514 ab
3176 2458 3435 2516 Hierusa-

1856 2527 1962 2583 lem
2023 2531 2076 2586 in
2132 2531 2474 2590 Antiochiae:
2519 2553 2738 2596 currere
2777 2543 2915 2612 (Act.
2963 2545 3018 2614 κ)
3051 2587 3065 2611 ,
3121 2549 3190 2602 ab
3239 2550 3428 2604 Antio-

1855 2620 1974 2674 chia
2007 2623 2168 2692 138
2197 2625 2381 2680 venire
2421 2627 2672 2694 Romam,
2709 2634 3003 2701 praedicare
3053 2638 3273 2692 verbum
3305 2639 3429 2705 Dei,

1855 2713 2144 2776 subvenire
2191 2719 2599 2787 peccatoribus,
2647 2725 2886 2792 peccatis
2939 2739 3192 2797 parcere,
3223 2731 3436 2787 miseri~

1857 2803 2096 2859 cordiam
2121 2809 2528 2878 superexaltare
2543 2810 2770 2880 judicio.

1925 2891 2122 2965 Aspice
2175 2906 2230 2954 et
2273 2897 2524 2967 Paulum,
2573 2913 2628 2958 et
2685 2906 2922 2976 intellige
2969 2923 3131 2978 quam
3179 2911 3438 2970 dulcioris

1859 2983 2244 3044 misericordia:
2287 2993 2562 3048 cumulata
2612 2995 2936 3066 benignitas,
2985 3009 3154 3056 totam
3212 3005 3436 3073 apostoli

1859 3085 2095 3134 mentem
2119 3095 2250 3136 vera
2282 3085 2660 3153 compassione
2698 3091 3073 3146 succenderat.
3135 3111 3161 3144 «-
3191 3095 3323 3161 Quis
3353 3097 3436 3151 in-

1861 3169 2129 3239 firmatur,
2163 3174 2359 3243 inquit,
2407 3185 2462 3231 et
2505 3193 2606 3249 ego
2645 3195 2752 3234 non
2801 3181 3082 3240 inﬁrmor?
3119 3185 3308 3254 Doleo,
3359 3190 3443 3244 in-

1859 3263 1992 3330 quit,
2019 3271 2087 3318 et
2114 3263 2270 3335 lugeo
2314 3281 2476 3336 super
2529 3285 2621 3324 eos
2665 3272 2757 3339 qui
2801 3285 3184 3343 peccaverunt,
3231 3286 3288 3332 et
3329 3289 3438 3334 non

1859 3361 2088 3422 egerunt
2127 3357 2504 3424 paenitentiam
2549 3359 2634 3428 (II
2675 3361 2796 3416 Cor.
2837 3365 2970 3435 xt).o'
3019 3367 3185 3422 Beata
3235 3370 3438 3438 anima,

1862 3455 1982 3511 quae
2015 3445 2256 3500 omnium
2286 3448 2545 3504 miserias
2575 3465 2699 3506 suas
2725 3451 2948 3521 fecerat,
2981 3463 3041 3510 ut
3064 3472 3250 3514 omnes
3279 3459 3440 3516 lucri-

1861 3531 2086 3590 faceret.
2116 3534 2229 3591 Hoc
2258 3536 2454 3594 aﬂ'ectu
2485 3541 2702 3608 navigat
2733 3557 2900 3608 mare,
2941 3547 3112 3600 currit
3151 3548 3206 3602 in
3249 3549 3446 3603 Hieru-

1865 3621 2056 3688 salem,
2089 3623 2379 3694 lapidatur,
2414 3631 2754 3696 verberatur,
2783 3629 3066 3702 afﬂigitur;
3101 3636 3224 3690 inde
3271 3639 3442 3692 currit

1863 3713 1928 3766 ad
1953 3713 2234 3782 Ephesios,
2261 3716 2572 3773 Corinthios
2612 3722 2824 3790 qurerit,
2853 3725 3048 3778 circuit
3071 3725 3438 3794 Colossenses,

1865 3804 2232 3875 Philippenses
2256 3808 2463 3876 visitat,
2495 3811 2786 3866 revertitur
2813 3815 2878 3868 ad
2905 3814 3202 3884 Romanos,
3230 3819 3444 3874 miseri-

1863 3898 2103 3952 cordiam
2149 3901 2374 3971 spargit,
2402 3901 2601 3972 ubique
2641 3903 2890 3960 diffundit
2927 3907 3212 3976 pietatem,
3251 3920 3439 3968 etcoe—

1863 3989 2076 4046 lestium
2137 3994 2367 4048 seminat
2407 3995 2616 4050 semina
2660 3997 2996 4067 gaudiorum.
3051 4001 3243 4057 Cernis
3287 4019 3436 4074 ergo,

1863 4085 1989 4154 quia
2017 4085 2158 4140 sicut
2185 4087 2362 4143 oleum
2390 4089 2640 4144 omnibus
2690 4090 2998 4159 liquoribus
3039 4095 3344 4162 antecellit;
3383 4110 3440 4152 et

1865 4176 1942 4232 sic
1997 4178 2287 4248 apostolica
2338 4181 2510 4250 pietas
2567 4183 2814 4238 onmibus
2885 4200 3074 4240 eorum
3142 4187 3435 4245 virtutibus

1866 4263 2184 4322 antefertur.
3165 4288 3168 4290 ⁷

1935 4356 2204 4414 Illuminat
2251 4361 2450 4428 oleum,
2503 4363 2808 4418 illuminant
2843 4361 2908 4419 et
2959 4367 3204 4436 apostoli.
3247 4369 3444 4426 Recole

1867 4448 2036 4504 Actus
2083 4452 2486 4520 apostolorum,
2529 4463 2582 4508 et
2629 4456 2750 4508 vide
2795 4465 2992 4523 quanta
3042 4457 3160 4514 luco
3210 4459 3444 4530 fulgurat

1869 4541 2144 4610 apostolus
2175 4542 2382 4597 Petrus.
2433 4562 2452 4593 ι
2488 4544 2543 4598 lu
2587 4545 2800 4612 plateis,
2833 4547 2910 4598 ait
2939 4547 3238 4616 Scriptura,
3269 4565 3445 4618 pone-

1869 4629 2066 4684 bantur
2089 4629 2288 4684 inﬁrmi
2321 4631 2373 4684 in
2403 4632 2616 4686 lectulis
2647 4643 2726 4698 ut,
2757 4635 3006 4691 veniente
3027 4637 3206 4702 Petro,
3253 4641 3452 4702 saltem

1869 4720 2060 4776 umbra
2109 4718 2256 4774 illius
2305 4720 2654 4776 obumbraret
2724 4739 3052 4792 quemquam
3109 4727 3347 4799 illorum,
3405 4752 3463 4798 ρι

1871 4809 2232 4867 liberarentur
2259 4813 2326 4866 ab
2356 4811 2760 4868 inﬁrmitatibus
2789 4815 2898 4869 suis
2925 4815 3064 4884 (Act.
3095 4818 3170 4886 v).
3205 4837 3222 4870 ι
3254 4820 3476 4895 Oleum

1871 4901 2140 4957 inﬁnitum
2172 4901 2492 4957 admirabile
2535 4902 2738 4969 lumen,
2759 4913 2814 4958 ct
2843 4907 2992 4959 omni
3021 4908 3134 4964 sole
3191 4907 3492 4995 lucidius,

1872 4997 1940 5052 ad
1975 4995 2219 5052 umbram
2274 4996 2556 5065 apostolici
2606 4997 2850 5066 corporis
2908 4995 3203 5073 languores
3247 5001 3518 5092 fuge‘e.

1873 5091 2150 5150 discedere
2177 5091 2544 5156 infirmitates,
2575 5101 2626 5146 et
2655 5105 2874 5190 otiincm
2899 5098 3219 5152 morborum
3253 5096 3547 5190 insta“,

1873 5185 2006 5236 tiam
2061 5181 2304 5236 inaudita
2351 5181 2634 5236 velocitate
2688 5180 2888 5236 iuuari.
2949 5185 3037 5236 An
3094 5199 3199 5236 non
3243 5180 3548 5236 αωίῗ..
