3946 5368
455 220 551 276 651

1027 218 1085 275 8.
1125 216 1326 274 PETRI
1365 215 1646 271 DAMIANI
1683 213 1833 270 OPP.
1877 213 2012 270 PAR

2128 216 2224 274 lEU
2262 220 2496 280 'I‘OMUS
2531 225 2702 296 ιι.;-
2742 225 3131 287 εειιΜοΝῑε.

3625 235 3722 290 65!

446 332 536 401 jus
559 335 663 390 loci
697 334 859 389 totius
887 333 1034 389 orbis
1063 331 1370 387 illuminare
1390 329 1676 384 circuitum
1707 327 1876 420 (Rom.
1907 325 2021 420 sv).
2051 328 2099 388 Α
2133 347 2161 420 «ί
2179 330 2268 387 Isti
2299 343 2424 389 sunt
2442 337 2560 391 dua:
2581 337 2735 393 oliva:
2763 339 2944 410 (Apoc.
2969 341 3078 411 x1);
3105 361 3125 394 1
3155 342 3281 400 alibi
3301 344 3514 416 planius
3529 351 3722 420 aperit,

450 428 632 483 Currit
656 425 877 490 Paulus,
898 434 951 480 et
975 423 1184 494 potenti
1206 423 1407 477 virtute
1427 434 1738 476 sermonum
1763 417 2027 472 illuminat

447 533 568 589 quae
591 519 643 573 i'n
673 517 913 571 tenebris
937 524 1090 581 sunt;
1123 514 1301 570 clarus
1329 525 1602 575 sermone,
1623 524 1786 580 opere
1805 507 2024 573 clarior,

447 605 834 664 miraculorum
886 603 1266 661 coruscatione
1313 600 1670 656 clarissimus.
1731 616 1750 649 1
1781 597 2026 662 Habete,

447 697 916 768 inq11it,.Iormam
964 704 1242 760 nostram-,
1295 702 1350 748 et
1403 691 1665 747 attendite
1717 705 1824 745 non
1855 689 2026 745 solum

446 804 568 858 qua
595 787 846 854 audistis,
880 786 972 840 sed
1009 794 1062 839 et
1092 800 1212 854 quae
1237 783 1446 838 vidistis
1477 783 1528 836 in
1561 797 1646 836 me
1676 779 1841 849 (Phil.
1882 781 2020 848 111).1

450 879 636 935 Bonus
665 887 721 933 et
749 877 1021 947 perfectus
1051 876 1327 946 magister,
1361 873 1452 941 qui
1479 871 1639 926 ﬁdem
1685 870 1817 924 facit
1845 870 2028 924 verbis

445 985 610 1040 opere
640 969 861 1024 meliore
889 966 1051 1038 (111)
1095 967 1146 1020 in
1177 966 1333 1036 hujus
1370 964 1505 1018 lucis
1545 962 1844 1017 clarissima
1880 975 2027 1015 sere-

445 1061 616 1115 nitate
667 1058 940 1113 illuxerint
959 1056 1363 1112 coruscationes
1388 1063 1511 1118 tum,
1535 1053 1696 1116 Deus,
1722 1051 1837 1105 orbi
1866 1057 2026 1105 terrm

448 1147 623 1218 (Psal.
663 1147 871 1218 1.xxv1).
905 1147 1183 1201 Commota
1214 1153 1319 1209 est,
1345 1153 1400 1197 et
1423 1142 1755 1198 contremuit
1785 1152 1928 1195 terra
1960 1140 2026 1195 ad

442 1258 632 1298 vocem
660 1241 1048 1312 apostolorum,
1075 1253 1197 1292 cum
1244 1237 1297 1291 in
1342 1250 1556 1291 omnem
1600 1242 1805 1289 terram
1860 1247 2026 1288 sonus

445 1348 638 1389 eorum
670 1335 841 1388 exivit
870 1333 1042 1404 (Psal.
1070 1332 1252 1406 xvm).

503 1425 701 1482 Oleum
731 1427 923 1496 pascit,
955 1435 1180 1496 pascunt
1201 1435 1254 1481 et
1283 1425 1529 1496 apostoli.
1571 1423 1823 1495 Epistolre
1855 1423 2021 1490 Petri,

445 1527 499 1573 et
529 1517 776 1572 sublimis
811 1517 898 1570 illa
939 1532 1248 1572 sermonum
1303 1517 1569 1581 doctrina,
1621 1516 1863 1586 nunquid
1914 1531 2020 1569 non

443 1610 765 1664 mirabiliter
795 1609 968 1678 pascit
994 1607 1289 1662 Ecclesiam
1315 1607 1447 1662 Dei?
1490 1607 1628 1661 Audi
1661 1607 1788 1677 quid
1835 1605 2022 1660 Salva-

2134 419 2321 478 dicens
2371 442 2384 476 :
2457 442 2475 476 1
2513 425 2576 480 Hi
2608 435 2734 481 sunt
2785 429 2890 483 viri
2917 431 3300 493 misericordiae
3325 434 3486 506 (Isai.
3513 440 3664 508 Lvn).
3698 459 3717 490 1

2206 511 2369 584 Sequi
2381 524 2494 569 tur:
2517 516 2582 570 Et
2594 517 2698 571 duo
2713 519 3028 574 candelabra
3043 520 3268 578 lucentia
3281 535 3403 580 ante
3417 527 3719 584 Dominum.

2135 602 2525 661 Candelabrum
2565 609 2736 664 tribus
2762 610 2988 678 pedibus
3027 612 3294 679 innititur,
3333 627 3389 671 et
3418 618 3474 672 in
3531 617 3722 677 altiora

2135 709 2486 766 consurgens,
2538 713 2754 752 cereum
2797 711 3161 770 superportat,
3206 707 3373 774 utqui
3405 707 3721 775 ingrediun-

2131 790 2221 837 tur
2260 785 2440 839 lumen
2485 788 2866 859 videant(Luc.
2897 791 3019 858 x1);
3070 792 3142 846 ita
3180 803 3236 847 et
3276 796 3508 864 apostoli
3550 798 3720 853 tribus

2127 872 2421 930 virtutibus
2491 877 2824 943 innitentes,
2901 882 3257 949 operatione,
3307 886 3716 954 praedicatione,

2132 965 2523 1021 miraculorum
2570 969 2970 1037 coruscatione,
2998 971 3177 1027 lumen
3207 989 3394 1030 verum
3425 975 3716 1032 Dominum

2128 1053 2313 1112 Jesum
2344 1057 2619 1114 Christum
2652 1061 3083 1132 ingredientibus
3112 1067 3180 1120 ad
3219 1068 3378 1124 fidem
3410 1079 3527 1126 tota
3560 1073 3719 1128 clari-

2131 1156 2242 1204 tate
2306 1161 2702 1209 monstrarunt.
2777 1155 2846 1210 Et
2915 1160 3322 1227 attendendum,
3377 1164 3526 1234 quod
3567 1166 3715 1233 dicit,

2134 1257 2154 1290 1
2183 1249 2308 1295 ante
2338 1241 2678 1297 D0111inum.1
2722 1243 3029 1316 llypocri-ta:
3055 1249 3199 1305 enim
3225 1251 3428 1317 lucent,
3462 1270 3572 1310 non
3594 1266 3718 1312 ante

2126 1329 2434 1398 Dominum,
2501 1334 2597 1388 sed
2663 1343 2791 1389 ante
2848 1339 3146 1406 mundum;
3207 1351 3268 1396 ut
3310 1344 3604 1400 videantur
3647 1347 3716 1403 ab
3786 1340 3792 1355 ’

2127 1420 2453 1476 hominibus.
2489 1422 2731 1492 A-postoli
2780 1440 2910 1482 vero
2940 1427 3192 1485 luxerunt
3239 1441 3370 1487 ante
3399 1433 3710 1498 Dominum,

2127 1511 2219 1565 sed
2269 1527 2374 1566 non
2429 1521 2553 1568 ante
2584 1515 2875 1594 mundum;
2924 1519 3051 1588 quia
3105 1520 3339 1578 ludibria
3382 1533 3437 1579 et
3483 1529 3713 1582 verbera

2124 1605 2350 1672 experti,
2397 1605 2593 1659 divinae
2633 1607 2900 1677 majestati
2952 1611 3288 1670 solummodo
3337 1616 3558 1685 placere
3601 1628 3715 1674 stu.

440 1709 527 1757 tor
553 1701 618 1756 de
641 1703 742 1756 hac
771 1701 883 1771 ipsa
909 1701 1152 1771 pastione
1165 1700 1310 1754 dicat
1332 1700 1379 1754 ei
1407 1717 1419 1752 :
1456 1718 1474 1750 1
1499 1699 1687 1764 Pasce,
1717 1699 1891 1768 inquit
1922 1708 2028 1752 ter-
2060 1689 2102 1748 Β
2130 1693 2383 1749 duerunt.
2425 1695 2578 1761 Quod
2622 1697 2722 1766 ipsi
2767 1698 2876 1753 sint
2906 1701 3025 1755 duae
3054 1702 3231 1768 olivte,
3260 1716 3315 1760 et
3354 1708 3460 1762 duo
3514 1711 3716 1765 cande-

439 1794 540 1858 tio,
599 1809 727 1848 oves
774 1807 922 1848 meas
965 1791 1146 1863 (Joan.
1197 1791 1335 1862 χχι).
1369 1811 1388 1844 ›
1425 1791 1592 1846 Pasce
1638 1791 1825 1856 verbo,
1860 1805 2024 1860 pasce

438 1886 708 1956 exemplo,
769 1900 930 1955 pasce
983 1883 1247 1938 oratione.
1301 1882 1470 1938 Pasce
1511 1883 1694 1947 verbo,
1727 1890 1787 1935 ut
1832 1890 2023 1952 potens

435 1976 514 2031 sis
541 1975 817 2031 exhortari
844 1977 898 2028 in
926 1974 1170 2030 doctrina
1207 1988 1363 2037 sana,
1409 1970 1464 2027 et
1507 1988 1623 2038 eos,
1660 1972 1749 2041 qui
1800 1979 2019 2026 contra-

442 2067 632 2122 dicunt
654 2108 670 2132 ,
715 2081 976 2136 arguere;
1015 2080 1176 2135 pasce
1202 2065 1471 2135 exemplo,
1500 2073 1556 2118 ut
1584 2064 1726 2135 quod
1757 2065 2022 2135 praedicas

441 2174 598 2225 voce,
647 2173 810 2228 Opere
861 2157 1177 2227 compleas;
1217 2172 1377 2227 pasce
1407 2157 1672 2222 oratione,
1704 2167 1764 2211 ut
1794 2173 1890 2226 pro
1913 2157 2019 2211 illis

434 2248 768 2313 intercedas,
813 2263 1039 2318 quorum
1067 2248 1247 2302 anima
1299 2248 1395 2302 tibi
1443 2249 1730 2303 commissa
1775 2257 1878 2304 est.
1911 2247 2020 2304 Vas

439 2339 720 2394 electionis
755 2339 954 2394 Paulus
1002 2338 1298 2409 apostolus,
1329 2339 1472 2406 vide,
1520 2340 1791 2408 quomodo
1846 2340 2020 2410 pascit

433 2433 694 2504 populum
761 2433 859 2487 Dei
908 2433 1246 2487 diversorum
1301 2433 1564 2487 varietate
1612 2431 1948 2488 ferculorum
1999 2451 2014 2487 :

437 2544 458 2578 1
498 2525 628 2590 Lac,
660 2526 858 2594 inquit,
889 2535 1073 2595 potum
1102 2525 1224 2580 dedi
1249 2525 1423 2590 vobis,
1452 2541 1555 2580 non
1583 2540 1764 2582 escam
1796 2524 1864 2596 (ι
1891 2524 2013 2580 Cor.

432 2617 549 2688 111);
591 2637 609 2670 1
645 2618 1005 2688 perfectorum
1039 2626 1219 2672 autem
1253 2618 1458 2673 solidus
1487 2619 1640 2673 cibus
1665 2627 1766 2683 est,
1801 2633 2012 2686 eorum,

431 2710 522 2778 qui
553 2725 651 2779 pro
679 2709 1074 2764 exercitatione
1118 2718 1521 2765 consummatos
1569 2711 1772 2766 habent
1802 2725 2014 2765 sensus.

433 2800 503 2854 Et
553 2800 679 2854 alibi
729 2815 744 2854 :
798 2819 814 2851 1
846 2800 996 2856 Facti
1022 2801 1174 2867 estis,
1206 2802 1400 2870 quibus
1430 2802 1571 2858 lacte
1598 2818 1734 2872 opus
1772 2803 1867 2869 sit,
1907 2817 2016 2859 nol

432 2893 610 2947 solido
651 2891 772 2947 cibo
795 2892 980 2963 (Hebr.
1023 2892 1100 2963 v).
1142 2912 1160 2944 1
1217 2892 1284 2946 Et
1337 2893 1531 2947 iterum
1573 2911 1586 2945 :
1635 2912 1652 2944 1
1684 2893 2014 2962 Sapientiam

430 2981 702 3050 loquimur
725 2982 865 3036 inter
886 2981 1154 3052 perfectos
1181 2981 1228 3052 (I
1264 2981 1384 3036 Cor.
1416 2983 1530 3053 11).1
1560 2983 1723 3038 Vides
1746 2981 2020 3053 quomodo

2125 1782 2274 1837 labra
2299 1784 2554 1850 lucentia,
2580 1795 2635 1840 et
2661 1795 2785 1841 ante
2802 1787 3110 1855 Dominum,
3136 1791 3426 1850 Zacharias
3448 1800 3712 1868 propheta

2124 1875 2416 1932 manifeste
2456 1877 2542 1932 his
2597 1878 2777 1934 verbis
2837 1879 3034 1948 innuit,
3096 1884 3282 1940 dicens
3330 1904 3343 1941 :
3398 1906 3416 1939 1
3449 1887 3543 1943 Isti
3586 1900 3713 1945 sunt

2122 1966 2230 2022 duo
2263 1969 2358 2024 lilii
2405 1970 2510 2024 olei
2543 1970 2867 2040 splendoris,
2893 1975 3008 2044 {qui
3055 1977 3316 2034 assistunt
3372 1980 3709 2039 Dominatori

2121 2060 2386 2116 universa:
2423 2069 2581 2116 terrae
2624 2060 2810 2133 (Zach.
2856 2065 2954 2135 1v).
2993 2085 3011 2118 1
3055 2066 3194 2123 Sunt
3237 2069 3381 2125 enim
3438 2071 3534 2129 lilii
3582 2073 3707 2141 olei,

2121 2151 2247 2219 quia
2295 2151 2398 2206 viri
2451 2163 2576 2208 sunt
2635 2155 3052 2224 misericordia};
3105 2169 3233 2215 sunt
3278 2171 3329 2216 et
3377 2163 3706 2236 splendoris,

2120 2238 2246 2307 quia
2293 2250 2418 2295 sunt
2463 2242 2788 2300 candelabra
2818 2246 3091 2316 lucentia';
3151 2250 3334 2306 lucent
3359 2262 3488 2308 ante
3519 2255 3704 2312 Domi-

2119 2347 2266 2396 num,
2294 2335 2420 2403 quia
2449 2336 2710 2392 assistunt
2749 2338 3082 2396 Dominatori
3124 2343 3401 2399 universae
3451 2355 3634 2403 teme.

2192 2421 2450 2493 Sequitur
2509 2444 2522 2479 :
2584 2426 2792 2482 [labent
2844 2440 3151 2498 potestatem
3212 2434 3459 2491 claudere
3521 2442 3703 2495 caelum

2119 2513 2362 2568 nubibus.
2443 2515 2722 2573 Serenitas
2785 2520 2907 2575 coeli
2961 2522 3192 2580 nubibus
3254 2525 3572 2596 impeditur,
3639 2545 3706 2586 na

2118 2606 2396 2672 videatur;
2450 2609 2756 2665 divinitatis
2795 2614 3179 2685 contemplatio
3220 2621 3462 2688 peccatis
3508 2623 3706 2678 nostris

2118 2694 2404 2762 clauditur,
2433 2713 2498 2752 ne
2523 2699 2771 2756 videatur
2810 2703 2972 2769 Deus,
3011 2707 3275 2777 propheta
3308 2718 3564 2777 testante,
3613 2713 3703 2784 qui

2118 2785 2285 2841 dicit:
2317 2806 2334 2839 1
2361 2788 2667 2858 Opposuisti
2694 2793 2918 2860 nubem,
2940 2810 3008 2849 ne
3030 2805 3268 2854 transeat
3287 2801 3698 2872 oratio(Tltmt.

2116 2876 2224 2948 111).
2255 2896 2274 2930 1
2319 2877 2500 2935 Nubes
2542 2883 2853 2952 opponitur,
2905 2901 2974 2941 ne
3035 2888 3212 2944 oratio
3257 2897 3525 2958 transeat,
3578 2909 3703 2948 cum

2117 2975 2336 3035 peccata
2369 2979 2550 3025 nostra
2587 2982 2844 3040 separant
2884 2974 3030 3030 inter
3055 2991 3162 3031 nos
3180 2986 3235 3032 et
3264 2979 3456 3034 Deum.
3489 2980 3699 3037 Habent

431 3087 490 3126 se
523 3080 895 3142 contemperat
917 3083 971 3126 et
1001 3071 1328 3140 conformat,
1357 3072 1476 3128 illos
1516 3073 1753 3142 sublimi,
1787 3075 1886 3131 bos
1927 3084 2010 3131 te.

2128 3060 2724 3128 aotestatemclauderc
2745 3063 2942 3120 ctelum
2972 3065 3233 3133 nubibus,
3280 3069 3334 3124 id
3360 3079 3467 3136 est,
3508 3087 3700 3142 pecca-

430 3179 562 3220 nera
599 3165 846 3220 imbuens
898 3166 1186 3220 doctrina?

502 3255 666 3328 Ungit
711 3257 914 3323 oleum,
944 3268 1151 3329 ungunt
1182 3267 1236 3312 et
1291 3259 1540 3329 apostoli.
1582 3260 1662 3315 An
1703 3276 1810 3317 non
1855 3261 2016 3333 139

429 3349 626 3405 Petrus
676 3350 954 3418 apostolus
1003 3352 1387 3422 ungitomnes,
1420 3368 1540 3408 cum
1579 3355 1710 3409 dicit
1759 3369 1790 3408 ε·
1845 3373 1863 3406 ‹
1905 3353 2014 3411 Vos

433 3450 613 3496 autem
667 3457 838 3513 genus
885 3443 1154 3507 electum,
1203 3445 1383 3516 regale
1435 3446 1829 3512 sacerdotium,
1883 3461 2014 3517 gens

429 3543 640 3598 sancta,
673 3534 903 3604 populus
959 3535 1368 3605 acquisitionis;
1415 3547 1475 3592 ut
1520 3538 1749 3593 virtutes
1796 3553 2012 3592 annun-

431 3624 582 3679 tietis
613 3623 728 3691 ejus
775 3626 865 3696 qui
899 3625 966 3680 de
990 3627 1228 3682 tenebris
1257 3643 1355 3682 vos
1376 3629 1590 3682 vocavit
1616 3629 1668 3682 in
1691 3629 2014 3686 admirabile

429 3713 613 3768 lumen
653 3715 843 3768 suum?
877 3715 1004 3784 1-(ll
1031 3713 1174 3770 Petr.
1205 3716 1290 3785 11.)
1321 3717 1518 3772 Paulus
1542 3718 1705 3772 etiam
1738 3719 1852 3789 ipse
1880 3735 2014 3774 nou-

429 3820 498 3859 ne
525 3807 793 3876 praecipit,
823 3807 1009 3863 dicens
1042 3826 1054 3861 :
1103 3827 1122 3860 1
1160 3808 1216 3863 Si
1249 3818 1658 3880 praeoccupatus
1704 3809 1870 3865 fuerit
1914 3811 2012 3865 bo-

431 3914 521 3952 mo
577 3900 629 3952 in
686 3899 868 3969 aliquo
923 3899 1140 3964 delicto,
1189 3915 1306 3964 vos,
1360 3901 1450 3970 qui
1500 3900 1808 3971 spirituales
1856 3901 2008 3968 estis,

431 3989 684 4042 instruite
709 3989 1017 4057 hujusmodi
1049 3990 1102 4043 in
1149 3991 1340 4060 spiritu
1374 3991 1644 4046 lenitatis?
1677 4010 1694 4043 1
1729 3987 1874 4061 (Gal.
1905 3990 2009 4061 v1.)

429 4077 582 4134 Oliva
618 4093 832 4148 semper
860 4089 943 4132 est
971 4080 1197 4147 viridis,
1239 4096 1339 4136 nec
1385 4079 1602 4152 frigoris
1647 4082 2011 4138 immensitate

433 4165 770 4236 percutitur;
819 4176 873 4218 et
929 4167 1296 4235 apostolorum
1350 4168 1482 4222 ﬁdes
1526 4168 1843 4222 inconcussa
1883 4183 2008 4237 per-

430 4257 613 4323 durat,
649 4271 747 4312 nec
771 4273 1012 4328 unquam
1056 4259 1336 4328 tyrannica
1366 4260 1514 4314 rabie
1542 4259 1718 4329 potuit
1740 4260 2003 4329 superari.

428 4351 498 4407 Et
527 4351 573 4405 si
625 4350 886 4422 impulsus
941 4359 1023 4405 est
1069 4350 1262 4405 Petrus
1300 4358 1356 4404 ut
1395 4350 1630 4415 caderet,
1671 4365 1776 4404 non
1825 4358 2000 4403 tamen

425 4443 643 4509 cecidit,
690 4445 814 4514 quia
867 4443 1125 4496 Dominus
1183 4441 1418 4510 suscepit
1469 4456 1608 4495 eum.
1667 4441 2008 4510 Stupelactus

426 4534 644 4602 quidem
683 4540 1014 4587 momentum
1057 4531 1214 4586 haesit
1260 4531 1552 4600 apostolus,
1598 4531 1690 4586 sed
1721 4530 1903 4585 statim
1950 4531 2003 4584 in

425 4626 628 4678 virtute
691 4624 813 4678 lidei
853 4624 1006 4678 rediit
1035 4639 1048 4687 ;
1082 4621 1193 4692 qui,
1233 4623 1551 4692 respiciente
1589 4623 1836 4687 Domino,
1864 4620 2012 4676 Ilevit-

428 4730 616 4768 amare
660 4712 810 4782 (Luc.
849 4713 1008 4781 χιιι).
1051 4713 1115 4767 Ει
1148 4713 1190 4766 si
1239 4713 1304 4767 ad
1344 4721 1553 4782 tempus
1577 4728 1874 4768 concussus
1899 4723 2000 4775 est,

426 4821 532 4860 non
567 4815 744 4859 tamen
795 4805 952 4872 dejici
999 4807 1202 4874 potuit;
1268 4807 1391 4876 quia
1437 4807 1702 4861 sententia
1749 4807 2005 4864 Veritatis

427 4894 629 4947 cassari
664 4909 767 4947 non
793 4903 1023 4958 poterat,
1054 4895 1237 4950 dicens
1274 4914 1286 4948 :
1334 4915 1350 4946 1
1380 4896 1491 4958 Ego
1519 4910 1617 4958 pro
1642 4904 1694 4949 te
1746 4896 1948 4958 rogavi,
1984 4916 2000 4947 ι

2117 3153 2348 3218 toribus,
2380 3161 2435 3208 et
2488 3162 2674 3223 portas
2704 3154 2822 3223 ejus
2865 3156 3109 3213 fidelibus
3137 3159 3367 3229 aperire.
3406 3161 3543 3216 Mira
3589 3177 3700 3226 res,

2115 3252 2174 3299 et
2203 3245 2350 3299 omni
2407 3255 2632 3316 stupore
2671 3249 3007 3319 dignissima,
3035 3251 3101 3306 ad
3131 3252 3408 3309 hominum
3457 3254 3696 3328 linguam

2113 3336 2311 3402 claudi,
2331 3347 2388 3395 et
2414 3341 2610 3410 aperiri
2624 3342 2922 3399 caelestium
2944 3345 3144 3416 palatia
3155 3339 3498 3406 mansionum
3524 3350 3701 3421 (112).

2114 3428 2307 3484 Amen.

2675 3618 2840 3691 140
2885 3614 3174 3685 IULIUS.

2367 3715 2577 3805 ξενιηο
2616 3717 2688 3805 (fe
2812 3721 2856 3805 .11
2864 3721 3038 3805 lexin
3069 3725 3464 3805 _c_on[es_sore.

2112 3792 2324 3878 _I_I.
2355 3794 2565 3878 Sgrmo
2601 3795 2678 3878 de
2714 3799 2780 3878 S_.
2811 3800 3022 3862 Maria
3054 3792 3452 3878 Magdalena.

2106 3869 2351 3970 XX‘III.
2385 3873 2592 3970 Sermo
2634 3876 2679 3970 ¹1
2733 3876 2921 3970 dc‘S.
2972 3869 3338 3960 Apollinare
3400 3885 3692 3970 episcopo

2190 3949 2540 4034 Ravennate
2565 3962 2646 4034 _et
2678 3964 2967 4034 martyre.

2188 4029 2399 4089 Sermo
2430 4031 2500 4091 II
2542 4031 2612 4092 de
2638 4029 2860 4095 eodem:

2191 4107 2401 4169 Sermo
2468 4111 2580 4170 III
2635 4112 2706 4172 de
2761 4115 2982 4176 eodem.

2108 4185 2506 4280 X§;§er‘mo
2539 4188 2610 4249 de
2631 4191 3195 4280 ἑς.·(]ῥζίεερρ1ιονί›
3234 4208 3530 4280 martyre.

2109 4265 2349 4325 XXIX.
2377 4269 2584 4328 Sermo
2616 4271 2656 4329 Ι
2688 4269 2760 4330 de
2784 4272 2894 4335 SS.
2936 4265 3128 4335 Flora
3190 4286 3242 4336 et
3296 4265 3544 4342 ιυὲίιια
3570 4283 3683 4344 οἰν-

2192 4345 2442 4426 g_1'm'bus
2474 4355 2529 4406 et
2570 4351 2988 4426 martyribus.

2191 4422 2400 4484 Sermo
2439 4426 2512 4485 II
2543 4425 2613 4485 de
2650 4422 2890 4490 eisdem.

2115 4502 2325 4566 XXX.
2359 4505 2565 4565 Sermo
2609 4504 2679 4565 de
2711 4506 2773 4568 S.
2812 4508 3036 4589 Ruﬁno
3072 4521 3366 4593 martyre.

2650 4625 2881 4684 SERMO
2917 4631 3150 4688 XXVIII.

2333 4732 2399 4772 ne
2438 4734 2484 4774 ς.
2525 4735 2721 4775 nemo
2753 4737 3104 4780 coursssoua.
3156 4731 3287 4798 (xvn
3317 4733 3463 4804 1111..)

2183 4825 2454 4884 Hodierna
2501 4827 2795 4896 festivitas,
2847 4821 3203 4902 dilectissimi,
3254 4853 3362 4894 non
3419 4841 3578 4897 modo
3619 4843 3672 4898 Β.

2313 4921 2378 4958 ΑΛ
2434 4937 2538 4952 nu"
2586 4923 2893 4958 annniolilnn
2925 4927 3100 4958 ηηῖιηνι
3158 4943 3256 4958 “(In
3288 4945 3548 4958 καθιείς-ιιι-.
3580 4935 3648 4958 ΑΙ-
