3946 5368
92 337 198 401 053

1521 332 1756 391 δειιιιο
1796 335 2028 392 ΧΧῊΠ.

3273 341 3374 398 σει

89 467 145 511 et
212 453 398 510 aureis
466 467 524 509 se
587 451 980 522 pnccingerent
1034 451 1222 513 zonis,
1287 450 1529 520 quotidie
1581 466 1688 506 non
1715 456 1762 515 Α
1793 452 1914 521 igne
1949 458 2224 522 percepto,
2250 464 2346 520 per
2381 448 2600 504 caeleste
2645 448 2970 505 desiderium
3019 449 3071 504 in
3118 452 3226 506 alta
3255 469 3406 508 sus—-

93 548 392 604 cessabant
423 546 619 610 viduis,
650 561 715 600 ac
737 544 975 615 pupillis,
1003 555 1058 600 et
1082 542 1413 614 quibuslibet
1443 543 1693 614 indigen-

94 641 246 694 tibus
292 643 641 708 sumptuosas
680 651 876 706 parare
921 650 1138 690 mensas
1183 634 1368 699 edulii,
1414 649 1536 688 cum
1588 634 1692 702 ipsi

94 727 270 787 semel
305 729 360 782 in
392 729 480 783 die
524 726 642 782 solo
689 721 828 796 pane
880 735 934 780 et
981 740 1120 795 aqua
1151 734 1337 780 essent
1374 723 1694 795 plerumque

96 823 368 877 contenti.
413 819 536 874 Istis
563 819 747 890 igitur,
778 818 1008 887 aliisque
1033 814 1398 888 spiritualium
1425 816 1688 870 virtutum

97 913 328 968 aeribus
366 909 638 975 adornati,
687 924 752 964 ac
797 909 900 980 pia:
935 909 1362 964 conversationis
1410 908 1695 963 honestate

99 999 408 1074 conspicui,
458 1003 809 1068 tales-erant,
837 1010 897 1056 ut
924 1000 1004 1057 eis
1036 1016 1251 1073 quoque
1286 1017 1395 1057 non
1423 1001 1695 1056 immerito

99 1104 395 1166 congruat,
429 1092 573 1162 quod
603 1093 671 1148 de
712 1092 856 1148 beati
901 1090 1126 1149 Joannis
1166 1093 1420 1165 Baptista:
1451 1091 1694 1162 parenti-

103 1188 207 1239 bus
253 1184 571 1254 evangelica
626 1193 816 1240 narrat
859 1185 1086 1240 historia
1144 1203 1156 1237 :
1210 1183 1502 1250 nimirum,
1568 1181 1694 1251 quia

111 1295 126 1329 ι
158 1286 317 1334 erant
341 1274 652 1345 ambojusti
669 1285 801 1332 ante
847 1277 1038 1340 Deum,
1090 1275 1399 1330 incedentes
1437 1275 1486 1327 in
1523 1272 1699 1327 omni-

106 1373 211 1425 bus
241 1371 515 1424 mandatis
566 1380 621 1424 et
661 1369 1143 1437 justifieationibus
1166 1367 1376 1422 Domini
1409 1365 1523 1420 sine
1569 1379 1699 1434 que-

110 1461 225 1516 rela
256 1460 412 1533 (Luc.
452 1464 546 1530 ι).ι
580 1460 809 1530 Dignum
837 1461 1019 1530 itaque
1045 1458 1163 1524 fuit,
1199 1467 1255 1513 ut
1292 1457 1359 1512 de
1387 1467 1492 1512 tam
1524 1467 1696 1520 casto,

111 1557 223 1608 tam
272 1563 506 1617 Sancto,
561 1562 671 1607 tam
727 1551 961 1622 denique
1016 1548 1363 1604 immaculato
1433 1545 1700 1617 conjugali

112 1646 390 1716 pudicitia:
415 1645 681 1712 thalamo,
711 1654 819 1699 tam
845 1643 1100 1715 praeclara
1131 1641 1342 1698 soboles
1364 1641 1698 1695 naSccretur.

113 1740 268 1794 Sicut
304 1752 403 1807 per
447 1737 774 1808 Prophetam
819 1738 1016 1792 dicitur
1068 1754 1080 1789 :
1137 1755 1155 1788 ι
1192 1734 1484 1790 Generatio
1529 1741 1704 1786 recto-

1799 544 2022 609 tollitur,
2046 541 2111 599 ad
2136 540 2488 613 perfectionis
2510 542 2736 597 internae
2761 541 3058 612 fastigium,
3085 545 3237 612 quasi
3261 545 3381 614 qui-

1796 637 2022 691 busdam
2058 635 2391 691 ascensionis
2416 635 2673 706 gradibus
2696 647 3063 706 promovetur.
3116 635 3270 692 Unde
3297 638 3378 693 vir

1797 726 1888 782 ille
1915 734 2137 781 sanctus
2163 725 2345 780 aiebat
2395 743 2410 780 :
2465 745 2483 777 ι
2533 723 2637 780 Per
2692 725 2932 795 singulos
2981 726 3180 796 gradus
3234 741 3383 782 meos

1795 816 2156 887 pronuntiabo
2187 815 2336 870 illum
2376 814 2498 883 (Job
2539 816 2712 887 xxxx).
2754 836 2770 868 ι
2807 816 2879 870 De
2910 817 2994 871 his
3034 819 3232 888 quippe
3272 834 3384 874 mc-

1797 909 2026 963 ritorum
2053 909 2310 979 gradibus
2335 907 2554 964 dicitur.
2589 909 2996 964 (Ambulabunt
3017 911 3083 965 de
3108 911 3306 966 virtute
3331 913 3384 965 in

1796 1001 2051 1055 virtutem
2080 1000 2552 1071 (Psal.t.xxxnt).»
2581 1001 2651 1057 De
2673 1001 2757 1057 his
2784 1003 2925 1057 idem
2949 1002 3384 1074 Proplieta,dum

1797 1101 2045 1150 sanctam
2083 1093 2483 1162 contemplatur
2527 1093 2851 1160 Ecclesium,
2879 1095 3055 1149 dicit:
3089 1116 3106 1146 ι
3150 1095 3294 1150 Deus
3332 1096 3386 1149 in

1798 1183 2054 1255 gradibus
2079 1183 2197 1253 ejus
2217 1184 2581 1254 dignoscctur,
2607 1184 2734 1238 dum
2759 1186 3018 1255 suscipiet
3051 1202 3171 1241 eam
3209 1185 3386 1259 (Psal.

1799 1286 1988 1344 xcvu).
2021 1297 2039 1329 ι
2083 1275 2191 1332 Nec
2239 1277 2384 1331 enim
2435 1287 2681 1346 repente,
2734 1279 2876 1333 sicut
2921 1280 3124 1335 dictum
3171 1281 3384 1347 ρει,θά

1800 1385 2008 1424 summa
2038 1368 2382 1439 pertingitur,
2408 1370 2503 1423 sed
2543 1370 2801 1438 paulatim
2833 1385 2931 1440 per
2959 1371 3058 1441 pia:
3089 1373 3391 1428 devotionis

1801 1470 1984 1515 votum
2008 1471 2063 1515 et
2113 1460 2286 1514 sancti
2315 1458 2515 1515 laboris
2540 1461 2857 1515 exercitium
2885 1462 3116 1516 humana
3148 1478 3298 1518 mens
3322 1464 3392 1516 ad

1803 1552 2065 1606 virtutum
2093 1550 2456 1620 spiritualium
2489 1553 2866 1607 celsitudinem
2901 1552 3233 1610 sublevatur.
3256 1555 3392 1609 llinc

1805 1651 1907 1706 est,
1940 1643 2080 1710 quod
2113 1657 2211 1712 per
2240 1643 2488 1697 eumdem
2517 1641 2844 1712 PrOphetam
2875 1643 3072 1699 dicitur
3101 1663 3114 1698 :
3167 1663 3185 1696 ι
3218 1645 3391 1700 Exer-

1806 1731 2005 1786 citatus
2060 1747 2216 1798 sum,
2269 1741 2325 1788 et
2383 1731 2582 1788 defecit
2642 1734 2918 1804 paulisper
2963 1736 3186 1804 spiritus
3244 1752 3396 1790 meus

112 1846 233 1886 rum
289 1829 644 1885 benedicetur
683 1825 875 1899 (Psal.
927 1827 1099 1898 cxxr).
1157 1847 1176 1879 ι
1245 1826 1370 1882 [hec
1415 1834 1502 1880 est
1549 1823 1697 1878 enim
1728 1840 1776 1901 Β
1806 1823 2174 1895 (Psal.t.xv1).
2214 1842 2233 1876 ι
2266 1823 2404 1891 Quid
2433 1833 2514 1879 est
2537 1825 2679 1879 enim
2732 1827 2875 1894 quod
2916 1827 2994 1882 ait
3032 1843 3048 1882 :
3105 1846 3124 1879 ι
3171 1828 3395 1898 spiritus

111 1923 389 1995 generatio
427 1920 788 1992 quazrentium
821 1920 1108 1974 Dominum
1141 1915 1314 1990 (Psal.
1348 1918 1530 1988 nm).

183 2017 334 2071 Unde
372 2030 492 2078 vos,
542 2013 742 2069 fratres
786 2015 911 2079 mei,
953 2028 1071 2079 vos,
1116 2013 1356 2082 inquam,
1402 2025 1546 2066 nunc
1581 2024 1707 2081 spe-

114 2109 324 2164 cialiter
351 2108 619 2176 alloquor,
651 2107 741 2176 qui
786 2107 1018 2161 necdum
1067 2105 1367 2174 spiritualis
1413 2103 1541 2159 vita:
1593 2103 1709 2159 cul-

115 2214 236 2253 men
292 2198 558 2268 aggressi,
594 2196 948 2251 s’wcularibus
987 2196 1164 2250 adhuc
1201 2196 1333 2250 estis
1381 2194 1592 2249 actibus
1617 2195 1710 2248 de-

116 2288 242 2350 diti,
264 2295 319 2341 et
349 2285 652 2356 coniugalis
681 2286 887 2356 copulae
933 2286 1163 2342 vinculis
1191 2286 1435 2357 obligati,
1485 2286 1708 2356 pietatis

117 2383 176 2432 ac
201 2378 588 2433 misericordiae
633 2377 826 2432 studiis
863 2377 1148 2446 vigilanter
1192 2378 1448 2444 insistite,
1505 2394 1701 2434 neces-

119 2471 256 2526 Saria
302 2470 566 2526 fratribus
597 2471 823 2540 penuria
875 2469 1246 2526 laborantibus
1275 2470 1514 2526 subsidia
1543 2473 1707 2528 mini-

119 2570 312 2626 strare,
338 2570 569 2627 castam,
592 2561 830 2616 sobriam
853 2571 908 2616 et
931 2563 1218 2616 honestam
1247 2563 1436 2628 vitam,
1460 2563 1512 2618 in
1537 2579 1708 2634 quan-

119 2661 225 2707 tum
270 2660 453 2706 vester
471 2652 606 2708 ordo
644 2645 835 2718 dictat,
883 2653 1144 2709 exhibere
1171 2655 1506 2719 contendite,
1550 2665 1607 2708 ut
1639 2654 1706 2710 ad

119 2742 548 2798 conservandum
569 2743 904 2814 posteritatis
924 2753 1119 2800 vestra:
1139 2760 1328 2816 genus,
1353 2746 1570 2817 dignam
1599 2746 1708 2800 Deo

121 2835 341 2891 valeatis
370 2836 610 2892 sobolem
629 2850 932 2908 procreare.
949 2837 1206 2904 Quamvis
1220 2837 1364 2893 enim
1387 2854 1514 2894 vera
1530 2839 1600 2893 sit
1618 2838 1706 2894 illa

122 2931 395 3000 propheta:
445 2930 735 2994 sententia,
787 2946 893 2999 qua
941 2931 1142 2985 dicitur
1188 2949 1202 2984 :
1247 2949 1266 2982 ‹
1307 2931 1526 2995 Anima,
1585 2945 1707 3001 quae

122 3020 447 3089 peccaverit,
476 3020 590 3088 ipsa
621 3021 904 3075 morietur.
947 3019 1116 3075 Filius
1155 3036 1261 3076 non
1307 3021 1549 3090 portabit
1596 3021 1704 3076 ini-

123 3110 383 3178 quitatem
411 3108 564 3181 14],
596 3111 785 3176 patris,
817 3119 872 3163 et
897 3119 1053 3180 pater
1075 3124 1180 3165 non
1217 3111 1459 3180 portabit
1505 3111 1704 3182 iniqui-

1811 1931 1984 1983 meus,
2031 1936 2050 1970 ι
2085 1917 2186 1971 nisi
2217 1917 2445 1987 spiritus
2483 1917 2772 1972 elationis?
2823 1920 3043 1988 spiritus
3068 1921 3288 1976 carnis?
3330 1921 3398 1975 lit

1809 2010 1932 2081 quia
1962 2024 2060 2080 per
2082 2009 2350 2065 occultam
2369 2010 2599 2081 gratiam
2615 2009 2680 2064 ad
2701 2025 2942 2066 amorem
2967 2011 3058 2066 Dei
3091 2022 3394 2082 temperata

1809 2102 2040 2172 desuper
2086 2116 2339 2156 mensura
2390 2102 2724 2173 proficimus,
2777 2118 2883 2172 quo
2941 2103 3116 2174 magis
3152 2104 3397 2174 quotidie

1809 2192 2024 2247 divinus
2052 2193 2104 2246 in
2131 2194 2283 2246 nobis
2307 2194 2529 2263 spiritus
2551 2194 2769 2258 crescit,
2788 2209 2851 2249 eo
2871 2195 3046 2264 magis
3073 2204 3277 2260 noster,
3295 2196 3399 2250 hoe

1809 2294 1911 2349 est,
1945 2284 2180 2339 carnalis
2210 2285 2461 2340 desiderii
2503 2287 2724 2357 spiritus
2753 2287 2952 2342 deﬁcit.
2993 2287 3095 2354 Qui
3139 2287 3398 2341 nimirum

1810 2379 2028 2444 noxius,
2055 2388 2111 2432 et
2140 2378 2520 2433 abominabilis
2550 2379 2795 2449 Spiritus,
2824 2379 2951 2448 quia
2999 2394 3106 2434 non
3163 2394 3193 2432 a
3239 2377 3399 2453 nobis

1809 2470 1992 2526 subito
2014 2471 2230 2540 penitus
2259 2479 2591 2540 amputatur,
2617 2485 2718 2524 nec
2740 2470 3008 2539 protinus,
3028 2479 3086 2524 ut
3111 2483 3394 2532 conamur,

1809 2558 2170 2623 abscinditur,
2198 2568 2344 2613 recte
2373 2557 2665 2627 paulisper,
2689 2559 2794 2612 hoc
2822 2566 2905 2612 est
2947 2557 3230 2628 paulatim,
3251 2555 3402 2611 defe-

1808 2651 1950 2706 cisse
1970 2651 2312 2720 perhibetur.
2340 2649 2492 2704 Tunc
2517 2659 2696 2704 autem
2728 2650 2778 2704 in
2809 2649 2978 2704 Deum
3029 2650 3184 2719 plene
3231 2648 3400 2718 proti-

1807 2743 2004 2808 cimus,
2033 2757 2156 2796 cum
2186 2743 2454 2797 veraciter
2492 2757 2522 2797 a
2561 2743 2717 2797 nobis
2745 2743 3108 2813 nosmetipsos
3135 2740 3400 2800 defecisse

1808 2835 2094 2892 sentimus.
2124 2834 2249 2890 llaec
2279 2845 2458 2891 autem
2487 2836 2846 2891 crescentium
2887 2835 3106 2906 insuper
3138 2836 3402 2890 virtutum

1809 2927 2037 2995 sensim,
2063 2936 2228 2998 atque
2256 2942 2471 2982 morose
2507 2943 2603 2998 per
2629 2927 2931 2998 quotidiani
2977 2926 3256 2997 profectus
3301 2941 3399 2981 cu-

1817 3023 2046 3087 mulum,
2073 3022 2142 3076 ad
2170 3030 2557 3076 consummatae
2583 3022 2889 3076 sanctitatis
2944 3021 3190 3090 pervenit
3235 3019 3408 3075 incre-

1809 3125 2070 3171 mentum.
2095 3113 2312 3169 Electus
2335 3113 2479 3170 enim
2509 3115 2736 3186 quisque
2761 3130 2789 3167 a
2823 3115 3114 3170 rudimenti
3137 3113 3222 3170 sui
3254 3122 3399 3169 tene-

125 3209 282 3255 tatem
307 3201 430 3255 ﬁlii.
461 3201 683 3256 Justitia
709 3200 842 3268 justi
875 3217 1040 3271 super
1065 3217 1189 3258 eum
1219 3204 1346 3268 erit,
1369 3213 1426 3260 et
1451 3207 1705 3276 impietas
1735 3196 1779 3258 C
1811 3207 2049 3261 ritudine
2073 3207 2223 3277 prius
2250 3205 2460 3277 incipit,
2485 3215 2541 3262 et
2569 3207 2648 3262 sic
2675 3207 2741 3262 ad
2786 3208 3006 3263 robusta
3048 3207 3394 3278 postmodum

124 3290 266 3360 impii
295 3291 405 3346 erit
429 3305 594 3361 super
615 3306 739 3346 eum
763 3289 979 3359 (Ezeclt.
1009 3294 1200 3362 xvm);
1241 3311 1260 3344 ι
1296 3291 1452 3361 juxta
1479 3309 1704 3349 convero

126 3382 390 3436 sationem
427 3391 607 3436 tamen
644 3390 954 3452 parentum,
983 3397 1127 3452 saepe
1159 3385 1483 3451 proveniunt
1513 3386 1706 3440 merita

124 3471 354 3527 filiorum
379 3491 392 3536 ;
425 3482 483 3526 ut
514 3483 568 3527 ct
597 3473 836 3528 honestis
857 3474 1296 3543 progenitoribus
1321 3475 1503 3545 proles
1534 3476 1704 3531 hone-

125 3573 205 3616 sta
229 3562 584 3632 respondeat,
607 3570 660 3618 et
693 3563 921 3633 reproba
949 3563 1193 3632 rc‘prohis
1223 3563 1274 3617 in
1298 3565 1566 3634 pravitate
1578 3581 1708 3621 cou-

125 3660 329 3705 Currat.
367 3650 522 3706 Unde
551 3659 608 3706 et
637 3651 726 3705 isti
753 3652 978 3707 dicunt:
1019 3670 1037 3703 ι
1073 3653 1193 3707 Filii
1255 3662 1568 3709 sanctorum
1617 3672 1709 3711 sn-

123 3757 260 3808 mus,
283 3750 339 3798 et
363 3743 531 3796 vitam
565 3742 710 3798 illam
731 3753 1132 3814 exspectamus,
1165 3760 1326 3814 quam
1369 3743 1511 3801 Deus
1553 3747 1709 3803 datu-

126 3852 213 3890 rus
239 3844 324 3891 est
346 3836 434 3899 iis,
465 3834 556 3904 qui
589 3833 746 3890 fidem
789 3851 942 3890 suam
974 3851 1249 3904 nunquam
1299 3845 1512 3893 mutant
1545 3840 1614 3893 ab
1643 3854 1708 3894 eo

127 3925 275 3997 (Tob.
302 3928 391 3998 tt).
423 3948 443 3980 ι
497 3926 561 3983 Et
593 3927 701 3982 illis
725 3928 1034 3982 econtrario
1069 3928 1303 3982 dicitur:
1365 3949 1382 3980 ι
1421 3929 1707 3987 Genimina

124 4023 450 4092 viperarum,
475 4023 598 4091 quis
624 4037 722 4076 vos
749 4022 933 4077 docuit
954 4021 1143 4093 fugere
1187 4038 1219 4078 a
1255 4034 1483 4080 ventura
1533 4026 1654 4081 ira?
1685 4047 1700 4078 ι

127 4111 338 4182 (Matth.
383 4117 494 4184 ιιι.)
551 4112 840 4168 Enimvero
868 4114 915 4168 si
944 4113 1198 4184 religiose
1247 4116 1454 4183 vivitis,
1475 4118 1520 4172 si
1547 4118 1710 4173 disci-

127 4203 400 4270 plinaliter
446 4213 858 4270 conversantes,
895 4202 989 4258 Dei
1044 4205 1298 4260 mandata
1350 4208 1598 4273 servatis,
1655 4218 1711 4264 et

130 4289 249 4348 ﬁliis
275 4294 477 4349 vestris
505 4295 805 4364 praestatis,
831 4303 886 4350 et
917 4297 1101 4362 vobis;
1161 4297 1243 4352 siu
1288 4309 1467 4354 autem
1496 4311 1703 4363 contra,

128 4392 182 4437 et
203 4383 318 4449 illis
346 4387 579 4450 nocetis,
617 4395 673 4441 et
718 4386 888 4442 vobis.
934 4387 1163 4457 Propter
1211 4399 1458 4445 sanctum
1510 4393 1710 4463 quippe

131 4471 292 4529 David
320 4477 598 4543 meritum,
629 4492 751 4533 cum
783 4488 1002 4549 propter
1031 4479 1393 4536 idololatriam
1418 4485 1708 4552 posteritas

1808 3309 1865 3355 et
1889 3299 2051 3354 fortia
2096 3299 2446 3354 convalescit.
2503 3299 2655 3366 Quod
2705 3309 2889 3370 aperte
2937 3301 3154 3355 Veritas
3202 3299 3399 3362 innuit,

1809 3393 1935 3448 dum
1962 3393 2016 3446 in
2045 3391 2338 3462 Evangelio
2359 3392 2521 3448 dicit:
2561 3412 2578 3444 ι
2617 3391 2708 3448 Sic
2729 3402 2812 3448 est
2843 3391 3000 3464 142
3028 3407 3250 3464 regnum
3279 3391 3398 3456 Dei,

1809 3483 2263 3554 quemadmodum
2291 3483 2334 3538 si
2369 3481 2537 3552 jactet
2565 3483 2728 3539 homo
2755 3498 2938 3538 semen
2986 3484 3042 3538 in
3086 3491 3282 3539 terram
3303 3523 3318 3549 ,
3345 3497 3402 3538 et

1809 3577 2066 3642 dormiat,
2096 3584 2152 3632 et
2174 3584 2433 3647 exsurgat
2469 3585 2658 3641 nocte,
2690 3590 2753 3630 ac
2783 3575 2898 3638 die;
2950 3585 3007 3629 et
3055 3589 3241 3630 semen
3287 3588 3404 3644 ger-

1809 3671 2002 3738 minet,
2030 3681 2087 3726 et
2134 3681 2364 3734 crescat,
2397 3670 2526 3724 dum
2577 3670 2750 3725 nescit
2807 3669 2896 3722 ille
2942 3667 3158 3738 (Matth.
3207 3665 3304 3739 tv).
3377 3686 3396 3717 ι

1809 3759 1975 3834 Cujus
1999 3762 2257 3816 nimirum
2283 3761 2510 3816 seminis
2541 3761 2878 3816 incrementa
2916 3759 3264 3824 denuntians,
3294 3759 3396 3814 ad-

1812 3854 1951 3908 didit
1973 3853 2202 3907 dicens:
2233 3870 2252 3905 ι
2292 3851 2446 3908 Ultro
2473 3852 2618 3908 enim
2649 3859 2796 3908 terra
2821 3851 3137 3917 fructificat,
3163 3851 3400 3922 primum

1809 3945 2069 4010 herbam,
2099 3944 2298 4000 deinde
2321 3945 2552 4014 spicam,
2575 3945 2768 4000 deinde
2816 3944 3034 4015 plenum
3072 3943 3404 4000 frumentum

1811 4035 1864 4089 in
1891 4035 2074 4104 spica;
2113 4055 2132 4088 ι
2177 4049 2412 4104 moxque
2438 4033 2756 4104 subjungit:
2792 4053 2810 4086 ι
2853 4034 3064 4090 Etcum
3093 4051 3153 4091 se
3190 4035 3391 4105 produ.

1810 4127 1951 4181 xerit
1979 4126 2207 4188 fructus,
2225 4126 2406 4182 statim
2437 4125 2606 4180 mittit
2626 4125 2988 4197 falcem,quia
3020 4127 3166 4182 venit
3187 4134 3400 4196 tempus

1812 4216 2026 4272 messis.
2075 4235 2094 4269 ι
2143 4217 2283 4272 Ecce
2311 4217 2564 4272 Veritatis
2609 4233 2741 4272 voce
2771 4233 2867 4289 per
2897 4219 3238 4274 diversitates
3281 4217 3400 4272 fru-

1811 4325 1936 4380 gum
1962 4308 2215 4364 distincta
2248 4317 2373 4364 sunt
2403 4318 2691 4379 augmenta
2729 4310 3067 4365 meritorum.
3104 4311 3194 4364 Ait
3230 4309 3397 4375 enim,

1811 4400 2044 4470 primum
2075 4399 2320 4464 herbam,
2349 4400 2542 4455 deinde
2568 4400 2792 4469 spicam,
2822 4400 3018 4454 deinde
3039 4399 3256 4470 plenum
3285 4398 3400 4454 fru-

1813 4501 2053 4547 mentum
2083 4493 2133 4546 in
2158 4492 2325 4562 spica.
2346 4491 2638 4547 Videamus
2661 4493 2843 4562 itaque
2867 4491 3155 4547 Dominicae
3185 4499 3402 4547 senten-

130 4564 238 4634 ejus
262 4567 552 4637 dejectioni
585 4578 730 4626 esset
769 4571 1030 4639 obnoxia,
1061 4573 1264 4630 diutius
1309 4576 1518 4645 regium
1563 4578 1702 4634 obti-
1731 4567 1784 4629 υ
1813 4582 1901 4637 tiae
1928 4583 2088 4652 hujus
2111 4582 2439 4652 exemplum,
2461 4583 2728 4651 quomodo
2752 4597 2849 4651 per
2867 4581 3080 4653 singula
3093 4581 3258 4639 verba
3279 4581 3399 4638 luce

129 4655 241 4709 nuit
271 4659 659 4729 principatum.
694 4659 928 4715 Econtra
952 4660 1212 4718 Jonathas
1234 4679 1357 4718 cum
1382 4673 1436 4719 et
1458 4666 1511 4720 in
1536 4666 1704 4722 Deum

127 4747 266 4813 pius,
292 4757 347 4803 et
376 4759 573 4804 sancto
598 4750 883 4820 Propltette
923 4762 1067 4808 esset
1111 4756 1338 4820 amicus,
1363 4767 1586 4827 propter
1614 4774 1707 4826 pa-

133 4848 290 4894 ternae
333 4850 518 4896 tamen
568 4845 836 4911 superbia:
875 4843 1074 4901 fastum
1104 4846 1281 4917 gladio
1308 4849 1574 4920 subiacuit
1606 4850 1704 4902 im-

131 4928 330 4997 piorum
355 4932 476 5005 (III
513 4933 638 5004 Reg.
675 4950 832 5002 xvtn,
860 4954 970 5004 xu,
999 4955 1090 5003 xx,
1119 4939 1292 5010 xxxi).

199 5019 268 5077 Ut
287 5039 416 5095 ergo
441 5026 507 5080 ad
537 5027 755 5082 beatum
783 5030 1068 5086 redeamus
1092 5031 1362 5100 Alexium,
1390 5039 1585 5093 merito
1628 5046 1708 5091 ta-

132 5111 231 5167 lem
267 5119 466 5185 prolem
496 5134 736 5189 genuere
764 5134 1037 5190 parentes,
1069 5132 1127 5176 ut
1169 5124 1235 5177 de
1287 5138 1470 5182 sancta
1526 5129 1708 5183 radice

1813 4675 2014 4729 clarius
2043 4674 2094 4728 in
2123 4674 2337 4728 beatum
2368 4682 2659 4728 concurrat
2686 4673 2955 4751 Alexium.

1879 4765 2102 4818 Constat
2135 4763 2302 4828 enim,
2340 4764 2481 4834 quod
2513 4765 2596 4820 vir
2635 4765 2736 4818 iste
2777 4766 3066 4832 mirabilis,
3091 4767 3235 4822 sicut
3263 4785 3402 4839 pra:—

1812 4856 1960 4912 clara
1987 4853 2102 4923 ejus
2140 4864 2370 4910 testatur
2416 4855 2678 4920 historia,
2723 4856 2868 4915 inter
2923 4861 3036 4929 ipsa
3085 4862 3406 4930 nuptialinm

1814 4945 2133 5016 gaudiorum
2162 4943 2349 5001 festiva
2375 4945 2664 5012 solemnia,
2681 4964 2932 5017 uxorem,
2957 4947 3104 5004 salva
3127 4954 3415 5023 utriusque

1814 5038 2151 5111 virginitate,
2202 5039 2429 5104 dimisit,
2481 5048 2736 5110 parentes
2787 5043 3011 5112 abiecit,
3057 5049 3114 5095 et
3155 5042 3420 5100 Romanae

1809 5135 1959 5189 urbis
1991 5131 2408 5198 habitationem,
2440 5131 2658 5189 Edessa:
2696 5133 2961 5193 videlicet
2984 5134 3249 5203 perexilis
3275 5139 3425 5208 oppi-

133 5217 366 5263 sanctnm
399 5225 625 5280 germen
651 5225 971 5282 erumperet,
997 5224 1053 5270 et
1086 5215 1241 5268 bona:
1273 5218 1484 5276 arboris
1525 5237 1709 5275 ramus
1807 5225 1917 5280 duli
1946 5222 2384 5294 peregrinatione
2409 5227 2656 5278 nmtavit.
2676 5222 2999 5301 Postposnit
3021 5225 3198 5281 amori
3226 5227 3428 5287 Christi

132 5311 223 5346 uer
250 5312 475 5346 arcnnm-
499 5303 692 5346 cratim
709 5303 934 5346 ominati:
968 5309 1302 5346 inm-nmnnln
1331 5325 1679 5346 ειιιιη-ηομο..ο

1809 5322 1938 5346 ιιι-ηεξ
1974 5322 2184 5345 Athan-ain

2239 5319 2519 5344 “An:.-nnnu
2601 5319 2797 5344 ἰτ-ιρι..-

3155 5333 3210 5342 ι...
3257 5333 3394 5342 -ῖμ-.-
