3946 5368
535 309 640 367 i155

1104 305 1159 361 S.
1195 305 1399 361 PETRI
1436 302 1717 360 DAMIANI
1754 301 1905 360 OPP.
1942 302 2125 363 PARS
2163 300 2294 359 SEU
2354 299 2589 360 TOMUS
2627 299 2689 356 ll.
2716 331 2788 341 —
2814 298 3198 357 SERMONES.

3684 301 3786 361 656

532 428 754 485 modum
782 422 996 496 plenum
1044 419 1373 476 frumentum
1428 421 1481 475 in
1538 418 1717 488 spica;
1765 426 1961 489 quarto
1996 417 2109 487 jam
2139 417 2184 478 Α
2214 414 2585 486 promptuario
2629 413 2770 469 felici
2816 412 3283 468 consummatione
3328 410 3653 467 recondidit.
3697 412 3788 469 Sic

534 518 655 574 loco
680 515 790 571 falx
829 510 1080 576 mittitur,
1111 520 1165 565 et
1193 511 1335 580 quod
1380 518 1648 564 maturum
1679 518 1765 564 est
1799 508 2104 564 desecatur.

533 608 775 676 Quatuor
828 604 1009 672 itaque
1053 610 1199 664 sunt,
1251 602 1390 656 sicut
1429 600 1631 657 dictum
1674 608 1778 667 est,
1824 600 1909 655 bis
1948 598 2113 671 aptis-

529 701 668 756 sime
696 696 1071 769 congruentia,
1105 709 1226 765 que:
1250 695 1301 748 in
1322 694 1488 751 beato
1518 694 1864 764 reperiuntur
1894 693 2109 750 Alexio.

531 792 771 847 Primum
815 798 920 855 est,
974 789 1117 857 quod
1157 786 1415 841 mundum
1474 795 1530 841 et
1577 789 1845 841 mundana
1888 800 2114 856 queque

532 881 888 951 contempsit;
920 878 1238 943 secundum,
1261 877 1405 947 quod
1437 877 1774 948 peregrinus,
1803 883 1858 931 et
1884 876 1936 930 in
1965 875 2111 930 omni

518 972 787 1030 Tfaeultate
823 972 1074 1035 nudatus,
1107 986 1204 1041 per
1249 972 1435 1025 decem
1487 977 1541 1024 et
1589 978 1796 1039 septem
1847 983 2018 1022 annos
2060 969 2112 1022 in

526 1052 752 1120 Edessa:
776 1049 1176 1130 Mesopotamia:
1205 1058 1425 1115 civitate
1454 1056 1697 1111 omnium
1737 1068 1919 1113 rerum
1947 1070 2114 1126 penu-

524 1155 672 1210 riam
694 1152 915 1224 pertulit
948 1170 961 1205 :
998 1150 1110 1222 jam
1151 1166 1277 1206 vero
1311 1151 1529 1205 tertium
1571 1157 1674 1214 est,
1702 1148 1846 1220 quod
1896 1148 2114 1205 domum

528 1247 807 1318 propriam
846 1242 991 1299 felici
1013 1242 1286 1313 postlimio
1312 1241 1550 1306 rediens,
1592 1240 1892 1309 durumque
1939 1247 2115 1294 certa-

532 1353 658 1395 men
683 1352 992 1410 aggressus,
1017 1338 1156 1390 inter
1179 1349 1401 1388 uxorem
1423 1341 1478 1387 et
1504 1342 1792 1403 utrumque
1812 1342 2113 1401 parentem,

529 1432 676 1487 inter
710 1428 1030 1485 vernaculos
1067 1427 1446 1494 diversamque
1475 1423 1758 1489 familiam,
1787 1432 1845 1477 ut
1871 1422 1969 1478 soli
2006 1422 2115 1477 Deo

531 1521 689 1576 fieret
714 1521 981 1575 veraciter
1004 1526 1181 1585 notus,
1213 1517 1453 1571 omnium
1500 1514 1686 1569 fefellit
1716 1524 1987 1584 aspectus.
2023 1514 2115 1569 Po-

532 1622 735 1669 stremo
762 1621 1015 1683 quartum
1048 1620 1152 1675 est,
1194 1609 1335 1679 quod
1383 1608 1493 1663 illic
1540 1617 1661 1678 post
1690 1607 1872 1678 alapas
1903 1617 1966 1661 ac
1987 1622 2113 1663 ver-

530 1706 658 1761 bera
691 1705 1053 1770 servulorum,
1084 1711 1206 1774 post
1246 1700 1697 1759 subsannationes
1737 1708 1791 1755 et
1839 1708 2116 1755 contume-

2216 505 2380 575 igitur
2415 504 2652 560 caelestis
2678 503 2930 575 agricola:
2957 503 3277 574 disponente
3309 516 3784 566 mensura,semen

2212 593 2454 649 surrexit
2481 594 2533 647 in
2566 593 2811 659 herbam,
2842 594 3008 648 herba
3035 592 3210 647 crevit
3254 592 3308 647 in
3362 593 3591 661 spicam,
3646 609 3788 662 spica

2214 683 2411 755 prodiit
2439 683 2491 737 in
2521 682 2872 747 frumentum,
2902 683 3228 737 frumentum
3262 682 3508 752 pervenit
3554 683 3625 739 ad
3668 684 3789 741 hor-

2214 787 2385 830 reum.
2417 772 2699 829 Plenitudo
2725 774 2922 843 quippe
2956 774 3240 840 virtutum,
3274 773 3415 828 sicut
3440 774 3645 830 dictum
3665 788 3785 838 est,

2213 878 2321 919 non
2354 871 2463 918 tota
2495 862 2690 930 simul,
2721 863 2813 917 sed
2859 877 2959 933 per
3010 862 3342 918 incrementa
3393 862 3681 929 tribuitur;
3736 875 3791 916 ut

2214 957 2280 1010 ad
2309 969 2430 1009 eam
2462 970 2559 1024 per
2590 955 2856 1010 diuturnae
2891 956 3253 1025 provectionis
3300 970 3607 1019 accessum,
3640 957 3785 1026 quasi

2216 1045 2536 1119 quibusdam
2554 1044 2733 1115 magni
2755 1043 3140 1100 moderaminis
3165 1043 3423 1116 gradibus
3446 1045 3787 1099 ascendatur.

2282 1154 2411 1212 Haec
2437 1155 2595 1225 plane
2619 1164 2909 1226 provectus
2931 1155 3103 1210 nostri
3130 1155 3465 1224 quadrifaria
3493 1156 3789 1227 dispositio.

2214 1262 2333 1318 qua:
2359 1248 2427 1302 ab
2459 1247 2575 1317 ipso
2605 1245 2834 1301 Domino
2854 1246 2953 1301 sub
2997 1245 3220 1302 seminis
3245 1245 3414 1314 ﬁgura
3449 1245 3789 1310 describitur,

2213 1338 2352 1408 apud
2391 1336 2731 1391 Ezechielem
2769 1334 3089 1407 prophetam
3126 1349 3227 1404 per
3270 1349 3424 1405 aqua:
3472 1333 3789 1391 vocabulum

2214 1428 2543 1499 designatur.
2570 1411 2643 1482 De
2668 1427 2788 1482 viro
2822 1426 3038 1497 quippe,
3065 1440 3227 1496 quem
3261 1426 3316 1480 in
3352 1426 3573 1482 excelso
3621 1436 3794 1481 monte

2220 1527 2597 1589 conspexerat,
2630 1519 2745 1574 llaec
2766 1531 2868 1588 per
2912 1519 3159 1573 ordinem
3207 1525 3393 1573 narrat
3438 1533 3453 1573 :
3511 1536 3530 1569 ι
3584 1516 3795 1571 Mensns

2215 1620 2318 1676 est,
2344 1608 2541 1680 inquit,
2577 1608 2792 1665 cubitos
2820 1607 2985 1674 mille,
3011 1617 3065 1663 et
3095 1608 3335 1662 traduxit
3358 1621 3445 1661 me
3466 1621 3566 1676 per
3608 1621 3792 1676 aquam

2216 1718 2387 1773 usque
2414 1705 2480 1758 ad
2511 1701 2678 1769 talos;
2714 1717 3038 1772 rursumque
3066 1716 3284 1756 mensus
3309 1707 3391 1756 est
3422 1699 3589 1765 mille,
3616 1709 3673 1755 et
3695 1708 3798 1753 tra-

532 1798 629 1852 tias
659 1795 1024 1862 irridentium,
1051 1804 1174 1865 pOSt
1196 1792 1639 1850 cachinnantium
1676 1808 1741 1847 ae
1777 1790 2112 1847 stevientinm
2148 1776 2188 1834 Β
2217 1796 2372 1851 duxit
2398 1810 2483 1851 me
2510 1811 2608 1865 per
2634 1810 2831 1866 aquam
2880 1810 3052 1866 usque
3106 1795 3173 1850 ad
3220 1798 3427 1865 genua;
3479 1804 3534 1849 et
3584 1810 3796 1850 mensus

522 1889 737 1961 plagas,
764 1897 884 1960 post
920 1887 1286 1943 intolerabiles
1329 1885 1565 1955 denique
1602 1882 1997 1952 patientissime
2028 1891 2111 1937 to-

520 1989 711 2039 lerata:
725 1980 1052 2038 calamitatis
1074 1978 1319 2050 injurias,
1338 1978 1553 2034 tandem
1579 1977 1805 2033 feliciter
1823 1976 2116 2055 obiit,tau-

531 2076 676 2147 tique
696 2073 896 2129 laboris
911 2073 1170 2127 immensa
1187 2069 1482 2125 certamina
1499 2069 1656 2123 beato
1673 2065 1778 2121 line
1804 2067 2114 2135 complevit.

602 2163 738 2220 Cum
778 2177 908 2233 ergo
961 2160 1221 2216 mundum
1282 2158 1509 2228 insignis
1566 2157 1650 2211 vir
1704 2157 1806 2212 iste
1855 2154 2110 2218 deseruit,

531 2268 712 2310 nonne
735 2251 1131 2323 quodammodo
1162 2259 1290 2305 tunc
1312 2250 1478 2304 herba
1502 2248 1638 2303 fuit?
1671 2246 1871 2303 Debilis
1896 2245 2112 2316 quidem

533 2344 711 2400 adhuc
740 2358 851 2414 «per
905 2340 1274 2397 conversionis
1319 2339 1536 2395 novitiae
1581 2338 1964 2403 rudimentum,
2019 2337 2115 2393 sed

530 2435 639 2509 iam
668 2451 831 2490 urens
854 2449 951 2505 per
973 2434 1087 2504 spei
1110 2432 1368 2497 caelestis,
1383 2431 1524 2503 quod
1552 2440 1744 2487 mente
1766 2439 2114 2500 conceperat,

531 2528 879 2584 desiderium.
913 2525 1027 2580 Nisi
1053 2527 1198 2580 enim
1238 2524 1291 2579 in
1322 2539 1453 2594 agro
1482 2523 1691 2579 meritis
1733 2521 1851 2591 ejus
1880 2523 2115 2580 mundus

528 2627 823 2686 aresceret,
851 2631 955 2672 non
986 2616 1310 2686 sprevisset;
1355 2623 1410 2669 et
1448 2614 1551 2670 nisi
1591 2628 1839 2684 superine
1868 2614 1980 2682 spei
2009 2613 2116 2673 sibi

527 2710 679 2765 viror
705 2708 922 2771 inesset,
955 2719 1062 2761 non
1093 2707 1158 2760 ad
1185 2705 1354 2786 Deum
1402 2715 1701 2775 tantopere,
1727 2704 1969 2760 dimissis
1996 2719 2114 2759 om-

529 2799 710 2865 nibus,
736 2799 1037 2854 festinaret.
1089 2798 1146 2852 in
1193 2797 1279 2852 illa
1328 2796 1533 2852 scilicet
1580 2796 1918 2860 haereditate,
1950 2809 2115 2865 quam

527 2893 720 2947 beatus
754 2890 949 2945 Petrus
997 2909 1015 2940 ι
1054 2887 1558 2952 incontaminatam,
1582 2886 2109 2950 immareescibilem,

524 2990 905 3039 conservatam
929 2980 984 3035 in
1011 2979 1164 3041 ctelis
1193 2978 1244 3049 (Ι
1278 2976 1421 3031 Petr.
1458 2978 1520 3048 ι),
1557 2998 1575 3031 ι
1611 2976 1876 3048 appellat;
1927 2985 1982 3032 et
2012 2976 2115 3031 Do-

2216 1899 2300 1947 est
2324 1891 2492 1956 mille,
2515 1899 2571 1946 et
2601 1890 2838 1945 traduxit
2857 1905 2943 1945 me
2967 1904 3065 1961 per
3088 1903 3284 1959 aquam
3309 1904 3480 1960 usque
3507 1888 3578 1942 ad
3609 1902 3793 1952 renes;

2214 1994 2264 2039 et
2298 1998 2518 2039 mensus
2539 1991 2624 2039 est
2649 1982 2817 2049 mille,
2849 1990 3340 2053 torrentetn,quem
3368 1996 3477 2036 non
3502 1980 3651 2051 ροῖυί
3682 1996 3794 2050 per-

2220 2076 2476 2142 transire,
2504 2076 2761 2146 quoniam
2790 2074 3164 2130 intumuerunt
3186 2086 3340 2145 aqua;
3364 2066 3650 2143 profunda
3690 2082 3793 2126 tor-

2218 2165 2404 2231 rentis,
2434 2166 2525 2235 qui
2551 2180 2655 2220 non
2685 2172 2899 2234 poterat
2923 2162 3259 2219 transvadari
3302 2160 3522 2235 (Ezech.
3552 2162 3742 2231 XLVII).
3773 2180 3788 2210 ι

2216 2255 2359 2327 ρυίιι
2378 2255 2537 2326 plane
2560 2255 2875 2325 designatur
2900 2253 2953 2307 in
2978 2253 3278 2309 millenario
3301 2266 3556 2317 numero,
3572 2250 3677 2305 nisi
3696 2248 3795 2304 col-

2223 2345 2319 2399 lati
2344 2346 2590 2399 mnucris
2616 2344 2930 2413 plenitudo?
2963 2343 3100 2411 Quid
3125 2344 3213 2398 hic
3240 2358 3397 2412 aqua,
3428 2342 3538 2397 nisi
3565 2340 3796 2397 etnlestis

2213 2443 2301 2491 est
2319 2434 2618 2503 sapientia?
2639 2432 2792 2490 Unde
2804 2448 2900 2503 per
2916 2432 3261 2489 Salomonem
3279 2432 3479 2487 dicitur
3498 2449 3512 2485 :
3537 2450 3558 2482 ι
3580 2429 3794 2500 Sapien-

2218 2524 2289 2580 tia
2312 2524 2407 2578 Dei
2436 2533 2770 2594 erupuerunt
2791 2524 2993 2594 abyssi,
3024 2532 3077 2579 et
3099 2523 3273 2578 nubes
3295 2537 3418 2578 rore
3441 2528 3795 2577 concrescunt

2215 2612 2396 2686 (Prov.
2415 2614 2520 2685 tu).
2547 2632 2566 2668 ι
2585 2616 2679 2670 Vir
2694 2616 2896 2687 itaque,
2913 2616 3003 2685 qui
3020 2616 3291 2687 apparuit,
3310 2614 3456 2669 mille
3470 2613 3685 2670 oubitos
3699 2627 3795 2670 me-

2216 2708 2368 2773 titur,
2386 2717 2441 2764 et
2465 2710 2725 2779 propheta
2750 2724 2849 2780 per
2870 2722 3066 2780 aquam
3091 2723 3261 2778 usque
3285 2707 3354 2764 ad
3383 2706 3527 2769 talos
3556 2707 3789 2769 ducitur;

2214 2799 2339 2869 quia
2358 2798 2686 2879 Redemptor
2711 2810 2896 2856 noster
2916 2816 3036 2855 cum
3058 2800 3214 2857 nobis
3228 2801 3296 2856 ad
3310 2815 3369 2855 se
3395 2797 3679 2856 conversis
3697 2797 3794 2868 spi-

2215 2889 2391 2945 ritalis
2407 2889 2614 2945 exordii
2641 2889 3026 2961 plenitudinem
3062 2890 3273 2958 tribuit,
3287 2890 3429 2948 dono
3445 2906 3695 2961 superna:
3716 2905 3793 2945 sa-

2214 2982 2448 3052 pientiae,
2466 2981 2618 3051 quasi
2636 2982 2807 3052 prima
2823 2983 3045 3053 vestigia
3062 2993 3261 3039 nostrae
3271 2983 3610 3053 operationis
3630 2982 3797 3038 infun-

534 3075 715 3130 minus
755 3085 956 3142 pascua
980 3072 1223 3126 nominat
1258 3068 1440 3143 (Joan.
1470 3070 1526 3141 x)
1560 3089 1571 3123 :
1613 3070 1780 3124 herba
1810 3068 1917 3123 ista
1962 3066 2112 3123 radi-
2188 3075 2316 3130 ‘dir,
2342 3074 2478 3130 Nam
2505 3075 2664 3145 quasi
2690 3088 2862 3146 usque
2888 3076 2958 3131 ad
3009 3075 3146 3132 ιειιοε
3192 3077 3440 3146 perveni;
3489 3091 3657 3145 aqua,
3682 3089 3797 3130 cum

533 3181 653 3223 cem
697 3163 915 3227 fixerat,
943 3170 1105 3231 atque
1142 3160 1262 3216 ideo
1287 3176 1539 3230 supernae
1564 3161 1754 3232 gratiae
1784 3160 1965 3216 virore
1990 3174 2114 3214 ver-

2221 3185 2325 3227 nos
2348 3184 2449 3241 per
2470 3179 2748 3240 acceptam
2769 3169 3091 3241 sapientiam
3113 3169 3437 3225 desiderate
3465 3167 3799 3224 rectitudinis

531 3260 721 3317 nabat.
745 3256 882 3314 Cum
906 3271 1038 3313 vero
1069 3255 1184 3327 jam
1237 3255 1445 3326 prolixo
1508 3264 1752 3327 tempore
1810 3254 1865 3310 in
1899 3254 2118 3325 .ignotz

529 3351 769 3423 regionis
821 3349 1015 3406 exsilio
1058 3347 1316 3420 perstitit,
1364 3362 1591 3417 seseque
1644 3346 1712 3401 ad
1768 3344 2119 3416 perferendas

532 3454 647 3499 tam
680 3442 827 3513 jngis
864 3441 1078 3512 inopia},
1111 3448 1166 3495 et
1212 3438 1539 3494 calamitatis
1579 3453 1899 3494 aerumnosa!
1946 3436 2119 3493 mole—

532 3535 667 3591 stias
696 3534 863 3607 143
884 3532 1191 3597 roboravit;
1240 3531 1368 3603 quid
1398 3530 1568 3595 aliud,
1592 3545 1778 3599 quam,
1809 3538 1879 3605 ut
1912 3528 1989 3584 ita
2033 3529 2118 3585 ισ-

532 3643 692 3699 quar,
716 3627 885 3682 herba
929 3634 1113 3681 tenera
1144 3623 1387 3678 surrexit
1412 3622 1466 3676 in
1507 3621 1733 3691 spicam.
1772 3620 2121 3676 Postmodum

533 3732 666 3778 vero
705 3737 827 3776 cum
879 3734 977 3791 per
1024 3717 1349 3772 infusionem
1411 3714 1583 3769 sancti
1634 3713 1892 3783 Spiritus,
1945 3712 2119 3767 intimi

534 3813 749 3872 roboris
775 3813 961 3882 vigore
986 3818 1268 3877 concepto,
1285 3817 1562 3876 paternam
1598 3806 1816 3860 domum
1854 3803 2120 3857 acerrima

537 3916 594 3964 et
620 3906 763 3961 ultra
792 3904 1056 3959 humanas
1084 3900 1227 3955 vires
1253 3898 1437 3970 gravia
1470 3896 1768 3953 certamina
1795 3894 2123 3950 toleraturus

539 3994 796 4059 intravit;
842 3992 970 4062 quid
997 3991 1348 4060 aliud,quatn
1402 3989 1469 4042 ad
1524 3986 1740 4057 plenum
1789 3986 2123 4041 frumentum

541 4084 694 4140 dives
719 4084 836 4138 haec
860 4082 1009 4150 spica
1051 4078 1336 4148 pervenit?
1385 4076 1512 4132 Haec
1559 4076 1813 4132 nimirum
1864 4077 2013 4146 spica
2067 4076 2122 4130 in

539 4182 742 4230 statum
765 4170 876 4240 jam
907 4171 1040 4224 tanti
1070 4168 1278 4224 roboris
1305 4166 1676 4233 convaluerat,
1696 4176 1754 4222 ut
1786 4180 1852 4221 ex
1883 4180 1978 4221 ore
2003 4181 2121 4220 scr-

539 4264 793 4322 Vulorum
849 4259 1125 4331 probrosae
1175 4257 1520 4313 contumeliae
1578 4255 1746 4311 flabra
1796 4255 2125 4326 profluerent

540 4374 643 4415 nec
667 4357 994 4417 obruerent;
1029 4352 1093 4407 de
1119 4349 1432 4421 quotidiana
1454 4347 1718 4417 conjugis,
1737 4344 2125 4417 parentuiuque

539 4461 833 4518 conspectu
866 4445 1221 4502 tentationum
1243 4439 1436 4495 fluetus
1465 4440 1845 4509 impingerent,
1867 4454 1963 4492 nec
1990 4447 2127 4492 ster—

543 4557 677 4599 nere
706 4540 1030 4613 potuisseut.
1074 4535 1319 4590 Fundata
1367 4533 1564 4602 quippe
1598 4530 1787 4586 domus
1821 4542 2125 4601 eratsupra

546 4633 762 4690 firmam
812 4639 1024 4702 petram
1071 4624 1287 4698 (Matth.
1316 4624 1434 4696 vn).
1483 4623 1553 4678 Et
1583 4624 1800 4694 quidem
1831 4623 1957 4676 dum
1997 4637 2129 4692 pau-

543 4739 731 4800 pertas
755 4724 996 4781 exterior
1025 4722 1263 4790 inopem,
1288 4732 1564 4787 pannosus
1593 4717 1809 4772 habitus
1863 4724 1918 4787 et
1960 4728 2127 4769 ωρδίι-

545 4822 658 4874 ries
686 4816 938 4873 redderet
968 4810 1167 4866 inculta
1206 4808 1525 4872 deformem,
1575 4800 1730 4878 quasi
1781 4806 1910 4862 viles
1962 4806 2124 4860 cultui

548 4922 605 4967 et
631 4911 811 4966 aristae
840 4905 1050 4962 steriles
1080 4902 1402 4957 videbantur
1442 4901 1494 4954 in
1535 4899 1713 4968 palea,
1750 4898 1852 4959 sed
1910 4897 2125 4968 plenum

550 5017 780 5075 granum
818 4999 1019 5055 latebat
1052 4997 1191 5051 intra
1220 4992 1569 5049 conscientiae
1608 4991 1839 5046 thecam.
1882 4989 2012 5044 lllud
2046 4989 2128 5043 ni-

553 5097 752 5150 mirum
788 5105 1037 5163 granum,
1069 5086 1213 5157 quod
1240 5086 1307 5139 de
1338 5083 1631 5152 semetipso
1657 5081 1873 5137 dicebat
1905 5100 1917 5134 :
1958 5099 1976 5133 ι
2014 5078 2131 5134 Nisi

552 5199 779 5259 granum
803 5180 1059 5236 frumenti
1087 5177 1286 5233 cadens
1330 5175 1383 5229 in
1425 5183 1649 5239 terram,
1696 5182 1968 5227 mortuum
2018 5169 2131 5225 fne-

2158 4514 2206 4573 D

2219 3262 2437 3334 ﬁgimus
2473 3261 2723 3319 inchoata
2758 3260 3002 3333 vestigia.
3035 3259 3138 3329 Qui
3170 3276 3362 3316 rursus
3394 3262 3616 3317 cubitus
3642 3260 3794 3316 meti-

2222 3364 2312 3409 tur
2342 3353 2508 3419 mille,
2537 3352 2875 3422 etpropheta
2918 3366 3089 3423 usque
3124 3352 3193 3407 ad
3245 3366 3416 3423 genua
3470 3363 3568 3420 per
3613 3363 3796 3420 aquam

2221 3445 2465 3510 ducitur;
2492 3445 2748 3515 quoniam
2774 3444 2843 3499 ad
2870 3444 2974 3499 hoc
2987 3444 3100 3514 jam
3125 3443 3407 3512 sapientia:
3434 3452 3638 3497 nostra:
3659 3440 3800 3510 vigor

2218 3547 2473 3610 augetur,
2517 3545 2576 3589 ut
2622 3536 2689 3591 ad
2739 3534 3100 3605 perpetranda
3154 3533 3441 3605 pravitatis
3468 3542 3638 3602 opera
3705 3544 3797 3584 non

2219 3629 2493 3687 ﬂectatur.
2522 3628 2670 3686 Unde
2700 3640 2794 3701 per
2807 3627 3032 3684 Paulum
3055 3628 3255 3685 dicitur
3282 3645 3295 3682 :
3333 3645 3353 3680 ι
3384 3626 3667 3681 Remissas
3695 3637 3800 3677 ma-

2220 3737 2346 3784 nus,
2378 3730 2434 3776 et
2472 3722 2732 3776 dissoluta
2781 3735 2955 3791 genua
3003 3720 3217 3791 erigite,
3262 3725 3317 3773 et
3364 3730 3592 3788 gressus
3633 3720 3802 3770 rectos

2229 3810 2389 3883 144
2418 3811 2584 3866 facite
2603 3810 2826 3880 pedibus
2847 3809 3146 3877 vestris,ne
3170 3806 3479 3863 claudicans
3501 3805 3630 3877 quis
3647 3811 3798 3862 erret.

2223 3900 2397 3970 magis
2425 3913 2605 3956 autem
2636 3909 2859 3955 sanetur
2882 3898 3072 3972 (Hebr.
3097 3897 3221 3971 xu).
3249 3916 3278 3954 r
3305 3896 3462 3968 Aqua
3488 3911 3624 3954 vero
3645 3906 3802 3965 usque

2225 3992 2293 4047 ad
2329 4007 2505 4063 genua
2528 3990 2796 4062 pervenit,
2828 4007 2956 4046 cum
2989 4005 3092 4048 nos
3117 3999 3370 4061 percepta
3398 3988 3671 4058 sapientia
3698 4000 3801 4055 pcr-

2224 4084 2365 4142 fecte
2395 4085 2461 4140 ad
2495 4085 2618 4140 boni
2645 4084 2827 4154 operis
2860 4084 3243 4139 rectitudinem
3286 4081 3541 4147 stringit;
3599 4088 3661 4135 ut
3699 4076 3801 4145 jam

2230 4184 2416 4231 noster
2437 4174 2652 4229 animus
2683 4188 2789 4229 non
2828 4172 3042 4228 vacillet
3071 4184 3137 4228 ac
3167 4171 3385 4233 titubet,
3415 4171 3511 4225 sed
3561 4169 3620 4224 in
3649 4170 3801 4226 bono,

2227 4262 2369 4334 quod
2408 4269 2689 4330 cceperat,
2745 4259 2973 4330 Vestigia
3024 4258 3131 4314 fixa
3186 4258 3493 4314 confirmet.
3549 4254 3801 4311 meatus

2227 4355 2390 4409 etiam
2420 4353 2503 4408 vir
2531 4353 2724 4408 iterum
2749 4366 2968 4407 mensus
2997 4359 3083 4407 est
3105 4350 3252 4405 mille
3272 4389 3291 4415 ,
3313 4359 3368 4404 et
3416 4347 3684 4418 propheta
3712 4356 3802 4414 per

2229 4460 2426 4514 aquam
2452 4459 2626 4515 usque
2649 4442 2716 4499 ad
2746 4457 2902 4499 renes
2932 4441 3186 4504 ducitur;
3242 4438 3371 4510 quia
3403 4447 3535 4493 tunc
3564 4436 3801 4492 videlicet

2232 4538 2284 4592 in
2315 4535 2471 4591 nobis
2495 4534 2771 4606 plenitudo
2797 4532 2975 4589 sancti
2999 4531 3179 4602 operis
3207 4530 3442 4593 crescit,
3483 4527 3703 4599 quando
3750 4525 3798 4578 in

2231 4628 2387 4684 nobis
2408 4636 2662 4698 percepta
2689 4624 2973 4697 sapientia,
3003 4638 3241 4689 omnem,
3272 4632 3537 4692 quantum
3557 4615 3800 4691 possibile

2231 4727 2337 4784 est,
2369 4716 2786 4773 delectationem
2829 4714 3010 4770 carnis
3036 4712 3387 4769 exstinxerit.
3410 4710 3524 4766 Nisi
3551 4710 3800 4767 enimre-

2231 4810 2391 4865 nibus
2411 4808 2700 4864 delectatio
2729 4807 2910 4862 carnis
2955 4805 3180 4870 inesset,
3220 4802 3513 4871 Psalmista
3548 4801 3660 4857 Deo
3697 4811 3799 4855 non

2229 4900 2465 4955 diceret:
2492 4916 2511 4951 ι
2539 4898 2647 4953 Ure
2664 4913 2818 4954 renes
2834 4913 3000 4964 meos,
3016 4905 3071 4955 et
3092 4911 3187 4951 cor
3209 4911 3389 4952 meum
3415 4893 3590 4963 (Paul.
3608 4891 3749 4961 xxv).
3780 4910 3796 4943 ι

2233 4994 2384 5064 Aqua
2413 5009 2542 5064 ergo
2563 4991 2629 5046 ad
2657 5007 2812 5047 renes
2835 4991 2997 5053 venit,
3017 5005 3137 5045 cum
3168 4988 3346 5044 infusa
3370 4987 3528 5041 nobis
3546 4985 3799 5054 sapientia

2236 5084 2539 5152 petulantes
2572 5080 2871 5145 illecebras,
2902 5090 2958 5134 et
2986 5079 3257 5135 incentiva
3286 5078 3471 5133 carnis
3495 5073 3799 5145 exstinguit.

2236 5174 2337 5240 Qui
2370 5174 2449 5229 vir
2477 5174 2652 5229 adhuc
2683 5188 2902 5228 mensus
2931 5183 3017 5228 est
3055 5171 3232 5255 mille,
3263 5179 3586 5234 torrentem,
3623 5181 3800 5236 quem.

549 5277 646 5341 rit,
668 5274 842 5344 ipsum
865 5272 1039 5328 solum
1062 5276 1244 5323 manet
1270 5266 1454 5338 (Joan.
1480 5266 1601 5334 xu).
1631 5284 1650 5318 ι
1686 5263 1888 5332 Quarto
1917 5262 2130 5317 demum
2238 5267 2380 5322 sicut
2404 5266 2624 5326 diem",
2659 5265 2927 5334 propheta
2982 5264 3214 5319 transire
3255 5277 3366 5317 non
3421 5260 3624 5329 pom“;
3681 5273 3805 5327 quo-
