3946 5368
159 152 269 207 657

1545 147 1775 202 SERMO
1806 143 2043 202 XXVIII.

3315 146 3420 202 658

156 266 254 319 tia
284 263 556 320 tramitem
590 263 817 320 firmiter
870 264 1141 327 roborata,
1180 271 1300 333 post
1345 261 1740 317 oblectamenta
1771 264 1818 322 Α
1847 261 1938 315 bili
1966 275 2130 316 carne
2172 259 2485 331 perfruitur,
2519 274 2641 314 mox
2673 268 2730 313 ut
2766 259 2984 326 obierit,
3028 260 3094 315 ad
3136 259 3424 330 plenitudi-

156 359 401 424 renium,
433 365 489 411 et
515 359 800 413 aestuantis
831 357 1098 413 incentiva
1130 356 1312 410 carnis
1339 353 1640 416 exstincta,
1664 352 1746 406 vir

154 445 399 517 quisque
429 446 705 516 perfectus
731 448 796 501 ad
831 455 1032 500 tantam
1079 444 1462 515 plenitudinem
1505 450 1746 497 contem-

153 538 422 609 plationis
452 539 753 603 attollitur,
786 547 845 592 ut
865 538 990 592 dum
1024 553 1127 591 non
1154 545 1332 606 potest
1358 544 1464 587 tam
1489 532 1747 588 eximiam

151 628 592 698 profunditatem
651 629 717 684 ad
767 629 1028 698 liquidum
1075 625 1557 696 comprehendere,
1604 621 1750 680 velut

153 721 539 777 excrescentis
575 722 730 775 undae
761 720 956 774 vadum
989 733 1142 772 mens
1165 733 1266 770 non
1304 715 1478 770 valeat
1513 715 1750 769 humana

154 811 420 865 transire.

229 902 366 968 Qua:
389 902 642 958 videlicet
667 903 850 957 omnia
876 901 1043 970 gestis
1068 899 1129 954 Β.
1159 899 1332 954 Alexii
1373 897 1749 968 congruentis-

157 996 299 1050 sime
330 994 585 1048 videntur
629 995 825 1065 aptari.
869 993 1001 1048 Nam
1033 1007 1153 1047 cum
1196 1007 1225 1046 a
1269 991 1512 1062 paternis
1547 989 1752 1046 laribus

157 1095 327 1153 atque
363 1084 433 1138 ab
471 1085 633 1155 hujus
669 1086 851 1141 mundi
893 1085 1134 1139 vanitate
1183 1084 1470 1147 recedens,
1501 1081 1751 1136 exsilium

154 1180 352 1252 petiit;
391 1186 523 1233 tunc
551 1178 651 1232 sibi
679 1176 1074 1248 quodammodo
1097 1190 1237 1246 aqua
1287 1173 1547 1230 torrentis
1594 1172 1750 1241 hujus

156 1271 224 1325 ad
258 1271 401 1328 talos
436 1283 608 1338 usque
632 1266 894 1338 pervenit.
929 1265 1056 1320 Haec
1095 1279 1233 1334 aqua
1280 1278 1452 1334 usque
1499 1263 1565 1318 ad
1610 1262 1749 1317 talos

155 1361 333 1433 Moysi
362 1368 420 1416 et
469 1358 632 1414 Josue
657 1367 784 1412 tunc
807 1354 1152 1421 ascendebat,
1180 1369 1304 1410 cum
1330 1355 1408 1408 eis
1438 1369 1539 1408 vox
1570 1353 1749 1406 divina

153 1453 401 1521 juberet,
450 1459 512 1504 ut
559 1449 923 1504 calceamenta
974 1445 1040 1500 de
1082 1446 1194 1500 suis
1220 1444 1446 1516 pedibus
1480 1442 1754 1499 solverent

158 1542 364 1608 (Exod.
399 1556 494 1606 tu;
524 1540 637 1594 Jor.
683 1538 761 1607 v).
788 1537 914 1594 Haec
958 1535 1268 1606 apostolicis
1300 1533 1638 1604 postmodum
1661 1545 1753 1600 pe-

164 1633 330 1687 dibus
359 1629 642 1693 influebat,
666 1643 786 1684 cum
812 1628 892 1683 eis
919 1627 1230 1682 diceretur:
1270 1643 1288 1676 ι
1318 1623 1494 1678 Nolite
1534 1631 1752 1693 portare

160 1719 466 1784 sacculum,
495 1733 674 1788 neque
701 1731 918 1787 peram,
954 1730 1130 1786 neque
1163 1713 1530 1770 calceamenta
1580 1710 1748 1783 (Luc.

161 1811 259 1877 ι).
312 1829 332 1861 ι
386 1808 688 1880 Oportebat
733 1807 913 1873 enim,
960 1815 1020 1860 ut
1069 1803 1482 1860 annuntiatores
1537 1801 1750 1857 Veteris

159 1899 521 1964 Tcstamenti,
553 1908 605 1954 et
647 1899 1033 1969 praedicatores
1085 1894 1418 1964 evangelica:
1474 1893 1617 1954 fidei,
1657 1907 1754 1961 per

161 1995 309 2048 viam
357 2007 504 2048 verte
553 1991 877 2047 humilitatis
926 1989 1279 2053 incederent,
1325 1995 1380 2043 et
1440 1983 1752 2040 morticinio

162 2084 403 2154 tegmine
451 2082 682 2153 vestigia
731 2097 837 2137 non
893 2079 1302 2148 munirent,qni
1345 2078 1510 2131 vitam
1557 2073 1753 2146 populo

164 2175 502 2238 nuntiarent,
540 2174 636 2228 sed
667 2172 795 2226 illud
827 2173 879 2226 in
907 2187 967 2226 se
1006 2169 1288 2240 spirituale
1330 2178 1543 2240 tegmen
1571 2175 1756 2220 osten-

163 2267 376 2332 derent,
408 2265 476 2321 de
501 2263 942 2335 qqupostolus
981 2262 1096 2317 ait:
1136 2281 1154 2313 ι
1189 2260 1427 2316 Calceati
1484 2259 1646 2330 pedes
1700 2257 1774 2318 in,

162 2356 564 2428 pneparatione
586 2353 864 2424 Evangelii
890 2354 1040 2424 pacis
1065 2351 1280 2423 (Ep/aes.
1307 2351 1404 2422 vr).
1438 2370 1454 2401 ι
1488 2349 1640 2406 Unde
1663 2362 1756 2417 per

164 2448 361 2502 Isaiam
389 2446 632 2501 dicitur:
677 2462 696 2496 ι
727 2443 880 2499 Beati
931 2443 1093 2513 pedes
1131 2441 1616 2513 evangelizanti‘um
1662 2454 1757 2509 pa-

163 2555 302 2604 cem,
329 2536 821 2608 evangelizantium
853 2536 992 2590 bona
1030 2520 1188 2604 ('80..
1227 2533 1346 2604 LII).
1389 2552 1406 2584 ι
1451 2532 1582 2586 Cum
1628 2545 1754 2583 vero

166 2629 222 2684 S.
260 2628 488 2684 Alcxius
513 2643 611 2698 per
645 2625 961 2696 longissima
1005 2632 1310 2692 temporum
1362 2623 1534 2692 spatia
1592 2627 1755 2674 tanta:

165 2720 505 2792 paupertatis
531 2719 770 2789 inopiam
801 2716 853 2771 in
878 2715 1078 2788 ignotis
1115 2714 1312 2769 finibus
1338 2720 1652 2770 constanter
1691 2725 1755 2764 ac

169 2810 574 2881 patientissime
600 2808 844 2878 pertulit,
877 2815 1007 2862 tunc
1042 2806 1110 2860 ad
1132 2805 1252 2876 ejus
1291 2819 1465 2875 genua
1497 2800 1753 2857 torrentis

168 2918 301 2972 aqua
329 2902 596 2964 surrexit,
613 2901 738 2972 quia
763 2914 857 2970 spe
882 2898 1070 2954 mundi
1093 2913 1318 2967 prorsus
1339 2893 1751 2964 exstincta,jam

167 2995 216 3048 in
244 2995 328 3048 via
368 2993 582 3048 Domini
616 2991 814 3046 mentis
841 3005 954 3045 suae
981 2989 1204 3060 vestigia
1237 2987 1466 3042 firmiter
1518 2994 1574 3041 et
1615 2985 1750 3038 invi-

165 3085 405 3139 ctissime
446 3083 725 3137 roboravit
777 3098 789 3132 :
847 3080 1190 3150 postmodum
1254 3092 1383 3132 vero
1435 3092 1555 3131 cum
1607 3076 1750 3130 intra

165 3185 406 3245 paterna:
432 3173 626 3228 domus
659 3173 798 3226 atria
826 3171 1062 3242 degeret,
1095 3185 1217 3224 cum
1254 3167 1499 3223 carnales
1527 3163 1753 3220 affectus

163 3266 403 3334 undique
431 3270 697 3326 cerneret,
760 3276 886 3314 cum
940 3268 1226 3331 parentum
1276 3258 1749 3320 necessitudinem,

166 3371 282 3408 cum
308 3362 484 3417 certe,
513 3351 658 3422 quod
686 3349 952 3406 difficilius
979 3360 1033 3403 et
1070 3347 1461 3403 intolerabilius
1494 3354 1630 3408 erat,
1657 3360 1750 3400 ve-

166 3451 382 3496 nustam
440 3455 653 3510 sponsa:
695 3439 932 3508 speciem
983 3453 1012 3491 a
1069 3435 1766 3505 quotidianisimutuisque.

169 3532 552 3602 conspectibus
575 3531 752 3585 vitare
778 3545 882 3588 non
904 3537 1121 3599 posset,
1141 3536 1268 3583 tunc
1295 3528 1442 3583 velut
1479 3528 1547 3582 ad
1595 3539 1756 3582 renes

169 3622 278 3688 ejus
337 3636 480 3690 aqua
545 3622 804 3676 torrentis
869 3620 1144 3684 excrevit;
1213 3618 1342 3688 quia
1393 3619 1472 3676 sic
1521 3616 1771 3676 caelestis.

171 3711 440 3780 sapientia
510 3711 694 3766 carnis
768 3710 885 3778 ejus
961 3709 1230 3763 incentiva
1297 3707 1637 3776 perdomuit,
1700 3716 1756 3760 et

177 3801 473 3867 exstinxit;
534 3802 612 3856 sic
651 3801 821 3855 sancti
864 3799 1097 3869 Spiritus
1147 3799 1310 3854 ardor
1373 3798 1584 3862 lumbos
1633 3796 1749 3866 ejus

176 3909 233 3948 ac
286 3906 453 3948 renes
506 3891 745 3955 excoxit,
785 3900 844 3946 ut
889 3892 1014 3946 dum
1073 3891 1350 3946 vasculum
1402 3905 1557 3945 suum
1613 3903 1751 3958 quo-

177 3984 386 4038 tidianis
430 3981 586 4054 145
631 3997 877 4052 superna:
921 3984 1106 4054 gratice
1153 3982 1368 4037 fluentis
1411 3983 1751 4048 infunderet,

180 4073 353 4128 carnis
388 4074 673 4127 exs1inctze
700 4073 956 4127 materies
990 4073 1190 4126 nullum
1240 4073 1476 4127 titillanti
1524 4075 1753 4128 luxnria:

179 4164 416 4221 fomitem
450 4166 804 4221 ministraret.
862 4166 942 4220 Ad
977 4178 1134 4222 renes
1164 4179 1294 4235 ergo
1322 4166 1463 4220 beati
1495 4167 1596 4221 viri
1629 4176 1758 4222 tunc

180 4269 304 4321 aqua
324 4254 592 4325 pervenit,
617 4254 744 4323 quia
765 4254 1002 4324 Spiritus
1023 4263 1242 4308 sanctus
1269 4254 1318 4307 in
1341 4270 1406 4308 eo
1429 4265 1751 4320 exaestuans,

178 4347 421 4416 juvenilis
463 4347 639 4402 aetatis
689 4346 996 4402 incendium
1026 4355 1080 4401 et
1136 4345 1306 4401 illices
1347 4347 1657 4416 passionum
1690 4349 1754 4403 ti-
1785 4325 1832 4384 θ

185 4437 462 4490 tillantium
492 4446 671 4490 motus
695 4435 906 4491 occulto
936 4436 1016 4490 sui
1050 4435 1190 4490 roris
1237 4437 1459 4490 madore
1485 4436 1752 4506 perfudit;

181 4535 228 4582 et
247 4528 323 4582 sic
341 4541 560 4582 omnem
590 4525 818 4580 luxuriae
846 4524 1109 4589 fomitem,
1139 4525 1228 4594 qui
1261 4526 1312 4579 in
1339 4525 1454 4592 ejus
1506 4526 1754 4581 medullis

183 4627 329 4688 atque
375 4619 680 4673 visceribus
733 4617 1053 4672 naturaliter
1099 4625 1313 4686 poterat
1359 4618 1573 4682 ardere,
1626 4632 1756 4672 con-

184 4708 418 4779 sumpsit.
451 4707 520 4763 Ut
548 4715 729 4761 autem
763 4717 930 4762 totum
957 4708 1254 4777 prophetiae
1285 4706 1446 4774 hujus
1473 4708 1751 4762 oraculum

184 4799 322 4856 beato
344 4800 475 4854 huic
505 4800 624 4854 viro
651 4801 1038 4856 convenienter
1071 4811 1301 4871 aptetur,
1333 4801 1460 4855 illud
1497 4802 1660 4858 etiam
1687 4801 1754 4856 ab

1848 369 1968 407 nem
2015 353 2291 424 profunda:
2361 371 2423 410 ac
2473 353 2876 424 perfectissima:
2955 354 3424 421 contemplationis

1847 443 2127 511 attollitur,
2155 445 2288 500 adeo
2316 453 2374 498 ut
2399 444 2464 498 ad
2497 444 2855 500 contuendam
2884 444 3053 521 ipsam
3079 459 3304 501 summa:
3325 461 3423 502 ve-

1848 535 2022 589 ritatis
2049 537 2281 605 speciem
2315 535 2644 604 provehatur
2667 534 2718 600 (I
2739 533 2859 589 Cor.
2886 535 3028 606 xui).
3062 536 3212 591 Tunc
3243 538 3427 606 itaque

1849 631 2062 679 torrens
2102 641 2207 680 non
2246 635 2424 696 potest
2455 627 2762 696 pervadari,
2812 628 2937 696 quia
2991 627 3256 684 melliflute
3297 645 3429 685 con-

1849 716 2217 786 templationis
2239 727 2441 771 (eterna
2471 718 2696 773 dulcedo
2723 718 2868 771 nullo
2887 718 3000 788 jam
3031 719 3135 774 fine
3157 720 3425 787 concludi,

1848 805 1992 861 nulla
2045 816 2346 877 temporum
2392 809 2537 862 valet
2597 809 2904 878 prolixitate
2955 810 3117 866 finiri.
3193 811 3429 867 Torrens

1849 912 1976 968 ergo
2008 897 2096 953 ille
2121 899 2590 968 contemplationis
2628 911 2865 964 aeternae,
2894 917 3015 970 quae
3043 917 3149 957 non
3181 911 3310 957 tunc
3335 919 3432 974 per

1851 989 2007 1043 fidem
2045 991 2326 1060 quaeritur,
2369 993 2463 1046 sed
2502 1008 2596 1062 per
2632 994 2863 1062 speciem
2888 995 2999 1064 jam
3034 1005 3271 1061 tenetur,
3301 997 3428 1066 quia

1850 1081 2024 1136 nescit
2053 1083 2306 1148 transire,
2337 1085 2524 1153 nequit
2549 1085 2767 1139 omnino
2800 1087 3048 1151 transiri;
3081 1099 3135 1142 et
3164 1088 3289 1157 quia
3324 1104 3430 1141 non

1849 1171 1992 1226 valet
2016 1172 2266 1228 humanis
2292 1175 2633 1230 sermonibus
2661 1177 2908 1245 exprimi,
2938 1194 3042 1232 non
3067 1188 3264 1248 potest,
3293 1179 3433 1235 sicut

1850 1261 2070 1330 dicitur,
2122 1263 2190 1319 ab
2237 1264 2456 1321 homine
2497 1266 2804 1335 pervadari.
2874 1266 3027 1322 Hunc
3075 1269 3296 1324 sitiebat
3340 1269 3428 1326 ille

1856 1363 2188 1424 torrentem,
2233 1355 2323 1425 qui
2374 1357 2473 1412 sub
2517 1371 2610 1427 spe
2656 1366 2803 1412 certa
2845 1358 2956 1426 jam
3002 1358 3425 1429 gratulabundus

1853 1445 2035 1500 aiebat
2060 1463 2072 1500 :
2106 1463 2124 1496 ι
2157 1445 2270 1516 Ego
2300 1455 2480 1501 autem
2525 1461 2647 1501 cum
2676 1445 2885 1514 jnstitia
2915 1448 3185 1518 apparebo
3214 1449 3266 1502 in
3297 1463 3426 1504 con-

1854 1547 2040 1605 spectu
2071 1544 2194 1601 tuo;
2239 1538 2479 1591 satiabor
2519 1538 2642 1590 dum
2677 1538 3108 1593 manifestabitnr
3133 1541 3302 1609 gloria
3334 1549 3430 1594 tua

1783 1603 1826 1662 Β
1855 1603 2028 1695 (l’sal.
2058 1627 2192 1697 xvi).
2226 1649 2242 1680 ι
2300 1628 2373 1682 De
2403 1630 2502 1683 hoc
2538 1628 2731 1682 iterum
2763 1631 2932 1684 dicit:
2966 1655 2982 1682 ι
3013 1603 3428 1688 luchi-iabuntur

1854 1715 1921 1771 ab
1962 1717 2206 1773 ubertate
2245 1717 2436 1772 domus
2479 1727 2602 1784 tum,
2643 1728 2697 1772 ct
2726 1728 2964 1774 torrente
2997 1722 3283 1792 voluptatis
3321 1731 3425 1777 tuae

1852 1803 2068 1874 potabis
2111 1820 2226 1871 eos,
2273 1808 2525 1876 quoniam
2557 1809 2696 1878 apud
2740 1818 2789 1863 te
2815 1819 2898 1864 est
2935 1809 3053 1865 fons
3094 1811 3213 1865 vitae
3255 1811 3427 1878 (Psal.

1857 1896 2045 1966 xxxv).
2097 1915 2116 1950 ι
2173 1897 2252 1950 Ad
2293 1898 2451 1967 hujus
2498 1900 2744 1954 immensi
2805 1903 3060 1956 torrentis
3109 1901 3168 1956 Β.
3212 1901 3432 1956 Alexius

1855 1985 2121 2058 profunda
2172 1986 2371 2042 fluenta
2425 1990 2694 2059 pervenit,
2745 2007 2866 2046 cum
2910 1993 2963 2046 in
3013 2002 3235 2062 paterna
3273 1992 3433 2047 domo

1858 2087 1978 2148 post
2023 2077 2266 2132 victoriae
2315 2077 2563 2148 gloriosa:
2606 2079 2939 2149 triumphum
2989 2080 3218 2135 feliciter
3263 2081 3430 2136 obiit:

1858 2167 2223 2238 triumphum,
2273 2168 2528 2240 inquam,
2579 2171 2705 2240 quia
2756 2171 3070 2227 admiranda
3115 2171 3288 2227 sancti
3331 2169 3435 2228 viri

1856 2261 2014 2328 hujus
2041 2261 2152 2317 vita
2182 2277 2308 2316 vere
2348 2263 2654 2334 triumphus
2693 2273 2776 2318 est
2815 2275 2871 2318 et
2906 2281 3044 2320 nova
3086 2275 3248 2335 atque
3277 2265 3435 2321 inau-

1856 2352 1967 2407 dita
2000 2352 2112 2408 fere
2154 2353 2411 2419 victoria;
2447 2369 2701 2423 cumque,
2740 2353 2894 2422 juxta
2925 2354 3300 2424 Propheticam
3344 2369 3437 2408 vo-

1856 2460 1999 2507 cem,
2046 2444 2313 2499 mirabilis
2361 2446 2502 2500 Deus
2538 2447 2610 2500 sit
2649 2447 2702 2500 in
2751 2449 2953 2503 sanctis
3011 2447 3183 2518 (Psal.
3241 2450 3433 2516 van),

1857 2535 1909 2588 in
1939 2533 2099 2603 hujus
2130 2534 2314 2589 invicti
2344 2535 2530 2591 militis
2555 2536 2638 2591 sui
2679 2538 2969 2606 spectaculi
3007 2538 3254 2592 tirocinio
3283 2545 3433 2591 tanto

1855 2625 2154 2680 mirabilior
2198 2627 2424 2692 exstitit,
2472 2636 2675 2696 quanto
2712 2644 2807 2698 per
2829 2629 2984 2683 'hunc
3026 2639 3214 2684 contra
3253 2629 3432 2684 carnis

1857 2714 2176 2781 illecebras,
2241 2727 2431 2771 contra
2497 2717 2702 2772 fraudis
2769 2717 3044 2775 diabolica:
3097 2726 3433 2773 tentantcnla

1821 2827 1824 2831 '
1860 2822 2000 2862 novo
2053 2816 2215 2878 atque
2241 2808 2460 2863 insolito
2494 2809 2739 2880 martyrii
2770 2825 2968 2881 genere
2997 2812 3271 2864 dimicavit

1927 2897 2095 2955 Vetus
2146 2916 2277 2955 sane
2328 2901 2486 2956 tradit
2512 2902 2736 2957 historia
2789 2902 3434 2973 (Ευτιιορ.,11ἱει.ηοηι.

1857 2989 1946 3044 lib.
1976 3006 2012 3044 ιι
2041 2990 2092 3045 in
2123 2990 2263 3059 fin.),
2314 2991 2441 3061 quia
2473 2991 2701 3046 Romani
2758 3008 2880 3048 cum
2921 2995 3439 3065 Carthaginiensibus

1854 3079 2029 3134 navali
2061 3082 2359 3136 certamine
2388 3081 2758 3152 confligentes,
2797 3084 3081 3139 obtinuere
3118 3084 3434 3150 victoriam;

1854 3186 1957 3225 nec
1981 3171 2121 3227 ullus
2146 3189 2406 3242 unquam,
2440 3174 2584 3229 sicut
2633 3175 2739 3230 illic
2771 3176 2984 3246 legitur,
3010 3176 3270 3231 Romanis
3315 3193 3440 3246 gra-

1857 3262 1960 3316 tior
1986 3264 2157 3332 potuit
2198 3279 2318 3318 esse
2349 3265 2675 3334 triumphus,
2709 3277 2767 3319 ut
2803 3268 2894 3336 qui
2934 3267 3180 3322 hostibus
3210 3269 3323 3321 suis
3348 3281 3440 3322 ea-

1857 3361 2012 3407 tenus
2061 3352 2279 3408 fuerant
2326 3353 2377 3408 in
2429 3363 2642 3408 terrena
2691 3357 3096 3410 concertatione
3141 3357 3438 3422 terribiles,

1857 3458 1999 3498 nunc
2025 3451 2229 3507 essent,
2261 3452 2312 3497 et
2343 3445 2482 3499 inter
2509 3446 2716 3498 marina
2743 3443 2942 3499 fluenta
2968 3446 3219 3500 victores.
3260 3445 3440 3500 Victo-

1857 3537 1934 3590 ria
1973 3537 2136 3606 igitur
2173 3537 2261 3590 illa
2302 3537 2508 3590 idcirco
2560 3537 2730 3605 magis
2758 3553 2908 3602 cara,
2954 3539 3080 3607 quia
3134 3555 3283 3601 rara;
3319 3537 3439 3593 ideo

1856 3627 1974 3695 plus
2023 3626 2284 3697 gloriosa,
2335 3627 2461 3695 quia
2509 3641 2667 3680 nova.
2723 3626 2876 3681 Sicut
2925 3643 3050 3698 ergo
3100 3628 3303 3682 navalis
3353 3627 3439 3681 ille

1859 3718 2183 3788 triumphus,
2212 3719 2337 3788 quia
2371 3734 2559 3781 novus,
2593 3719 2799 3789 gratior
2825 3718 2924 3772 fuit
2953 3719 3164 3786 Romm;
3215 3720 3286 3772 ita
3313 3735 3439 3788 pro-

1855 3807 1996 3868 fecto
2017 3808 2163 3864 beati
2190 3810 2359 3864 virtus
2383 3809 2554 3863 Alexii
2591 3817 2811 3880 propter
2849 3809 3117 3864 insolitam
3147 3810 3438 3865 novitatem

1856 3901 2028 3970 magis
2052 3899 2226 3969 placet
2250 3901 2522 3956 Ecclesiae.

1928 3993 2098 4070 David
2127 4009 2258 4050 sane
2287 3997 2412 4050 dum
2443 4010 2501 4051 se
2529 4011 2710 4050 coram
2738 3996 2903 4051 Achis
2935 4013 3110 4068 regem
3141 3997 3301 4060 Geth,
3347 3996 3431 4051 fu.

1858 4087 2061 4140 riosum
2097 4101 2162 4142 ac
2189 4088 2493 4142 dementem
2529 4088 2703 4151 finxit,
2737 4088 2970 4158 gladium
3020 4091 3134 4158 ejus
3165 4089 3439 4158 sapienter

1857 4177 2029 4232 evasit
2051 4176 2101 4247 (1
2126 4176 2250 4248 Reg.
2282 4177 2400 4249 χιι).
2435 4177 2684 4233 Salvator
2715 4190 2900 4233 noster
2927 4181 3204 4234 descendit
3243 4182 3294 4234 in
3329 4189 3440 4234 tare

1861 4277 2059 4334 tarum,
2093 4283 2199 4322 non
2232 4276 2289 4321 ut
2317 4268 2446 4322 illud
2475 4268 2620 4324 velut
2645 4268 2918 4326 habitator
2948 4270 3107 4342 146
3152 4272 3432 4340 incoleret,

1859 4360 1952 4415 sed
2001 4367 2061 4413 ut
2099 4359 2407 4415 destructor
2441 4361 2618 4428 potius
2663 4370 2718 4416 et
2757 4375 2979 4416 eversor
3018 4362 3299 4416 diabolicae
3341 4379 3438 4417 ne-

1857 4451 2041 4519 quitite
2091 4449 2326 4504 latebras
2373 4449 2682 4519 dissiparet.
2733 4451 2826 4506 Sic
2853 4452 2990 4505 etB.
3034 4451 3276 4515 Alexius,
3305 4452 3438 4508 dum

1856 4556 2138 4616 paternam
2171 4546 2388 4598 domum
2416 4553 2668 4613 tanquam
2713 4543 3060 4610 retrogradus
3088 4543 3446 4598 abrenuntia-

1858 4647 1944 4690 tor
1975 4635 2293 4706 ingreditur,
2327 4635 2539 4703 decepit
2574 4635 2756 4688 mundi
2789 4634 3107 4703 principem,
3153 4633 3464 4703 omnisque

1855 4730 2060 4786 fraudis
2091 4741 2251 4801 atque
2276 4729 2493 4785 malitiae
2522 4729 2710 4784 fefellit
2739 4739 3036 4782 auctorem.

1935 4823 2086 4877 Unde
2133 4837 2328 4876 novum
2368 4823 2612 4890 martyrii
2661 4836 2849 4892 genus,
2898 4835 3095 4874 novum
3131 4819 3336 4891 przebet
3415 4824 3528 4895 in

1859 4913 2220 4968 admiratione
2251 4912 2642 4980 spectaculum.
2697 4910 3028 4980 Martyribus
3061 4911 3208 4965 enim
3253 4922 3554 4990 εποδε

1857 5010 1979 5055 erat
2013 5015 2195 5070 ptena,
2245 5008 2435 5054 catena
2464 5015 2749 5067 pressura;
2791 4999 2873 5052 isti
2902 5012 3032 5054 vero
3077 5001 3292 5070 propria
3345 5001 3592 5070 QQ-

1857 5107 1982 5148 mus
2017 5094 2226 5149 auratis
2250 5089 2500 5146 decorata
2545 5090 2796 5146 tricliniis
2837 5097 2954 5143 erat
2994 5093 3223 5147 materia
3268 5098 3597 5161 tenta."

1862 5183 2049 5239 tionis.
2099 5185 2222 5240 illos
2263 5181 2547 5250 torquebat
2590 5195 2781 5236 manus
2827 5189 3037 5234 armata
3089 5179 3502 5242 carniﬁcum
3573 5227 3599 5236 _

1859 5271 2024 5329 istum
2069 5273 2288 5347 gravius
2334 5271 2590 5340 puniebat
2641 5279 2928 5337 conspecta
2978 5272 3222 5338 quotidie
3270 5266 3360 5336 pie
3382 5276 3614 5352 tg‘s

184 4904 237 4943 eo
276 4905 378 4946 non
427 4892 700 4954 dissonat,
746 4892 889 4960 quod
937 4900 1209 4962 postremo
1236 4893 1349 4962 jam
1397 4893 1577 4950 dictus
1625 4909 1753 4962 pro—

189 4983 326 5051 pheta
378 4989 685 5036 torrentem
730 4984 962 5037 transire
1003 4998 1107 5038 non
1136 4985 1328 5054 potuit,
1361 4982 1426 5036 de
1456 5000 1568 5054 quo
1597 4983 1754 5037 nimi-

189 5067 284 5131 rum
309 5077 517 5132 dicitur
544 5092 557 5127 :
593 5094 609 5126 ι
639 5073 898 5140 Quoniam
952 5076 1318 5132 intumuerant
1356 5089 1518 5142 aqua:
1547 5085 1751 5130 torren-

189 5171 258 5230 tis.
282 5172 368 5242 qui
403 5185 520 5226 non
559 5169 732 5239 potuit
775 5169 1107 5224 transvadari
1138 5169 1348 5243 (Ezec/t.
1374 5175 1573 5241 xcv“),
1607 5189 1624 5220 ι
1673 5170 1746 5223 De

186 5262 341 5327 parvis
361 5269 418 5315 et
446 5257 632 5328 planis
660 5260 808 5326 aquis
846 5259 912 5312 ad
945 5256 1432 5316 intransmeabilem
1493 5257 1745 5334 profundi
