3946 5368
562 316 669 378 059

1166 319 1223 374 s.
1263 319 1466 376 perm
1505 321 1789 378 DAMIANI
1825 322 1975 379 opp.
2009 323 2185 380 PARS
2225 325 2354 381 seu
2385 324 2620 384 TOMUS
2647 311 2802 381 IL:
2825 317 3213 386 SERMONES.

556 435 857 506 principum
909 434 1254 504 ingerebatur
1297 453 1453 508 poena
1502 447 1800 506 tortorum;
1838 440 1924 496 hic
1955 449 2133 496 autem
2163 443 2420 506 Acendit
2449 484 2464 509 ,
2523 443 2933 514 supereminens
2989 448 3268 528 prtemium
3339 447 3404 502 de
3474 463 3638 503 manu
3690 440 3829 521 justi

559 528 614 581 in
644 527 802 581 domo
826 527 1026 596 proprii
1051 526 1190 596 juris
1219 528 1565 585 invisibiliter
1591 532 1966 602 torquebatur,
1998 533 2139 587 velut

557 621 610 674 in
657 634 781 673 area
840 620 1142 674 tribunalis.
1202 620 1308 674 Illis
1353 620 1531 676 fuerat
1576 637 1732 693 poena
1782 624 2137 694 supplicium;

550 710 677 764 huic
721 710 1034 764 econtrario
1084 711 1452 766 blandimenta
1503 723 1852 770 tormentum.
1904 715 2141 772 Lazarus

547 798 733 871 plane,
759 801 850 871 qui
889 799 1110 868 jacebat
1141 803 1206 856 ad
1251 803 1473 871 januam
1511 803 1718 870 divitis,
1771 805 1971 859 invitus
2018 822 2140 861 esu-

547 890 746 954 riebat,
782 900 833 947 et
861 893 1122 946 cadentes
1149 893 1215 946 de
1241 909 1425 948 mensa
1458 894 1646 959 micas,
1678 910 1797 964 quae
1825 903 2004 950 tamen
2035 895 2135 950 sibi

545 981 775 1036 minime
813 984 1101 1048 dabantur,
1131 984 1353 1054 optabat
1385 983 1535 1055 (Luc.
1569 985 1712 1054 xvi);
1743 986 1882 1040 unde
1913 987 2138 1056 potioris

541 1073 736 1140 procul
763 1073 926 1128 dubio
957 1076 1134 1129 meriti
1165 1076 1267 1130 fuit
1299 1091 1503 1146 pauper
1533 1077 1658 1142 iste,
1685 1093 1848 1147 quam
1875 1077 2134 1135 Lazarus.

540 1164 636 1220 llle
693 1168 951 1223 nimirum
984 1186 1090 1225 non
1125 1171 1283 1225 modo
1330 1187 1518 1242 parum
1563 1173 1692 1242 quid
1741 1173 2008 1244 accipere,
2041 1171 2133 1228 sed

541 1267 595 1311 et
654 1261 917 1326 saturari,
972 1263 1114 1317 sicut
1142 1262 1354 1317 Veritas
1401 1263 1668 1332 perhibet,
1719 1264 1989 1334 cupiebat,
2047 1265 2132 1318 cui

542 1356 736 1408 tamen
785 1353 1042 1408 alimenta
1096 1370 1252 1410 nemo
1307 1356 1736 1410 misericorditer
1791 1356 2128 1432 indulgebat;

548 1443 653 1498 iste
694 1460 826 1499 vero
861 1461 982 1500 cum
1017 1446 1118 1501 sibi
1171 1455 1480 1516 sumptuosa
1533 1433 1846 1500 divitiarum
1889 1430 2129 1501 omnium

547 1534 702 1605 capia
757 1535 899 1590 ultro
957 1544 1285 1606 suppeteret,
1339 1551 1460 1589 cum
1514 1535 1692 1590 omnis
1735 1535 1895 1606 hujus
1946 1535 2131 1590 mundi

546 1625 717 1694 gloria
745 1641 803 1681 se
830 1628 933 1682 sibi
962 1628 1291 1698 dignaretur,
1329 1627 1496 1697 gratis
1541 1626 1795 1691 offerret,
1832 1627 1940 1682 imo
1967 1627 2131 1682 etiam

545 1719 747 1776 nolenti
779 1736 837 1776 se
865 1721 1125 1776 violenter
1171 1722 1463 1791 ingereret,
1513 1720 1694 1775 omnia
1743 1721 1962 1790 repulit,
1998 1736 2130 1775 cun-

2242 535 2666 590 remuneratoris
2699 536 2924 614 accepit.
2960 535 3077 610 lpse
3100 537 3297 614 quippe
3337 537 3512 594 factus
3555 551 3638 594 est
3688 557 3829 612 prae-

2239 624 2406 678 mium
2460 625 2854 690 retributionis,
2900 625 2991 694 qui
3037 625 3140 680 'sibi
3197 627 3374 682 fuerat
3423 643 3591 683 causa
3650 640 3826 684 certa-

2239 714 2423 779 minis,
2459 723 2513 770 et
2538 716 2629 785 qui
2659 715 2836 770 fuerat
2857 724 3046 769 auctor
3066 731 3277 787 pugnaz,
3304 717 3480 772 factus
3513 728 3598 772 est
3623 733 3821 774 corona

2237 807 2498 872 victoriae,
2529 806 2686 863 Jcsus
2726 809 2978 864 Christus
3018 810 3274 864 Dominus
3314 821 3519 877 noster,
3580 814 3822 881 quicum

2236 899 2348 954 Deo
2377 901 2540 955 Patre
2561 910 2616 956 et
2638 901 2842 971 Spiritu
2875 911 3066 959 sancto
3091 904 3221 958 vivit
3248 913 3304 960 et
3330 915 3521 976 regnat
3554 907 3605 960 in
3630 896 3823 962 saeui:

2236 992 2581 1072 seculorum.
2612 994 2806 1073 Amen.
3558 990 3564 995 ’

2491 1070 2493 1072 ’
2704 1070 2748 1104 ὀ
2794 1085 3027 1158 SEltMO
3067 1087 3255 1142 XXIX.

2378 1191 2443 1248 ne
2482 1190 2683 1232 suam
2725 1193 2890 1232 mum
2933 1192 3270 1233 manus“.
3315 1179 3464 1250 (χιιι
3505 1183 3657 1250 tot.)

2306 1265 2476 1322 Hodie
2503 1267 2879 1323 misericordia
2899 1277 2953 1323 et
2983 1271 3182 1324 veritas
3206 1269 3567 1326 obviaverunt
3613 1273 3742 1336 sibi,
3771 1283 3823 1326 et

2237 1357 2526 1412 multitudo
2560 1359 2969 1414 miserationum
3005 1361 3216 1416 Domini
3251 1363 3302 1417 in
3345 1363 3712 1432 peccatricem
3748 1365 3822 1419 fe-

2235 1447 2434 1501 minam
2474 1449 2635 1520 (Luc.
2680 1451 2790 1520 vu)
2827 1450 3003 1505 refusa
3034 1459 3138 1506 est.
3192 1452 3361 1507 Filius
3391 1455 3535 1508 enim
3565 1453 3820 1524 Virginis,

2233 1537 2572 1606 pcecatricis,
2591 1548 2938 1618 menstruam:
2967 1540 3216 1596 manibus
3243 1550 3598 1618 attrectatur;
3632 1543 3821 1618 Deum-

2233 1639 2428 1697 que,et
2448 1629 2539 1686 Dei
2571 1629 2766 1684 Filium
2801 1615 2996 1698 mulier
3020 1631 3290 1690 infirmata
3313 1617 3601 1705 contingit.
3630 1615 3821 1703 Tangit

2231 1720 2396 1787 pedes
2427 1718 2632 1784 mundi,
2665 1730 2825 1792 atque
2854 1721 3494 1790 mundantisimmunda,
3525 1735 3581 1780 et
3600 1727 3668 1779 ad
3707 1742 3820 1781 ves-

542 1819 629 1864 cta
674 1813 1000 1883 contempsit
1028 1855 1041 1874 ,
1092 1813 1519 1868 irrcvocabiliter
1570 1822 1854 1868 aversatus
1907 1811 2122 1882 abjecit.
2159 1814 2201 1873 B
2233 1811 2360 1882 tigia
2393 1809 2670 1867 Creatoris
2696 1813 2890 1868 mulier
2917 1815 3210 1871 criminosa
3238 1819 3571 1888 procumbit.
3597 1818 3817 1874 Transit

538 1902 585 1957 0
629 1914 907 1962 strenuum
939 1907 1138 1962 Christi
1189 1906 1448 1960 militem!
1492 1923 1524 1962 ο
1569 1922 1794 1976 prorsus
1842 1905 2121 1970 invictum,

537 2002 592 2050 et
618 1997 780 2052 nimis
809 1998 1073 2068 insignem
1107 1998 1342 2052 cmlestis
1375 1998 1578 2053 militia:
1606 1998 1923 2053 bellatorem
1957 1997 1970 2049 !

549 2093 552 2098 ”
606 2086 663 2142 In
694 2089 997 2145 Annalibus
1037 2100 1184 2145 certe
1203 2090 1396 2159 legitur
1433 2089 1796 2144 Romanorum
1828 2088 2120 2160 (Ευτιιορη

541 2177 686 2235 Hist.
712 2179 862 2237 Rom.
891 2182 986 2236 lib.
1017 2198 1074 2236 ut
1110 2183 1160 2236 in
1191 2182 1412 2254 priue.),
1446 2184 1569 2252 quia
1597 2181 1882 2240 Marcellus
1912 2180 2120 2245 consul,

537 2272 666 2327 dum
711 2274 1024 2343 imprudens
1070 2275 1120 2329 in
1172 2291 1363 2329 inaltus
1412 2276 1643 2330 hostium
1697 2277 2020 2342 incidisset,
2069 2282 2124 2330 et

533 2379 735 2421 corona
779 2367 1150 2423 circumdautc
1193 2367 1500 2432 Gallorum,
1550 2367 1774 2430 nullum,
1817 2383 1916 2438 per
1961 2381 2122 2437 quem

531 2467 718 2527 posset
767 2451 1020 2525 evadere,
1075 2460 1282 2514 aditum
1332 2459 1615 2529 reperiret,
1661 2468 1884 2530 repente
1921 2456 1975 2512 in
2009 2473 2124 2512 me-

533 2548 681 2604 dium
715 2549 953 2626 hostium
991 2549 1425 2606 ferventissimus
1451 2547 1682 2604 bellator
1710 2547 2000 2612 immersit,
2033 2561 2123 2601 eo-

528 2657 758 2712 rumque
785 2659 988 2714 regcm,
1026 2642 1408 2699 Virdumarum
1437 2640 1850 2714 [Vitromarum]
1882 2640 2120 2704 nomine,

531 2734 744 2787 curmtis
796 2733 1069 2804 in0pinata
1119 2734 1342 2788 audacia
1375 2733 1650 2804 permulsis.
1681 2732 1912 2800 occidit;
1948 2740 2003 2786 et
2029 2730 2121 2786 ubi

528 2837 724 2892 magna
770 2823 1049 2878 videretur
1089 2824 1404 2893 provenisse
1449 2824 1710 2888 victoria,
1767 2823 1813 2878 si
1859 2822 2123 2876 duntaxat

530 2911 792 2967 immunis
840 2913 1143 2984 aufugeret,
1192 2914 1317 2968 inde
1346 2913 1484 2968 ultra
1514 2929 1730 2968 omnem
1772 2929 1922 2984 spem
1953 2912 2117 2982 opimi

529 3005 685 3072 spolii
738 3007 1022 3061 manubias
1071 3007 1388 3076 reportavit.
1443 3006 1533 3062 Sic
1565 3007 1821 3071 nimirum
1853 3013 1907 3061 et
1935 3014 2122 3062 noster

528 3095 633 3149 iste
677 3095 981 3162 Marcellus,
1035 3113 1141 3151 non
1187 3096 1298 3164 jam
1350 3108 1716 3168 prepugnator
1764 3097 1966 3162 Roma,
2025 3095 2119 3151 sed

527 3200 730 3245 sancta!
755 3191 906 3246 miles
936 3190 1210 3256 Ecclesiae,
1243 3208 1364 3246 cum
1408 3207 1601 3261 magna
1639 3207 1744 3246 non
1780 3191 2118 3252 dubitaretur

529 3297 652 3338 csse
678 3283 924 3346 victoria,
959 3284 1001 3338 si
1033 3283 1098 3338 de
1128 3292 1232 3336 tam
1266 3283 1457 3352 amplis
1504 3292 1558 3337 et
1594 3282 1897 3351 magnificis
1927 3281 2120 3351 opibus

524 3376 704 3431 nudus
753 3375 1052 3445 aufugeret,
1103 3391 1208 3431 non
1254 3376 1502 3431 suﬂicere
1540 3377 1642 3431 sibi
1668 3376 1842 3429 visum
1884 3382 1988 3438 est,
2015 3373 2117 3428 nisi

523 3477 581 3523 et
608 3469 824 3522 domum
857 3469 1090 3531 rediens,
1123 3467 1480 3522 intolerabilia
1509 3475 1699 3522 contra
1733 3482 1792 3521 se
1817 3464 2115 3520 certamina

523 3558 807 3616 ultroneus
836 3569 1177 3628 provocarel.
1206 3557 1309 3612 Sed
1341 3559 1408 3612 ab
1433 3559 1546 3626 ipso
1572 3557 1819 3620 Domino,
1845 3556 1938 3625 qui
1964 3554 2114 3608 vide-

530 3651 659 3708 licet
687 3663 874 3706 auctor
901 3653 1175 3706 virtutum.
1215 3661 1269 3706 et
1295 3651 1398 3703 dux
1423 3661 1507 3705 est
1537 3649 1861 3721 spiritalium
1893 3646 2116 3702 bellato-

525 3759 674 3808 rum,
709 3743 964 3812 jubemur
991 3744 1206 3813 quidem
1239 3753 1431 3798 cuncta
1467 3743 1760 3804 dimittere,
1795 3755 1900 3794 non
1933 3748 2112 3793 autem

525 3837 787 3892 adversus
823 3851 884 3891 ca
917 3835 1552 3905 quotidie,velutmanus
1573 3833 1802 3887 invicem
1827 3829 2104 3902 conferen-

520 3939 628 3992 tes,
653 3931 900 3986 cominus
945 3930 1243 3983 dimicare:
1279 3926 1577 3982 Israelitico
1613 3925 1868 3979 nimirum
1914 3919 2114 3992 populo

519 4022 699 4076 exitus
725 4036 791 4074 ex
820 4021 1054 4091 {Egyplo
1082 4019 1390 4090 prmeipitur
1412 4017 1609 4082 (Exod.
1639 4016 1743 4082 ut),
1776 4029 1881 4068 non
1905 4011 2114 4070 reditus

523 4113 842 4180 imperatur.
891 4111 1164 4164 Abraham
1192 4125 1442 4180 egressus
1493 4116 1577 4163 est
1627 4108 1693 4161 de
1737 4114 1882 4159 terra
1918 4117 2013 4157 sua
2044 4100 2109 4155 ad

521 4202 736 4268 Domini
774 4202 1014 4271 jubentis
1060 4201 1344 4269 imperium
1391 4196 1542 4267 (Ceu.
1574 4196 1704 4266 xu);
1739 4195 1834 4250 sed
1871 4203 2112 4264 postmo-

519 4295 647 4349 dum
679 4306 1022 4362 nequaquam
1053 4290 1213 4344 rediit
1241 4290 1305 4341 ad
1335 4288 1570 4341 rediviva
1625 4285 1921 4339 certamina
1953 4280 2112 4337 Chal-

520 4386 782 4441 daeorum.
816 4383 1008 4437 Petrus
1047 4397 1144 4451 per
1171 4380 1419 4450 angelum
1451 4378 1720 4433 excitatus
1746 4375 2108 4430 llerodianum

515 4477 758 4532 deseruit
801 4487 1074 4529 carcerem
1101 4472 1236 4544 (Act.
1267 4470 1387 4540 xu),
1429 4471 1522 4524 sed
1565 4483 1670 4522 non
1707 4468 1880 4520 denuo
1927 4479 2109 4518 rever-

513 4585 608 4626 sus
629 4578 711 4624 est
739 4571 804 4623 ad
828 4567 1112 4623 Herodem.
1145 4563 1353 4620 Sufﬁcit
1379 4579 1524 4634 ergo,
1550 4563 1592 4617 si
1625 4570 1830 4615 tantum
1859 4573 2106 4630 possessa

516 4660 892 4730 relinquimus,
936 4673 1035 4712 nec
1066 4659 1342 4726 superest,
1390 4664 1448 4708 ut
1483 4667 1668 4707 rursus
1698 4651 1766 4706 ad
1794 4665 1981 4705 eorum
2017 4658 2102 4704 to-

521 4753 743 4808 leranda
772 4750 1070 4806 certamina
1104 4750 1408 4802 redeamus.

592 4843 749 4915 147
782 4844 945 4913 Igitur
960 4842 1018 4895 Β.
1045 4841 1264 4895 Alexius
1276 4855 1397 4894 eum
1417 4846 1627 4892 terrena
1643 4848 1867 4906 qtueque
1879 4832 2105 4899 dimisit,

515 4950 638 4988 cum
656 4950 787 5004 opes
818 4949 1006 4988 omnes
1036 4941 1197 5000 atque
1233 4930 1448 4985 divitias
1484 4928 1693 4996 paterni
1721 4927 1854 4990 iuris
1885 4923 2102 4994 abjecit,

519 5039 768 5064 cunarum
809 5024 1065 5066 inecinnic
1120 5026 1371 5068 mandata
1407 5020 1558 5068 (an.
1589 5018 1746 5070 ινιιιὶ
1787 5016 2098 5072 εοιηοιρνίιζ

2226 1898 2278 1960 in
2309 1903 2555 1960 affectum
2570 1906 2746 1961 cordis
2767 1907 3188 1976 praevaricatrix,
3211 1918 3266 1964 et
3283 1909 3419 1964 redit
3439 1912 3633 1974 adcor,
3660 1919 3818 1980 atque

2227 1995 2656 2068 magnitudinem
2683 1997 2950 2052 scelerum
2980 1999 3342 2071 lacrymarum
3368 2001 3660 2056 multitudo
3686 2017 3809 2056 con-

2223 2088 2463 2143 demnat.
2495 2089 2809 2145 Dissimulat
2831 2091 3006 2160 pietas
3037 2094 3308 2163 tangentis
3337 2084 3599 2158 ofﬁcium,
3627 2102 3684 2148 et
3720 2095 3810 2148 ob-

2223 2181 2534 2251 sequiorum
2567 2182 2880 2237 instantiam
2901 2185 3363 2240 remuneratorius
3400 2173 3807 2264 illemajestatis

2221 2271 2412 2346 oculus
2433 2271 2577 2328 felici
2630 2274 3009 2342 dedignatione
3066 2291 3171 2330 non
3229 2276 3469 2346 inspicit.
3523 2275 3809 2332 Osculatur

2223 2363 2390 2434 Maria
2441 2365 2604 2435 pedes
2626 2364 2830 2420 Christi
2861 2365 3235 2436 frequentibus
3275 2367 3498 2431 osculis,
3546 2376 3604 2421 et
3643 2366 3809 2420 oculis

2224 2445 2610 2515 inundantibus
2634 2457 2858 2528 vestigia
2917 2456 3294 2528 Redemptoris
3339 2457 3599 2522 infundit,
3654 2457 3809 2526 tergit

2225 2550 2490 2620 crinibus,
2521 2548 2810 2603 odoriferis
2843 2548 3022 2614 illiuit,
3053 2559 3106 2602 et
3137 2549 3330 2604 irrorat
3369 2549 3682 2619 unguentis.
3720 2547 3807 2601 Vi-

2223 2639 2334 2703 det,
2372 2648 2426 2694 et
2480 2639 2684 2694 invidet
2737 2638 3128 2710 singularitatis
3175 2623 3404 2703 amator,
3431 2649 3488 2694 et
3522 2649 3805 2708 utrumque

2223 2718 2501 2810 redarguit
2530 2733 2790 2802 Pharisaei
2817 2733 3099 2804 jactantia,
3129 2733 3275 2788 illum
3306 2716 3650 2804 ignorantiae,
3678 2748 3804 2802 pra:—

2223 2825 2548 2901 sumpltionis
2574 2812 2741 2879 illam.
2761 2824 2866 2880 Sed
2891 2825 3194 2881 deliberans
3221 2825 3560 2896 providentia
3588 2839 3804 2893 suspen-

2223 2914 2607 2985 ditjudicium,
2635 2916 2758 2970 dum
2783 2914 2999 2970 aﬂ'ccmt
3033 2915 3372 2987 obsequium,
3405 2924 3462 2971 et
3483 2915 3802 2970 invectivam

2223 3007 2418 3060 retinet
2442 3004 2822 3076 praeparatam,
2854 3006 3028 3062 donec
3052 2995 3233 3072 Maria:
3258 3006 3598 3062 sacrificium
3634 3005 3688 3059 in
3716 3005 3798 3058 ho-

2224 3094 2524 3152 locaustum
2564 3106 2925 3168 pertranseat.
2974 3097 3224 3155 Gaudent
3268 3096 3446 3166 angeli
3498 3081 3664 3166 super
3683 3081 3804 3164 pec-

2145 3172 2190 3236 C
2221 3188 2422 3243 catrice
2443 3187 2818 3261 paenitentiam
2845 3194 3037 3258 agente
3065 3186 3228 3259 (Luc.
3257 3188 3378 3257 xv),
3410 3194 3466 3240 et
3494 3186 3682 3241 odoris
3706 3184 3801 3239 fra-

2220 3283 2432 3352 grantia
2459 3283 2696 3340 caelestis
2731 3282 2818 3336 ille
2867 3290 3168 3338 conventus
3217 3281 3551 3351 aSpergitur,
3592 3266 3804 3334 salvan?

2223 3383 2442 3443 temque
2491 3385 2545 3430 et
2574 3373 2897 3428 salvaudam
2955 3380 3123 3442 totam
3163 3370 3554 3450 misericordiae
3583 3368 3800 3424 dulcedo

2217 3466 2504 3536 prociugit.
2566 3466 2667 3522 Ubi
2718 3464 3010 3519 abundavit
3056 3460 3793 3534 peccatum,superabundat

2217 3559 2392 3628 gratia
2424 3557 2617 3629 (Rom.
2643 3556 2740 3629 v);
2793 3566 2847 3611 et
2873 3555 3320 3611 numerositatem
3347 3552 3646 3608 criminum
3667 3565 3794 3623 pra:-

2215 3653 2522 3722 ponderans
2550 3651 2722 3722 pietas
2752 3650 3083 3712 intercludit.

2286 3745 2458 3811 Quam
2512 3760 2705 3814 magna
2739 3743 3025 3797 multitudo
3052 3741 3350 3796 dulcedinis
3395 3748 3522 3805 tute,
3580 3738 3797 3794 Domine

2215 3834 2398 3903 (Psal.
2424 3851 2526 3888 xxx
2547 3835 2585 3899 ),
2616 3834 2667 3887 in
2697 3832 3018 3902 peccatricis
3047 3830 3420 3886 confessione!
3467 3830 3642 3896 Quam
3661 3829 3795 3898 justa

2214 3930 2562 3999 reprehensio
2587 3929 2638 3982 in
2662 3928 2918 3982 Pharisaei
2953 3926 3207 3997 superbia
3246 3935 3298 3980 et
3323 3925 3610 3996 abusione.
3659 3921 3795 3976 Enu-

2214 4031 2456 4077 meratur
2485 4021 2838 4090 obsequentis
2886 4019 3233 4088 obsequium,
3276 4025 3331 4070 et
3375 4031 3476 4085 per
3520 4014 3793 4082 obliquum

2214 4115 2452 4184 tangitur
2479 4113 2810 4183 indignantis
2835 4111 3112 4180 iniquitas,
3146 4117 3257 4164 tota
3280 4106 3500 4163 litterali
3525 4107 3795 4161 cohaeren-

2212 4207 2287 4259 tia
2341 4203 2582 4260 Simonis
2619 4203 2873 4256 invidiam
2905 4202 3274 4270 impugnante.
3305 4198 3372 4252 Et
3397 4196 3523 4266 quia
3556 4195 3653 4250 ubi
3684 4193 3794 4264 Spi-

2212 4297 2349 4352 ritus
2374 4295 2612 4359 Domini,
2641 4294 2711 4348 ibi
2735 4293 2955 4348 libertas
2989 4290 3085 4360 (ΙΙ
3115 4289 3239 4344 Cor.
3270 4290 3390 4357 ut);
3451 4285 3794 4340 dimittuntur

2211 4387 2286 4452 illi
2339 4395 2583 4456 peccata,
2637 4400 2758 4454 qua:
2783 4383 3008 4438 multum
3032 4382 3238 4452 diligit;
3289 4381 3399 4434 imo
3431 4379 3791 4433 immittuntur

2213 4478 2308 4543 illi,
2341 4478 2432 4548 qui
2463 4475 2689 4531 multum
2719 4475 2958 4545 negligit.
2993 4472 3108 4529 Non
3134 4483 3252 4528 erat
3274 4473 3509 4527 satiatus
3555 4471 3628 4525 ab
3672 4471 3790 4526 ube-

2213 4569 2363 4624 ribus
2389 4583 2619 4638 sponsze,
2662 4582 2761 4621 nec
2797 4567 3045 4621 induerat
3094 4563 3488 4633 compassionis
3543 4559 3788 4616 aﬂ‘ectum

2210 4659 2383 4730 legem
2439 4658 2708 4728 relegens,
2738 4672 2858 4726 qua:
2913 4655 3342 4712 misericordiam
3398 4653 3602 4716 nescit,
3649 4654 3790 4708 novit

2201 4749 2489 4821 justitiam.
2520 4749 2632 4804 Lex
2651 4747 2785 4802 dura
2813 4747 2982 4822 duris,
3009 4755 3063 4809 et
3086 4746 3308 4814 lapideis
3335 4743 3679 4814 promulgata
3705 4759 3786 4814 pa-

2208 4851 2326 4896 rata
2349 4849 2652 4912 percutere,
2679 4839 2862 4895 nescia
2887 4838 3156 4894 misereri.
3185 4835 3346 4908 148
3366 4834 3476 4890 Lex
3503 4835 3786 4890 excludens

2206 4930 2540 5002 pmnitentite
2583 4930 2786 4993 locum,
2839 4928 3051 4983 veniam
3101 4939 3324 4996 negans,
3388 4922 3783 4978 emendationis

2209 5023 2414 5072 ismara.
2447 5020 2558 5072 Lex
2602 5020 2788 5072 vinum
2848 5017 3065 5072 durum.
3110 5023 3164 5070 et
3210 5015 3449 5072 acidum.
3502 5014 3571 5068 de
3621 5011 3784 5068 botris
