3946 5368
189 185 290 258 σοι

1659 193 1894 251 SERMO
1943 193 2136 251 χιιι.

3341 215 3344 218 ’
3371 196 3477 254 668

189 296 918 380 cumgaudeutibus,etilere
931 316 1052 360 cum
1081 301 1671 374 ﬂentibus(Ram.xn).
1703 324 1721 358 ι
1754 305 1798 359 0
1827 311 1872 367 Α
1901 307 2132 376 grantia,
2158 306 2351 377 inquit,
2376 309 2664 379 unguentis
2692 309 2910 380 optimis
2937 309 3124 384 (Cant.
3162 312 3236 386 ι).
3259 333 3278 368 ι
3309 317 3478 389 Digna

188 406 356 460 quam
389 390 544 459 brevi
575 393 919 449 sermunculo
941 393 1404 464 totiusmreligion‘is
1417 393 1796 463 depinxitinsi-

189 497 322 559 gae,
348 490 461 541 iam
473 486 702 558 eleganti
714 486 952 542 clausula
967 487 1241 558 proposuit
1254 487 1506 556 pietatem
1517 525 1531 549 ,
1571 486 1794 554 :equita-

187 587 300 632 tem
344 578 556 642 statuit,
588 577 858 633 submovit
887 578 1165 633 invidiam.
1217 576 1314 632 His
1347 575 1600 631 uberibus
1623 585 1796 631 mater

183 652 441 725 Ecclesia
467 668 629 723 lactat
658 667 1025 739 proﬁcientes,
1054 668 1320 741 perfectos
1347 668 1538 725 nutrit.
1590 687 1609 720 ι
1653 667 1797 723 ϐαυο

181 759 342 823 dere,
367 758 562 828 inquit,
590 773 709 813 cum
735 758 1110 829 gaudentibus.
1143 779 1163 814 ι

259 851 521 908 Facessat
560 851 681 906 hinc
713 851 988 908 stecularis
1015 853 1238 922 plausus
1283 851 1516 917 insania,
1547 859 1602 907 et
1654 850 1792 905 laeti-

185 944 262 1000 tia
298 943 591 998 mundialis
617 943 870 998 abscedat
894 960 910 1010 ;
937 944 1063 1014 quia
1089 959 1196 999 non
1219 953 1302 999 est
1328 943 1562 1013 gaudere
1595 943 1792 1012 impiis,

181 1035 327 1092 dicit
358 1035 623 1092 Dominus
651 1035 834 1108 (Psal.
887 1036 1118 1106 XLVIII).
1166 1035 1422 1106 Nunquid
1479 1033 1692 1088 illorum
1725 1048 1792 1090 os

190 1128 397 1196 gaudio
425 1128 622 1202 repleri
647 1129 902 1194 :estimas,
921 1128 1014 1199 qui
1042 1128 1294 1183 laetantur
1336 1142 1459 1182 cum
1501 1126 1797 1182 malefece-

193 1219 325 1285 rint,
351 1228 408 1275 et
435 1219 709 1274 exsultant
730 1220 782 1273 in
814 1220 974 1276 rebus
998 1220 1282 1288 pessimis?
1306 1219 1501 1292 (Prov.
1533 1219 1630 1290 II.)
1693 1219 1792 1274 Vel

190 1309 292 1375 illi,
317 1311 412 1381 qui
439 1311 689 1366 laudibus
714 1311 1012 1367 adulatoris
1037 1312 1344 1381 rapiuntur,
1369 1311 1563 1365 divinae
1581 1309 1785 1378 jubila—

190 1404 357 1458 tionis
399 1419 669 1474 agnovere
698 1403 974 1458 laztitiam?
1055 1403 1305 1474 Nunquid
1351 1403 1442 1472 qui
1486 1403 1793 1458 vestiuntur

189 1510 432 1564 purpura
484 1504 540 1550 et
566 1495 745 1566 bysso,
778 1504 833 1549 et
891 1495 1182 1564 epulantur
1225 1494 1466 1564 quotidie
1508 1492 1788 1564 splendide

191 1583 359 1655 (:Luc.
389 1585 532 1654 xvi),
564 1585 817 1654 gaudium
868 1595 923 1639 et
953 1585 1194 1640 laetitiam
1219 1583 1576 1640 obtinebunt?
1612 1584 1788 1648 Absit,

1897 411 2118 464 prorsus
2178 399 2362 463 ubera,
2413 399 2478 454 de
2529 401 2725 469 quibus
2775 401 3048 471 eliquatur
3075 417 3473 476 unguentorum

1898 485 2151 553 iutinitas,
2183 490 2408 545 odorata
2434 490 2764 559 diﬂluxione,
2812 494 3087 552 civitatem
3120 499 3216 554 Dei
3247 502 3478 559 viventis

1897 576 2324 648 circumquaque
2349 595 2689 651 respergens.
2717 582 2842 638 Haec
2865 593 2992 639 sunt
3021 597 3320 658 unguenta,
3359 609 3480 664 qua:

1898 668 2084 736 regina
2140 669 2281 724 Saba
2315 671 2494 726 attulit
2542 673 2596 728 in
2619 673 2984 744 Hierusalem,
3026 679 3092 734 de
3117 683 3314 751 quibus
3348 685 3481 741 dicit

1898 753 2214 825 Scriptura:
2245 776 2264 810 ‹
2303 759 2416 814 Non
2445 771 2570 816 sunt
2595 763 2754 823 allata
2786 765 2925 820 ultra
2947 779 3212 837 aromata,
3241 780 3351 829 tam
3379 791 3474 846 op-

1899 850 2050 917 tima,
2074 867 2236 921 quam
2257 869 2320 912 ea
2356 870 2474 924 quae
2496 857 2640 912 dedit
2656 860 2838 932 regina
2863 859 3004 916 Saba
3049 863 3326 922 Salomoni
3351 867 3478 937 (III

1895 939 2023 1011 Reg.
2053 961 2084 997 x
2101 944 2137 1014 ).
2178 963 2199 997 ι

1966 1034 2141 1101 Quam
2191 1037 2520 1094 excellenter
2568 1044 2819 1112 apposuit
2861 1045 3061 1116 optima
3107 1049 3334 1120 spiritus
3388 1053 3478 1108 ille

1895 1127 2132 1192 subtilis,
2165 1130 2256 1199 qui
2289 1139 2452 1185 tutam
2485 1133 2584 1187 sibi
2628 1134 2749 1190 libri
2787 1136 2945 1204 hujus
2984 1141 3127 1209 rapit
3173 1145 3477 1211 possessio-

1897 1235 2044 1274 nem.
2078 1220 2175 1275 Est
2201 1222 2348 1276 enim
2381 1236 2714 1295 unguentum
2741 1229 2968 1298 bonum,
3005 1235 3150 1301 quod
3188 1235 3356 1291 Maria
3384 1253 3478 1308 pe-

1894 1312 2053 1366 dibus
2083 1311 2383 1369 Salvatoris
2425 1316 2624 1373 infudit
2662 1318 2822 1388 (Luc.
2863 1324 2984 1393 vn).
3028 1323 3125 1379 Est
3162 1335 3218 1380 et
3255 1327 3476 1396 melius,

1893 1401 2035 1470 quod
2063 1403 2276 1468 eadem,
2299 1404 2343 1458 si
2368 1412 2545 1461 tamen
2567 1408 2780 1476 eadem,
2802 1426 2964 1482 super
2979 1423 3140 1484 caput
3162 1419 3480 1474 recumben-

1897 1492 1964 1547 tis
1991 1491 2178 1548 eﬂ'udit
2207 1496 2390 1567 (Joan.
2422 1497 2541 1570 xu).
2569 1501 2664 1556 Est
2697 1511 2752 1556 et
2787 1505 3072 1574 Optimum,
3100 1511 3241 1578 quod
3274 1519 3328 1566 et
3362 1513 3478 1582 ipsa

1900 1587 2228 1657 praeparavit
2277 1589 2374 1643 toti
2415 1593 2632 1662 corpori
2673 1593 2876 1651 Christi
2929 1597 3127 1669 (Marc.
3178 1603 3315 1675 xvr).
3360 1604 3479 1660 Pri-

189 1684 249 1730 ut
273 1676 324 1730 in
358 1684 508 1730 terra
539 1677 782 1732 suaviter
819 1677 1139 1743 viventium,
1170 1676 1491 1748 gaudiorum
1541 1676 1786 1737 invenia-
1821 1675 1863 1735 Β
1895 1694 2040 1732 mum
2089 1690 2423 1751 unguentum
2463 1686 2813 1742 contritionis
2842 1698 2946 1756 est,
2993 1691 3060 1746 de
3097 1694 3476 1752 recordatione

187 1773 279 1826 tur
307 1766 559 1830 materia,
586 1781 708 1822 cum
732 1768 898 1824 tantis
920 1767 1375 1824 alternationibus
1414 1776 1567 1823 tanta
1595 1767 1785 1822 mundi

188 1853 812 1922 faciesimmutetur;ut
862 1858 1081 1914 elevans
1124 1859 1396 1924 allidatur,
1454 1866 1510 1914 et
1555 1859 1788 1928 respiret

188 1944 396 2012 allisus.
447 1943 554 2000 Sed
591 1955 674 2002 est
701 1948 958 2018 gaudium
1009 1949 1268 2004 continua
1318 1949 1404 2003 sui
1446 1946 1789 2017 jucunditate

189 2037 586 2102 ﬁrmissimum,
621 2040 763 2108 quod
787 2039 1068 2109 perfectus
1114 2041 1331 2096 animus
1353 2040 1420 2096 de
1447 2056 1640 2096 secura
1674 2043 1781 2097 sibi

187 2129 530 2186 conscientia
583 2129 888 2200 pollicetur.
940 2131 1090 2188 Mens
1135 2133 1278 2187 enim
1308 2148 1340 2187 a
1396 2134 1583 2189 mundi
1625 2135 1788 2206 hujus

188 2219 476 2290 aspergine
498 2233 634 2289 pure
662 2222 956 2290 presseque
981 2221 1217 2287 detersa,
1240 2231 1296 2279 et
1325 2225 1380 2278 in
1412 2224 1609 2279 divina:
1655 2240 1786 2280 con—

187 2309 559 2379 templationis
587 2326 812 2368 acumen
842 2322 1014 2367 totum
1039 2313 1297 2370 desiderii
1327 2315 1410 2370 sui
1452 2315 1622 2386 ﬁgens
1650 2315 1781 2371 aﬂ'e-

187 2410 357 2467 ctum,
384 2403 650 2473 gaudens,
680 2405 876 2474 gaudet
903 2405 956 2460 in
993 2406 1242 2472 Domino,
1269 2416 1324 2462 et
1347 2408 1582 2463 exsultat
1605 2409 1788 2463 anima

188 2509 284 2548 sua
311 2494 368 2548 in
405 2495 519 2550 Deo
547 2510 648 2550 suo
677 2495 826 2566 (Isa.
851 2499 990 2569 uti).
1021 2499 1168 2577 Talis
1190 2501 1370 2554 anima
1391 2502 1573 2556 minas
1599 2517 1787 2571 aspera

185 2595 372 2653 natur,
399 2587 874 2656 nescittimorem,
898 2605 1052 2660 spem
1077 2590 1268 2646 falsam
1310 2591 1500 2658 eludit,
1557 2601 1614 2647 et
1663 2610 1782 2648 om-

185 2678 338 2733 nium
366 2678 749 2734 scandalorum
776 2680 1061 2746 immunis,
1087 2681 1139 2735 in
1169 2697 1303 2750 pace
1331 2683 1382 2736 in
1407 2683 1638 2751 idipsum
1661 2684 1787 2738 dor.

192 2768 392 2834 miens,
422 2768 896 2842 requiescit(Psal.
930 2773 1029 2843 iv).
1067 2789 1085 2823 ι
1107 2771 1222 2827 Pax
1246 2773 1409 2828 multa
1439 2774 1787 2846 diligentibus

189 2861 362 2930 legem
391 2869 559 2923 tuam.
587 2880 606 2914 ι
634 2862 927 2932 aitjustus,
955 2883 972 2916 ι
992 2872 1047 2918 et
1067 2879 1175 2924 non
1211 2873 1298 2919 est
1340 2865 1446 2920 illis
1470 2865 1784 2922 scandalum

190 2951 625 3023 (Paal.cxvm).
664 2971 684 3006 ι
734 2953 968 3010 Noverat
1015 2956 1181 3023 enim,
1236 2958 1362 3026 quia
1406 2959 1624 3016 lictores
1677 2975 1783 3015 non

1885 1775 2267 1837 peccatorum,
2323 1772 2390 1829 de
2441 1773 2637 1843 spiritu
2689 1779 2928 1833 contrito
2985 1788 3042 1834 ct
3107 1785 3476 1842 contribulato

1888 1859 2246 1915 descendens.
2281 1861 2396 1918 Hoc
2429 1864 2787 1922 infunduntur
2822 1870 2987 1939 pedes
3033 1871 3174 1928 illius
3218 1876 3309 1944 qui
3355 1893 3474 1932 am-

1888 1950 2041 2006 bulat
2092 1967 2256 2021 super
2309 1969 2517 2024 pennas
2576 1970 2861 2016 ventorum
2917 1960 3100 2032 (Psal.
3146 1968 3312 2037 xvrt).
3378 1967 3477 2024 Hic

1888 2042 2080 2096 adorat
2137 2043 2304 2100 Maria
2355 2047 2409 2102 in
2467 2048 2604 2118 loco,
2658 2053 2747 2106 ubi
2797 2063 3068 2110 steterunt
3118 2062 3282 2128 pedes
3333 2062 3470 2132 ejus.

1889 2129 2195 2199 Steterunt,
2235 2135 2480 2206 inquam,
2530 2141 2656 2210 quia
2689 2142 3019 2200 validissima
3069 2153 3274 2206 amoris
3311 2168 3474 2206 mauu

1886 2222 2078 2290 pedem
2107 2233 2400 2294 utrumque
2446 2229 2692 2297 retinuit,
2728 2233 2902 2289 donec
2946 2245 3237 2310 utrumque
3273 2256 3477 2314 perun-

1887 2319 2039 2380 gcrct
2082 2321 2137 2367 et
2187 2315 2402 2372 audiret
2438 2320 2727 2376 criminum
2757 2326 3157 2396 remissionem,
3199 2332 3476 2389 dimissio-

1888 2417 2011 2455 nem
2043 2403 2093 2456 in
2117 2419 2284 2474 pace:
2318 2425 2334 2458 ι
2366 2407 2760 2479 Remittuntur,
2794 2415 2989 2486 inquit,
3025 2420 3118 2474 tibi
3142 2432 3388 2491 peccata,
3418 2434 3473 2480 et

1886 2496 2023 2548 vade
2053 2495 2105 2549 in
2137 2513 2270 2566 pace
2299 2498 2451 2570 (an.
2484 2506 2603 2573 vn).
2635 2523 2654 2556 ι
2681 2505 2926 2578 Magnam
2949 2525 3175 2579 prorsus
3197 2514 3476 2571 miseriam

1888 2604 2083 2659 magna
2114 2591 2486 2649 misericordia
2515 2597 2674 2652 diluit
2726 2608 2782 2653 et
2818 2601 3112 2673 abstergit;
3144 2612 3201 2659 et
3231 2605 3332 2661 boc
3353 2608 3475 2677 qui-

1887 2679 2007 2732 dem
2050 2679 2396 2748 festinanter,
2445 2687 2573 2754 quia
2621 2687 2739 2743 sine
2771 2689 2879 2746 ullo
2915 2691 3204 2748 intervallo
3241 2696 3469 2766 conjun-

1886 2777 2088 2839 gnntur
2111 2780 2167 2825 et
2197 2771 2450 2845 lacrymze
2472 2780 2816 2846 peccatricis,
2838 2790 2892 2836 et
2920 2781 3246 2853 indulgentia
3276 2784 3467 2842 Salva-

1891 2863 2048 2919 toris.
2101 2863 2474 2923 Remittuntur
2506 2881 2754 2941 peccata,
2792 2883 2848 2930 et
2879 2875 2935 2928 in
2963 2891 3098 2946 pace
3147 2878 3465 2947 dimittitur,

1888 2964 1946 3009 ut
1976 2957 2040 3011 de
2069 2960 2344 3027 prmterito
2376 2978 2483 3018 non
2515 2965 2588 3018 sit
2617 2965 2869 3033 sollicita,
2903 2982 3096 3024 secura
3126 2971 3194 3026 de
3228 2971 3432 3031 futuro.

187 3024 1784 3120 persequunturmartyres,sedcoronant.Cumhujusmodi
1813 3024 1858 3086 ϐ
1960 3047 2132 3105 Pedes
2174 3051 2260 3105 isli
2299 3061 2424 3106 sum
2456 3055 2850 3124 misericordia,
2901 3067 2956 3113 et
2999 3058 3288 3131 judicium,
3335 3079 3472 3134 quon

189 3132 552 3202 gaudentibus
591 3134 790 3204 gaudet
829 3135 1123 3206 Apostolus
1177 3136 1362 3209 (Rom.
1412 3144 1552 3208 xu),
1605 3150 1680 3208 et,
1729 3155 1788 3200 ut

187 3221 556 3278 abundantius
578 3223 871 3294 gaudeant,
901 3235 1013 3280 tota
1037 3228 1330 3284 securitate
1352 3231 1642 3299 promittit.
1664 3233 1780 3288 Hoc

188 3313 448 3381 gaudium
473 3314 716 3384 plenum,
775 3322 832 3368 et
872 3324 1082 3371 certum
1128 3326 1233 3384 est,
1282 3327 1542 3389 tantoque
1569 3323 1780 3378 certius

191 3401 354 3468 idem,
379 3413 587 3474 quanto
615 3404 850 3460 vicinius
873 3407 1018 3460 circa
1046 3408 1388 3464 identitatem
1428 3411 1778 3480 imprimitur.

188 3489 314 3559 ﬂare
349 3503 434 3548 est
461 3493 703 3548 mamilla
733 3495 1240 3564 congratulationis,
1258 3499 1324 3552 de
1347 3514 1451 3568 qua
1475 3500 1559 3556 lac
1585 3503 1783 3557 exhor—

190 3585 412 3648 tationis
464 3587 784 3654 eﬂ'unditur,
837 3605 945 3660 quo
988 3591 1303 3645 nutriuntur
1347 3591 1570 3660 perfecti
1625 3594 1773 3665 (Isa.

186 3691 312 3734 var
332 3678 374 3746 ),
402 3687 463 3732 ut
491 3677 617 3733 cum
677 3680 864 3736 avulsi.
893 3682 1095 3744 fuerint
1119 3697 1150 3736 a
1177 3683 1319 3742 lacte
1343 3683 1468 3751 isto,
1493 3685 1780 3756 epulentur

187 3768 254 3826 ab
276 3768 505 3823 introitu
534 3768 723 3839 gloria:
743 3771 860 3826 Dei.

259 3860 513 3916 Secunda
536 3870 642 3927 est,
669 3861 797 3918 ﬂere
820 3880 942 3918 cum
975 3863 1248 3923 ﬂentibus.
1274 3867 1526 3938 Nunquid
1543 3869 1778 3938 Aposto-

183 3952 266 4006 lus
293 3951 687 4022 prrecipitilere
712 3969 892 4010 rerum
907 3957 1279 4023 amissionem,
1309 3959 1777 4015 intermissionem

185 4041 548 4110 voluptatum,
580 4042 812 4098 ﬁliorum
837 4056 1061 4115 mortes,
1090 4050 1405 4103 morborum
1435 4050 1771 4117 instantiam,

180 4134 508 4204 gravitatem
534 4133 749 4204 inopiae,
779 4139 1075 4207 potentiam
1107 4140 1388 4197 fortioris?
1413 4143 1593 4198 Absit.
1647 4145 1774 4202 Plo-

181 4225 339 4280 randi
370 4224 518 4280 enim
543 4235 690 4293 sunt,
717 4229 807 4297 qui
840 4229 1019 4286 taliter
1040 4230 1275 4302 plorant.
1305 4233 1578 4304 Religiosa
1625 4237 1773 4292 enim

181 4314 432 4380 tristitia,
458 4324 555 4369 aut
584 4315 820 4372 alienum
845 4330 1128 4388 peccatum
1156 4321 1324 4392 luget,
1355 4333 1447 4377 aut
1469 4326 1768 4394 proprium.

177 4401 334 4458 Beati
388 4419 623 4474 quorum
677 4405 854 4462 luctus
902 4410 955 4463 in
993 4410 1096 4464 hac
1149 4411 1447 4468 intentione
1500 4425 1766 4480 versatur,

176 4496 306 4565 quia
331 4496 752 4552 consolatoriam
784 4509 1010 4568 possunt
1052 4514 1370 4572 exspectare
1401 4506 1767 4564 dulcedinem.

174 4583 352 4654 Quam
393 4586 498 4641 leni
547 4596 603 4642 et
639 4588 952 4646 dulcissimo
979 4593 1170 4662 spiritu
1199 4594 1478 4652 imbibitus
1502 4608 1587 4653 est
1607 4601 1767 4669 spiri-

173 4683 260 4733 tus
294 4675 463 4744 illius,
490 4679 584 4749 qui
611 4681 757 4735 novit
781 4682 838 4735 in
865 4683 1057 4752 spiritu
1088 4685 1323 4741 lenitatis
1353 4699 1642 4758 peccantes
1694 4692 1772 4746 in-

169 4775 411 4833 struere,
439 4771 774 4838 suspendere
794 4774 1110 4840 vindictam,
1152 4785 1205 4830 et
1229 4775 1540 4833 ail‘ectttosis
1578 4779 1768 4835 oliiciis

167 4861 517 4917 inviscerare
559 4863 661 4918 sibi
706 4879 1066 4936 peccatorem,
1098 4871 1269 4925 donec
1317 4871 1439 4927 vita:
1487 4875 1764 4930 reddatur.

168 4950 242 5005 De
279 4951 387 5009 bac
399 4956 793 5022 compassionis
819 4959 1058 5014 mamilla
1081 4959 1164 5016 lac
1186 4963 1573 5020 consolationis
1595 4966 1767 5022 ell‘un-

165 5041 341 5110 ditur,
371 5044 537 5118 149
573 5055 627 5101 et
650 5048 750 5105 hoc
785 5050 926 5106 lacte
950 5052 1126 5121 pascit
1171 5055 1464 5124 Apostolus
1520 5058 1639 5116 illos
1672 5061 1762 5131 qui

169 5133 348 5190 solido
369 5137 496 5191 cibo
543 5138 683 5192 vesci
727 5156 830 5196 non
880 5150 1107 5210 possunt
1154 5142 1215 5215 (I
1241 5140 1364 5196 Cor.
1392 5146 1508 5216 ιιι).
1539 5147 1765 5206 Amator

170 5225 526 5296 innocentim,
576 5232 719 5298 pacis
746 5235 978 5299 amicus,
1027 5235 1358 5304 patientibus
1399 5246 1758 5310 compaticns,

171 5325 223 5368 et
276 5321 630 5368 conlaudans
693 5324 1067 5368 naildnnlihna-
1130 5325 1482 5368 narrar-tinnis
1536 5345 1732 5368 mm...“

1887 3154 2008 3192 rum
2062 3139 2294 3196 alterum
2342 3145 2458 3200 sine
2510 3146 2684 3204 altero
2734 3149 2990 3217 osculari,
3037 3152 3122 3207 vel
3173 3156 3462 3211 temeraria

1885 3235 2156 3290 securitas
2203 3245 2307 3303 est,
2350 3239 2434 3295 vel
2478 3241 2786 3311 desperatio
2821 3243 3098 3316 fugienda.
3134 3247 3268 3313 Quis
3311 3249 3457 3303 enim

1887 3326 1979 3380 Dei
2014 3326 2446 3385 misericordiam
2477 3334 2847 3391 indesinenter
2871 3338 3180 3408 attendens,
3220 3354 3324 3394 non
3353 3349 3468 3395 sta-

1885 3417 1981 3470 tim
2022 3418 2306 3488 tepidioris
2336 3422 2461 3475 vitae
2489 3423 2727 3492 quietem
2759 3427 3010 3494 exoptet?
3036 3427 3170 3481 Cum
3200 3428 3343 3486 enim
3376 3445 3466 3484 re-

1884 3507 2090 3576 cogitat
2133 3509 2505 3566 universitatis
2553 3512 2865 3579 Dominum,
2911 3515 3144 3572 formam
3184 3520 3328 3573 servi
3369 3535 3466 3590 pro

1883 3599 2056 3653 servis
2085 3600 2386 3668 suscipere,
2422 3603 2643 3674 triginta
2671 3613 2724 3659 et
2756 3607 2928 3661 tribus
2956 3609 3113 3663 annis
3133 3613 3348 3679 operari
3376 3629 3464 3667 sa-

1881 3685 2049 3740 lutem
2099 3696 2341 3743 nostram
2376 3689 2429 3743 in
2458 3692 2638 3746 medio
2678 3704 2837 3748 terra:
2865 3694 3058 3764 hujus,
3099 3701 3239 3768 capi,
3287 3700 3463 3770 ligari,

1885 3775 2148 3846 lanceari,
2179 3780 2424 3852 cruciﬁgi
2467 3792 2522 3837 et
2569 3784 2673 3840 hoc
2721 3793 2890 3840 totum
2922 3789 3034 3857 pati
3072 3805 3170 3859 pro
3201 3792 3326 3847 iiliis
3372 3794 3466 3849 bo-

1881 3870 2112 3938 minum,
2165 3875 2355 3928 statim
2409 3876 2720 3946 deceptoria
2769 3892 2865 3949 spe
2927 3879 3031 3936 sibi
3081 3882 3357 3938 blanditur
3407 3893 3461 3940 et

1882 3962 2094 4028 alludit,
2126 3964 2328 4034 gaudet
2358 3967 2640 4022 obversari
2670 3969 3040 4026 misericordia
3069 3981 3122 4028 et
3154 3975 3461 4029 miseratio-

1880 4055 2057 4138 nibus,
2093 4053 2361 4123 judicium
2405 4060 2608 4127 nescit,
2660 4062 2874 4132 ignorat
2924 4065 3216 4136 justitiam,
3271 4079 3326 4123 et
3366 4085 3463 4138 pu-

1877 4134 2072 4199 niendi:
2102 4147 2337 4202 aestimat
2363 4165 2470 4204 non
2505 4151 2706 4221 puniri.
2739 4134 2991 4222 Fallitur,
3025 4161 3114 4228 qui
3141 4160 3219 4215 sic
3246 4161 3464 4217 oscula--

1886 4247 1974 4292 tur
2022 4239 2414 4299 misericordia:
2474 4247 2694 4315 pedem,
2753 4258 2812 4303 ut
2863 4251 3052 4321 pedem
3104 4253 3296 4322 judicii
3355 4272 3463 4311 non

1876 4332 2142 4396 attendat,
2173 4333 2266 4402 qui
2304 4342 2474 4391 totum
2519 4338 2585 4393 de
2620 4340 2994 4397 misericordis
3025 4345 3228 4412 pietate
3259 4361 3464 4415 praesu-

1875 4423 2001 4488 mit;
2044 4424 2147 4478 hoc
2175 4425 2350 4480 solum
2381 4428 2447 4482 ad
2478 4429 2706 4485 salutem
2740 4432 2984 4488 sufﬁcere
3020 4436 3269 4500 credens,
3302 4440 3451 4505 quod

1873 4511 2069 4566 credit.
2115 4511 2324 4568 Rursus
2363 4530 2486 4569 cum
2534 4518 2753 4574 abducit
2799 4537 2888 4588 os,
2937 4530 2993 4577 et
3032 4521 3221 4590 iudicii
3259 4526 3454 4594 pedem

1872 4604 2238 4659 crebrioribus
2283 4607 2485 4663 osculis
2533 4611 2883 4684 intertangit,
2933 4615 3240 4669 subcutitur
3276 4622 3466 4678 carnis

1872 4695 2174 4765 animaeque
2203 4698 2531 4768 substantia,
2557 4712 2612 4757 et
2637 4705 2924 4774 utriusque
2969 4707 3207 4762 hominis
3255 4719 3473 4775 statum

1873 4785 2245 4843 vehementior
2292 4804 2424 4844 aura
2479 4793 2741 4863 percellit.
2799 4797 3141 4855 Horrendum
3191 4810 3277 4854 est
3315 4811 3487 4870 enim

1873 4878 1926 4932 in
1960 4894 2152 4937 manus
2180 4881 2276 4936 Dei
2305 4882 2536 4940 viventis
2568 4885 2807 4942 incidere
2833 4885 3028 4958 (Hebr.
3069 4891 3153 4961 x),
3181 4887 3497 4966 oﬂ'endet'e

1870 4969 2203 5040 Creatorem,
2220 4975 2436 5030 nescire
2459 4979 2766 5044 Dominum,
2786 4981 3142 5042 recalcitrare
3165 4983 3517 5066 Domina“.

1873 5061 1941 5116 tis
1964 5063 2212 5137 imperio,
2238 5067 2329 5135 qui
2355 5066 2520 5122 habet
2546 5078 2869 5142 potestatem
2900 5089 3108 5151 corpus
3141 5081 3198 5129 et
3223 5061 3537 5162 animgm

1867 5153 2087 5212 mittere
2141 5157 2192 5211 in
2223 5155 2524 5226 gehennam
2561 5158 2775 5232 (Matth.
2807 5161 2884 5233 ις).
2948 5164 3236 5225 Terribilis
3304 5153 3544 5249 cerae,

1867 5244 2008 5299 sicut
2065 5249 2142 5304 ait
2188 5245 2500 5314 Apostolus,
2563 5252 2806 5320 quaedam
2869 5257 3218 5330 exspectatio
3283 5244 3551 5344 judi'cﬁ

1867 5333 2039 5368 Ιηηι...
2090 5339 2145 5368 -ὶ
2231 5337 2445 5368 ηιιηηΑη
2491 5339 2630 5368 ἕηκε...
2680 5344 2727 5368 ε..
2785 5359 2974 5368 ...ι--.μ
3030 5363 3039 5368 .
3149 5347 3255 5368 .2---

2680 5361 2727 5368 --ι
2785 5359 2928 5368 ΛΑ--.
