3946 5368
392 251 403 259 ’
489 268 594 325 sas

1056 275 1113 328 S.
1152 274 1357 329 PETRI
1392 274 1676 335 DAMIANI
1709 274 1864 333 OPP.
1893 272 2074 362 PARS
2107 272 2245 335 SEU
2277 269 2518 329 TOHUS
2550 274 2616 328 ll.
2652 304 2723 351 e-
2760 273 3145 345 SERMONE‘»
3626 274 3738 333 6‘54

491 378 637 433 Nihil
667 394 891 450 prorsus
919 382 1232 451 terribilius,
1271 386 1433 453 quam
1463 385 1646 440 videre
1678 384 1911 467 latronis
1946 382 2062 467 olli-
2087 384 2136 450 Α
2162 380 2295 447 stitii
2342 372 2520 465 tamen
2559 386 2845 441 morositas
2888 387 3029 449 inter
3076 387 3239 455 pedes
3284 401 3407 442 esse
3459 387 3641 453 debet,
3678 399 3743 446 et

491 471 668 523 cinam
717 472 927 540 plenam
989 475 1280 542 sanguine,
1328 464 1681 545 cumulatam
1723 460 2057 546 Opprobriis,
2112 470 2116 474 ’
2161 481 2351 543 caput;
2407 460 2531 544 quia
2588 477 2832 552 profecto
2907 477 3253 544 difficillimus
3322 488 3379 551 et
3436 488 3747 553 praesump—‘

494 560 779 615 tormentis
805 563 1117 618 undantem.
1142 564 1276 632 Quis
1305 567 1420 624 haec
1452 567 1654 622 diutius
1683 568 1925 637 cogitans
1952 583 2058 624 non
2161 571 2350 617 mosus
2400 562 2571 617 saltus
2619 575 2725 631 cst,
2761 580 2789 620 a
2821 565 3067 638 vestigiis
3114 567 3180 621 ad
3221 568 3481 633 verticem
3524 569 3741 637 Domini

493 650 676 705 statim
723 653 1146 719 contremiscat,
1201 664 1257 710 et
1308 657 1359 710 in
1408 656 1805 727 desperationis
1853 668 2061 713 rotetur
2160 654 2512 722 transvolare.
2557 655 2739 728 Neque
2769 657 2914 712 enim
2943 658 3153 724 eadem,
3185 674 3302 727 qum
3346 662 3505 719 unxit
3542 662 3733 733 pedes,

490 740 782 810 abyssum?
808 743 924 798 Non
953 754 1037 799 est
1075 746 1237 815 igitur
1265 747 1390 823 huic
1423 750 1543 817 pedi
1571 764 1816 804 morosus
1854 750 2060 805 incum-

2167 746 2315 801 unxit
2334 736 2523 817 caput;
2543 762 2663 803 cum
2682 748 2833 819 151
2854 749 2943 804 illa
2961 750 3239 815 meretrix,
3256 751 3367 806 haec
3378 752 3515 807 nihil
3538 753 3736 809 horum

490 827 751 895 bendum,
780 846 849 885 ne
878 833 1095 901 pietatis
1134 836 1389 891 intuitum
1424 837 1621 893 ferocia
1649 839 1943 908 iudicantis
1968 854 2063 896 oc-
2154 835 2350 898 fecisse
2400 836 2644 909 legatur,
2696 842 2990 894 secundum
3041 839 3170 895 illud
3213 859 3226 893 :
3265 860 3285 917 ᾳ
3324 841 3487 897 Verte
3540 844 3744 917 impios

478 918 693 975 .cludat.
727 919 1029 993 Utrumque
1059 924 1223 995 igitur
1251 927 1470 998 inungat
1498 930 1687 998 pedem
1721 928 1913 983 animae
1942 944 2056 999 pm-

489 1009 715 1066 nitentis
743 1011 990 1078 aﬂ‘ectns,
1015 1024 1067 1069 et
1088 1032 1232 1071 nunc
1258 1019 1683 1074 misericordiam
1713 1014 2056 1093 amplectens,

489 1119 633 1160 nunc
649 1104 914 1173 judicium
943 1110 1218 1191 osculans,
1244 1112 1594 1167 contribulati
1625 1111 1849 1183 spiritus
1871 1112 2060 1168 oﬂ‘erat

493 1193 886 1254 holocaustum.
2038 1194 2043 1199 ﬁ

560 1289 706 1346 Vide
727 1292 953 1347 Mariam
976 1290 1166 1359 judicii
1204 1292 1394 1361 pedem
1432 1292 1645 1348 fortiter
1670 1293 2057 1359 attendentem,-

491 1381 618 1444 d_um
652 1381 849 1436 nobilis
878 1391 932 1436 et
958 1382 1162 1437 lasciva
1202 1382 1397 1437 mulier
1429 1383 1834 1438 convivantium
1868 1383 2061 1461 faciem

492 1488 599 1528 non
637 1475 887 1540 attendit,
926 1474 1019 1529 sed
1057 1483 1281 1530 extenso
1315 1490 1542 1544 corpore
1584 1475 1924 1545 provolvitur
1967 1491 2061 1545 pe-

490 1562 648 1618 dibus
680 1562 997 1631 majestatis,
1037 1563 1238 1619 doloris
1274 1563 1455 1633 plena,
1500 1564 1711 1631 timoris
1747 1564 2057 1634 impatiens,

488 1657 917 1725 compunctionis
946 1655 1130 1725 jaculo
1176 1655 1490 1721 vulnerata;
1529 1655 1624 1711 sed
1658 1665 1714 1710 et
1749 1644 2061 1712 misericor—

489 1749 591 1805 diu:
622 1749 811 1819 pedem
836 1749 994 1804 labiis
1031 1749 1473 1819 impressioribus
1496 1748 1795 1814 osculatur,
1825 1748 1882 1803 in
1907 1748 2060 1817 cujus

483 1855 582 1910 spe
623 1841 853 1895 ﬁrmiter
892 1838 1120 1895 inhaeret
1164 1840 1411 1912 vestigiis
1445 1838 1839 1917 accumbentis,
1885 1839 2058 1903 donec

487 1930 715 1985 audiat:
746 1950 764 1982 ι
791 1929 1164 1986 Remittuntur
1191 1931 1286 1986 tibi
1320 1938 1544 2000 peccata
1578 1938 1666 1985 tua
1694 1929 1845 1995 (Luc.
1881 1930 2001 2001 vit).
2035 1949 2053 1983 ο

487 2020 636 2076 Sane
659 2022 956 2092 pretiosum
988 2032 1342 2093 unguentum,
1366 2037 1475 2091 quo
1503 2036 1610 2078 non
1641 2021 1813 2083 solum
1846 2030 2059 2078 terrena

486 2112 704 2177 domus,
755 2113 849 2167 sed
901 2113 1064 2169 etiam
1110 2112 1347 2166 caelestis
1391 2113 1714 2183 aspergitur.
1773 2102 2062 2180 Vilissimze

488 2214 669 2257 autem
696 2210 822 2257 sunt
851 2203 1083 2272 species,
1117 2201 1183 2258 de
1211 2202 1408 2271 quibus
1431 2201 1738 2266 conficitur,
1770 2210 1824 2257 et
1866 2218 2061 2276 magna

486 2306 675 2347 eorum
703 2292 857 2362 copia
888 2292 1027 2345 intra
1063 2300 1277 2346 nostros
1308 2291 1554 2347 hortulos
1586 2292 1782 2362 poterit
1808 2282 2057 2357 inveniri.

489 2384 718 2440 Peccata
768 2384 930 2455 igitur
970 2392 1156 2440 nostra
1192 2384 1433 2454 plantata
1483 2386 1535 2438 in
1575 2383 1924 2457 conscientiis
1968 2400 2062 2439 no-

493 2473 645 2535 stris,
673 2488 906 2544 qnorum
950 2474 1313 2528 numerositas
1349 2487 1460 2542 prae
1495 2472 1837 2528 multitudine
1874 2487 2062 2539 nume-

485 2564 597 2618 rari
646 2577 751 2617 non
795 2571 997 2633 potest,
1036 2564 1247 2633 species
1286 2561 1403 2637 ejus
1444 2573 1591 2617 sunt.
1636 2562 1754 2634 Ipsa
1798 2562 1965 2634 igitur
2005 2563 2060 2618 in

485 2654 803 2711 mortariola
852 2655 1190 2724 paenitentiae
1236 2654 1623 2711 macerationis
1679 2653 1882 2725 pistillo
1933 2668 2062 2710 con-

484 2757 631 2809 tusa,
684 2753 741 2801 et
793 2758 1046 2814 respersa
1097 2743 1443 2815 discretionis
1494 2742 1635 2811 oleo,
1683 2741 1885 2811 doloris
1937 2743 2062 2818 igne

487 2835 790 2906 supposito,
819 2843 876 2889 et
901 2835 953 2889 in
988 2835 1166 2890 aheno
1197 2835 1492 2905 disciplinae
1517 2843 1798 2899 concocta,
1823 2849 2063 2906 unguen-

489 2935 603 2980 tum
645 2925 863 2981 exhibet
897 2924 1211 2993 pretiosnm,
1252 2933 1309 2980 et
1341 2934 1620 2995 acceptum
1669 2924 1897 2993 pedibus
1945 2924 2063 2979 Sal-

482 3015 707 3069 vatoris.
745 3012 1136 3082 Compendiose
1183 3022 1359 3071 autem
1405 3013 1532 3068 illud
1570 3011 1920 3079 confecimus,
1968 3028 2060 3069 sa-

483 3106 653 3175 pienti
700 3120 881 3177 rerum
926 3106 1267 3161 occasionem
1314 3106 1526 3176 penitus
1572 3105 1961 3175 relinquentes.
1994 3105 2062 3161 Et

486 3197 614 3252 licet
673 3196 902 3252 materia
959 3196 1206 3261 videatur
1266 3197 1555 3268 indignior,
1619 3194 1838 3250 interim
1881 3207 2059 3250 tamen

483 3288 688 3344 bonum
731 3296 815 3342 est
860 3294 1190 3355 unguentum
1238 3285 1378 3340 istud
1426 3280 1568 3354 quod
1610 3284 1825 3361 domum
1867 3283 2060 3353 replet,

486 3387 741 3450 penetrat
783 3377 970 3441 oculos,
1003 3377 1222 3447 angelos
1260 3364 1523 3441 laetiﬁcat,
1549 3384 1604 3431 et
1645 3376 1816 3431 beatae
1854 3375 2062 3431 civitati

486 3471 733 3527 laetitiam
775 3471 1014 3527 refundit
1058 3479 1114 3525 et
1144 3470 1418 3540 gaudium.
1460 3468 1573 3524 Hoc
1613 3476 1697 3524 est
1730 3467 2062 3523 sacriﬁcium

488 3562 735 3633 justitiae,
763 3562 887 3632 quia
919 3558 1242 3617 sacriﬁcium
1267 3559 1374 3615 Deo
1417 3560 1639 3629 spiritus
1669 3557 2064 3643 contribulatus

490 3651 665 3725 (Psal.
705 3653 779 3725 ι).
1827 3642 1833 3649 ’
1979 3644 1982 3648 ’

563 3744 872 3801 Secundum
912 3753 1243 3811 unguentum
1271 3752 1357 3797 est
1383 3734 1685 3797 devotiOnis
1709 3742 1776 3797 de
1806 3742 2060 3816 recorda-

489 3834 638 3891 tione
683 3832 1069 3889 beneﬁciorum
1123 3831 1236 3886 Dei.
1281 3831 1512 3887 Prorsus
1553 3831 1867 3901 dignissima
1905 3831 2064 3909 huius

494 3924 756 3995 unguenti
810 3923 1162 3993 compositio,
1223 3931 1278 3977 et
1333 3923 1385 3977 in
1446 3922 1603 3977 istius
1659 3923 2065 4006 comparatione

492 4015 690 4085 prioris
720 4024 804 4070 est
845 4016 1159 4084 conspersio
1192 4006 1585 4085 vilipendenda.
1619 4014 1747 4084 Ejus
1773 4015 1916 4070 enim
1946 4029 2067 4084 spe-

492 4107 606 4161 cies
651 4107 717 4161 de
760 4107 968 4161 caelesti
1019 4108 1270 4175 paradiso
1301 4106 1476 4160 allata:
1519 4114 1663 4172 sunt,
1715 4116 1772 4160 et
1817 4105 1870 4164 in
1920 4114 2066 4160 terra

496 4195 731 4251 ﬁliorum
753 4196 1034 4249 hominum
1067 4208 1340 4266 nequeunt
1367 4198 1616 4252 inveniri.
1653 4195 1893 4271 Virtutes
1921 4197 2064 4271 enim

494 4286 753 4343 divinitus
803 4284 1041 4349 collata),
1100 4294 1157 4339 et
1219 4286 1273 4339 in
1331 4268 1671 4340 mortariola,
1703 4268 2066 4356 cogitationis,

489 4375 697 4448 pistillo
725 4376 1149 4444 diligentissimae
1172 4376 1541 4433 meditationis
1560 4376 1778 4441 intrita),
1802 4384 1859 4432 et
1885 4377 2066 4447 exsul-

496 4468 715 4525 tationis
760 4469 879 4524 oleo
924 4468 1242 4539 superfusae,
1289 4467 1490 4524 suffuso
1541 4469 1665 4540 igne
1707 4466 1953 4538 iustitiae,
2009 4466 2114 4527 et'-

489 4558 817 4615 humilitatis
861 4559 1036 4615 aheno
1086 4559 1345 4627 decoctae,
1391 4567 1721 4631 unguentum
1770 4557 1975 4615 faciunt
2011 4569 2067 4616 et

493 4649 684 4715 odore,
721 4657 777 4707 et
805 4649 1005 4724 virtute
1032 4650 1298 4716 mirabile,
1329 4652 1473 4720 quod
1499 4651 1675 4707 solum
1704 4665 1866 4722 super
1904 4659 2066 4723 caput

495 4740 709 4795 Domini
767 4742 1133 4805 recumbentis
1187 4742 1360 4811 possit
1434 4742 1634 4798 effundi
1709 4751 1764 4800 et
1816 4743 2063 4813 exhiberi

495 4833 821 4900 reverentiae
875 4835 1195 4905 maiestatis.
1260 4832 1365 4889 Sed
1422 4843 1479 4889 et
1534 4836 1638 4891 hoc
1686 4834 2064 4905 recollegimus

493 4922 756 4991 breviter,
784 4924 908 4988 illis,
938 4927 1029 4996 qui
1057 4927 1224 4981 multa
1252 4927 1317 4981 de
1341 4926 1529 4996 paucis
1555 4926 1841 4996 exculpere
1865 4941 2064 4996 cogno-

495 5021 711 5078 verunt,
763 5013 1049 5070 verborum
1098 5016 1497 5077 multitudinem
1553 5026 1914 5071 reservantes.
1962 5015 2067 5071 No-

497 5103 662 5155 tanda
687 5110 868 5156 tamen
897 5104 1175 5173 utriusque
1201 5105 1523 5172 differentia,
1566 5114 1623 5161 et
1652 5106 1874 5162 secundi
1905 5105 2074 5161 subli-

495 5195 657 5248 mitas
706 5196 1064 5254 attendenda;
1109 5199 1235 5254 quia
1284 5198 1414 5254 illud
1458 5207 1542 5254 est
1587 5183 2069 5254 Deo'sacrilicium

2087 3064 2134 3149 β

2152 932 2213 996 ⁸ει
2248 940 2355 980 ηοη
2383 935 2545 981 erunt
2572 922 2753 997 (Prov.
2790 927 2916 996 ιη).
2950 948 2968 980 ι
3006 927 3175 984 Unxit
3208 946 3337 1000 ergo
3383 931 3556 986 Maria
3606 949 3733 1005 san-

2165 1022 2310 1069 ctum
2334 1014 2431 1070 Dei
2458 1016 2742 1084 verticem,
2775 1018 3018 1089 profecto
3034 1019 3145 1089 jam
3186 1018 3403 1085 dilecta,
3429 1020 3547 1089 jam
3574 1021 3729 1078 fami.

2158 1105 2307 1161 liaris
2355 1105 2578 1175 eﬂ’ecta,
2630 1108 2893 1178 longeque
2948 1111 3268 1179 pcccatricis
3322 1111 3466 1166 illius
3511 1113 3732 1188 evoluta

2158 1195 2458 1267 contagiis,
2515 1212 2675 1267 quam
2730 1198 2915 1254 infelix
2969 1199 3060 1254 ille
3108 1200 3452 1271 septenarius
3499 1201 3707 1271 confun

2160 1284 2344 1340 debat.
2440 1280 2447 1293 ³
2728 1282 2731 1283 ⁷
2897 1280 2901 1287 ’
3364 1286 3371 1292 “
3667 1273 3697 1291 “¹

2228 1375 2400 1431 Porro
2428 1375 2476 1433 si
2507 1376 2612 1439 duo
2640 1379 2915 1448 praemissa
2957 1389 3225 1451 unguenta
3260 1389 3422 1437 tanta:
3458 1381 3743 1457 dignitatis

2161 1476 2308 1535 sunt,
2358 1476 2419 1524 ut
2456 1468 2685 1524 alterum
2726 1471 2971 1541 pedibus,
3019 1471 3248 1527 alterum
3295 1473 3459 1545 capiti
3490 1459 3739 1544 complal

2160 1558 2671 1629 ceatdominantis;
2715 1559 2842 1615 illud
2885 1556 3122 1623 tertium,
3153 1562 3297 1632 quod
3338 1552 3605 1634 optimum
3655 1573 3745 1630 es;

2161 1658 2218 1704 et
2252 1650 2710 1720 superexcellens,
2742 1652 2964 1720 ubinam
2996 1653 3238 1713 invenire
3261 1656 3603 1725 poterimus?
3629 1656 3743 1714 Sed

2090 1717 2135 1776 Β
2162 1717 2336 1807 absit,
2354 1748 2417 1805 ut
2459 1756 2657 1811 sponsa
2690 1717 2951 1798 Veritatis
2982 1760 3012 1799 a
3047 1717 3278 1799 veritate
3316 1722 3643 1814 dissentiat;
3687 1743 3744 1802 et

2161 1829 2269 1889 tale
2316 1829 2519 1901 aliquid
2568 1831 2770 1888 habere
2813 1848 2872 1888 se
2913 1831 3150 1900 jactitet,
3192 1833 3337 1903 quod
3371 1835 3582 1907 habere
3629 1853 3744 1903 non

2161 1918 2354 1991 possit.
2384 1918 2482 1974 Est
2514 1934 2646 1997 ergo
2673 1920 2891 1983 tertium
2936 1921 3156 1991 pietatis
3190 1932 3546 1994 unguentum,
3596 1921 3744 1995 quod

2161 2016 2247 2063 est
2297 2022 2461 2079 super
2480 2010 2666 2088 omnia
2694 2019 2961 2077 aromata,
2989 2011 3194 2085 morbis
3220 2013 3477 2088 omnibus
3508 2022 3566 2068 et
3598 2016 3746 2088 peri:-

2156 2097 2298 2174 culis
2328 2086 2585 2177 salutare,
2617 2100 2869 2171 quodque
2894 2100 3024 2155 nulli
3056 2117 3291 2172 unquam
3317 2085 3457 2175 pesti
3494 2085 3746 2160 invenia-

2161 2197 2251 2243 tur
2275 2188 2545 2261 inefficax.
2588 2193 2664 2246 De
2700 2193 2818 2263 ipso
2862 2210 3095 2264 namque
3141 2197 3219 2276 sic
3254 2195 3487 2272 legitur:
3520 2217 3541 2250 ι
3571 2199 3742 2255 Maria

2161 2278 2494 2360 Magdalene,
2531 2277 2596 2337 et
2646 2282 2812 2338 Maria
2858 2282 3083 2351 Jacobi,
3117 2295 3172 2360 et
3226 2287 3441 2342 Salonae
3490 2300 3743 2345 emerunt

2161 2383 2425 2440 aromata,
2448 2383 2511 2430 ut
2537 2376 2816 2432 venientes
2836 2388 3095 2448 ungerent
3117 2377 3298 2440 Jesum
3322 2379 3522 2450 (Marc.
3550 2383 3689 2449 xvi).
3719 2372 3737 2432 ί

2162 2463 2393 2522 Videsne
2426 2466 2480 2521 in
2509 2468 2683 2538 prima
2715 2468 2936 2537 capituli
2965 2468 3146 2524 fronte
3176 2464 3546 2539 propositum,
3596 2474 3741 2543 quod

2160 2572 2267 2635 pou
2296 2573 2420 2622 una,
2456 2557 2541 2613 vel
2572 2558 2709 2624 dum,
2746 2559 2837 2614 sed
2866 2568 2977 2614 tres
3014 2561 3122 2615 vix
3143 2552 3418 2614 sufﬁciunt
3446 2543 3519 2615 ad
3549 2578 3742 2632 emen-

2163 2651 2289 2707 dum
2346 2658 2508 2706 tantae
2559 2651 2970 2721 compositionis
3027 2654 3397 2724 unguentum?
3453 2638 3740 2724 lntelligis,

2160 2740 2289 2811 quia
2340 2756 2448 2815 non
2506 2742 2696 2809 pedes,
2742 2750 2837 2811 aut
2883 2750 3071 2812 caput,
3130 2742 3222 2797 sed
3272 2750 3443 2797 totum
3491 2744 3740 2813 cruciﬁxi

2164 2847 2363 2905 corpus
2397 2832 2500 2887 sibi
2547 2833 2786 2899 vindicat
2815 2833 2917 2893 ista
2943 2833 3245 2890 confectio?
3285 2832 3575 2890 Confectio
3625 2836 3743 2890 sine

2164 2925 2328 2980 dubio
2357 2925 2616 2995 pretiosa,
2643 2940 2764 2994 quae
2793 2926 2888 2993 toti
2921 2924 3151 2981 sufficiat
3187 2927 3398 2997 corpori
3422 2924 3743 2988 Creatoris?

2166 3014 2234 3070 Et
2258 3015 2499 3082 attende,
2539 3015 2664 3084 quia
2708 3024 3041 3086 unguentum
3070 3015 3298 3085 pedibus
3329 3013 3573 3071 infusum
3606 3015 3740 3093 adeo

2166 3105 2481 3174 dignissima
2507 3105 2730 3173 lenitate
2756 3098 3013 3176 suscepit,
3043 3115 3101 3161 ut
3124 3107 3459 3184 Pharisaeum
3497 3099 3740 3163 murmu-

2162 3205 2371 3251 rantem
2392 3195 2700 3266 parabolica
2727 3190 3039 3274 prolixitate
3058 3197 3423 3263 convinceret,
3453 3207 3507 3252 et
3537 3206 3742 3269 retorto

2164 3286 2440 3358 sngillaret
2462 3284 2708 3365 exemplo
2734 3285 2883 3357 (an.
2901 3286 3023 3357 νη).
3078 3286 3184 3342 Sed
3205 3296 3259 3341 et
3276 3288 3343 3342 de
3368 3287 3559 3344 refuso
3582 3282 3743 3360 super

2162 3388 2327 3451 caput
2364 3377 2482 3455 ejus
2524 3388 2796 3448 unguento
2842 3370 3136 3448 discipulos
3190 3372 3538 3449 indignantes
3589 3394 3756 3455 enare

2164 3471 2299 3541 guit,
2330 3469 2532 3525 bonum
2561 3469 2801 3525 mulieris
2826 3484 2961 3545 opus
2988 3484 3106 3524 esse
3133 3477 3467 3539 protestans,
3491 3478 3553 3524 et
3580 3454 3741 3524 tumis

2164 3557 2290 3616 dam
2316 3574 2501 3616 eorum
2528 3559 2929 3614 animositatem
2974 3560 3154 3613 verbis
3182 3558 3522 3629 compescuit
3558 3558 3740 3639 mode?

2167 3655 2317 3709 ratis.
2351 3653 2467 3708 Hoc
2499 3668 2627 3707 vero
2668 3661 2778 3706 tam
2825 3651 3062 3717 salubre,
3104 3659 3319 3720 tamque
3357 3649 3656 3706 miriﬁcum
3686 3649 3739 3704 in

2164 3752 2382 3819 mortuo
2410 3756 2640 3812 corpore
2668 3756 2768 3797 suo
2805 3741 2974 3796 voluit
3008 3727 3260 3811 expendi,
3299 3739 3443 3819 quod
3475 3740 3606 3810 vivo
3634 3726 3740 3819 uti;

2166 3849 2272 3904 que
2298 3822 2626 3889 reservabat.
2675 3833 2791 3886 Duo
2825 3832 2969 3888 enim
3006 3846 3236 3900 corpora
3262 3831 3425 3902 habet
3463 3830 3739 3895 Christus,

2168 3912 2357 3993 unum,
2387 3923 2532 3994 quod
2559 3922 2799 3993 suscepit
2826 3921 2878 3976 in
2911 3920 3157 3993 Virgine;
3196 3921 3426 3975 alterum
3457 3921 3742 3986 Ecclesia,

2167 4015 2311 4085 quod
2343 4014 2525 4070 carius
2589 4013 2754 4069 habet
2785 4013 3088 4084 benignitas
3112 4011 3468 4068 Bedimentis.
3497 4006 3742 4085 Denique

2168 4105 2296 4168 illud
2341 4119 2439 4176 pro
2491 4103 2597 4160 isto
2652 4106 2811 4159 morti
2861 4103 3135 4175 exposuit,
3190 4111 3243 4158 et
3288 4103 3605 4168 tormentis,
3652 4104 3743 4157 ad-

2169 4199 2346 4254 dictus
2371 4196 2545 4263 cruci,
2579 4196 2794 4261 vinctns
2823 4210 2945 4251 cum
2984 4194 3283 4257 sceleratis,
3327 4202 3505 4248 morte
3545 4195 3744 4263 turpis-

2170 4290 2306 4345 sima
2344 4289 2751 4363 condemnatus.
2778 4287 3152 4342 Poterimusne
3180 4293 3291 4339 tam
3318 4283 3595 4355 salubrem
3619 4297 3744 4339 eon-

2174 4380 2458 4437 fectionem
2487 4379 2800 4457 conficere?
2834 4378 3114 4435 Universae
3142 4375 3463 4439 miserorum
3512 4374 3743 4445 miseria:

2173 4481 2281 4527 tam
2329 4473 2662 4544 animarum.
2718 4486 2880 4544 quam
2936 4484 3252 4540 corporum,
3306 4466 3465 4524 oculo
3519 4467 3740 4538 pietatis

2174 4564 2453 4635 inspectae,
2490 4561 2700 4631 species
2742 4562 2859 4632 ejus
2906 4567 3051 4635 sunt.
3091 4559 3211 4614 Ista:
3255 4558 3419 4630 igitur
3450 4558 3505 4611 in
3539 4569 3737 4613 murta.

2170 4655 2308 4711 riolo
2350 4653 2645 4725 largitatis.
2697 4652 2996 4709 dulcedinis
3048 4650 3250 4722 pistillo
3306 4649 3629 4714 confractus,
3690 4659 3741 4704 et

2171 4744 2409 4806 deﬁnita:
2461 4743 2751 4805 charitatis
2804 4743 2960 4813 oleo,
3017 4754 3280 4795 succenso
3353 4737 3742 4808 compassionis

2173 4836 2317 4905 igne,
2367 4841 2422 4888 et
2460 4822 2520 4888 in
2566 4833 2743 4890 aheno
2782 4830 3200 4901 perseverantiae
3242 4831 3593 4899 despumatze,
3640 4843 3739 4881 un-

2170 4934 2427 4994 guentum
2451 4923 2655 4995 faciunt
2678 4924 2807 4993 ipsis
2830 4923 2994 4978 etiam
3026 4921 3230 4992 angelis
3256 4917 3658 4991 admirandum.

2242 5014 2381 5071 Sunt
2417 5014 2520 5081 viri
2568 5014 2879 5069 divitiarum
2912 5015 2963 5067 in
2993 5013 3154 5068 domo
3189 5010 3401 5071 Domini
3445 5011 3738 5071 virtutum;

2171 5108 2522 5182 vestigemus,
2551 5121 2620 5175 an
2653 5107 2794 5177 apud
2822 5120 2917 5177 eos
2948 5102 3253 5171 huiusmodi
3297 5101 3607 5156 habeantur
3649 5114 3734 5153 un-

2170 5207 2391 5254 guenta.
2428 5195 2643 5252 Primus
2667 5195 2906 5250 occurrit
2935 5193 3069 5248 mihi
3102 5190 3322 5254 Paulus,
3360 5189 3505 5244 sicut
3546 5188 3740 5254 ubique
