3946 5368
481 211 583 269 667

475 327 782 399 palaestram
828 329 1076 400 superius
1111 335 1529 405 nominavimus,
1561 329 1894 399 utrumnam
1923 360 2056 401 con-

477 432 610 488 grue
640 420 875 488 positum
901 420 991 488 sit,
1025 422 1069 476 si
1112 423 1307 493 placet,
1339 429 1498 498 paulo
1533 432 1783 488 subtilius
1809 433 2052 504 inquira—

474 524 616 564 mus.
639 509 937 567 Pala'strita
968 515 1164 586 quippe
1189 519 1365 574 nudus
1390 520 1652 592 luctatur,
1677 535 1730 580 et
1753 524 1814 580 Β.
1845 525 2051 597 Apolli-

472 598 622 652 naris
649 602 936 657 mundana:
963 606 1320 672 possessionis
1344 608 1660 668 indumento
1685 615 1858 671 nudus
1887 616 2052 673 fuisse

469 691 834 761 cognoscitur.
871 693 928 748 In
956 698 1264 765 spectaculo
1298 692 1475 757 autem
1513 705 1712 760 civium
1743 705 2050 774 huiusmodi

463 778 609 834 lucta
631 784 975 853 pr0ponitur,
1008 796 1068 840 ut
1089 787 1146 841 Β.
1171 788 1370 846 Paulus
1396 791 1463 848 de
1509 809 1568 849 se
1593 789 1820 866 aliisque
1848 796 2051 856 Christi

461 870 820 930 bellatoribus
844 891 1081 947 congrue
1107 889 1362 947 testatur,
1383 884 1600 953 dicens:
1623 907 1640 938 ι
1667 887 2049 958 Spectaculum

461 957 591 1014 facti
643 976 832 1020 sumus
879 967 1084 1036 angelis
1136 976 1191 1023 et
1227 970 1538 1029 horninibus
1595 975 1679 1046 (II
1723 977 1840 1031 Cor.
1897 980 1992 1049 iv).
2026 1000 2043 1032 ο

465 1047 614 1104 Solet
640 1063 820 1109 autem
859 1057 1043 1125 pueris
1071 1058 1268 1123 oleum,
1293 1064 1437 1130 quod
1462 1057 1712 1122 videlicet
1739 1047 1959 1126 ceroma
1981 1071 2050 1126 ab

461 1139 541 1192 eis
585 1140 802 1208 dicitur,
847 1162 876 1199 a
921 1149 1423 1216 campiductoribus
1469 1156 1654 1222 tribui,
1693 1160 1836 1215 unde
1860 1176 2046 1216 eorum

462 1227 697 1285 debeant
735 1235 914 1289 omnia
958 1241 1205 1308 corporis
1251 1244 1494 1301 membra
1527 1251 1773 1321 perungi.
1811 1251 2045 1308 Sanctus

460 1333 592 1374 vero
645 1321 839 1380 Petrus
894 1329 1168 1397 apostolus
1211 1332 1272 1386 Β.
1315 1335 1665 1406 Apollinaris,
1715 1357 1821 1396 non
1867 1344 2044 1398 dicam

462 1412 857 1488 campidttctor,
907 1418 1002 1472 sed
1047 1420 1259 1488 ductor,
1295 1428 1468 1481 sancti
1512 1427 1747 1498 Spiritus
1793 1448 1914 1485 eum
1949 1450 2046 1487 un-

459 1501 639 1574 ctione
675 1506 929 1574 perfudit,
980 1524 1100 1564 cum
1151 1515 1216 1568 ad
1265 1519 1562 1573 certamina
1594 1525 2037 1596 persecutionum

459 1591 626 1664 misit.
659 1593 729 1648 Ut
776 1597 917 1652 enim
978 1599 1030 1653 in
1083 1613 1268 1658 sancta
1299 1615 1573 1674 gestorum
1606 1593 1750 1667 illius
1786 1625 2043 1691 narratur

1119 218 1179 276 S.
1220 219 1424 278 PETRI
1465 225 1746 284 DAMIANI
1785 228 1935 286 OPP.
1976 230 2158 294 PARS
2192 236 2324 295 SEU
2366 237 2600 300 TOMUS
2632 243 2695 300 ΙΙ.
2721 277 2789 288 -—
2813 247 3202 312 SERMONES.

3636 262 3742 318 663

2087 353 2133 410 Α
2161 363 2288 420 ergo
2320 355 2561 423 magistri
2609 359 2679 413 sit
2713 360 2975 433 discipulo
3005 369 3232 426 audacia
3272 375 3655 442 praesumeudi,
3683 388 3744 434 et

2162 443 2426 500 mittentis
2456 451 2750 507 auctoritas
2779 454 2850 508 sit
2879 455 3069 512 fiducia
3098 461 3269 517 missi.

2227 531 2271 588 Ο
2310 534 2466 590 beate
2503 542 2766 608 apostole,
2797 560 2958 614 quam
3009 548 3258 616 libenter,
3287 567 3450 622 quam
3491 554 3741 612 alacriter

2153 634 2358 680 motum
2391 636 2493 708 tute
2519 631 2848 706 diversitatis
2880 638 3198 698 intueorzet
3227 661 3371 700 nunc
3397 657 3452 700 te
3474 647 3734 714 debilem,

2152 727 2296 768 nunc
2321 704 2669 777 fortissimum
2700 726 2920 795 pulchra
2945 732 3205 786 varietate
3235 736 3610 806 contemplor!
3638 740 3740 793 De-

2153 804 2336 873 bilem,
2390 809 2630 880 inquam,
2693 819 2938 892 negando
2988 825 3328 892 magistrum,
3379 827 3734 885 fortissimum

2152 906 2281 953 vero.
2301 912 2400 964 pro
2426 898 2665 968 ejusdem
2695 908 2938 976 magistri
2972 911 3307 968 confessione
3331 916 3598 970 mittendo
3626 919 3736 973 dis-

2151 984 2409 1053 cipulum.
2441 988 2557 1046 Non
2611 993 2767 1050 times
2812 998 3073 1068 discipulo
3101 1002 3417 1059 Ravennam
3446 1007 3736 1062 multarum

2150 1076 2362 1132 urbium
2393 1079 2668 1137 dominam
2699 1087 2995 1158 assignare,
3026 1095 3116 1163 qui
3154 1084 3466 1170 tibimetipsi
3500 1117 3735 1170 expave-

2149 1181 2240 1222 ras
2261 1171 2418 1226 unius
2454 1178 2749 1234 sacerdotis
2776 1169 3052 1239 ancillam.
3084 1187 3199 1244 Non
3250 1194 3450 1250 metuis
3498 1196 3649 1250 illum
3682 1199 3734 1253 in

2147 1262 2471 1329 procellosus
2502 1266 2698 1326 fluctus
2751 1276 3229 1338 turbulentissime
3285 1287 3529 1344 civitatis
3563 1291 3734 1346 solum

2149 1351 2386 1420 mittere,
2416 1357 2508 1424 qui
2552 1373 2674 1414 cum
2707 1361 2823 1430 ipso
2853 1363 3112 1424 Creatore
3141 1375 3374 1445 marium
3417 1394 3582 1446 super
3618 1397 3727 1437 ma-

2144 1441 2294 1498 rinas
2317 1448 2488 1503 undas
2518 1465 2813 1528 expaveras
2834 1459 3128 1517 ambulare.
3155 1465 3232 1520 illi
3260 1483 3496 1538 namque
3531 1473 3732 1528 dictum

2143 1542 2224 1587 est
2244 1553 2255 1586 :
2285 1554 2302 1587 ι
2323 1537 2640 1607 Aquilonem
2662 1553 2716 1598 et
2739 1562 2887 1603 mare
2911 1559 2964 1605 tu
2988 1557 3183 1610 creasti
3203 1557 3376 1628 (Psaf.
3394 1566 3688 1633 Lxxxvm).
3709 1585 3727 1620 ι

2143 1622 2294 1679 Licet
2343 1629 2488 1684 enim
2538 1633 2778 1691 dixeris:
2811 1658 2828 1689 ι
2861 1641 3107 1709 Domine,
3138 1645 3266 1714 jube
3313 1667 3398 1706 me
3437 1655 3628 1710 venire
3662 1657 3725 1710 ad

488 1662 490 1664 τ
1299 1662 1327 1674 υ
1545 1662 1572 1664 η
1786 1662 2033 1691 τ---η--η
2143 1662 2294 1679 me...
2343 1662 2488 1684 ειη...
2538 1662 2778 1691 uucns:
2811 1662 2828 1689 ι
2861 1662 3107 1709 nomine,
3138 1662 3266 1714 June
3313 1667 3398 1706 me
3437 1662 3628 1710 venire
3662 1662 3725 1710 ad

456 1681 681 1750 historia
703 1727 717 1752 ,
774 1687 850 1742 ait
898 1689 956 1743 Β.
990 1691 1182 1749 Petrus
1239 1700 1514 1768 apostolus
1548 1703 1847 1784 Apollinari
1879 1702 2048 1763 disci?
2071 1702 2115 1762 Β
2146 1722 2196 1769 te
2220 1717 2432 1786 (Matth.
2463 1723 2612 1794 xiv):
2644 1745 2661 1777 ι
2700 1729 2800 1784 nisi
2833 1739 3011 1789 tamen
3054 1743 3389 1809 expavisses,
3425 1748 3600 1818 mergi
3631 1750 3731 1802 uti-

456 1771 582 1818 nuln
608 1789 706 1818 sum
738 1794 749 1818 ε
788 1797 804 1818 ι
831 1779 967 1818 ΠιιῖιΙ
1017 1784 1168 1818 εοεΙηρ
1204 1787 1480 1818 ηιιΙιῖοι-...ηι
1501 1808 1514 1818 .
1551 1809 1674 1818 ΛΑ--
1711 1797 1946 1818 -_._-.|2.___
1987 1815 2035 1818 _-

453 1771 582 1856 pulo
608 1789 706 1830 suo
737 1794 750 1829 :
788 1797 804 1829 ι
831 1779 968 1846 Quid
1016 1784 1171 1839 sedes
1202 1787 1515 1857 nobiscum;
1548 1809 1676 1862 ecce
1701 1779 1950 1854 eruditus
1980 1815 2040 1854 es

454 1863 522 1937 de
557 1869 806 1936 omnibus
829 1891 948 1943 quae
976 1874 1107 1932 fecit
1131 1879 1304 1935 Jcsns.
1339 1872 1532 1956 Surge,
1565 1890 1748 1960 accipe
1777 1890 2044 1969 Spiritum

452 1965 726 2023 sanctum,
753 1962 1025 2034 simulque.
1058 1969 1218 2042 154
1243 1977 1638 2046 pontificatum,
1687 1992 1741 2037 et
1769 1999 1935 2064 perge
1963 1962 2038 2040 Had

452 2046 665 2118 urbem,
697 2065 817 2120 qua:
850 2064 1075 2112 vocatur
1119 2059 1395 2142 Ravenna.
1423 2086 1441 2119 ι
1492 2068 1644 2136 Quod
1686 2074 1830 2127 enim
1871 2046 2034 2142 dicit,

451 2137 637 2214 accipe
679 2139 938 2209 Spiritum
988 2135 1256 2216 sanctum,
1292 2163 1346 2209 et
1369 2135 1573 2226 perge,
1603 2160 1710 2217 tale
1744 2173 1846 2242 est,
1898 2180 1962 2220 ac
1990 2150 2042 2243 si:

457 2227 700 2303 diceret:
727 2233 857 2289 Dleo
879 2240 1123 2296 membra
1153 2244 1432 2314 perfunde,
1481 2260 1535 2306 et
1581 2237 1779 2308 bellum
1809 2227 2043 2316 viriliter

450 2329 698 2402 consere.
746 2322 820 2377 De
849 2327 952 2382 hoc
987 2331 1128 2386 enim
1171 2336 1343 2390 sancti
1373 2336 1607 2408 Spiritus
1633 2343 1758 2400 oleo
1783 2361 1880 2415 per
1902 2362 2035 2418 pro-

449 2396 665 2492 phetam
716 2411 915 2470 dicitur
944 2433 958 2470 :
996 2436 1014 2469 ‹
1038 2396 1447 2491 ϐοιιιριιῑιεεοὸί
1487 2417 1672 2501 jugum
1704 2449 1732 2486 a
1763 2396 2033 2493 facierolei

450 2487 588 2567 (lsa.
640 2503 718 2574 χ).
742 2525 761 2557 ι
802 2506 877 2563 De
903 2509 1005 2566 hoc
1031 2520 1086 2566 et
1120 2487 1217 2584 per
1252 2487 1592 2589 Psalttiislani
1618 2527 1873 2582 canitur:
1909 2553 1926 2579 ι
1955 2528 2036 2584 ln-

446 2589 568 2666 veni
599 2590 766 2674 David
812 2612 1027 2655 servum
1078 2603 1280 2678 meum,
1330 2609 1451 2669 oleo
1497 2625 1687 2672 sancto
1732 2634 1854 2675 meo
1904 2622 2032 2676 unxi

444 2694 569 2758 cum
599 2671 773 2756 (Psal.
804 2696 1090 2766 Lxxxvm).
1125 2716 1142 2749 ι
1266 2671 1275 2678 Ι
1613 2693 1615 2695 ’

516 2772 631 2829 Mos
659 2792 788 2834 vero
817 2796 934 2839 esse
959 2787 1424 2856 campiductorum
1458 2795 1614 2862 solet,
1648 2809 1706 2853 ut
1733 2801 1886 2868 prius
1915 2819 2032 2859 cer-

445 2867 609 2920 taturi
641 2869 888 2940 discipuli
919 2879 1160 2933 membra
1200 2884 1544 2952 provideant,
1574 2867 1825 2947 videlicet
1851 2909 2021 2974 quam.

441 2953 609 3039 latum
658 2960 1001 3034 validumque
1049 2969 1123 3024 sit
1157 2980 1368 3040 pectus,
1413 2991 1576 3044 quam
1615 2982 1730 3035 sani
1769 2953 2022 3055 pler-iique

2145 1824 2248 1878 que
2276 1829 2381 1869 non
2411 1819 2691 1888 cmpisses,
2745 1824 2850 1880 nisi
2897 1827 2948 1897 in
2989 1831 3112 1886 navi
3165 1834 3285 1889 fidei
3320 1836 3564 1907 aliquam
3600 1857 3731 1894 nau-

2141 1898 2298 1973 fragii
2327 1907 2525 1962 undam
2550 1913 2888 1983 pertulisscs,
2920 1921 3228 1980 nullatenus
3251 1942 3316 1981 ex
3347 1943 3444 1982 ore
3473 1929 3730 1988 Veritatis

2140 1995 2387 2070 audisses
2420 2016 2432 2053 :
2471 1999 2733 2058 «Modica:
2776 2005 2897 2062 fidei
2941 2026 3110 2080 quare
3152 2014 3452 2072 dubitasti?
3482 2039 3501 2072 ι
3541 2021 3728 2093 (Ibid)

2140 2083 2249 2141 Nec
2271 2088 2465 2144 mirum
2494 2092 2808 2165 tibimetipsi
2836 2101 3002 2155 maris
3037 2111 3164 2158 tunc
3211 2104 3542 2163 formidasse
3587 2113 3728 2180 peri-

2139 2177 2339 2244 culum,
2365 2181 2454 2250 qui
2479 2199 2576 2252 pro
2597 2187 2782 2241 eadem
2808 2191 3005 2245 mentis
3028 2192 3366 2261 infirmitate,
3401 2201 3726 2268 magistrum

2139 2281 2191 2328 et
2225 2274 2507 2331 Dominum
2555 2285 2706 2333 tuum
2754 2281 3200 2341 nolebas'crueis
3227 2289 3410 2344 subire
3439 2291 3602 2362 155
3637 2309 3726 2362 pa-

2141 2361 2386 2418 tibulum.
2421 2365 2554 2421 Cum
2605 2368 2750 2424 enim”
2791 2371 2888 2425 tibi
2933 2373 3157 2441 diceret,
3193 2380 3336 2448 quod
3377 2395 3478 2450 pro
3510 2361 3724 2436 redem-

2138 2453 2321 2523 ptione
2353 2456 2573 2511 humani
2605 2461 2819 2529 generis
2849 2463 3246 2535 crueifigendus
3275 2479 3443 2534 esset,
3477 2473 3725 2536 protinus

2136 2548 2459 2616 respondisti
2487 2568 2498 2603 :
2531 2568 2549 2601 ι
2573 2552 2726 2606 Absit
2753 2567 2781 2606 a
2814 2561 2885 2618 te,
2915 2555 3160 2620 Domine,
3175 2560 3444 2628 [trepitius
3468 2562 3720 2626 tibiesto,

2137 2633 2383 2702 Domine,
2416 2653 2482 2693 ne
2510 2639 2601 2717 fiat
2629 2642 2729 2696 hoc
2758 2641 2972 2711 (Matth.
3006 2646 3139 2716 xvr).
3167 2667 3184 2699 ι
3216 2649 3354 2716 Quid
3391 2652 3628 2717 esthoc,
3662 2654 3717 2708 Β.

2136 2727 2412 2795 apostole?
2441 2714 2693 2800 Nunquid
2722 2732 2804 2787 vis
2835 2734 3087 2792 claudere
3117 2737 3315 2806 locum,
3347 2743 3490 2798 unde
3518 2754 3719 2799 nostra:

2137 2815 2522 2886 redemptionis
2569 2830 2652 2874 est
2691 2823 2924 2892 pretium
2973 2828 3279 2883 exiturum?
3329 2831 3586 2902 Nunquid
3637 2836 3718 2890 vis

2137 2901 2334 2959 fontem
2366 2909 2715 2981 restringere,
2746 2913 2835 2981 qui
2884 2919 3167 2984 pravitatis
3211 2931 3411 2975 nostra:
3438 2901 3718 2978 descendit

2135 2997 2378 3054 maculas
2410 3003 2741 3059 emundare?
2797 3005 2936 3061 Ecce
2968 3006 3079 3072 jam
3136 3013 3274 3066 nosti
3325 3012 3478 3068 illum
3529 3017 3716 3085 procul

441 3036 688 3103 tumeant
709 3051 920 3121 lacerti,
936 3073 1096 3127 quam
1121 3036 1516 3134 subterpositus
1537 3079 1744 3150 venter,
1768 3036 1865 3130 nec
1889 3036 2028 3133 m|ole

2135 3036 2378 3054 ...μω-ωδ
2410 3036 2734 3059 υιιιυιιυιιιυζ
2797 3036 2936 3061 unus
2968 3036 3079 3072 ,ιίιιιι
3136 3036 3274 3066 [lusu
3325 3036 3478 3068 Illum
3529 3036 3713 3085 pI'OCIJI

2134 3086 2294 3145 dubio
2326 3091 2494 3146 Deum
2526 3109 2666 3159 esse,
2715 3105 2892 3151 tamen
2939 3100 3217 3156 dissuades
3247 3113 3477 3160 mortem
3512 3107 3713 3162 subire.

439 3147 653 3205 gravet,
684 3158 784 3198 nec
813 3151 1196 3209 extenuatione
1221 3155 1494 3226 debilitet;
1529 3163 1650 3221 etsi
1681 3148 1879 3238 cuncta
1913 3169 2026 3225 bel-

439 3225 546 3283 lico
593 3233 715 3287 usui
761 3244 887 3305 apta
933 3253 1054 3294 esse
1088 3248 1489 3328 perspexcrint,
1518 3266 1642 3306 mox
1674 3233 1790 3324 ejus
1845 3261 2026 3328 segni-

441 3319 569 3374 tiem
615 3322 751 3386 dura
779 3317 1072 3386 severitate
1116 3335 1436 3404 corripiunt,
1485 3325 1547 3393 et
1593 3328 1808 3399 desides
1849 3349 2024 3404 adhuc

440 3411 655 3469 animos
685 3414 739 3468 in
776 3433 1018 3492 amorem
1051 3421 1224 3478 laudis
1271 3429 1592 3497 accendunt,
1652 3433 1941 3492 hortantur
1970 3449 2024 3494 et

437 3499 726 3576 instigant;
761 3517 815 3561 et
840 3524 907 3579 ne
937 3509 1230 3585 formidare
1257 3517 1509 3587 debeant,
1542 3537 1693 3578 suam
1731 3525 1899 3596 ipsius
1930 3544 2027 3596 eo:

435 3607 553 3646 ram
579 3610 645 3649 eo
680 3595 1051 3657 fortitudinem
1078 3603 1317 3661 laudant.

507 3683 600 3761 Sic
625 3687 903 3758 nimirum,
934 3692 1013 3747 sic
1062 3694 1122 3748 Β.
1157 3700 1433 3767 apostolus
1479 3705 1632 3772 quasi
1685 3715 1812 3762 ante
1841 3708 2016 3778 ipsum

435 3787 615 3852 arena:
651 3781 976 3838 vestibulum
1021 3785 1225 3843 alumni
1273 3793 1355 3846 sui
1401 3797 1644 3851 membra
1675 3801 2013 3868 considerat;

432 3873 485 3917 et
508 3875 565 3919 ut
588 3882 649 3922 se
671 3871 737 3923 ad
761 3875 1212 3944 congrediendum
1249 3895 1535 3954 praeparet,
1559 3890 1738 3944 verbis
1757 3894 2016 3949 suasoria:

433 3956 830 4018 adhortationis
852 3965 1164 4024 inflammat.
1184 3971 1322 4039 Quid
1344 3986 1426 4031 est
1442 3980 1586 4035 enim
1610 3983 1812 4048 dicere,
1843 4005 1860 4038 ι
1886 3989 2014 4056 quid

431 4047 588 4102 sedes
617 4051 918 4118 nobiscum,
941 4075 960 4108 ι
995 4059 1094 4112 nisi
1115 4061 1227 4130 jam
1265 4065 1472 4136 depone
1498 4058 1784 4140 desidiam,
1814 4086 1873 4129 ut
1893 4088 2010 4148 post

429 4146 706 4204 peractam
743 4142 1021 4199 victoriam
1047 4153 1336 4221 pervenias
1377 4158 1443 4211 ad
1468 4164 1762 4216 coronam?
1791 4165 1857 4218 Et
1883 4169 2010 4238 quid

428 4234 512 4279 est
543 4226 744 4296 dicere,
779 4250 797 4282 ι
819 4247 946 4288 ecce
970 4239 1215 4295 eruditus
1262 4258 1320 4298 es
1350 4246 1414 4303 de
1443 4250 1695 4304 omnibus
1733 4269 1851 4322 qum
1883 4226 2011 4312 fecit

425 4311 614 4382 Jcsus,
649 4338 667 4370 ι
705 4320 809 4375 nisi
844 4337 1033 4381 omnes
1063 4327 1136 4381 tui
1181 4335 1424 4402 corporis
1453 4346 1604 4392 artus
1626 4339 1739 4409 jam
1768 4344 2008 4412 perfecto

424 4406 607 4477 vigent
657 4412 873 4479 robore,
927 4417 1168 4488 nihilque
1217 4423 1310 4478 tibi
1336 4425 1449 4495 jam
1507 4405 1907 4500 superest-nisi
1951 4405 2085 4492 utD

424 4498 618 4586 timore
646 4507 965 4575 postposito,
992 4510 1219 4582 incipias
1243 4517 1538 4575 dimicare?
1561 4498 1722 4580 Unde,
1740 4537 1863 4595 apte
1889 4530 2014 4584 sub-

417 4577 692 4660 iungitur:
714 4613 733 4645 ι
753 4597 993 4655 Ριιωάὶρδ
1024 4577 1196 4661 θὶς-ἀρ
1233 4611 1450 4666 nomine
1471 4612 1624 4680 Jesu,
1647 4626 1702 4671 ct
1729 4577 1798 4674 ne
1826 4620 2012 4676 formi-

423 4683 668 4751 daveris;
695 4707 714 4739 ι
766 4699 1022 4762 tanquam
1067 4698 1273 4756 diceret
1307 4721 1320 4756 :
1351 4704 1428 4759 Ex
1454 4707 1715 4775 jussionis
1747 4729 1877 4769 meae
1909 4730 2010 4769 au-

420 4776 670 4832 ctoritate
693 4786 1046 4853 congredere,
1074 4779 1293 4848 brachia
1319 4811 1564 4865 consere,
1583 4811 1639 4856 ut
1661 4819 2004 4862 communem

418 5052 754 5117 propositum
784 5059 1081 5119 victoribus
1103 5071 1361 5126 merearis
1386 5078 1690 5154 pertingere
1715 5080 1983 5139 bravium.

419 5137 535 5237 l-Von
568 5142 780 5199 dubites
813 5151 1056 5219 arripere
1095 5172 1351 5228 pugnam,
1387 5137 1458 5220 de
1498 5137 1610 5237 quva
1643 5137 1992 5229 nobilemre;

417 5227 578 5294 feres,
611 5243 832 5289 auclore
870 5238 999 5298 Dec.
1030 5227 1270 5298 νίιὶιθέίξιξ
1302 5227 1552 5298 ιιιιιιιιειηξ-
1611 5259 1718 5298 non
1769 5277 1870 5298 nan
1900 5263 1991 5298 lilti

2126 3175 2239 3233 Nisi
2289 3181 2435 3235 enim
2470 3182 2640 3245 Deum
2689 3187 2959 3254 crederes,
2994 3193 3262 3262 propitius
3299 3195 3396 3251 tibi
3437 3206 3584 3266 esto,
3616 3199 3715 3254 Do-

2126 3269 2293 3336 mine,
2319 3287 2424 3326 non
2462 3273 2710 3330 dixisses.
2748 3306 2751 3308 -
3017 3281 3020 3283 ’

2122 3362 2162 3423 ἀ,
2193 3358 2497 3416 Concordat
2536 3364 2770 3434 deniqtte
2801 3367 2931 3425 fides
2961 3371 3208 3444 discipuli
3241 3391 3364 3430 eum
3398 3379 3709 3434 assertione

2122 3445 2387 3518 Magistri.
2439 3450 2829 3519 «Potestatem,
2882 3459 3080 3528 inquit,
3113 3465 3286 3518 habeo
3335 3468 3570 3535 ponendi
3601 3468 3715 3522 ani-

2121 3552 2265 3592 mam
2310 3555 2506 3605 meam,
2546 3552 2599 3596 ct
2648 3555 2966 3613 potestatem
3017 3552 3189 3607 habeo
3230 3555 3427 3610 iterum
3464 3561 3711 3613 sumendi

2120 3625 2266 3681 illam
2300 3629 2482 3701 (Joan.
2509 3634 2585 3703 ι).
2613 3653 2631 3684 ι
2655 3636 2760 3690 Sed
2780 3640 2871 3707 qui
2902 3639 3005 3694 fide
3030 3653 3164 3708 stas,
3191 3644 3511 3702 infirmitate
3537 3648 3710 3715 jaces.

2118 3735 2280 3790 quem
2308 3721 2440 3777 ﬁdes
2466 3725 2646 3794 erigit,
2697 3728 2859 3783 timor
2881 3734 3096 3788 sternit.
3129 3733 3229 3802 Qui
3271 3751 3402 3807 ergo
3447 3738 3707 3809 Magistro

2118 3812 2300 3866 crucis
2349 3811 2607 3869 timueras
2638 3826 2890 3886 mortem,
2930 3831 2984 3875 et
3035 3822 3350 3896 tibimetipsi
3378 3828 3556 3898 pelagi
3585 3847 3711 3900 pro-

2115 3898 2459 3968 funditatem,
2487 3914 2615 3959 tunc
2667 3907 2921 3963 dilectum
2970 3911 3291 3983 discipulum
3347 3933 3453 3972 non
3488 3898 3710 3975 dubitas

2117 3990 2335 4044 mittere
2383 3992 2525 4046 inter
2558 4005 2963 4063 persecuturum
3014 3998 3302 4058 furentium
3338 4007 3568 4061 rabiem.
3603 4007 3709 4062 Cur

2113 4081 2235 4145 hoc,
2269 4083 2371 4138 nisi
2413 4085 2538 4154 quia
2569 4088 2895 4157 completum
2942 4101 3026 4147 est
3070 4095 3123 4148 in
3167 4105 3247 4163 te,
3275 4099 3419 4167 quod
3460 4114 3564 4168 per
3616 4117 3705 4157 co-

2111 4173 2412 4242 apostolum
2443 4185 2592 4232 tuum
2623 4179 2840 4246 dicitur,
2881 4184 3007 4253 quia
3030 4204 3047 4236 ‹
3074 4186 3234 4241 timor
3263 4205 3369 4243 non
3394 4199 3476 4244 cst
3496 4191 3551 4244 in
3575 4191 3705 4244 cha-

2109 4267 2290 4330 ritate,
2323 4269 2414 4323 sed
2441 4269 2678 4339 perfecta
2702 4274 2940 4330 charitas
2963 4276 3109 4332 foras
3130 4280 3294 4334 mittit
3345 4282 3639 4337 timorem?
3678 4302 3695 4335 ι

2113 4356 2161 4425 (Ι
2187 4355 2345 4411 Joan.
2376 4361 2472 4429 Iv.)
2513 4359 2632 4415 Jam
2685 4365 2830 4418 enim
2879 4367 3075 4422 iterum
3103 4371 3354 4426 audieras
3404 4387 3434 4426 a
3476 4374 3702 4428 Domino

2111 4443 2308 4512 (Joan.
2341 4449 2478 4519 χχι.)
2508 4463 2525 4503 :
2556 4470 2572 4527 ς
2603 4452 2809 4519 Simon,
2834 4470 2983 4513 amas
3012 4461 3135 4514 me?
3165 4480 3203 4512 ι·
3233 4463 3300 4516 Et
3331 4466 3696 4532 respondens:

2115 4554 2132 4586 ι
2158 4536 2402 4605 Domine,
2422 4550 2475 4594 tu
2493 4543 2602 4598 scis
2623 4546 2748 4613 quia
2776 4561 2897 4603 amo
2914 4559 2996 4614 te;
3020 4569 3038 4601 ι
3065 4551 3209 4607 illico
3232 4555 3460 4609 audisti:
3488 4574 3507 4606 ι
3533 4557 3699 4610 Pasce

2111 4641 2240 4681 oves
2264 4643 2468 4686 meas.»
2496 4631 2718 4688 Dixerat
2743 4636 2936 4691 iterum
2962 4639 3220 4696 Dominus
3245 4658 3259 4695 :
3284 4662 3302 4695 ι
3327 4643 3483 4699 Sicut
3509 4646 3696 4700 dilexit

2109 4734 2193 4771 Ine
2225 4717 2402 4784 Pater,
2441 4732 2494 4776 et
2525 4738 2624 4792 ego
2651 4725 2813 4795 diligo
2839 4744 2933 4783 vos
2972 4731 3152 4800 (Joan.
3185 4734 3293 4803 xv).
3329 4753 3346 4785 ι
3385 4735 3538 4790 Sicut
3571 4753 3694 4806 ergo

2108 4819 2159 4864 te
2190 4813 2448 4868 Dominus
2480 4815 2686 4877 dilexit,
2720 4834 2842 4873 cum
2893 4837 2990 4890 pro
3043 4827 3328 4892 pascendis
3359 4829 3554 4883 ovibus
3585 4831 3693 4884 suis

1956 4897 2027 4956 is‘
2104 4903 2247 4958 inter
2274 4907 2528 4960 scandala
2557 4919 2964 4977 perseeutorum
3011 4917 3188 4980 misit;
3225 4918 3305 4972 sic
3341 4927 3396 4974 et
3433 4929 3490 4973 tu
3523 4921 3688 4977 disci—

2102 4993 2285 5064 pulum
2312 4996 2508 5067 diligis,
2533 5013 2658 5054 cum
2689 5017 2787 5071 pro
2817 5004 3023 5059 eisdem
3051 5008 3242 5064 ovibus
3273 5009 3341 5064 ad
3368 5013 3690 5083 martyrium

2101 5085 2311 5156 dirigis.

2171 5173 2275 5229 Sed
2301 5175 2450 5243 libet,
2482 5179 2683 5237 fratres
2730 5184 2859 5250 mei,
2888 5186 3003 5242 haec
3034 5189 3331 5257 apostolica
3358 5194 3529 5248 verba
3566 5195 3688 5248 sub-

2217 5264 2557 5298 ἷηιιηηΛΙῖΛιιΑ
2596 5272 2642 5298 ,11

2104 5277 2182 5298 ξῖξξ
2217 5277 2557 5298 ξηΙΙηηΛΙίΛιιΛ
2596 5277 2858 5298 Ᾰῖηλιισλι.-
2933 5287 2975 5298 -n
3013 5293 3037 5298 α
