3946 5368
191 195 291 252 669
799 255 805 260 ,
879 205 921 223 ”
977 217 982 221 ‘
1569 201 1802 260 SERMO

1838 203 2029 274 xm.
3238 204 3246 212 ο
3347 198 3452 254 cro

190 317 332 380 idem
363 315 738 387 apostolorum
763 318 1016 392 princeps
1047 335 1168 376 cum
1197 321 1250 376 in
1285 320 1405 377 loco
1430 319 1581 376 Iuda:
1610 321 1771 376 alium
1802 326 1852 384 Α
1879 325 1971 382 Sic
1999 335 2053 381 et
2079 325 2192 396 ipse
2214 325 2380 381 Iacob
2423 323 2680 395 Ephraim
2709 331 2764 379 et
2799 321 3048 376 Manasse
3098 317 3222 374 filiis
3261 317 3458 389 Ioseph

188 409 496 481 subrogare
524 412 782 468 voluisset
825 415 1150 486 apostolum,
1185 423 1242 469 ut
1270 415 1658 486 neOpbytorum
1691 431 1777 470 re-

188 496 462 572 primeret
494 503 837 573 pravitatem,
892 506 1065 578 inquit
1095 527 1106 562 :
1138 527 1156 560 ι
1180 507 1402 577 Oportet
1432 521 1562 578 ergo
1589 522 1655 562 ex
1692 509 1775 563 his

187 591 340 656 viris,
373 593 472 662 qui
504 595 788 650 nobiscum
818 601 1130 669 congregati
1185 608 1310 654 sunt
1360 600 1412 652 in
1463 600 1610 653 omni
1640 607 1777 652 tem-

186 698 333 753 pore,
369 699 486 753 quo
522 687 760 752 intravit,
792 698 847 742 et
895 691 1062 744 exivit
1107 691 1244 744 inter
1283 706 1381 744 nos
1412 690 1670 746 Dominus
1690 689 1778 744 Je-

187 789 296 836 sus,
329 783 536 829 testem
564 779 974 833 resurrectionis
1004 778 1120 846 cjus
1151 781 1426 838 nobiscum
1461 780 1574 834 fieri
1607 797 1774 834 unum

184 878 248 917 ex
283 863 404 918 istis
439 864 584 934 (Act.
611 867 670 935 l).
695 886 712 918 ι
748 867 880 923 llinc
911 870 1051 924 idem
1079 871 1195 940 ipse
1223 871 1472 939 gentibus
1497 870 1772 926 Christum

185 954 592 1023 evangelizans,
644 957 910 1011 aiebatzr
943 959 1094 1014 Hunc
1147 961 1287 1014 Deus
1330 959 1612 1015 suscitavit
1669 970 1776 1016 ter-

185 1041 253 1096 tia
301 1042 414 1106 die,
468 1052 530 1098 et
579 1044 726 1100 dedit
783 1047 904 1103 eum
946 1050 1289 1105 manifestum
1323 1052 1438 1107 fieri
1471 1068 1574 1106 non
1624 1053 1770 1106 omni

186 1133 397 1204 populo,
428 1136 529 1190 sed
561 1139 788 1192 testibus
829 1142 1207 1209 praeordinatis
1253 1160 1281 1196 a
1321 1144 1448 1208 Deo,
1488 1145 1643 1198 nobis
1678 1143 1770 1212 qui

186 1224 637 1282 manducavimus
662 1239 717 1282 et
744 1230 980 1286 bibimus
1028 1249 1150 1288 cum
1197 1234 1308 1299 illo,
1338 1235 1620 1303 postquam
1648 1251 1771 1290 sur-

188 1314 321 1368 rexit
370 1330 401 1368 a
451 1317 688 1372 mortuis
735 1319 869 1388 (Act.
904 1320 980 1391 χ).
1009 1340 1026 1372 ι
1080 1322 1216 1376 llinc
1266 1323 1379 1393 ipse
1427 1323 1686 1378 Dominus
1716 1325 1770 1378 in

187 1407 476 1476 Evangelia
504 1425 632 1464 cum
659 1411 724 1465 de
754 1412 1018 1467 mittendo
1044 1424 1232 1468 sancto
1264 1414 1468 1484 Spiritu
1511 1416 1772 1485 apostolis

189 1493 514 1568 loqueretur.
550 1518 571 1552 ‹
593 1501 704 1566 llle,
735 1503 933 1574 inquit,
968 1507 1337 1561 teStimonium
1365 1508 1672 1577 perhibebit
1703 1507 1769 1561 de

187 1605 282 1653 me,
310 1601 365 1646 et
407 1609 511 1648 vos
541 1595 909 1650 testimonium
938 1595 1306 1666 perhibcbitis,
1345 1601 1472 1668 quia
1503 1599 1570 1653 ab
1615 1599 1768 1654 initio

1878 417 2119 473 osculum
2144 417 2389 488 praebuit,
2423 432 2543 471 cum
2575 431 2669 470 eos
2699 416 2839 468 inter
2870 412 3106 480 reliquos
3124 409 3458 480 patriarchas

1877 510 2231 572 constituens,
2259 507 2536 562 benedixit
2553 506 2706 577 (Gen.
2723 503 2933 573 ιιγιιι).
2951 501 3086 556 Hinc
3105 502 3270 555 etiam
3284 499 3458 555 eccle-

1877 601 2128 654 siasticus
2178 614 2293 653 mos
2346 598 2584 660 inolevit,
2619 607 2679 652 ut
2707 596 2990 668 pontifices
3026 593 3129 659 his,
3158 608 3294 663 quos
3327 608 3459 648 con-

1876 698 2112 754 secrant,
2142 688 2385 745 osculum
2416 689 2675 743 tribuant.
2708 687 2867 752 Hinc,
2901 685 3119 748 fratres,
3148 683 3276 737 hinc
3300 697 3454 753 rogo,

1875 782 2133 852 colligite,
2158 782 2220 836 Β.
2249 780 2578 852 Apollinaris
2621 789 2827 850 quanta
2863 777 3253 840 sit'celsitudo,
3283 775 3374 844 qui
3399 782 3458 828 ut

1877 873 2148 944 apostolus
2173 873 2241 928 ad
2268 888 2448 930 arcem
2494 871 2841 943 pontificatus
2882 870 3120 939 eligitur,
3167 876 3224 923 et
3260 874 3328 920 'ut
3362 881 3457 934 pa-

1876 966 2113 1020 triarcha
2138 964 2456 1020 solemniter
2483 964 2784 1018 ordinatur.
2813 961 2915 1028 Qui
2946 970 3002 1015 et
3026 960 3093 1013 ab
3126 958 3235 1022 illo,
3263 966 3315 1012 et
3346 972 3454 1010 non

1875 1060 2091 1113 diverso
2119 1057 2280 1120 modo
2310 1055 2645 1129 provehitur,
2673 1071 2703 1109 a
2734 1070 2840 1125 quo
2885 1064 2941 1108 et
2970 1051 3201 1123 apostoli
3233 1064 3451 1122 prorno-

1873 1159 2086 1204 ventur.

1944 1238 2171 1295 Videtur
2205 1254 2332 1309 ergo
2359 1238 2410 1292 in
2441 1239 2530 1292 illo
2558 1247 2612 1293 et
2661 1236 2953 1308 apostolica
2985 1235 3242 1305 dignitas,
3269 1241 3324 1289 et
3359 1247 3451 1303 pa-

1872 1331 2180 1386 triarchalis
2212 1329 2542 1395 sublimitas;
2577 1331 2702 1400 quia
2732 1338 2787 1384 et
2814 1326 3110 1398 apostolico
3136 1341 3231 1380 ore
3263 1340 3454 1395 prove-

1872 1423 2040 1486 hitur,
2072 1431 2125 1476 et
2153 1422 2499 1492 patriarchali
2526 1421 2871 1476 solemnitate
2893 1426 3262 1474 consecratur.
3295 1413 3452 1470 Unde

1871 1513 1951 1572 fit,
1987 1523 2041 1566 ut
2072 1527 2194 1568 cum
2227 1513 2440 1575 cmteri,
2465 1512 2555 1582 qui
2583 1527 2680 1582 pro
2712 1511 3020 1569 testimonio
3058 1508 3300 1562 veritatis
3325 1521 3452 1575 sup-

1867 1605 2026 1672 plicia
2059 1603 2200 1674 passi
2229 1611 2376 1665 sunt,
2426 1611 2695 1672 martyres
2749 1607 3160 1668 nuncupentur;
3206 1597 3312 1659 hic,
3353 1593 3450 1664 qui

189 1698 385 1738 mecum
422 1686 566 1741 estis
590 1685 771 1756 (Joan.
805 1689 952 1761 xvi);
975 1709 992 1740 ι
1027 1700 1280 1760 tanquam
1311 1689 1765 1747 diceretzldcirco
1795 1686 1841 1745 Β
1868 1709 1974 1748 non
2005 1692 2176 1747 solum
2209 1707 2423 1759 passus,
2447 1692 2544 1746 sed
2573 1692 2738 1746 etiam
2765 1689 2832 1744 ad
2865 1688 3182 1758 martyrium
3211 1686 3280 1739 ab
3307 1699 3438 1753 apo~

189 1773 426 1831 idoneum
457 1777 528 1832 de
557 1793 644 1833 me
674 1779 1038 1835 testimonium
1060 1783 1430 1852 perhibcbitis,
1454 1784 1578 1852 quia
1606 1784 1766 1853 quid-

189 1864 304 1932 quid
334 1865 472 1921 alios
505 1865 823 1932 docueritis,
859 1869 1030 1941 longa:
1064 1875 1495 1932 conuersationis
1525 1876 1759 1932 assidui-

190 1966 288 2012 tate
310 1958 409 2028 ipsi
438 1969 601 2014 antea
631 1962 915 2019 didicistis.
1069 1951 1076 1960 ’

251 2045 484 2104 Audiant
536 2054 811 2124 neophyti.
866 2055 1092 2110 audiant
1139 2057 1286 2121 elati,
1317 2066 1370 2113 et
1413 2059 1565 2127 quasi
1608 2059 1762 2116 folles

191 2146 334 2193 vento
359 2143 710 2212 arrogantizr,
733 2153 787 2197 et
820 2145 942 2215 igne
969 2147 1278 2217 cupiditatis
1306 2148 1494 2214 inflati,
1520 2151 1609 2219 qui
1633 2160 1760 2205 ante

190 2229 354 2285 volunt
380 2231 606 2295 docere,
638 2234 816 2303 quam
869 2237 1077 2300 sciant;
1129 2249 1183 2293 et
1233 2240 1284 2293 in
1326 2241 1508 2296 schola
1557 2241 1758 2298 Christi

192 2331 299 2376 ante
347 2323 566 2378 inhiant
615 2327 665 2378 in
699 2327 954 2381 cathedra
981 2320 1292 2398 praesidere,
1340 2347 1499 2401 quam
1531 2329 1758 2387 ferulam

191 2414 424 2468 sentiant.
451 2410 706 2486 Dumque
730 2417 1038 2473 inordinata
1063 2421 1252 2475 ordine
1280 2437 1385 2475 non
1413 2436 1510 2490 per
1535 2423 1756 2488 ostium,

192 2503 270 2576 sed
307 2504 524 2560 aliunde
571 2507 636 2560 ad
686 2505 964 2577 regimiuis
996 2508 1117 2576 jura
1155 2510 1540 2580 prorumpunt,‘
1565 2527 1668 2564 non
1699 2528 1758 2568 se

193 2606 413 2682 pastores
442 2614 589 2661 esse,
642 2600 737 2654 sed
773 2600 940 2665 fures,
989 2610 1043 2656 et
1098 2595 1757 2672 mercenarios’patenter

192 2690 480 2754 ostendunt,
499 2690 666 2762 156
679 2693 768 2759 qui
798 2693 1054 2762 prodesse
1075 2693 1151 2747 nil
1180 2702 1395 2758 curant,
1411 2696 1507 2748 sed
1525 2686 1756 2763 praeesse

192 2775 379 2833 ﬂamma
409 2783 886 2850 perniciosissimae
911 2786 1218 2854 cupiditatis
1243 2786 1520 2841 anhelant.
1543 2787 1604 2841 lli
1632 2804 1756 2856 pro-

193 2868 313 2926 fecto
341 2889 440 2927 non
471 2874 859 2944 prteferuntur,
895 2887 950 2931 ut
981 2875 1183 2933 Christi
1235 2879 1375 2934 ovile
1420 2869 1748 2946 custodiant,

193 2974 281 3013 non
307 2971 359 3016 ut
387 2979 610 3034 gregem
650 2967 984 3023 Dominicum
1012 2978 1252 3038 pascant,
1285 2970 1377 3024 sed
1407 2978 1466 3024 ut
1493 2971 1747 3025 miseram

1865 1782 2003 1838 stolo
2034 1792 2141 1838 tam
2174 1784 2426 1838 nobiliter
2461 1791 2546 1837 est
2584 1782 2811 1848 electus,
2861 1778 3193 1850 apostolicus
3239 1786 3449 1847 martyr

1857 1875 1980 1945 jure
2009 1875 2241 1929 dicatur.
2801 1855 2804 1860 l

1934 1966 2078 2020 Inter
2107 1967 2223 2020 haec
2252 1980 2367 2028 vos,
2398 1964 2594 2018 fratres
2625 1963 2959 2028 charissimi,
2990 1963 3057 2016 ad
3085 1960 3446 2028 vosmetipsos

1861 2057 2052 2118 redite,
2079 2067 2232 2111 actus
2255 2065 2465 2120 vestros
2487 2055 2718 2110 sollicita
2743 2051 3445 2116 cxaminationediscutite;
3490 2042 3494 2054 ’

1861 2156 1916 2203 et
1945 2148 2035 2216 qui
2067 2146 2257 2201 laudes
2289 2146 2544 2216 martyris
2587 2144 2820 2199 libenter
2863 2145 3084 2206 auditis,
3125 2141 3445 2196 laudabilem

1860 2240 2026 2294 vitam
2055 2237 2253 2292 habere
2282 2245 2488 2291 curate.
2521 2233 2637 2289 Non
2664 2242 2749 2289 est
2790 2233 2934 2288 enim
2965 2232 3209 2300 speciosa
3244 2230 3361 2292 laus
3390 2230 3446 2284 in

1860 2344 1955 2383 ore
2008 2327 2307 2397 peccatoris
2348 2323 2533 2393 (Eccli.
2575 2326 2686 2395 xv).
2734 2323 2813 2378 llli
2861 2323 3004 2378 enim
3034 2322 3193 2390 digne
3234 2319 3442 2375 sanctis

1862 2419 2108 2473 laudibus
2131 2417 2374 2474 efferunt.
2407 2418 2497 2486 qui
2525 2415 2866 2470 laudabiliter
2901 2415 3108 2468 vivunt.
3144 2413 3210 2467 Et
3239 2411 3293 2466 hi
3320 2410 3435 2466 for-

1861 2509 1992 2562 tium
2025 2509 2253 2562 virtutes
2279 2507 2483 2561 utiliter
2509 2507 2759 2568 audiunt,
2787 2519 2923 2572 quos
2956 2503 3139 2557 audita
3169 2501 3442 2572 praeconia

1860 2598 1928 2652 ad
1974 2612 2212 2651 amorem
2261 2596 2580 2651 imitationis
2612 2596 2937 2650 accendunt.
2985 2595 3254 2650 Cmterum
3303 2593 3432 2661 quid

1857 2689 2080 2760 prodest
2127 2689 2173 2744 si
2228 2688 2363 2743 alios
2410 2689 2737 2744 constitutos
2786 2688 2839 2742 in
2876 2687 3195 2743 sublimibus
3227 2685 3435 2747 videas,

1860 2781 1972 2848 ipse
2033 2794 2163 2834 vero
2213 2778 2265 2832 in
2319 2794 2560 2849 przeceps
2612 2779 2680 2834 ad
2726 2779 2830 2833 ima
2889 2775 3229 2833 descendas?
3293 2774 3434 2840 Quid

1861 2872 2016 2942 157
2054 2873 2270 2942 prodest
2298 2869 2518 2924 fortium
2568 2870 2890 2926 bellatorum
2926 2868 3234 2937 triumphos
3269 2863 3445 2920 extol-

1858 2965 1987 3026 lere,
2024 2964 2066 3016 si
2101 2963 2218 3031 ipse
2256 2977 2359 3016 non
2389 2961 2685 3024 erubescas
2717 2960 2958 3031 quotidie
2994 2967 3143 3029 terga
3192 2959 3444 3013 hostibus

193 3065 385 3107 carnem
434 3072 591 3110 suam
625 3057 677 3110 in
723 3057 958 3113 lasciviis
1016 3070 1070 3115 et
1108 3061 1754 3131 voluptatibus.molliter

1861 3055 2020 3109 dare?
2046 3054 2302 3122 Quisquis
2327 3068 2458 3123 ergo
2484 3053 2685 3124 gaudes
2717 3052 2928 3108 fortiter
2955 3051 3133 3122 egisse
3171 3060 3442 3121 martyres

194 3143 438 3211 nutriant;
469 3147 714 3216 dumque
745 3163 803 3203 se
842 3151 1106 3220 proximis
1135 3152 1392 3222 prmlatos
1413 3167 1535 3208 esse
1576 3155 1752 3209 consi-

195 3230 378 3300 derant,
407 3251 613 3292 caecam
653 3249 888 3295 mentem
933 3241 986 3295 in
1029 3229 1578 3312 superbiaeicornibus
1607 3245 1755 3302 exal-

197 3327 309 3377 tant.
336 3324 575 3382 Audiant
600 3342 750 3401 ergo,
777 3331 867 3399 qui
899 3331 1161 3400 ejusmodi
1192 3344 1339 3399 sunt,
1367 3347 1421 3390 et
1446 3336 1528 3391 vel
1560 3321 1755 3393 curent

193 3424 242 3464 te
277 3415 336 3468 ab
375 3416 474 3473 hac
505 3422 930 3489 praesumptione
969 3439 1336 3494 compescere,
1374 3427 1457 3482 vel
1503 3430 1755 3483 noverint

194 3513 242 3554 se
265 3517 291 3556 a
317 3521 539 3578 corpore
565 3518 768 3564 sancta:
794 3511 1049 3567 Ecclesia:
1072 3515 1207 3584 jam,
1240 3517 1340 3570 etsi
1393 3533 1497 3572 non
1539 3529 1749 3588 aperte,

194 3602 300 3644 vere
343 3601 518 3649 tamen
577 3597 837 3652 radicitus
876 3601 1133 3669 praecisos
1175 3600 1378 3668 jacere.
1428 3603 1567 3659 Ecce
1600 3605 1744 3661 beati

194 3685 410 3774 apostoli,
441 3678 614 3758 super
635 3705 770 3774 quos
795 3693 948 3761 quasi
980 3693 1340 3750 solidissimas
1369 3696 1532 3752 bases
1556 3706 1749 3755 sancta

196 3769 416 3832 fundatur
465 3769 737 3848 ECclesia,
783 3800 888 3839 non
938 3787 1222 3852 novitium,
1282 3804 1391 3843 non
1446 3789 1747 3858 indoctum,

195 3863 270 3916 sed
309 3865 446 3923 illum
496 3872 768 3939 ordinant,
824 3891 986 3946 quem
1043 3878 1096 3933 in
1150 3880 1419 3945 doctrina,
1451 3891 1506 3936 et
1547 3893 1750 3940 sanctae

194 3960 588 4015 conversationis
633 3965 814 4019 studio
859 3969 1239 4037 perspexerint
1285 3987 1407 4027 esse
1451 3983 1744 4029 maturum.

195 4038 289 4135 lioc
314 4053 497 4118 quaerit
524 4054 722 4111 Petrus
749 4058 800 4111 in
829 4058 1054 4125 Matbia,
1090 4076 1212 4115 cum
1259 4063 1424 4133 elegit
1452 4065 1503 4118 iu
1534 4075 1748 4135 aposto-

196 4129 357 4204 laturn,
393 4142 494 4225 hoc
539 4146 592 4200 in
624 4135 936 4216 Apollinare
965 4167 1085 4206 cum
1117 4129 1400 4222 promovet
1445 4156 1496 4212 in
1529 4129 1744 4229 episco-

195 4232 371 4318 patum.
403 4231 552 4300 Quod
587 4252 717 4307 ergo
743 4237 1005 4297 Dominus
1028 4241 1341 4312 providerat
1377 4245 1430 4299 in
1460 4250 1742 4318 apostolis,

197 4311 519 4408 hocapostoli
553 4329 902 4408 considerant
944 4333 996 4388 in
1030 4311 1342 4404 apostolicis
1372 4311 1526 4394 viris.

251 4403 368 4464 Illud
402 4417 560 4472 etiam
598 4404 1033 4488 praetereundum
1065 4399 1187 4481 inon
1219 4436 1324 4492 est,
1370 4431 1514 4498 quod
1544 4431 1743 4487 beatus
1771 4399 1819 4459 θ

198 4503 439 4562 apostolus
463 4510 714 4566 osculans
739 4506 1082 4583 discipulum,
1113 4497 1296 4574 emisit
1321 4497 1443 4574 eum
1476 4537 1507 4575 a
1542 4537 1621 4578 se.
1648 4523 1746 4579 ilic

200 4589 503 4684 antiquorum
528 4600 746 4658 Patrum
775 4610 1108 4664 consuetudo
1133 4611 1412 4676 recolitur,
1442 4622 1494 4667 et
1522 4615 1574 4669 in
1605 4631 1746 4669 novo

198 4689 287 4740 lam
314 4691 498 4745 swculo
526 4703 770 4750 veterum
802 4699 1230 4769 patriarcharum
1263 4705 1558 4775 antiquitas
1595 4723 1747 4774 repa-

202 4776 341 4864 ratur.
367 4776 494 4836 Ecce
513 4783 664 4839 Isaac
692 4788 886 4844 iterum
913 4790 1077 4844 filium
1105 4793 1404 4848 osculatur.
1425 4796 1742 4853 Eccelacob

203 4865 365 4955 “erum
409 4871 760 4945 benedicitur,
808 4892 862 4934 et
919 4882 1222 4951 patriarcha
1255 4901 1284 4939 a
1325 4888 1632 4955 patriarcha
1672 4905 1739 4944 ex

203 4951 480 5018 authentica:
496 4969 794 5028 traditionis
821 4974 1010 5029 ordine
1026 4951 1395 5033 consecratur.
1421 4979 1500 5034 Illi
1527 4983 1675 5037 dictu
1687 4998 1736 5036 m

206 5047 526 5110 estuAccede
548 5059 616 5113 ad
645 5078 746 5128 me,
765 5064 855 5127 fili,
883 5075 942 5119 ut
968 5065 1255 5124 benedicat
1280 5069 1374 5124 tibi
1398 5073 1579 5129 anima
1619 5089 1735 5129 mea

205 5128 330 5237 (gen.
355 5151 533 5221 κινεῖ).
555 5171 574 5202 ι
609 5151 708 5224 ipsi
745 5159 944 5214 dictum
975 5172 1057 5216 est
1089 5181 1103 5218 :
1145 5161 1377 5233 «Surge,
1410 5167 1594 5236 accipe
1623 5165 1739 5237 Spi-

205 5233 337 5368 ml"!
360 5249 612 5368 uinctum.
643 5265 660 5299 ι
695 5249 769 5304 Illi
800 5251 1001 5307 dictum
1037 5265 1121 5311 est
1155 5273 1168 5308 :
1207 5273 1224 5306 ι
1252 5253 1355 5310 Det
1384 5258 1479 5312 tibi
1505 5233 1646 5316 deus
1665 5233 1735 5314 de

276 5332 429 5368 eam:
480 5342 530 5368 ΔΩ
573 5336 638 5368 ΑΛ
676 5342 992 5368 -:..-...._r:..-
1047 5356 1204 5368 .--ω
1260 5347 1390 5368 -L--__
1421 5349 1458 5368 1-
1514 5352 1550 5368 ,ι
1622 5351 1646 5368 ρ
1690 5365 1701 5368 -

344 5342 428 5368 {mli
480 5342 530 5368 ΔΩ
573 5342 638 5368 ΑΛ
676 5342 992 5368 ..ε..-..,..ιε..-

1047 5356 1204 5368 1--....
1260 5347 1390 5368 -L_-__
1421 5349 1458 5368 Ι-
1514 5352 1550 5368 Α·
1622 5351 1646 5368 Ρ
1690 5365 1701 5368 -

1855 3145 2076 3206 Christi,
2107 3145 2320 3212 corripe
2348 3153 2401 3197 ct
2437 3145 2549 3213 ipse
2576 3159 2724 3196 arma
2778 3144 2918 3198 inter
2968 3143 3170 3197 milites
3202 3141 3429 3196 Christi.

1856 3236 2056 3290 Desunt
2084 3237 2323 3290 exterius
2354 3237 2568 3290 hostes?
2594 3235 2754 3289 Verte
2782 3251 2974 3290 manus
3001 3236 3053 3288 in
3085 3246 3156 3299 te,
3189 3243 3245 3289 et
3287 3234 3431 3288 mul-

1856 3337 1940 3384 tos
1968 3327 2252 3382 seditiosos
2280 3327 2522 3381 invenies
2549 3328 2722 3381 cives.
2756 3326 2922 3379 Doma
2959 3325 3290 3395 superbiam,
3345 3322 3438 3394 ju-

1855 3419 1978 3491 gula
2013 3417 2378 3481 iracundiam,
2408 3417 2692 3487 exstingue
2717 3416 3018 3477 libidinem,
3052 3414 3285 3484 reprime
3314 3428 3444 3468 ava-

1855 3512 2053 3571 ritiam,
2084 3508 2269 3562 occide
2298 3507 2585 3570 invidiam;
2618 3515 2694 3571 et,
2733 3515 2790 3560 ut
2835 3505 3074 3559 breviter
3113 3520 3238 3558 cum
3283 3503 3432 3573 Apo-

1854 3603 1992 3659 stolo
2023 3610 2218 3655 cuncta
2252 3599 2618 3669 complectar:
2655 3617 2674 3648 ‹
2707 3597 2974 3666 Crucitige
3013 3611 3233 3651 carnem
3286 3604 3434 3649 tuam

1851 3709 1972 3748 cum
2003 3692 2147 3745 vitiis
2176 3687 2316 3762 (Gal.
2346 3689 2420 3758 ν).
2457 3708 2474 3740 ι
2511 3688 2622 3744 Hoc
2647 3699 2729 3743 est
2757 3687 2972 3742 fortiter
3001 3701 3184 3756 agere,
3211 3687 3315 3740 hoc
3337 3692 3422 3739 est

1850 3777 2080 3838 viriliter
2110 3781 2390 3836 dimicare.
2420 3779 2554 3834 Nam
2588 3780 2716 3850 quid
2747 3778 2922 3846 juvat,
2955 3779 2999 3833 si
3039 3779 3183 3833 circa
3223 3777 3423 3832 vallum

1851 3884 1905 3930 te
1935 3891 2041 3929 non
2067 3873 2354 3928 obsideant
2381 3873 2530 3927 acies
2562 3870 3031 3942 persequentium,
3063 3877 3121 3923 et
3176 3869 3320 3923 intra
3348 3883 3443 3922 ur-

1852 3967 1934 4020 bis
1963 3965 2162 4020 mmnia
2195 3972 2479 4034 grassetur
2503 3963 2787 4018 barbaries
2816 3961 3107 4016 vitiorum?
3134 3959 3230 4014 Vis
3257 3967 3439 4013 autem

1849 4057 2024 4112 adhuc
2055 4056 2294 4126 apertius
2323 4055 2558 4120 discere,
2591 4055 2828 4124 qualiter
2855 4055 2907 4109 in
2942 4068 3074 4122 pace
3101 4064 3302 4108 sancite
3336 4052 3439 4107 Ec-

1849 4151 2028 4207 clesize
2057 4147 2239 4202 valeas
2267 4147 2586 4219 martyrium
2620 4147 2895 4202 invenire?
2922 4145 3057 4199 Audi
3087 4154 3316 4209 attente,
3347 4144 3434 4198 in-

1849 4243 2034 4313 tellige
2068 4241 2385 4311 diligenter.
2417 4239 2526 4295 Cor
2548 4241 2756 4308 vigilet,
2787 4239 2977 4294 oculus
3005 4253 3110 4290 non
3158 4237 3433 4290 dormitet.

1802 4369 1807 4404 ς
1847 4336 1998 4404 Quod
2031 4335 2176 4390 enim
2203 4334 2348 4400 dico,
2402 4334 2780 4390 brevissinmm
2809 4341 2913 4386 est.
2971 4331 3216 4385 Ascende
3275 4328 3438 4397 igitur

1848 4431 2081 4487 tribunal
2109 4430 2328 4490 mentis,
2380 4437 2436 4483 et
2488 4428 2828 4497 temetipsum
2885 4423 3138 4495 pertrahe
3185 4422 3250 4474 ad
3295 4419 3440 4485 judi-

1846 4524 1988 4579 cium
2016 4521 2351 4592 quaestionis.
2384 4519 2655 4588 Cogitatio
2685 4525 2921 4579 accuset,
2953 4515 3166 4568 animus
3204 4511 3432 4580 judicet,

1846 4615 2116 4686 paenitens
2141 4611 2473 4666 conscientia
2501 4611 2646 4666 velut
2675 4608 2916 4664 carnifex
2956 4609 3138 4669 feriat,
3168 4605 3437 4674 lacrymar-

1850 4722 1968 4760 rum
2003 4705 2149 4758 rivus
2176 4702 2320 4756 velut
2349 4701 2544 4756 vulnus
2571 4708 2839 4769 erumpat.
2873 4698 2966 4754 Sic
3002 4700 3082 4755 sic
3111 4711 3205 4765 per
3236 4705 3439 4768 marty-

1848 4799 1913 4854 rii
1967 4795 2398 4857 similitudinem,
2453 4794 2520 4848 ad
2570 4807 2752 4847 veram
2799 4793 3088 4861 pervenies
3136 4797 3443 4858 martyrum

1847 4890 2186 4958 dignitatem,
2217 4883 2516 4941 auxiliante
2543 4884 2772 4937 Domino
2804 4892 2997 4940 nostro
3021 4882 3153 4938 .lesu
3195 4877 3448 4945 Christo,

1847 4981 1937 5051 qui
1966 4997 2087 5036 cum
2121 4979 2280 5032 Patre
2307 4983 2363 5028 et
2394 4975 2840 5045 Spiritu.sancto
2888 4977 3034 5034 vivit
3086 4978 3142 5026 et
3188 4967 3460 5038 gloriatur

1844 5087 1945 5143 per
1976 5072 2182 5129 infinita
2215 5067 2412 5122 saecula
2439 5067 2779 5122 saeculorum.
2809 5067 3019 5130 Amen.

2411 5162 2642 5219 SERMO
2681 5159 2876 5217 XXXI.

2077 5277 2139 5318 ιι.
2164 5269 2230 5313 ηε
2268 5269 2472 5311 ΒΑΝΟΤΟ
2492 5266 2820 5310 Λροιιικλιιε
2856 5263 3133 5316 Ειηεεορο
3169 5258 3239 5299 Ετ
