3946 5368
433 233 532 288 67!

1038 235 1097 290 S.
1139 234 1344 289 PETRI
1371 234 1652 288 DAMIANI
1693 235 1842 291 OPP.
1873 235 2053 292 PARS
2093 235 2220 292 SEU
2261 235 2500 296 TOMUS
2631 255 2697 280 —'-
2735 238 3120 298 SERMONES.

3599 246 3696 300 (ΞΗ

437 359 561 400 cum
592 330 783 398 laetitia
807 343 1009 412 pariter
1035 343 1391 408 exsultemus,
1422 351 1478 398 et
1516 353 1682 399 totam
1711 345 1853 399 hanc
1877 345 2016 400 diem
2049 351 2094 406 Α
2126 343 2198 398 illi
2223 345 2408 402 oculos
2433 347 2669 403 reddidit
2692 347 2910 416 frontis,
2943 349 3062 406 istis
3089 349 3256 404 multo
3279 349 3492 406 felicius
3517 354 3694 412 lumen

440 440 492 494 in
516 438 758 509 psalmis,
791 437 1006 508 hymnis
1032 446 1088 492 et
1115 438 1345 511 canticis
1395 437 1767 508 spiritualibus
1817 454 2020 509 expen-

439 528 649 582 damus.
683 515 874 580 Mérito
921 525 1081 581 hodie
1132 525 1369 596 profusis
1398 527 1608 596 gaudiis
1641 535 1785 583 totus
1825 528 2021 598 ubique

439 625 706 669 terrarum
756 615 905 670 orbis
955 615 1210 670 exsultat.
1264 615 1453 682 Merito
1519 627 1710 684 sancta
1754 619 2018 688 Ecclesia,

431 707 714 778 dispositis
765 706 1004 762 ﬁdelium
1055 709 1268 774 choris,
1314 709 1621 766 dulcisonas
1663 711 2020 767 melodiarum

434 811 596 854 voces
621 797 876 853 alternat.
924 797 1168 854 Gaudeat
1196 800 1509 866 Antiochia,
1538 816 1658 870 qua:
1709 802 1867 858 talem
1909 818 2023 862 me~

430 891 541 944 ruit
573 889 798 960 gignere
824 889 1031 956 ﬁlium;
1064 891 1297 946 exsultet
1325 890 1519 958 Roma,
1568 907 1688 962 quae
1728 892 1889 948 talem
1925 909 2022 964 po-

433 989 536 1034 tuit
569 981 770 1037 habere
801 981 1151 1052 discipulum;
1184 983 1454 1053 praecipue
1499 998 1628 1038 vero
1667 982 1861 1052 jubilet
1891 985 2022 1040 urbs

435 1071 721 1135 Ravenna,
769 1086 890 1140 quae
951 1080 1158 1134 tantum
1212 1073 1412 1127 meruit
1461 1071 1668 1146 referre
1712 1082 2022 1148 patronum.

437 1160 567 1227 Qua:
597 1163 741 1217 enim
767 1163 1209 1218 eratdzemonum
1239 1174 1399 1241 antea
1426 1165 1732 1231 delubrum,
1761 1181 1858 1236 per
1881 1167 2022 1220 hunc

439 1249 748 1317 caelestium
777 1261 1090 1308 senatorum
1121 1253 1264 1309 facta
1296 1264 1382 1310 est
1409 1251 1745 1325 capitolium.
1777 1256 1852 1310 lbi
1877 1257 2020 1311 enim

433 1340 545 1409 jam
595 1353 894 1415 martyrum
936 1359 1160 1416 corpora
1209 1348 1575 1416 requiescunt,
1611 1347 1682 1402 ibi
1731 1332 2020 1403 multorum

438 1443 750 1490 sanctorum
783 1438 1084 1505 patrocinia
1118 1440 1508 1494 reconduntur.
1539 1438 1668 1509 Qua:
1695 1455 1824 1510 ergo
1872 1441 2023 1510 prius

441 1524 578 1580 male
605 1524 834 1581 fecunda
879 1529 929 1582 in
961 1528 1086 1584 ﬁliis
1114 1529 1227 1584 suis
1261 1530 1457 1586 multas
1487 1531 1715 1600 stipulas
1755 1532 2026 1602 germina:

438 1616 534 1672 bat
558 1617 790 1684 inferno,
818 1618 929 1687 jam
961 1635 1056 1689 per
1094 1621 1184 1676 Dei
1217 1623 1445 1692 gratiam
1479 1623 1676 1679 multos
1705 1623 1852 1697 cives
1891 1639 2019 1695 par-

2122 435 2335 504 aperuit
2364 437 2565 493 cordis.

2192 523 2358 579 Recte
2384 539 2513 596 ergo
2543 525 2762 594 dicitur,
2790 529 2917 598 quia
2946 530 3086 584 sicut
3121 529 3342 585 Lucifer
3388 531 3442 585 in
3485 533 3690 599 Orbem,

2121 614 2193 670 ita
2226 615 2566 672 beatissimus
2592 618 2676 672 vir
2701 633 2852 674 suam
2884 630 2966 674 est
3004 620 3212 675 delatus
3240 621 3291 674 in
3318 622 3531 675 urbem.
3565 621 3700 688 Quot

2121 715 2300 761 autem
2328 707 2399 761 ibi
2429 707 2687 777 supplicia
2715 709 3058 774 sustinuerit,
3109 720 3241 780 quot
3289 713 3544 767 mortium
3594 721 3697 766 tor-

2119 807 2302 853 menta
2327 800 2677 869 percurrerit,
2714 800 2800 856 ille
2827 800 3042 871 quidem
3093 802 3337 873 perferre
3379 804 3700 860 mirabiliter

2119 887 2311 961 potuit,
2345 903 2445 945 nos
2473 888 2680 945 referre
2706 891 3035 959 quantalibet
3067 891 3262 962 linguae
3281 902 3485 948 nostra:
3515 892 3696 948 facun-

2123 979 2209 1034 dia
2236 993 2344 1034 non
2374 977 2638 1034 valemus.
2663 978 2918 1043 Caeditur,
2951 981 3148 1045 uritur,
3173 981 3516 1048 vulneratur,
3541 999 3696 1052 equu-

2121 1068 2205 1125 leo
2237 1078 2410 1124 tortus
2442 1084 2539 1139 per
2563 1070 2805 1125 membra
2830 1081 3024 1128 cuncta
3070 1072 3428 1142 discerpitur;
3465 1076 3563 1129 sed
3597 1091 3698 1145 quo

2121 1160 2294 1230 magis
2320 1175 2468 1215 caro-
2489 1175 2585 1230 per
2636 1170 2907 1216 tormenta
2953 1163 3284 1230 concutitur,
3327 1178 3394 1218 eo
3445 1178 3602 1218 meus
3647 1165 3695 1219 in

2122 1251 2291 1320 Deum
2328 1251 2434 1310 ﬁxa
2463 1252 2672 1308 ﬁrmius
2705 1253 3021 1318 roboratur;
3051 1263 3107 1308 et
3131 1255 3284 1324 quasi
3322 1255 3446 1326 igne
3475 1271 3697 1311 succen-

2121 1359 2179 1398 sa
2213 1343 2491 1410 materies,
2523 1358 2632 1414 quo
2659 1343 2779 1414 plus
2831 1345 3219 1404 adversitatum
3270 1347 3450 1402 ventis
3480 1347 3700 1417 impelli.

2123 1443 2232 1499 tur,
2265 1449 2330 1490 eo
2360 1435 2413 1491 in
2438 1449 2676 1490 amorem
2702 1435 2795 1490 Dei
2819 1434 3098 1490 ardentius
3129 1436 3517 1491 inﬂammatur.
3572 1439 3700 1492 San-

2120 1534 2240 1580 Ctus
2269 1524 2464 1594 quippe
2494 1525 2576 1580 vir
2600 1525 2726 1580 dum
2757 1525 2888 1581 foris
2917 1525 3108 1580 tolerat
3137 1525 3406 1581 turbinem
3446 1543 3699 1597 persecu-

2124 1614 2303 1680 tionis,
2331 1615 2475 1670 intus
2497 1616 2730 1672 recurrit
2749 1615 2817 1671 ad
2839 1629 3018 1670 arcem
3043 1615 3269 1680 mentis;
3287 1627 3342 1670 et
3365 1615 3492 1671 inde
3512 1625 3704 1672 cuncta

438 1710 573 1764 turit
593 1710 762 1776 creto;
796 1721 855 1765 ut
875 1711 988 1780 jam
1021 1715 1218 1782 populo
1247 1715 1390 1770 illius
1417 1731 1523 1776 non
1574 1716 1845 1776 immerito
1875 1717 2017 1772 dica-

2124 1705 2224 1760 sub
2249 1719 2310 1761 se
2339 1706 2419 1761 ire
2445 1707 2694 1776 despicit,
2725 1708 2868 1762 inter
2895 1723 3016 1777 quae
3065 1708 3297 1762 transire
3346 1707 3705 1778 corporaliter

439 1810 526 1856 tur
554 1819 567 1856 :
602 1819 623 1854 ι
656 1802 776 1858 Jam
809 1820 914 1857 non
939 1807 1070 1860 estis
1101 1807 1341 1875 hospites
1372 1816 1427 1861 et
1469 1807 1728 1874 advenae;
1763 1809 1856 1864 sed
1886 1810 2021 1869 estis

430 1891 583 1956 cives
609 1903 942 1961 sanctorum,
972 1904 1027 1948 et
1058 1895 1343 1951 domestici
1377 1896 1499 1950 Dei!
1540 1916 1556 1946 ι
1592 1896 1808 1968 (Ephes.
1835 1901 1922 1970 ιι.)
1955 1900 2024 1955 Et

438 1997 536 2050 per
563 1982 782 2038 Petrmn
814 2001 827 2038 :
868 2003 885 2036 ι
927 1983 1036 2040 Vos
1066 1987 1197 2040 estis
1230 2001 1398 2057 genus
1427 1986 1688 2052 electum,
1715 1989 1893 2058 regale
1931 1975 2022 2044 sa-

434 2059 762 2138 cerdotinm,
787 2089 917 2144 gens
939 2087 1148 2138 sancta,
1173 2077 1399 2146 populus
1413 2077 1851 2149 acquisitionis(1
1872 2076 2023 2134 Patr.

437 2163 524 2233 ιι).
561 2183 580 2214 ι
615 2165 792 2235 Reges
820 2167 966 2220 enim
1014 2182 1218 2230 sumus,
1272 2169 1399 2236 quia
1450 2169 1630 2223 crucis
1676 2168 1932 2224 vexillum
1967 2170 2025 2225 in

443 2253 622 2310 fronte
651 2263 954 2325 portamus.
995 2257 1330 2314 .Saeerdotes
1382 2267 1560 2315 autem
1602 2259 1725 2331 jure
1769 2260 2021 2327 dicimur.

436 2343 563 2420 quia
589 2343 900 2422 chrismatis
933 2347 1188 2402 unctione
1220 2347 1459 2404 linimur.
1875 2333 1878 2336 I

506 2433 662 2489 Juste
689 2450 816 2506 ergo
847 2439 1061 2506 egregia
1089 2437 1177 2492 illa
1211 2439 1524 2508 metropolis
1555 2440 1620 2494 de
1648 2439 1710 2493 B.
1747 2440 2024 2512 Apollina-

433 2523 512 2602 ris
541 2523 834 2603 festivitate
882 2527 1192 2596 specialiter
1239 2530 1460 2598 gaudet,
1509 2543 1606 2598 per
1661 2545 1842 2598 quem,
1893 2531 2022 2586 olim

441 2602 666 2686 profana
697 2624 754 2671 et
789 2602 1014 2682 rustica,
1047 2617 1186 2672 facta
1218 2605 1302 2673 est
1357 2633 1501 2672 nunc
1550 2619 1902 2674 sacerdotalis
1967 2629 2023 2673 et

434 2705 606 2778 regia.
641 2705 740 2762 Cui
768 2722 892 2763 cum
922 2707 1182 2763 Romanis
1213 2709 1428 2764 arcibus
1451 2709 1586 2764 adeo
1614 2709 1918 2765 communis
1939 2719 2022 2766 est

435 2797 693 2868 dignitas,
725 2807 785 2852 ut
815 2799 903 2852 illa
950 2809 1147 2865 mater,
1180 2800 1344 2870 158
1385 2800 1486 2854 ista
1519 2800 1732 2854 dicatur
1781 2817 2020 2871 congrue

436 2887 567 2942 ﬁlia.
596 2887 751 2956 Quod
779 2890 922 2943 enim
951 2889 1041 2944 illa
1073 2891 1128 2944 in
1152 2891 1362 2945 caelesti
1397 2890 1687 2962 clavigero.
1719 2892 1821 2946 hoc
1850 2902 2018 2960 totum

441 2979 543 3034 ista
568 2981 809 3050 possidet
840 2982 890 3035 in
922 2983 1218 3052 discipulo;
1251 2991 1304 3036 et
1327 2982 1471 3052 quod
1502 2981 1572 3034 illi
1601 2993 1868 3052 praerogat
1891 2998 2019 3051 apo-

2123 1799 2289 1854 etiam
2320 1798 2672 1873 semetipsum
2711 1799 2906 1854 cernit.
2963 1797 3136 1854 Minas
3167 1813 3270 1853 non
3323 1798 3544 1862 metuit,
3599 1809 3706 1853 tor-

2122 1894 2303 1942 menta
2335 1887 2590 1944 alacriter
2621 1890 2874 1960 patiendo
2901 1889 3223 1944 contemnit.
3255 1888 3393 1944 llinc
3428 1890 3582 1945 enim
3613 1904 3707 1959 per

2124 1975 2469 2032 Salomonem
2497 1977 2732 2032 dicitur:
2769 1996 2786 2029 ι
2822 1975 3006 2046 Justus
3053 1977 3204 2046 quasi
3257 1978 3341 2032 leo
3402 1977 3710 2043 conﬁdens,

2124 2069 2328 2138 absque
2353 2077 2562 2124 terrore
2587 2070 2693 2124 erit
2722 2068 2904 2140 (Prov.
2928 2069 3152 2140 xxvm).
3188 2089 3206 2120 ι
3241 2068 3377 2124 Hinc
3425 2069 3497 2124 ab
3523 2083 3590 2124 eo
3613 2069 3708 2127 ite-

2123 2175 2242 2214 rum
2269 2159 2528 2230 scriptum
2543 2169 2658 2214 est:
2682 2180 2699 2212 ι
2719 2158 2832 2214 Νοιι
2848 2159 3428 2230 contristabitjustum,
3444 2157 3709 2229 quidquid

2121 2252 2172 2307 ei
2199 2249 2458 2305 acciderit
2490 2247 2676 2321 (Prov.
2710 2252 2830 2320 xu).
2863 2268 2882 2302 ι
2913 2249 3031 2305 Jam
3059 2249 3254 2319 quippe
3269 2248 3706 2320 Spiritusadalta

2121 2358 2414 2416 suspensus
2444 2343 2498 2397 in
2524 2343 2628 2413 hoc
2644 2341 2986 2400 ineﬁ‘abiliter
3005 2341 3222 2412 gaudet,
3239 2343 3364 2397 dum
3386 2342 3494 2398 sibi
3517 2358 3704 2399 cumu-

2121 2434 2220 2489 lari
2249 2434 2441 2503 gaudia
2469 2449 2568 2504 per
2597 2443 2867 2489 tormenta
2899 2435 3060 2499 videt,
3105 2433 3290 2488 Poenis
3335 2432 3579 2498 fovetur,
3627 2435 3703 2487 in-

2122 2527 2314 2582 cendio
2339 2524 2712 2596 refrigera'tur,
2739 2523 2880 2580 fame
2911 2523 3176 2587 reﬁcitur,
3207 2524 3383 2593 inopia
3408 2522 3700 2584 dilatatur;

2121 2626 2178 2672 et
2207 2616 2263 2670 id
2287 2617 2586 2671 maximum
2613 2615 2822 2671 lucrum
2845 2615 3089 2686 deputat,
3117 2616 3159 2670 si
3192 2630 3412 2690 gravem
3465 2615 3536 2670 de
3588 2629 3703 2683 pas-

2121 2707 2272 2763 sione
2296 2706 2512 2772 Domini
2537 2704 2808 2769 sarcinam
2855 2713 3057 2778 portat,
3092 2715 3408 2776 tantumque
3451 2703 3557 2759 sibi
3613 2706 3707 2757 mi-

2123 2799 2214 2854 nui
2277 2799 2429 2853 timet
2477 2799 2545 2854 de
2587 2799 2835 2869 praemio,
2877 2808 3138 2869 quantum
3187 2799 3405 2871 sibimet
3457 2798 3705 2854 subtrahi

2119 2889 2385 2960 conspicit
2412 2889 2478 2944 de
2507 2897 2796 2944 tormento.

2190 2979 2328 3046 Quid
2357 2977 2547 3048 plura?
2576 2977 2771 3033 iterum
2800 2979 3054 3046 czeditur,
3089 2979 3282 3033 iterum
3308 2977 3617 3040 cruciatur,
3642 2977 3704 3031 ad

436 3068 626 3133 stolus,
657 3069 761 3124 hoc
808 3071 954 3125 addit
999 3071 1086 3126 isti
1120 3081 1325 3142 martyr
1361 3072 1708 3141 apostolicus.
1761 3071 1817 3126 Si
1869 3073 2015 3126 enim
2048 3057 2089 3114 (ἶ
2126 3068 2288 3138 159
2309 3076 2609 3124 extremum
2629 3069 3016 3139 quoquenudis
3035 3069 3235 3138 plantis
3262 3083 3426 3138 super
3454 3068 3705 3122 ardentes

437 3157 1035 3229 Constantinopolitana
1101 3161 1312 3224 civitas,
1365 3160 1490 3230 quia
1545 3160 1817 3215 Romanos
1868 3161 1920 3214 in
1961 3176 2020 3216 se

437 3248 719 3304 transtulit
757 3233 943 3320 cives,
1000 3251 1232 3305 secunda
1306 3250 1474 3304 Roma
1537 3258 1622 3305 est
1678 3260 2016 3320 nuncupata;

435 3335 644 3409 quanto
669 3341 842 3410 magis
870 3342 1004 3404 hmc.
1032 3357 1151 3410 qua:
1185 3350 1390 3396 tantum
1421 3341 1720 3411 principem
1751 3342 1817 3398 de
1848 3342 2018 3397 Roma

433 3432 690 3501 szscepit,
720 3420 953 3496 secunda
983 3431 1154 3488 Roma
1197 3441 1281 3507 est
1332 3433 1685 3504 appellanda!
1744 3434 2019 3504 Nunquid—

439 3535 566 3575 nam
593 3519 880 3589 gloriosius
907 3532 989 3576 est
1011 3523 1286 3592 suscipere
1316 3523 1554 3590 Quirites
1572 3523 1638 3578 de
1660 3522 1906 3578 Romana
1927 3540 2019 3579 cu-

436 3609 538 3674 ria,
572 3624 734 3680 quam
767 3609 969 3665 habere
1003 3621 1296 3682 martyrem
1337 3604 1405 3669 de
1450 3612 1692 3680 Romana
1743 3613 2016 3669 Ecclesia?

437 3700 517 3756 Ex
549 3715 614 3756 ea
644 3703 809 3772 igitur
837 3712 1012 3773 parte,
1044 3720 1148 3775 qua
1181 3705 1351 3772 Boma
1378 3705 1615 3762 carnalis
1642 3713 1746 3772 est,
1770 3707 2018 3762 carnales

435 3795 648 3863 genuit;
676 3811 744 3851 ex
771 3812 834 3851 ea
864 3811 1014 3863 vero,
1053 3813 1158 3868 qua
1190 3799 1485 3867 spiritualis
1531 3807 1636 3864 est,
1683 3799 2016 3869 spiritualem

436 3903 503 3940 ex
533 3903 592 3942 se
615 3887 783 3942 ﬁlium
812 3891 1134 3958 procreavit.
1174 3909 1192 3942 ι
1229 3889 1382 3958 Quod
1413 3891 1558 3946 enim
1605 3901 1789 3946 natum
1836 3902 1921 3947 est
1950 3893 2018 3952 de

441 3992 606 4032 carne
633 3993 763 4033 caro
788 3987 890 4045 est,
919 3989 975 4034 et
997 3982 1143 4051 quod
1173 3977 1358 4036 natum
1385 3991 1470 4045 est
1497 3997 1563 4038 ex
1591 3983 1806 4052 spiritu,
1851 3984 2014 4053 spiri-

440 4078 526 4121 tus
551 4068 844 4139 est(Joan.
900 4071 1008 4141 ιιι).
1050 4091 1068 4124 ι
1118 4072 1271 4140 Quod
1323 4083 1503 4130 autem
1557 4082 1762 4128 tantttm
1809 4076 2014 4138 civitati

437 4159 514 4212 illi
547 4161 856 4224 tribuimus,
886 4171 944 4216 ut
974 4161 1158 4219 Roma:
1185 4165 1414 4219 similem
1462 4181 1582 4220 esse
1628 4167 1890 4230 dicamus,
1944 4172 2011 4221 ad

438 4254 649 4308 laudem
675 4255 770 4328 Dei
806 4254 1111 4320 referimus,
1145 4273 1248 4311 non
1301 4258 1511 4315 favores
1563 4260 1840 4324 hominum
1887 4259 2014 4315 aﬁ'e-

435 4355 666 4402 ctamus.
702 4345 835 4400 Nam
863 4357 1087 4404 ornatus
1119 4349 1486 4416 habitationis,
1518 4353 1682 4408 decus
1726 4361 1811 4408 est
1857 4354 2004 4410 habi-

438 4439 638 4504 tantis;
672 4448 726 4494 et
757 4439 930 4494 honor
959 4440 1167 4506 militis,
1197 4441 1366 4512 gloria
1397 4442 1860 4512 estimperatoris.

505 4528 658 4584 Libet
685 4539 894 4595 autem,
935 4531 1292 4598 dilectissimi,
1330 4533 1616 4604 pulchrum
1664 4534 1860 4589 divina:
1907 4534 2014 4590 dis-

430 4620 765 4688 pensationis
791 4621 1036 4676 ordinem
1067 4623 1306 4678 studiose
1329 4624 1694 4693 perpendere;
1751 4633 1806 4680 ct
1847 4640 2009 4694 quam

433 4712 756 4768 mirabiliter
782 4715 1123 4784 omnipotens
1157 4717 1296 4770 Deus
1323 4717 1559 4787 regionis
1587 4717 1727 4774 illius
1756 4718 2010 4775 tenebras

434 4806 706 4862 illustrare
730 4807 1056 4875 decreverit,
1088 4811 1361 4880 indagare.
1395 4812 1550 4867 Sicut
1591 4812 1734 4866 enim
1784 4814 2006 4870 matuti-

435 4915 535 4952 nus
551 4900 768 4955 Lucifer
790 4903 857 4956 ab
883 4911 1004 4958 ortu
1036 4917 1264 4973 surgens
1291 4904 1460 4959 solem
1489 4905 1762 4974 praecedit,
1795 4905 1868 4958 ita
1891 4905 2012 4962 bea-

433 4990 676 5043 tissimus
697 4998 903 5061 martyr
929 4993 994 5047 ab
1020 4994 1292 5054 orientali.
1310 4993 1462 5065 plaga
1505 4993 1880 5064 progrediens,
1915 5009 2008 5048 no-

436 5095 560 5132 men
593 5080 799 5133 Domiui
831 5083 1001 5136 nostri
1035 5082 1160 5138 Jesn
1192 5084 1419 5147 Christi,
1472 5086 1563 5154 qui
1611 5099 1740 5140 vere
1790 5092 1874 5140 est
1926 5082 2008 5139 sol

434 5170 682 5234 Iustitia},
739 5172 943 5239 primus
999 5176 1265 5229 Ravennae
1314 5175 1510 5231 ﬁnibus
1573 5175 1892 5248 introduxit.
1940 5175 2010 5232 Et

432 5277 596 5332 quam
623 5261 761 5314 bene
794 5261 894 5315 sibi
927 5262 1160 5318 Luciferi
1211 5280 1405 5320 nomen
1451 5266 1722 5336 congruit,
1761 5267 1852 5336 qui
1899 5265 2008 5335 pri-

2045 4398 2093 4456 D

2120 3169 2322 3229 prunas
2352 3169 2499 3215 stare
2533 3160 2910 3235 compellitur;
2929 3162 3022 3215 sed
3055 3160 3180 3218 dum
3209 3167 3438 3228 uterque
3463 3175 3560 3229 pes
3579 3175 3704 3228 sup-

2121 3250 2295 3320 posito
2319 3251 2440 3322 igne
2463 3251 2820 3317 comburitur,
2846 3251 3026 3320 lingua
3051 3251 3105 3304 in
3133 3249 3478 3306 confessione
3501 3249 3704 3305 Christi

2120 3340 2344 3396 liberius
2371 3340 2665 3395 relaxatur.
2693 3340 2923 3412 Segnior
2952 3341 3151 3410 quippe
3203 3338 3378 3394 fuerat
3425 3339 3592 3410 ignis,
3619 3338 3706 3407 qui

2121 3430 2362 3486 exterius
2385 3431 2722 3496 incendebat,
2745 3447 2906 3501 quam
2932 3432 3025 3501 qui
3057 3430 3279 3486 inferius
3303 3427 3705 3495 inﬂammabat;

2121 3525 2376 3589 tanquam
2417 3520 2554 3592 alter
2625 3532 2970 3591 coqueretur,
3038 3529 3096 3576 et
3166 3519 3305 3575 alter
3349 3519 3704 3589 loqueretur;

2119 3611 2255 3665 alius
2282 3613 2444 3667 verba
2492 3615 2697 3679 ederet,
2729 3613 2867 3668 alius
2912 3613 3134 3667 verbera
3168 3611 3482 3666 sustineret.
3515 3609 3584 3663 Et
3622 3625 3705 3664 re-

2118 3716 2243 3758 vera
2272 3701 2426 3765 alter,
2471 3702 2714 3772 Yeritate
2745 3711 3060 3772 attestautc,
3093 3716 3214 3770 qure
3251 3700 3328 3753 ait
3355 3717 3368 3752 :
3401 3717 3421 3750 ‹
3461 3697 3580 3752 Non
3614 3713 3704 3753 vos

2117 3795 2269 3857 estis,
2297 3794 2388 3864 qui
2417 3793 2720 3868 loquimini,
2752 3793 2847 3850 sed
2879 3791 3113 3862 Spiritus
3158 3789 3337 3844 Patris
3368 3789 3561 3853 vestri,
3611 3788 3702 3858 qui

2119 3884 2355 3956 loquitur
2397 3885 2448 3954 in
2473 3886 2624 3940 vobis
2653 3884 2866 3956 (Matth.
2898 3884 2976 3954 ι).
3023 3902 3042 3934 ι
3087 3881 3176 3949 Et,
3199 3890 3253 3935 ut
3281 3880 3557 3949 triumpho
3575 3881 3703 3934 bea-

2121 3975 2314 4031 tissimi
2342 3976 2598 4047 martyris
2632 3976 2747 4045 ipsa
2769 3974 3045 4030 contraria
3065 3973 3334 4028 elementa
3363 3971 3704 4026 concorditer

2117 4067 2383 4131 serviant.
2430 4067 2558 4122 dum
2602 4068 2744 4138 ignis
2787 4066 3078 4138 potentiori
3136 4066 3258 4137 igne
3309 4063 3698 4126 contemnitur,

2117 4172 2267 4222 caro,
2297 4172 2419 4228 qua:
2447 4166 2568 4213 usta
2599 4152 2809 4222 fuerat,
2830 4156 2988 4227 aquis
3030 4155 3384 4211 bullientibus
3429 4154 3696 4215 elixatur;

2117 4247 2304 4315 sicque
2331 4243 2386 4302 in
2415 4247 2583 4321 odore
2603 4248 2887 4323 suavitatis
2919 4247 3149 4314 Domino
3181 4247 3286 4301 duo
3332 4245 3606 4300 sacriﬁcia
3635 4259 3699 4300 ex

2119 4350 2222 4389 una
2254 4338 2392 4393 ﬁunt
2420 4339 2662 4394 victima.

2191 4438 2320 4506 Age,
2354 4445 2470 4502 age,
2511 4431 2780 4500 responde
2809 4429 2972 4502 mihi,
3000 4429 3162 4493 turba,
3188 4428 3522 4498 phrenetica,
3553 4438 3610 4484 et
3632 4429 3697 4483 ab

2122 4532 2252 4602 ipsis
2304 4527 2522 4584 furiosis
2554 4527 2750 4581 merito
2794 4524 3107 4581 deridenda.
3157 4522 3295 4590 Quid
3343 4522 3517 4578 furis?
3563 4523 3695 4590 Quid

2118 4621 2311 4676 smvis?
2339 4617 2480 4687 Quid
2514 4617 2755 4673 cruentis
2783 4616 3031 4671 dentibus
3085 4624 3140 4670 et
3173 4614 3352 4683 lupina
3405 4615 3556 4668 rabie
3603 4615 3695 4668 de-

2116 4711 2436 4768 baccharis?
2465 4708 2715 4780 Nunquid
2745 4723 2934 4779 speras
2982 4706 3261 4776 suppliciis
3309 4705 3511 4760 Christi
3564 4705 3696 4758 mili.

2119 4814 2226 4862 tem
2255 4803 2468 4864 cedere,
2522 4809 2578 4854 et
2607 4817 2636 4854 a
2682 4808 2872 4854 sancto
2923 4797 3200 4868 proposito
3253 4805 3490 4851 mentem
3545 4810 3696 4868 posse

2119 4893 2366 4948 mutare?
2395 4892 2513 4956 Non
2542 4900 2625 4955 est
2653 4890 2959 4961 hujusmodi
2991 4904 3146 4944 tuens
3175 4888 3227 4942 in
3264 4888 3434 4942 Deum
3465 4887 3591 4952 ﬁxa,
3621 4885 3694 4956 ig-

2117 4993 2278 5038 norat
2305 4983 2360 5036 in
2394 4981 2535 5037 bello
2563 4982 2791 5050 perdere
2816 4979 3068 5038 militiam
3095 4977 3485 5034 Christianam.
3517 4976 3694 5032 Nescit

2113 5073 2388 5146 przeliator
2414 5079 2603 5128 noster
2652 5073 2832 5142 rigore
2879 5069 3214 5132 mollescere,
3268 5068 3447 5123 nescit
3495 5067 3694 5138 gladios

2113 5164 2448 5230 formidare;
2485 5164 2595 5218 imo
2620 5178 2728 5234 quo
2760 5163 2933 5234 magis
2964 5161 3262 5232 impetitur,
3309 5175 3376 5215 eo
3423 5161 3696 5215 robustior

2115 5257 2406 5315 invenitur.
2433 5256 2531 5332 Eia
2556 5265 2798 5327 percute,
2821 5255 3066 5322 incende,
3090 5269 3280 5322 coque,
3299 5268 3454 5323 gyra,
3483 5270 3689 5326 regyra.
