3946 5368
173 162 272 219 C73

1631 146 1864 203 SER-MO
1899 149 2092 204 XXXII

3319 162 3421 218 cu
3491 239 3496 242 _

168 276 305 330 fessa
339 239 469 326 sunt
511 267 770 323 membra.
806 265 939 322 Nam
971 266 1016 321 si
1048 264 1210 320 fictile
1239 265 1320 320 sui
1349 265 1591 335 corporis
1618 279 1738 317 vas-
1765 265 1819 326 Α
1846 266 1944 318 ria.
1971 266 2047 320 llli
2077 268 2220 322 enim
2268 258 2333 322 ad
2389 273 2799 343 expugnandum
2849 275 3170 334 Christiana:
3216 279 3420 340 militiae

169 360 359 426 culum,
393 362 525 413 dum
557 359 729 413 adhuc
757 374 948 413 sanum
976 365 1117 412 esset
1139 369 1240 424 pro
1270 353 1638 409 conservando
1671 353 1734 406 li-

172 455 244 510 dei
278 449 794 506 tlzesaurodaeerari
822 448 1090 518 permisit,
1142 455 1344 516 quanto
1390 445 1564 516 magis
1614 453 1740 500 tunc

170 560 259 615 pro
281 543 393 611 jam
425 548 686 609 quassato
712 547 766 594 et
812 538 983 593 fracto
1035 547 1141 590 tam
1179 536 1473 606 pretiosum
1525 535 1743 590 thesau-

173 648 281 687 rum
314 631 546 699 perdere
578 629 916 683 formidabit!

234 721 308 776 Tu
341 735 497 788 ergo,
529 727 582 774 tu
614 717 937 774 miserabilis
961 717 1112 772 turba
1135 717 1510 789 agonothetam
1539 715 1737 772 Christi

170 815 286 867 dum
313 807 553 876 dejicere
601 807 828 872 moliris,
861 806 1106 871 extollis;
1157 807 1282 860 dum
1314 820 1570 876 superare
1601 805 1739 874 nite-

171 905 258 969 ris,
291 901 715 971 insuperabilem
746 900 947 954 reddis.
979 898 1058 952 'l‘u
1089 897 1242 961 facis,
1273 907 1331 951 ut
1358 912 1554 967 corpus
1581 911 1736 951 suum

175 995 248 1047 ille
277 991 560 1060 despiciat,
591 999 646 1045 et
679 1006 747 1044 ex
779 1005 844 1044 eo
888 989 1069 1055 egredi
1103 998 1212 1042 tota
1244 988 1412 1042 animi
1460 989 1738 1043 alacritate

176 1083 489 1147 contendat;
551 1091 607 1136 et
655 1082 781 1136 dum
826 1081 979 1136 novis
1026 1089 1080 1135 et
1130 1080 1414 1149 exquisitis
1464 1081 1739 1160 suppliciis

172 1191 279 1228 eum
311 1173 636 1228 mirabiliter
665 1173 878 1228 crucias
930 1181 991 1228 ut
1041 1172 1341 1227 mirabilem
1386 1171 1557 1228 facias
1590 1188 1732 1228 mar-

175 1277 347 1338 tyrem,
396 1265 669 1321 elaboras.
722 1263 834 1320 Tua
879 1266 1022 1321 enim
1069 1265 1230 1320 stulta
1277 1265 1540 1336 sapientia
1584 1265 1738 1332 fecit,

175 1359 298 1427 quod
329 1357 491 1412 hodie
553 1371 751 1412 nomen
782 1357 844 1411 B.
894 1355 1224 1427 Apollinaris
1267 1365 1380 1411 tam
1434 1356 1640 1411 clarum
1684 1364 1739 1412 et

177 1450 368 1503 celebre
389 1463 488 1516 per
507 1462 605 1500 ora
635 1447 868 1502 fidelium
892 1448 1080 1502 currit.
1113 1447 1341 1502 Servisti
1371 1461 1586 1518 nempe,
1609 1449 1738 1503 dum

178 1538 388 1602 saevisti;
412 1546 467 1591 ct
500 1537 704 1592 auxisti
735 1537 994 1609 palmam,
1023 1537 1150 1591 dum
1183 1551 1477 1608 exaggeras
1498 1552 1733 1608 paruam.

1845 367 2124 413 strenuum
2157 359 2494 426 bellatorem,
2525 381 2628 417 non
2659 364 2830 420 solum
2863 366 3039 424 ferrea
3071 387 3220 427 arma
3251 377 3422 428 corri-

1843 449 2018 518 piunt,
2050 451 2143 506 sed
2174 452 2346 522 ignes,
2375 469 2564 523 aquas,
2595 455 2760 524 ligna,
2792 457 3017 528 lapides,
3065 472 3124 515 et
3167 464 3420 519 universa

1843 540 2001 609 plane
2027 543 2290 599 elementa
2329 561 2604 600 armorum
2656 549 2936 604 materiam
2988 552 3217 620 faciunt,
3265 565 3320 611 et
3364 559 3415 612 in

1841 632 2119 702 praaliandi
2175 647 2495 705 argumenta
2551 651 2892 695 convertunt.
2957 643 3062 699 lste
3125 661 3257 700 vero
3310 664 3418 718 quo

1843 723 2022 778 acrius
2048 723 2410 798 impugnatur,
2441 743 2506 784 eo
2534 731 2808 786 robustior
2851 731 3161 802 invenitur;
3207 746 3260 792 ct
3307 754 3416 809 quo

1842 811 2016 881 magis
2045 827 2242 884 corpus
2267 830 2361 884 per
2391 827 2666 874 tormenta
2698 821 3040 890 distenditur,
3068 839 3133 879 eo
3157 829 3328 896 magis
3359 828 3419 880 fi-

1842 901 1936 955 des
1966 912 2208 971 augetur.
2237 904 2618 976 lnsuperabilis
2645 909 2876 980 denique
2901 913 3051 969 miles
3079 925 3177 976 est,
3202 917 3287 969 cui
3316 917 3420 970 vir-

1843 997 1928 1045 tus
1955 1005 2019 1046 ex
2052 993 2367 1050 vulneribus
2397 999 2616 1064 crescit,
2671 1014 2735 1053 ex
2790 1005 3055 1056 minarum
3117 1008 3415 1061 terroribus

1841 1080 2156 1136 animositas
2188 1085 2379 1154 surgit.
2410 1083 2558 1140 Nova
2615 1096 2666 1140 et
2695 1089 2931 1142 inaudita
2977 1108 3154 1161 pugna
3185 1104 3291 1160 est,
3328 1095 3417 1149 ubi

1840 1172 2161 1240 peregrinus
2190 1183 2463 1244 expugnat
2493 1176 2704 1242 urbem,
2740 1177 2912 1231 incola
2942 1180 3244 1247 civitatem,
3275 1199 3416 1242 unus

1838 1261 2114 1332 populum,
2147 1263 2380 1320 imbellis
2409 1281 2664 1332 cuneum,
2695 1268 2917 1324 inermis
2944 1271 3140 1337 aciem,
3187 1289 3414 1342 persona

1841 1356 2020 1426 dejicit
2050 1357 2335 1428 legionem.
2373 1359 2637 1415 Mirabilis
2665 1371 2719 1415 et
2748 1365 3011 1433 stupenda
3042 1364 3265 1420 victoria
3317 1376 3418 1434 est,

1838 1444 1927 1498 ubi
1957 1445 2104 1508 vivit,
2136 1448 2226 1516 qui
2255 1447 2554 1517 occiditur;
2585 1452 2778 1523 surgit,
2804 1454 2896 1522 qui
2921 1455 3202 1526 dejicitur;
3233 1457 3421 1523 vincit,

1839 1536 1929 1605 qui
1971 1549 2288 1607 superatur;
2324 1549 2379 1594 et
2399 1551 2685 1611 postquam
2718 1553 2967 1600 mortuus
2991 1546 3178 1616 fuerit,
3205 1564 3422 1604 omnem

180 1628 293 1682 Nam
314 1628 436 1698 quid
469 1644 581 1683 non
612 1628 678 1682 ad
728 1629 947 1683 victoris
977 1628 1201 1699 gloriam
1231 1643 1418 1684 vecors
1461 1629 1736 1700 ingenium
1764 1645 1812 1706 Β
1842 1630 2083 1686 adversae
2106 1633 2276 1701 partis
2304 1635 2476 1690 aciem
2509 1637 2575 1690 ad
2617 1638 2698 1692 sui
2733 1638 3080 1710 imperatoris
3101 1644 3256 1714 signa
3295 1660 3426 1700 con-

182 1729 310 1774 tutun
336 1721 565 1789 reperit,
595 1721 870 1790 quandoin
896 1721 1156 1775 honorem
1189 1719 1521 1775 transierunt
1545 1721 1738 1775 trium-

180 1810 256 1880 phi
287 1810 392 1879 ipsa
429 1811 603 1865 etiam
633 1812 989 1866 instrumenta
1019 1811 1306 1881 supplicii?

241 1901 339 1957 Sed
369 1902 552 1958 adhuc
580 1902 888 1972 diligentius
922 1902 1217 1956 laceratum
1243 1916 1438 1971 corpus
1465 1900 1738 1969 examina,

185 1991 336 2046 adhuc
361 2005 423 2045 ea
453 1991 596 2061 ipsa,
628 2006 745 2060 qua:
766 1989 1012 2046 confossa
1044 1999 1170 2046 sunt
1190 1991 1451 2058 membra,
1483 1999 1737 2056 retracta,

187 2097 350 2152 coque,
379 2079 630 2154 discerpe
661 2085 818 2147 ictus,
850 2085 1016 2148 ctede,
1049 2085 1296 2147 verbera,
1338 2092 1596 2154 percute;
1627 2082 1741 2152 jam

187 2171 242 2225 de
272 2180 373 2226 toto
417 2187 655 2242 corpore
699 2173 1042 2227 invictissimi
1090 2174 1348 2245 martyris
1395 2175 1522 2244 quid
1571 2174 1736 2240 aliud,

189 2261 270 2316 nisi
281 2262 454 2332 plagas
477 2263 688 2332 poteris
709 2264 1025 2318 vulnerare?
1050 2263 1248 2319 Bulliat
1272 2281 1486 2330 aurum,
1509 2281 1615 2321 non
1641 2266 1742 2320 mi-

191 2353 372 2417 nuitur;
404 2355 650 2408 cmdatur
673 2355 914 2418 adamas,
945 2371 1049 2409 non
1087 2366 1321 2411 secatur.
1347 2355 1466 2411 Jam
1509 2357 1743 2427 denique

191 2442 263 2498 ille
287 2444 346 2498 ad
369 2443 488 2498 coeli
517 2445 733 2498 culmen
763 2445 997 2506 anhelat,
1024 2445 1137 2515 jam
1188 2454 1366 2500 mente
1416 2445 1470 2499 in
1501 2445 1743 2500 sublimi-

195 2535 275 2588 bus
313 2535 551 2599 habitat;
585 2535 717 2588 nihil
747 2535 912 2601 dolet,
945 2535 1079 2589 nihil
1124 2536 1298 2600 timet,
1337 2536 1464 2600 nisi,
1497 2550 1530 2590 ο
1560 2549 1743 2604 perse-

193 2635 400 2688 cutures,
423 2623 600 2678 solam
626 2625 877 2694 pietatem
903 2633 1157 2688 vestram,
1181 2638 1299 2692 qua:
1323 2624 1366 2677 si
1389 2623 1437 2677 ei
1466 2623 1739 2686 tribuitur,

194 2716 247 2770 ab
269 2717 371 2785 ipso
399 2716 652 2784 impietas
683 2714 1058 2770 crudelissima
1086 2714 1407 2782 deputatur;
1442 2725 1498 2767 et
1545 2712 1591 2766 si
1639 2711 1744 2767 tela

194 2814 342 2857 vestra
369 2806 430 2858 ad
459 2805 583 2873 ejus
612 2802 774 2858 vultis
803 2803 1059 2856 interiora
1088 2801 1418 2871 pertingere,
1447 2799 1560 2854 sola
1589 2799 1743 2853 illutn

193 2897 366 2962 pietate
411 2897 597 2951 ferite.
649 2893 802 2948 Tunc
833 2894 977 2949 enim
1022 2893 1258 2963 graviter
1289 2890 1661 2962 iudignamini,
1699 2889 1743 2944 si

1838 1720 2018 1773 vertit.
2049 1720 2149 1776 Ubi
2181 1739 2326 1779 mors
2355 1724 2619 1790 evaditur,
2646 1743 2766 1783 cum
2792 1730 3035 1797 subitur;
3071 1735 3179 1789 vita
3208 1735 3420 1804 incipit,

1839 1824 1961 1863 cum
1994 1809 2206 1874 linitur.
2245 1813 2451 1869 Novum
2483 1816 2732 1888 litigium,
2781 1820 2868 1874 ubi
2909 1821 3117 1890 judicio
3170 1827 3425 1894 praesidet

1837 1899 2089 1968 populus,
2121 1912 2176 1957 et
2198 1919 2339 1959 unus
2369 1905 2653 1960 deducitur
2673 1909 3027 1978 judicandus;
3054 1914 3141 1968 ubi
3173 1930 3313 1969 unus
3341 1917 3424 1968 iu-

1845 2004 2048 2046 nocens
2095 2003 2398 2061 accusatur,
2437 1997 2725 2052 multorum
2767 2001 3151 2058 damnabilium
3195 2020 3422 2060 censura

1846 2081 2209 2151 depromitur;
2243 2086 2334 2140 ubi
2355 2084 2536 2154 justus
2562 2089 2799 2158 vapulat,
2830 2107 2951 2147 reus
2977 2093 3219 2149 damnat.

1919 2168 2027 2225 Sed
2061 2173 2202 2228 inter
2232 2190 2419 2229 omnes
2449 2175 2510 2230 Β.
2539 2177 2882 2246 Apollinaris,
2917 2198 3022 2237 non
3070 2183 3244 2239 dicam
3277 2184 3424 2240 ιιιόὶ-

1839 2274 1952 2324 ces,
1985 2261 2080 2316 sed
2107 2264 2409 2330 carnifices,
2439 2282 2542 2319 non
2577 2269 2847 2336 praesides,
2881 2271 2973 2325 sed
3015 2280 3268 2340 tortores,
3303 2285 3416 2339 tua,

1842 2351 2146 2420 Messaline,
2176 2357 2471 2412 crudelitas
2497 2360 2740 2428 luporum
2788 2365 3000 2418 excedit
3050 2367 3276 2431 rabiem,
3311 2368 3426 2422 leo-

1842 2459 1969 2499 num
1988 2459 2276 2514 exsuperat
2299 2447 2594 2504 feritatem.
2623 2449 2754 2504 Nam
2782 2463 2903 2522 post
2927 2467 3278 2513 cruentorum
3305 2475 3425 2514 vcr-

1843 2533 2028 2587 berum
2053 2536 2274 2601 caedem,
2307 2547 2427 2608 post
2455 2542 2758 2608 patentium
2797 2543 3082 2598 vulnerum
3121 2546 3422 2601 multitudi-

1844 2638 1990 2688 nctn,
2020 2633 2139 2691 post
2165 2626 2376 2694 cquulei
2408 2630 2819 2696 appensiouem,
2853 2641 2973 2700 post
3001 2648 3261 2702 aquarum
3307 2635 3421 2689 fer-

1845 2715 2173 2771 vescentium
2207 2718 2498 2785 ustionem,
2523 2735 2584 2774 os
2614 2722 2731 2790 ejus
2762 2738 2896 2778 saxo
2927 2726 3184 2780 contundi
3230 2729 3419 2796 praeci-

1842 2803 1926 2872 pis
1951 2814 2003 2858 et
2035 2820 2172 2860 novo
2202 2809 2451 2862 tormenti
2479 2825 2680 2880 genere
2705 2813 2866 2865 verba
2893 2815 3209 2870 verberibus
3229 2817 3412 2886 punis.
3483 2882 3488 2888 ,

1848 2893 1985 2949 Ecce
2024 2896 2218 2951 artifex
2247 2899 2452 2952 saevitia
2483 2909 2572 2953 tua
2600 2915 2697 2968 per
2726 2899 2949 2956 effusam
2980 2902 3120 2958 fellis
3162 2906 3425 2960 amaritu-

199 2989 493 3043 miseremini
524 3007 539 3043 :
577 2998 706 3043 tunc
733 2986 1047 3041 immaniter
1078 2983 1352 3049 laceratis,
1403 2984 1448 3037 si
1481 2983 1739 3054 parcitis:
1772 2997 1819 3060 ρ
1850 2985 2029 3039 dinem
2055 2987 2174 3040 novi
2217 2995 2266 3040 te
2303 2989 2548 3059 supplicii
2582 2989 2711 3045 fecit
2756 3003 3056 3048 auctorem.
3087 2994 3156 3051 Et
3196 3006 3430 3053 emeatus

200 3087 261 3142 et,
290 3089 340 3132 ut
361 3081 428 3134 ita
457 3080 711 3144 dixerim,
745 3089 869 3133 tunc
897 3078 1122 3148 punitis,
1151 3077 1195 3130 si
1228 3086 1356 3130 tunc
1386 3091 1490 3130 non
1520 3074 1743 3145 punitis.

259 3167 400 3238 160
432 3169 472 3223 Ο
497 3168 936 3222 robustissimum
966 3175 1174 3236 pectus,
1204 3165 1346 3234 quod
1374 3165 1519 3218 nulla
1545 3173 1749 3234 queunt

203 3257 288 3311 tela
324 3261 618 3328 perfodere,
661 3258 802 3313 nulla
832 3267 1056 3329 possunt
1103 3256 1305 3328 spicula
1349 3258 1673 3327 penetrare!
1704 3256 1747 3312 O

204 3350 593 3406 munitissimum
647 3349 848 3405 Christi
904 3348 1124 3412 vallum,
1176 3347 1322 3416 quod
1374 3363 1480 3401 non
1529 3345 1748 3417 impacti

205 3441 375 3496 arietes
405 3444 650 3507 diruunt,
680 3441 825 3496 nulla
860 3441 1231 3495 machinarum
1264 3446 1508 3494 armenta
1537 3437 1746 3493 convel-

205 3531 328 3586 lunt!
359 3533 564 3602 Quanta
593 3536 736 3590 hunc
764 3532 1135 3588 retributionis
1180 3530 1347 3602 gloria
1377 3544 1519 3584 nunc
1542 3528 1751 3584 extollit

208 3623 250 3678 in
273 3629 500 3694 summis,
532 3644 694 3698 quem
726 3635 871 3681 tanta
896 3624 1259 3680 tribulationis
1283 3622 1578 3677 adversitas
1607 3637 1751 3692 pres-

208 3716 264 3770 sit
297 3719 346 3774 in
398 3721 558 3778 imis!
597 3722 850 3786 Econtra,
893 3734 1036 3774 nunc
1086 3734 1210 3774 eum
1257 3717 1440 3787 ignitis
1468 3717 1749 3772 beatorum

209 3807 458 3876 spirituum
484 3811 715 3867 coetibus
736 3811 956 3875 emicat,
979 3825 1101 3862 cum
1130 3808 1387 3862 trabeatis
1415 3806 1753 3861 senatoribus

209 3899 348 3954 curia:
374 3901 605 3957 ctelestis
654 3901 903 3963 exsultat,
950 3915 1074 3953 eum
1125 3897 1449 3967 patriarchis
1497 3896 1552 3949 in
1587 3909 1752 3951 aureo

212 3989 483 4048 sublimiter
511 3994 646 4049 solio
671 3993 1081 4055 inthronizatus,
1122 4007 1242 4045 cum
1272 3989 1579 4060 purpuratis
1607 4005 1752 4044 Inar-

214 4085 393 4154 tyribus
457 4090 780 4145 mirabiliter
822 4097 1132 4143 coronatus.
1182 4085 1315 4141 Cum
1367 4087 1451 4141 his
1501 4086 1752 4140 omnibus

215 4178 328 4232 stola
352 4182 560 4238 indutus
589 4184 772 4253 gloria:
802 4180 1142 4236 inell'aliiliter
1169 4180 1385 4244 emicat,
1425 4187 1479 4234 et
1507 4187 1632 4233 ante
1655 4178 1753 4232 im-

216 4281 481 4335 peratorem
513 4291 668 4330 suum
697 4273 960 4328 melodum
979 4271 1189 4326 alleluia
1214 4269 1750 4340 perenniterjubilat.

218 4361 314 4426 Quo
343 4372 388 4419 te
414 4383 717 4436 precamur,
751 4375 958 4438 martyr
989 4366 1321 4431 beatissime,
1346 4373 1405 4419 ut
1435 4380 1533 4420 nos
1563 4380 1754 4419 manus

220 4457 305 4507 tua:
334 4460 583 4516 orationis
608 4460 802 4531 erigat,
835 4473 972 4529 quos
1003 4468 1182 4512 reatus
1223 4457 1391 4512 nostri
1438 4458 1645 4528 pondus
1672 4457 1755 4510 in-

222 4537 366 4599 fcrius
389 4559 598 4616 gravat;
637 4561 902 4619 quatenus
937 4549 1026 4618 qui
1061 4549 1148 4602 hic
1182 4557 1282 4602 tuae
1308 4548 1524 4602 virtutis
1553 4563 1756 4618 prmco-

209 4630 292 4684 nia
317 4634 508 4694 referre
541 4641 855 4709 gaudemus,
887 4638 995 4692 illic
1021 4645 1123 4692 tute
1165 4637 1512 4692 beatitudinis
1546 4645 1751 4707 partem

223 4719 425 4790 aliquam
453 4732 763 4785 sentiamus.
794 4729 898 4784 Per
949 4729 1237 4783 Dominum
1281 4737 1526 4782 nostrum
1573 4725 1754 4783 Jesu'm

222 4806 482 4883 Christum,
513 4821 746 4890 quicum
775 4820 938 4874 Patre
979 4827 1033 4873 et
1063 4817 1264 4888 Spiritu
1296 4823 1484 4871 sancto
1527 4817 1659 4872 vivit
1702 4826 1756 4870 et

229 4912 388 4972 regnat
411 4922 502 4977 per
527 4914 702 4966 omnia
744 4909 942 4968 saecula
970 4910 1314 4966 seculorum.
1349 4908 1543 4963 Amen.

725 5023 961 5082 SERMO
998 5021 1211 5078 XXXII.

217 5139 220 5141 λ
287 5111 356 5164 ιιι.
402 5129 461 5168 ne
496 5132 686 5174 sauc'ro
723 5131 1053 5174 APOLLINABE
1087 5127 1338 5168 EPISCOPO
1375 5129 1690 5172 navemus

585 5205 650 5244 ετ
690 5202 960 5245 nonnae.
1007 5189 1164 5258 (χχιιι
1199 5183 1338 5253 θυι..)

233 5352 245 5368 1
289 5267 575 5334 Audivimus
601 5281 776 5345 hodie,
809 5279 1003 5332 fratres
1032 5274 1367 5340 charissimi,
1416 5275 1760 5349 insuperabi-

1855 3075 2008 3147 161
2051 3092 2148 3146 per
2176 3077 2510 3133 iracundiam
2541 3081 2738 3134 mentis
2791 3082 2981 3138 oculus
3029 3084 3159 3138 illud
3210 3088 3428 3158 excogi-

1851 3169 2013 3222 tando
2044 3184 2184 3224 novo
2231 3171 2493 3240 supplicio
2525 3174 2800 3242 prazvidct,
2833 3177 2976 3245 quod
3022 3193 3154 3231 sano
3201 3180 3430 3234 consilio

1851 3258 2166 3327 conspicere
2197 3259 2283 3312 vix
2313 3261 2536 3315 valeret.
2571 3261 2633 3315 Et
2665 3278 2851 3317 revera
2885 3265 3012 3333 quid
3064 3267 3157 3320 tibi
3222 3269 3426 3339 reliqua

1853 3347 2092 3401 membra
2148 3348 2412 3415 fecerant,
2459 3365 2581 3405 cum
2636 3351 2897 3419 lauiabas,
2947 3371 3069 3410 cum
3119 3361 3424 3426 cruciabas,

1855 3451 1977 3490 cum
2011 3439 2318 3508 torquebas,
2353 3455 2472 3493 cum
2499 3442 2684 3494 omnia
2706 3443 3012 3498 immaniter
3038 3445 3236 3516 lupinis
3283 3465 3430 3504 mor-

1851 3519 2394 3599 s-ibus'depascebas?
2425 3529 2530 3584 Ore
2565 3543 2614 3585 te
2641 3530 2955 3593 offenderat,
2990 3550 3085 3590 ore
3109 3545 3157 3590 te
3181 3537 3429 3609 objurga-

1852 3626 2026 3684 verat,
2070 3633 2166 3674 ore
2208 3619 2405 3675 frontis
2453 3632 2556 3676 tuae
2605 3621 3044 3679 inverecundiam
3090 3627 3426 3686 confutabat.

1853 3709 1996 3764 Muta
2030 3712 2270 3765 membra
2301 3711 2377 3765 nil
2400 3710 2666 3767 fecerant.

1923 3798 2031 3854 Cur
2056 3817 2205 3871 ergo,
2233 3802 2373 3870 quod
2399 3818 2501 3856 nou
2538 3803 2754 3857 admisit
2777 3805 3012 3875 culpam,
3046 3810 3279 3865 sustinet
3305 3827 3427 3882 βω-

1853 3892 2012 3946 nam?
2041 3891 2192 3956 Quod
2222 3907 2326 3946 non
2360 3892 2518 3956 lmsit,
2548 3909 2646 3946 cur
2675 3893 2924 3948 laaditur?
2971 3896 3122 3963 Quod
3162 3915 3266 3954 non
3297 3902 3434 3956 deli-

1853 3983 1989 4052 quit,
2019 3997 2118 4035 cur
2147 3983 2487 4037 vindicatur?
2533 3982 2588 4037 Si
2623 3984 2703 4038 vis
2747 4001 2876 4056 ergo
2908 3987 2960 4040 in
2992 4004 3140 4042 reum
3169 3991 3432 4047 districta:

1853 4075 2131 4129 sententia:
2161 4084 2306 4127 tuum
2339 4073 2580 4143 proferre
2609 4075 2870 4144 vigorem,
2901 4079 3124 4133 verbum
3156 4083 3431 4138 examine-

1856 4175 1959 4231 tttr,
1989 4168 2213 4221 verbum
2246 4165 2536 4235 iudicetur,
2573 4170 2797 4222 verbum
2832 4161 3145 4226 verberibus
3173 4179 3434 4243 torquea-

1855 4269 1962 4316 tur.
1995 4261 2060 4315 Et
2087 4259 2214 4330 quid
2242 4260 2362 4330 plus
2393 4261 2607 4316 dicam?
2643 4261 2838 4316 Anima
2864 4261 3078 4334 linguze,
3107 4280 3225 4333 quae
3251 4282 3434 4334 pecca-

1785 4345 1831 4404 D
1859 4357 2018 4419 verit,
2051 4353 2164 4423 ipsa
2197 4353 2478 4407 moriatur.
2532 4352 2636 4407 Sed
2685 4353 2810 4423 quid
2861 4355 3103 4422 prodest,
3149 4355 3193 4408 si
3227 4356 3279 4409 in
3310 4372 3433 4410 eum

1860 4458 2116 4498 exerceas
2142 4442 2456 4507 vindictam,
2491 4443 2544 4496 in
2573 4456 2680 4511 quo
2708 4443 2960 4497 vindictae
3005 4459 3244 4513 nequeas
3290 4462 3437 4500 com-

1861 4548 2080 4604 pescere
2111 4531 2363 4586 causam?
2412 4531 2469 4585 Si
2505 4531 2649 4586 enim
2687 4533 3038 4587 contunderis
3064 4548 3125 4586 us
3157 4547 3436 4598 carneum.

1860 4635 1945 4681 est
1973 4625 2066 4694 qui
2094 4623 2321 4678 interius
2366 4621 2592 4678 fabricet
2625 4622 2788 4687 aliud,
2821 4625 2968 4690 quod
2994 4623 3214 4694 quidem
3261 4628 3444 4693 possis

1863 4717 2069 4781 audire,
2097 4714 2189 4769 sed
2219 4713 2363 4768 nulla
2396 4713 2576 4768 valeas
2604 4713 3076 4771 animadversione
3104 4714 3322 4782 punire;
3358 4717 3449 4770 ille

1858 4809 2133 4874 videlicet,
2157 4807 2246 4877 qui
2275 4806 2553 4877 discipulis
2581 4807 2696 4862 suis
2723 4805 2853 4858 dicit
2886 4824 2900 4860 :
2943 4829 2963 4862 ι
2996 4808 3112 4877 Ego
3139 4804 3279 4859 dabo
3302 4809 3459 4863 vobis

1859 4917 1920 4957 os
1948 4909 2004 4957 et.
2025 4899 2364 4971 sapientiam,
2394 4899 2478 4953 cui
2508 4911 2612 4952 non
2641 4907 2901 4969 poterunt
2929 4901 3215 4960 resistere,
3245 4905 3299 4949 et
3332 4914 3463 4953 coa-

1865 4993 2132 5048 tradicere
2160 5001 2349 5043 omnes
2382 4989 2674 5042 adversarii
2709 4988 2879 5041 vestri
2913 4993 3074 5064 (Luc.
3111 4982 3253 5053 χιιι).
3285 5002 3304 5034 δ
3352 4987 3477 5047 me,

1864 5087 2103 5156 inquam,
2133 5081 2220 5152 qui
2251 5082 2384 5138 dicit
2415 5100 2429 5137 :
2462 5101 2481 5134 ι
2509 5082 2625 5138 Non
2657 5096 2753 5137 vos
2783 5084 2930 5141 estis
2961 5129 2975 5154 ,
3021 5074 3119 5150 qui
3168 5071 3482 5144 loquimini,

1863 5177 1958 5230 sed
2009 5173 2242 5246 Spiritus
2297 5171 2476 5228 Patris
2529 5173 2697 5229 vestri
2767 5171 2860 5240 qui
2907 5172 3164 5246 loquitur
3218 5161 3275 5217 in
3330 5167 3492 5223 vobis

1867 5265 2084 5322 (Matth.
2114 5262 2191 5331 κ).
2227 5280 2244 5313 ι

2776 5350 2826 5368 ΙΙΙ
2978 5361 2989 5368 ι
3087 5345 3228 5368 12...-
3277 5347 3466 5368 Ann—.2-
