3946 5368
548 289 615 344 75
1110 290 1166 344 s.
1209 289 1412 344 rem
1448 288 1733 344 DAMIANI
1772 287 1924 347 ore.
1956 287 2140 345 rans
2179 273 2308 346 SEU
2339 289 2574 348 “mnus
2611 291 2672 346 11.
2713 321 2782 332 -
2820 291 3206 348 SERMONES.

3657 294 3767 352 676

509 401 984 475 conStringendum
1019 404 1234 472 quidem
1277 404 1498 458 omnino
1545 419 1732 460 carcer
1794 404 2082 468 suillcerct,
2112 403 2161 464 Α
2190 403 2486 458 belluarum
2531 398 2742 460 excedit
2789 406 3071 460 saevitiam.
3125 405 3404 463 Stolidita's
3451 416 3545 462 tua
3595 409 3766 477 ipsam

507 489 724 551 etiamsi
773 504 961 549 catena
990 494 1227 556 deesset;
1276 493 1342 546 ad
1381 492 1706 561 puniendum
1735 501 1910 546 autem
1941 492 2085 546 suffl-

507 599 657 645 ceret
685 589 822 659 ignis
866 602 1040 658 ptena,
1069 587 1281 641 etiamsi
1315 587 1474 642 famis
1493 595 1730 641 cessaret
1758 587 1952 655 inopia.
1978 585 2110 659 Sed

505 683 592 736 cui
625 687 834 735 terrena
869 695 992 736 esca
1025 679 1379 741 subtrahitur,
1413 678 1725 734 cmlestibus
1756 679 1925 746 epulis
1953 694 2082 732 cnu-

504 773 687 828 tritur.
731 767 798 827 Et
830 773 1004 826 victus
1050 785 1209 841 quem
1246 768 1444 837 iudicis
1494 769 1746 838 impietas
1774 779 1952 839 negat,
1987 755 2084 822 Dei

503 863 728 934 largitas
754 861 1112 916 administrat.
1137 927 1141 936 ‘
1165 859 1229 913 Et
1275 859 1416 928 quod
1472 867 1577 912 non
1617 859 1804 912 tribuit
1834 865 2083 940 carceraf

504 955 640 1017 rius,
668 953 915 1006 miniSter
940 949 1172 1004 hominis
1201 948 1376 1003 factus
1420 949 1639 1002 exhibet
1679 947 1922 1017 angelus.
1970 947 2080 1000 An-

502 1043 654 1112 gelus
679 1044 821 1096 enim
856 1035 1065 1096 Domini
1111 1049 1269 1095 nocte
1301 1039 1525 1094 veniens
1573 1040 1637 1092 ad
1667 1053 1806 1102 eum,
1841 1037 2076 1092 videnti-

501 1136 601 1189 bus
633 1133 942 1188 custodibus
969 1132 1115 1202 pavit
1155 1139 1209 1184 et
1233 1129 1576 1184 confortavit.’
1619 1127 1788 1194 Quam
1821 1123 2079 1181 deliciosa'

501 1224 644 1279 fame
698 1223 974 1293 affligitur,
1026 1223 1119 1292 qui
1173 1221 1410 1276 caelestis
1454 1221 1806 1291 promptuarii
1851 1219 2077 1288 dapibus

501 1316 749 1382 satiatur,
779 1317 864 1371 cui
897 1315 1094 1370 coelum
1127 1312 1185 1366 lit
1215 1312 1491 1367 eellarium
1519 1351 1534 1374 ,
1580 1310 1815 1365 caelestis
1859 1323 2081 1377 promus

499 1409 722 1463 exhibet
751 1407 1131 1489 ministerium.
1166 1405 1338 1472 Quam
1381 1403 1608 1458 feliciter
1651 1403 1815 1456 miser
1839 1412 1943 1467 est,
1983 1404 2074 1471 qui

499 1499 624 1552 dum
657 1499 885 1553 terrenis
910 1509 1030 1568 eget
1064 1496 1351 1566 impendiis
1372 1536 1387 1562 ,
1434 1492 1708 1564 angelicis
1734 1492 1952 1547 fulcitur
1981 1494 2076 1548 ob-

500 1591 734 1659 sequiis;
791 1589 877 1644 cui
925 1587 1139 1643 senium
1187 1587 1440 1642 divinitus
1494 1585 1746 1649 mittitur,
1791 1581 2068 1654 ang'elicus

499 1680 858 1735 ministratur.

2187 493 2576 550 inscnsibilium
2610 511 2788 549 rerum
2821 491 3108 566 exsuperat
3160 491 3546 567 ignorantiam.
3594 497 3762 556 luter—

2186 598 2311 653 roga
2346 595 2535 639 nautas
2569 593 2708 650 tuos,
2740 586 2886 640 disce
2915 586 3128 640 furores
3159 597 3296 641 tuos.

2255 675 2414 741 Ecce,
2448 675 2534 729 ubi
2565 676 2664 744 ipsi
2716 676 2804 729 vix
2835 677 3049 730 tandem
3095 676 3390 731 laborando
3417 676 3611 732 solutis
3639 677 3737 732 bra

2183 763 2320 819 chiis
2348 775 2592 834 pereunt,
2624 766 2792 820 nostri
2841 766 2986 836 ligati
3027 767 3258 836 jacendo
3302 775 3358 823 et
3407 767 3616 835 absque
3655 767 3762 822 ulla

2182 845 2429 909 melestia
2478 857 2560 910 sui
2613 856 2812 910 laboris
2857 859 3112 912 evadunt.
3163 857 3358 914 Milites
3395 868 3597 923 autem,
3627 858 3761 912 etsi

2182 960 2286 998 non
2315 957 2558 1016 pereunt,
2589 946 2682 1002 tibi
2714 941 2898 1004 tamen
2927 948 3167 1004 funditus
3196 960 3443 1020 pereunt.
3475 947 3612 1002 Nam
3639 948 3761 1016 iure

2179 1037 2389 1092 dicendi
2422 1031 2604 1094 fideles
2631 1033 2940 1111 transfugia,
2967 1050 3152 1111 utpote
3175 1037 3455 1096 venientes
3478 1042 3544 1096 ad
3573 1042 3757 1109 fidem,

2178 1125 2436 1194 abjuratis
2469 1123 2711 1198 prmsidis
2754 1133 2942 1195 armis,
2982 1129 3281 1201 sequuntur
3311 1131 3563 1185 militiam
3593 1145 3755 1185 exsu-

2177 1216 2262 1270 lis.
2291 1217 2455 1270 Ainnt
2480 1219 2622 1272 enim
2652 1219 2718 1273 ad
2747 1235 2868 1273 eum
2899 1220 3098 1275 milites
3127 1239 3140 1274 :
3175 1221 3400 1275 Damine
3429 1220 3617 1284 Pater,
3649 1235 3755 1289 quo

2177 1309 2410 1362 ibimus?
2438 1309 2574 1376 Quid
2600 1309 2892 1366 faciemus?
2930 1311 3136 1377 Quibus
3163 1308 3240 1366 ait
3271 1331 3283 1366 :
3314 1312 3671 1382 Baptizamini
3699 1313 3753 1368 in

2175 1399 2392 1452 nomine
2436 1399 2602 1464 Jesu,
2651 1410 2707 1456 et
2735 1402 2947 1456 vivetis.
2997 1402 3098 1470 Qui
3146 1403 3327 1457 statim
3379 1405 3753 1460 renuntiantes

2179 1487 2354 1551 idolis,
2386 1489 2640 1558 baptizati
2688 1499 2817 1546 sunt
2860 1491 2914 1545 in
2961 1485 3180 1548 nomine
3210 1491 3407 1559 Patris,
3443 1501 3502 1548 et
3530 1492 3674 1559 Filii,
3703 1503 3755 1549 et

2175 1577 2406 1650 Spiritus
2431 1578 2624 1637 sancti.

2242 1671 2351 1728 Nos
2377 1683 2576 1739 autem,
2607 1671 2802 1730 fratres
2829 1673 3186 1742 dilectissimi,
3219 1678 3310 1748 qui
3335 1680 3626 1735 veritatem
3653 1682 3750 1736 ite-

570 1769 676 1825 Sed
717 1786 750 1825 o
797 1785 956 1840 quam
995 1767 1277 1840 pulchrum
1331 1765 1720 1835 spectaculum,
1769 1763 1825 1821 et
1870 1768 2071 1835 quanta
2100 1751 2148 1810 Β
2175 1774 2294 1818 ru’m
2323 1765 2430 1819 Deo
2455 1776 2694 1830 auctore,
2724 1767 3110 1838 cognovimus;
3137 1770 3226 1838 qui
3258 1778 3336 1824 tot
3374 1771 3638 1825 virtutum
3671 1771 3756 1826 in-

506 1861 864 1931 spectantium
912 1860 1264 1913 admiratione
1310 1859 1722 1928 dignissimum!
1789 1874 1910 1912 cum
1962 1855 2069 1912 tam

493 1950 714 2011 strenue
758 1953 863 2007 dux
909 1952 1286 2021 imperatorem
1335 1955 1601 2020 sequitur,
1647 1958 1851 2020 martyr
1888 1964 2068 2019 regem

495 2045 757 2099 imitatur.
809 2029 940 2108 Quis
977 2041 1118 2095 enim
1171 2049 1352 2110 posset
1393 2042 1459 2094 ab
1495 2040 1636 2094 illius
1665 2040 1956 2107 spectaculi
1992 2039 2071 2092 vi-

491 2135 643 2189 sione
691 2135 920 2187 satiatus
965 2131 1278 2194 abscedere,
1308 2130 1351 2184 si
1382 2132 1448 2183 ad
1477 2131 1762 2183 videndum
1793 2131 1933 2199 quoii
1965 2140 2068 2183 non

495 2227 795 2287 videbatur,
829 2223 1034 2278 clarum
1077 2222 1279 2276 mentis
1315 2220 1527 2275 oculum
1553 2221 1819 2290 p‘otuiss‘et
1850 2221 2066 2287 habere,

497 2329 619 2368 cutn
650 2318 900 2369 cerneret
953 2312 1363 2366 invictissimum
1408 2311 1719 2366 bellatorem
1755 2310 1978 2376 Christi,
2014 2312 2068 2366 in

491 2405 730 2460 carceris
757 2390 982 2459 horrore
1008 2403 1339 2466 conclusum,
1370 2419 1530 2474 quem
1564 2413 1668 2457 tam
1694 2403 1946 2459 alacriter
1977 2423 2069 2460 cx-

491 2492 771 2564 specta'bat
801 2493 1230 2563 splemlidissima
1272 2491 1392 2546 aula
1423 2493 1572 2563 regni
1603 2493 1897 2548 cmlorum?
1933 2493 2065 2549 Cum

489 2584 755 2652 aspiceret
783 2583 952 2636 civem
982 2581 1105 2636 cudi
1133 2598 1254 2636 cum
1288 2591 1435 2636 tanto
1463 2583 1734 2652 triumpho
1769 2583 1834 2637 de
1879 2584 2068 2638 exsilio

491 2676 558 2730 ad
593 2675 821 2746 patriam
869 2674 1153 2729 revocari?
1188 2673 1322 2728 Cum
1353 2674 1558 2728 videret
1586 2672 1787 2728 Christi
1818 2674 2066 2740 militem,

489 2769 600 2820 tam
625 2774 873 2836 potenter
901 2765 1114 2819 devicto
1154 2763 1378 2826 mundo,
1433 2779 1593 2832 regna
1647 2765 1856 2818 siderea
1908 2780 2068 2834 pcne-

485 2857 753 2912 tran’tem?
781 2849 1158 2912 Verumtamen
1187 2855 1363 2910 adhuc
1387 2853 1650 2922 differtur,
1684 2855 1859 2912 adhuc
1889 2856 1942 2910 in
1967 2871 2066 2911 ex-

487 2948 608 3004 silio
658 2949 948 3011 retinetur;
997 2958 1056 3002 ut
1105 2947 1361 3001 redeundi
1409 2947 1476 3000 ad
1518 2949 1750 3016 patriam
1800 2948 1972 3018 magis
2003 2964 2066 3006 ac

489 3039 661 3108 magis
691 3031 1011 3091 desiderium
1040 3037 1320 3105 angeatur.
1356 3035 1470 3090 Neu
1497 3035 1638 3090 enim
1668 3043 1844 3091 cessat
1887 3036 2062 3094 adhuc

486 3123 730 3179 diabolus
754 3128 850 3193 per
872 3123 1148 3178 vasculum
1165 3139 1318 3176 suum
1344 3123 1653 3178 immaniter
1675 3122 1926 3191 fremere,
1954 3144 2058 3183 non

487 3226 664 3272 cessat
691 3215 865 3270 adhuc
888 3223 1108 3271 cruenta
1135 3215 1303 3270 bestia
1332 3216 1457 3270 totis
1484 3217 1702 3270 malitia:
1726 3232 1834 3273 suze
1857 3219 2061 3276 viribus

485 3309 630 3363 circa
662 3306 862 3362 Christi
892 3316 1188 3378 martyrem
1218 3306 1474 3361 insanire.
1523 3305 1656 3361 Nam
1699 3323 1826 3364 ecce
1866 3311 2059 3368 iterum

486 3411 769 3458 catenatus
793 3442 808 3466 ,
856 3401 996 3456 sicut
1042 3400 1106 3455 de
1135 3414 1352 3454 carcere
1385 3399 1638 3465 trahitur,
1678 3403 1730 3456 in
1762 3405 1882 3459 navi
1908 3407 2060 3475 poni-

483 3503 590 3556 tur,
643 3491 799 3562 162
847 3491 898 3545 in
935 3489 1181 3544 exsilium
1229 3490 1479 3553 mittitur,
1542 3493 1737 3548 deinde
1768 3503 2060 3566 tempestas

481 3583 676 3647 oritur,
709 3582 861 3635 navis
892 3581 1178 3652 frangitur,
1208 3590 1387 3637 nauta:
1416 3597 1606 3638 omnes
1633 3585 1916 3656 naufragio
1947 3605 2059 3643 mo-

482 3679 697 3732 riuntur
729 3697 741 3732 :
773 3679 963 3734 beatus
1011 3689 1216 3750 martyr
1245 3695 1366 3734 cum
1400 3681 1572 3738 tribus
1601 3681 1713 3736 suis
1743 3680 1955 3737 clericis
2001 3693 2056 3738 et

480 3767 688 3823 duobus
716 3768 974 3824 militibus
1003 3769 1282 3824 liberatur.

551 3860 689 3927 Quid
735 3869 818 3914 est
865 3861 986 3925 hoc,
1035 3853 1356 3918 Messaline?
1401 3843 1508 3920 Cur
1558 3865 1753 3921 iterum
1804 3859 2056 3920 insanis?

479 3951 588 4005 Cur
610 3951 805 4006 iterum
828 3951 1062 4022 desipis?
1093 3955 1159 4007 Et
1184 3956 1383 4010 amisso
1411 3957 1632 4011 rationis
1654 3959 1898 4023 consilio,
1927 3959 2053 4027 quid

479 4043 924 4098 irrationabiliter
950 4044 1136 4109 facias,
1168 4064 1272 4101 non
1304 4049 1569 4103 attendis?
1618 4049 1734 4116 Eia,
1787 4065 1939 4120 rogo,
1971 4050 2054 4104 dic

478 4134 632 4196 mihi,
661 4135 780 4204 quis
808 4146 984 4206 potest
1010 4137 1250 4191 exsulem
1303 4139 1354 4192 in
1395 4139 1641 4193 exsilium
1673 4141 1905 4206 mittere,
1934 4141 2054 4210 quis

477 4227 822 4296 peregrinum
863 4242 1086 4298 peregre
1131 4229 1439 4284 destinare?
1485 4225 1850 4286 Antiochenus
1877 4241 2057 4301 potest

474 4316 542 4371 de
575 4316 829 4370 Ravenna
864 4317 915 4370 in
945 4318 1194 4373 exsilium
1223 4321 1418 4388 dirigi?
1467 4319 1758 4376 Orientalis
1801 4323 1868 4376 de
1911 4323 2054 4377 occi-

2173 1856 2344 1926 signia
2373 1872 2482 1926 przn
2509 1857 2678 1912 oculis
2705 1859 2874 1928 posita
2903 1871 2925 1926 ,'
2965 1860 3031 1912 ad
3076 1860 3379 1929 exemplum
3431 1860 3755 1916 imitationis

2171 1946 2470 2015 habemus,
2516 1949 2828 2003 stndeamns
2865 1950 2930 2003 ad
2975 1947 3117 2004 illam
3167 1951 3556 2006 beatitudinem
3604 1953 3756 2007 omni

2169 2035 2436 2091 desiderio
2474 2037 2696 2092 tendere
2723 2077 2740 2103 ,
2787 2038 2840 2092 in
2880 2055 2983 2108 qua
3015 2039 3129 2108 jam
3165 2040 3413 2093 novimus
3449 2041 3751 2109 triumpha-

2173 2139 2315 2184 tores
2338 2130 2520 2184 mundi
2548 2131 2612 2184 de
2638 2127 2878 2184 laborum
2910 2146 3128 2184 suorum
3155 2133 3596 2186 remuneratione
3619 2138 3750 2202 gali-

2170 2221 2314 2277 dere.
2348 2216 2542 2276 Eorum
2574 2223 2794 2292 vestigia
2823 2223 3097 2278 teneamus
3149 2224 3200 2277 in
3249 2224 3354 2288 via,
3392 2239 3630 2292 quorum
3660 2241 3747 2279 so-

2169 2313 2418 2368 cietatem
2471 2314 2671 2368 habere
2717 2311 3086 2368 desideramus
3137 2313 3190 2367 in
3239 2314 3435 2382 patria.
3498 2313 3748 2370 Profecto

2169 2401 2279 2456 illic
2301 2403 2502 2458 erimus
2526 2403 2664 2470 quod
2693 2411 2836 2468 sunt,
2867 2401 2909 2456 si
2934 2401 3020 2455 hic
3044 2401 3304 2455 fuerimus
3331 2402 3476 2470 quod
3509 2401 3746 2460 fuerunt.

2170 2489 2308 2545 Nam
2349 2491 2398 2548 si
2422 2488 2800 2562 co‘mpatimur,
2837 2502 2892 2546 et
2919 2492 3395 2562 conregnabimus,
3428 2495 3474 2549 si
3505 2511 3749 2550 commo-

2168 2585 2362 2649 rimur,’
2385 2595 2438 2640 et
2463 2585 2807 2640 convivemus
2843 2584 2926 2656 (11
2953 2583 3086 2638 Tim.
3121 2587 3186 2655 I);
3243 2603 3261 2639 t
3295 2587 3358 2642 Et
3392 2588 3436 2643 si
3467 2591 3747 2660 complan-

2169 2677 2263 2731 tati
2297 2676 2420 2731 facti
2453 2676 2639 2732 Sumus
2679 2677 3016 2732 similitudini
3049 2681 3238 2736 mortis
3290 2681 3540 2746 Domini,
3591 2683 3747 2737 simul

2165 2779 2221 2826 et
2256 2771 2664 2825 resurrectionis
2693 2773 2896 2828 erimus
2931 2771 3110 2846 (Rom.
3149 2774 3243 2847 vi).
3281 2795 3299 2826 ι

2237 2859 2352 2914 Non
2383 2864 2513 2930 ergo
2543 2861 2844 2918 dividamnr
2882 2864 2932 2918 in
2963 2865 3176 2929 itinere,
3219 2865 3262 2918 si
3301 2863 3453 2934 jungi
3500 2863 3745 2920 volumus

2168 2953 2221 3006 in
2245 2947 2611 3022 pervcntione.
2638 2954 2752 3009 Non
2777 2957 3067 3013 abhorreat
3095 2965 3487 3011 momentanea:
3513 2959 3744 3025 potionis

2089 3087 2133 3148 ρ
2169 3037 2582 3105 amaritudinem
2609 3049 2812 3115 bibere,
2845 3051 2935 3120 qui
2963 3051 3028 3104 ad
3057 3060 3328 3121 perpetuae
3355 3049 3745 3104 incolumitatis

2165 3139 2500 3196 dulcedinem
2549 3140 2814 3194 desiderat
2863 3141 3165 3210 pervenire.
3229 3139 3330 3207 Qui
3385 3140 3503 3192 vult
3551 3140 3742 3194 ascribi

2163 3232 2306 3288 inter
2334 3232 2529 3287 milites
2555 3230 2789 3296 Christi,
2835 3247 2978 3286 nunc
3025 3248 3085 3287 se
3129 3233 3375 3302 ac'cingat
3415 3231 3652 3286 viriliter
3681 3232 3744 3284 ad

2162 3325 2488 3391 conﬂictum,
2526 3336 2585 3381 ut
2615 3335 2736 3397 post
2760 3336 3032 3396 peractam
3063 3327 3308 3380 militiam
3345 3327 3522 3380 beata:
3549 3327 3744 3396 quietis

2161 3417 2390 3486 accipiat
2436 3417 2821 3486 municipatum
2843 3412 2862 3481 ;’
2906 3412 3046 3470 nilne
3080 3431 3136 3470 se
3167 3409 3434 3486 praeparet
3464 3416 3738 3485 congredi,

2159 3515 2216 3560 ut
2254 3506 2446 3560 merito
2490 3505 2666 3559 valeat
2714 3503 2836 3575 post
2883 3491 3165 3561 victoriam
3214 3502 3464 3560 corOnari
3509 3523 3524 3558 :
3579 3523 3598 3555 ε
3629 3505 3740 3559 Non

2160 3596 2305 3650 enim
2367 3591 2758 3661 co‘rOnabitur,
2839 3597 2892 3650 ni
2967 3597 3058 3667 qui
3134 3596 3371 3664 legitime
3453 3597 3742 3650 certaverit

2161 3675 2209 3761 (1
2244 3673 2377 3743 Tim.
2406 3689 2489 3759 n).
2530 3709 2548 3741 ι
2611 3687 2744 3742 Nam
2781 3688 3044 3744 delicatus
3085 3689 3239 3760 163
3271 3698 3356 3742 est
3405 3687 3561 3742 miles
3585 3729 3599 3751 ,
3650 3688 3738 3756 qui

2158 3769 2309 3852 prius
2334 3781 2444 3835 vult
2473 3781 2709 3844 vincere,
2739 3796 2899 3852 quam
2930 3781 3152 3850 incipiat
3182 3781 3478 3845 dimicare;
3511 3778 3738 3848 quivult

2157 3874 2273 3929 sine
2301 3889 2474 3944 pugna
2506 3873 2810 3938 victoriam,
2843 3881 2935 3926 aut
2977 3873 3096 3928 sine
3141 3872 3363 3926 victoria
3406 3871 3631 3926 anhelat
3672 3872 3736 3925 ad

2157 3966 2406 4035 palmam.
2459 3964 2665 4020 Stultus
2707 3974 2792 4020 est
2839 3965 3117 4036 agricola,
3165 3963 3255 4034 qui
3296 3964 3409 4018 vult
3461 3975 3739 4035 turgentes

2156 4071 2380 4110 uvarum
2417 4055 2602 4109 botros
2634 4057 2698 4109 de
2729 4055 2836 4110 vite
2869 4056 3107 4109 suaviter
3136 4070 3378 4124 carpere,
3417 4065 3473 4109 et
3519 4056 3735 4126 ncgligit

2155 4147 2506 4219 propaginum
2537 4147 2779 4201 surculos
2808 4147 3073 4202 laboriose
3103 4146 3345 4217 plantare
3371 4163 3385 4209 ;
3441 4147 3593 4217 cupit
3635 4147 3732 4200 im-

2153 4239 2299 4308 plere
2328 4237 2569 4309 frugibus
2598 4238 2875 4304 horreum,
2912 4253 3016 4292 non
3041 4249 3238 4292 eurans
3269 4237 3518 4292 excolere
3553 4239 3733 4292 inhor-

2155 4326 2454 4386 rescentcm
2485 4331 2740 4400 vepribus
2770 4347 2978 4402 agrum.
3014 4329 3338 4395 Sic,fratres
3367 4332 3474 4386 mei
3501 4331 3730 4388 dilectis-

474 4408 593 4461 duis
641 4407 836 4462 finibus
875 4408 1185 4479 deportari?
1228 4409 1332 4465 Sed
1365 4413 1490 4467 dum
1523 4411 1656 4467 facis
1683 4413 1945 4479 exsulem,
1975 4415 2048 4470 εἰ·
2082 4432 2128 4490 D
2156 4422 2297 4488 simi,
2327 4433 2607 4492 angustam
2637 4422 2790 4477 nobis
2817 4423 3050 4493 expedit,
3076 4432 3129 4476 ct
3160 4423 3336 4493 asperi
3364 4423 3570 4478 laboris
3593 4424 3726 4477 viam

470 4499 699 4569 gnificas
747 4501 942 4556 civem.
997 4503 1065 4557 Et
1107 4519 1230 4559 cum
1271 4504 1394 4575 jure
1443 4505 1758 4574 postliminii
1804 4522 2052 4563 reversus

473 4592 654 4656 fuerit,
688 4592 742 4646 in
775 4593 992 4649 urbana:
1033 4597 1354 4652 conditionis
1404 4598 1608 4663 titulos,
1638 4599 1833 4669 quibus
1861 4600 2054 4671 depur-

471 4693 615 4740 tatus
657 4684 852 4748 fuerat,
895 4686 1101 4757 legibus
1149 4690 1427 4744 remeabit.
1473 4690 1540 4744 Et
1565 4699 1711 4745 certe
1740 4692 1784 4746 si
1816 4692 1895 4747 vir
1922 4700 2050 4746 san-

469 4783 590 4830 ctns
618 4775 868 4832 exsilium
899 4777 1186 4843 timuisset,
1226 4778 1539 4834 Ravennam
1565 4796 1734 4850 usque
1765 4780 1834 4836 de
1862 4781 2052 4836 Antio-

470 4865 592 4917 chia
626 4881 730 4920 non
759 4867 1020 4922 venisset.
1051 4869 1332 4924 Postremo
1359 4886 1515 4940 quem
1549 4871 1757 4942 longius
1787 4873 1865 4927 ire
1894 4889 2044 4927 coni-

473 4954 627 4994 nnilil
679 4972 778 4996 tuu-
813 4968 1123 4998 nalun'n'nln
1159 4962 1383 5000 novilnlc
1425 4978 1529 5002 nnn
1565 4961 1831 5004 alvcnlvie?
1876 4961 1930 5004 Ri
1966 4962 2044 5006 νίς

2155 4528 2275 4567 cum
2311 4513 2515 4567 sanctis
2557 4512 2609 4566 in
2652 4513 2754 4567 hoc
2789 4513 2984 4567 saeculo
3029 4528 3275 4582 carpere,
3313 4513 3356 4568 si
3387 4514 3725 4582 postmodum

2154 4603 2400 4657 volumus
2429 4603 2495 4656 ad
2521 4617 2706 4658 eorum
2732 4603 2907 4672 gaudii
2931 4603 3262 4658 latitudinem
3297 4605 3603 4673 pervenire.
3632 4603 3725 4670 Qui

2151 4694 2294 4748 enim
2309 4693 2507 4748 dicitse
2524 4692 2575 4745 in
2597 4691 2814 4746 Christo
2837 4707 3078 4758 manere,
3094 4693 3524 4759 debet,sicutille
3546 4693 3726 4746 ambu-

2153 4782 2300 4847 lavit,
2333 4791 2386 4837 et
2415 4782 2525 4850 ipse
2567 4780 2844 4834 ambulare.
2875 4779 3060 4851 (Jama.
3089 4782 3171 4846 11).
3221 4781 3412 4835 Procul
3445 4781 3612 4835 dubio
3641 4796 3724 4834 au-

2155 4879 2259 4928 tem
2305 4890 2334 4926 a
2384 4871 2627 4941 vestigiis
2653 4871 2854 4926 Christi
2891 4872 3176 4938 exorbitat,
3207 4872 3298 4939 qui
3327 4881 3615 4938 angustam
3647 4869 3724 4923 fu-

2155 4966 2304 5006 ninne
2355 4963 2652 5006 lntitmlinie
2690 4963 2831 5006 viam
2867 4963 3042 5006 enim!
3093 4981 3105 5005 τ
3169 4981 3186 5006 ι
3219 4962 3320 5006 Per
3352 4961 3551 5006 mimae
3589 4961 3722 5006 enim
