3946 5368
148 268 234 326 677
1398 259 1629 316 SERMO
1665 262 1879 320 XXXII.
3262 263 3366 320 678

140 394 214 434 sas
257 386 310 433 et
339 377 644 434 innumeras
673 382 874 433 mortes
926 389 1089 447 regna
1119 373 1330 431 siderea
1357 376 1678 446 penetravit.
1711 383 1763 440 Α
1791 385 1871 432 tes
1897 391 2143 447 proprias
2173 376 2226 432 in
2257 376 2504 432 omnibus
2537 377 2803 448 frangere,
2834 385 2888 433 et
2932 376 3156 448 majoris
3186 377 3361 449 impe-

138 471 216 528 Sic
241 471 290 526 in
317 469 520 524 sanctis
556 468 675 523 luce
721 468 920 523 clarius
967 468 1373 532 manifestatur,
1417 467 1560 536 quod
1590 481 1687 536 per
1792 465 1875 520 rio
1906 466 2182 520 humiliter
2227 465 2468 521 obedire.
2522 465 2776 536 Quisquis
2823 477 3000 521 autem
3037 482 3134 537 per
3157 467 3363 536 proprii

139 562 409 616 Veritatem
438 560 490 613 in
520 559 807 629 Evangelio
837 560 1069 616 dicitur:
1104 577 1123 610 ι
1153 559 1289 625 Quia
1322 573 1544 628 regnum
1574 571 1688 611 etn-
1789 553 2002 608 arbitrii
2038 554 2376 609 latitudinem
2408 555 2612 622 deﬁnit,
2643 557 2832 625 pedem
2864 556 3061 611 mentis
3101 557 3168 610 ab
3196 572 3367 626 angu-

136 649 289 703 lorum
355 648 463 701 vim
527 649 729 718 patitur
758 689 774 715 ,
848 659 902 704 et
962 647 1179 704 violenti
1241 648 1502 718 diripiunt
1558 647 1689 703 illud
1790 656 1888 702 sta:
1916 648 2015 701 vim
2041 649 2233 702 semita
2262 648 2570 703 declinavit.
2607 649 2711 704 Sed
2744 658 2894 703 tanto
2920 665 3016 718 per
3043 650 3181 704 hanc
3205 664 3364 704 suum

139 738 330 809 (Manli.
371 736 471 806 ιι).
513 754 530 788 ι
1790 735 1895 789 iter
1920 735 2129 804 plenius
2156 735 2358 807 dirigit,
2388 747 2591 806 quanto
2621 752 2678 791 se
2699 739 2900 792 arctius
2929 738 2986 792 in
3015 737 3159 808 ligno
3189 739 3368 794 cordis

195 828 366 896 Neque
396 833 578 881 tamen
609 826 709 881 hoc
736 827 983 894 dicimus,
1015 839 1071 882 ut
1099 829 1174 883 illi
1207 829 1544 883 solummodo
1575 841 1686 882 εαξ-
1792 825 1960 882 clavis
1987 826 2303 880 ohedientia:
2333 827 2618 897 cruciﬁgit.

139 918 334 974 lestibus
362 916 507 985 digni
541 916 772 984 praemiis
799 916 1118 981 habeantur,
1150 919 1240 988 qui
1278 926 1687 986 persecutorum
1864 915 1969 971 Sed
2000 915 2126 984 quia
2155 916 2221 969 ad
2262 915 2674 972 azdilicationeni
2714 926 2978 982 nostram,
3009 915 3363 982 dilectissimi,

139 1008 308 1080 gladiis
332 1007 616 1061 feriuntur.
652 1007 805 1078 Szepe
830 1010 973 1062 cnim
1007 1010 1157 1062 multi
1189 1008 1443 1078 perfectae
1493 1018 1548 1063 et
1577 1009 1692 1062 lau-
1794 1008 1953 1079 hujus
1985 1018 2091 1062 tam
2117 1009 2400 1077 prmeipnaa
2447 1011 2662 1063 virtutis
2691 1010 3000 1079 exemplum
3031 1025 3233 1078 ponere
3265 1025 3365 1063 vo-

138 1102 307 1156 dabilis
352 1101 474 1154 vita:
517 1101 621 1154 viri
672 1109 786 1157 toto
827 1103 1020 1157 mentis
1056 1103 1324 1156 desiderio
1352 1101 1418 1156 ad
1450 1103 1691 1172 martyrii
1795 1100 1992 1164 lumus,
2024 1101 2150 1168 quia
2183 1099 2250 1154 de
2298 1099 2443 1154 nullo
2491 1101 2652 1154 citius
2697 1101 3112 1176 orcurrit,_hinc
3158 1102 3222 1156 de
3262 1117 3369 1170 quo

141 1189 398 1244 voluerunt
424 1188 638 1242 culmen
667 1191 965 1261 attingere;
1009 1193 1100 1246 sed
1141 1192 1265 1261 quia
1299 1192 1478 1245 divina
1513 1193 1695 1261 provi-
1795 1191 1993 1258 agitur,
2023 1189 2081 1242 Β.
2114 1187 2479 1258 Apollinarem
2517 1184 2587 1243 ad
2629 1191 2864 1244 medium
2892 1175 3256 1244 deducamus;
3299 1189 3369 1245 Ut

142 1279 295 1333 dentia
337 1277 497 1332 aliter
531 1279 722 1342 sensit,
752 1279 804 1333 in
843 1295 942 1334 suo
969 1280 1138 1350 gradu
1168 1281 1340 1334 coacti
1364 1289 1489 1334 sunt
1517 1295 1692 1334 renta-
1794 1280 1937 1336 enim
1968 1277 2082 1348 jam
2116 1279 2364 1343 audistis,
2405 1279 2459 1332 in
2493 1280 2608 1349 ipso
2634 1289 2905 1350 gestorum
2949 1280 3091 1334 illius
3117 1291 3371 1335 narratur

141 1381 279 1434 nere;
305 1369 392 1438 qui
414 1369 628 1423 etiamsi
655 1385 994 1439 nequaquam
1024 1369 1223 1424 fuerint
1252 1385 1351 1438 per
1372 1369 1692 1440 martyrium
1793 1372 2035 1437 exordio,
2063 1372 2186 1440 quia
2218 1372 2277 1425 Β.
2307 1371 2499 1427 Petrus
2526 1372 2800 1442 apostolus
2832 1373 2909 1426 ait
2947 1372 3243 1442 Apollinari
3290 1375 3374 1428 di-

145 1461 495 1526 consummati,
538 1477 569 1515 a
599 1462 842 1532 martyrii
891 1471 1068 1516 tamen
1100 1461 1266 1530 gloria
1318 1462 1536 1516 minime
1567 1470 1695 1515 sunt
1793 1464 1997 1534 scipnlo
2028 1478 2163 1517 suo:
2194 1463 2333 1530 Quid
2355 1465 2511 1519 sedes
2534 1463 2853 1518 nobiscum?
2878 1464 3020 1518 Ecce
3042 1465 3286 1518 eruditus
3312 1479 3372 1519 es

147 1551 298 1606 alieni.
325 1551 456 1606 Nam
491 1560 547 1606 et
575 1553 748 1606 sancti
773 1552 1019 1623 discipuli
1049 1553 1108 1606 Β.
1143 1551 1484 1622 Apollinaris,
1516 1551 1693 1607 Adhe-
1792 1556 1859 1611 de
1889 1557 2137 1610 omnibus
2165 1572 2286 1626 qua:
2329 1555 2651 1610 fecitJesus.
2686 1555 2876 1627 Surge,
2900 1556 3085 1624 accipe
3111 1555 3372 1626 Spiritum

148 1646 260 1701 ritus
281 1645 527 1699 videlicet
564 1653 617 1699 et
661 1645 970 1710 Calocerus,
1012 1645 1317 1700 Marcianus
1345 1655 1400 1699 et
1427 1644 1692 1698 Eleucha-
1793 1657 2061 1710 sanctum,
2093 1645 2360 1715 simulque
2389 1647 2786 1715 pontificatum,
2821 1657 2873 1702 et
2901 1663 3062 1718 perge
3093 1648 3158 1700 ad
3185 1647 3373 1704 urbem

147 1736 260 1802 dius,
293 1735 416 1790 licet
462 1750 802 1805 nequaquam
841 1735 1155 1791 carniﬁcum
1200 1734 1378 1805 gladio
1425 1733 1534 1788 sint
1571 1749 1691 1804 per-
1721 1739 1766 1800 B
1791 1753 1911 1807 qua:
1936 1745 2160 1790 vocatur
2185 1728 2466 1792 Ravenna.
2499 1737 2788 1791 Multitudo
2837 1739 2982 1791 enim
3008 1736 3206 1807 'pOpuli
3263 1736 3372 1790 illic

147 1826 282 1889 'cussi,
326 1841 353 1878 a
403 1825 657 1896 martyrii
705 1837 884 1880 tamen
935 1825 1202 1880 desiderio
1237 1823 1546 1877 nullatenus
1571 1837 1690 1877 cre-
1792 1837 2057 1894 moratur,
2104 1828 2338 1897 prtedica
2379 1827 2458 1882 eis
2483 1828 2549 1882 de
2578 1828 2795 1882 nomine
2824 1826 2973 1891 Jesu,
3007 1837 3059 1880 et
3089 1842 3154 1881 ne
3184 1826 3373 1879 formi-

147 1916 311 1969 duulur
333 1915 498 1970 fuisse
550 1917 813 1979 extranei.
852 1915 946 1970 εει]
978 1915 1322 1986 οηιιιῑροιθηε
1368 1913 1549 1978 Deus.
1594 1912 1687 1982 (ιυί
1791 1919 2024 1975 daveris.
2094 1918 2160 1974 Et
2208 1919 2369 1989 paulo
2401 1928 2522 1988 post
2569 1917 2910 1989 subjungitur
2950 1936 2962 1970 :
3018 1917 3085 1971 Et
3122 1916 3374 1972 osculans

147 2023 221 2062 eos
245 2017 357 2063 ante
399 2007 597 2063 saecula
627 2008 919 2063 clementer
943 2006 1126 2076 elegit,
1175 2007 1230 2060 in
1259 2021 1366 2076 quo
1398 2005 1567 2060 voluit
1595 2019 1687 2060 or-
1791 2028 1934 2078 eum,
1987 2011 2170 2066 emisit
2221 2026 2250 2065 a
2281 2025 2358 2066 se.
2403 2007 2748 2080 Perpendite,
2799 2009 2995 2064 fratres
3030 2009 3158 2075 mei,
3210 2024 3372 2078 quam

149 2098 269 2162 dine,
297 2096 560 2168 profunda
590 2097 799 2152 consilii
829 2097 911 2167 sui
945 2097 1348 2168 dispensatione
1373 2096 1686 2161 constituit;
1791 2103 1960 2159 libera
1989 2105 2040 2158 in
2068 2103 2330 2173 magistro
2355 2101 2700 2172 praecipiendi
2727 2101 3038 2163 auctoritas,
3077 2115 3240 2170 quam
3281 2099 3375 2155 dc~

150 2201 244 2257 qtae
269 2189 504 2258 quamvis
548 2188 620 2242 sit
661 2188 817 2243 nobis
845 2188 1097 2255 occulta,
1142 2187 1290 2241 nullo
1319 2187 1480 2242 modo
1508 2195 1689 2241 tamen

1816 2203 1915 2249 'ota
1952 2194 2006 2248 in
2035 2193 2300 2264 discipulo
2330 2193 2618 2248 obcdiendi
2653 2192 2969 2246 humilitas:
3001 2206 3161 2260 quam
3201 2205 3374 2258 prom-

151 2280 267 2334 credi
295 2281 444 2334 debet
469 2278 706 2347 injusta;
741 2280 987 2349 quamvis
1013 2281 1087 2334 sit
1113 2265 1686 2348 incomprehensibilis,

1812 2270 2024 2343 itus'ille
2055 2286 2154 2340 fuit
2177 2287 2244 2341 ad
2274 2285 2658 2356 imponendum
2704 2283 2914 2353 imperii
2954 2280 3163 2352 jugum,
3205 2296 3370 2350 quam

153 2369 271 2424 nullo
297 2371 446 2425 modo
475 2380 661 2425 tamen
685 2371 952 2426 censenda
983 2369 1446 2441 reprehensibilis.
1491 2369 1580 2424 Sic
1603 2383 1691 2422 ar-

1814 2388 1894 2434 ste
1941 2387 2164 2449 paratus
2213 2376 2421 2431 exstitit
2465 2376 2533 2431 ad
2577 2373 2999 2430 submittendum
3049 2370 3372 2426 obedientim

153 2461 378 2516 cliitcctus
425 2477 555 2516 cum
608 2462 868 2532 parietem
900 2461 1100 2518 domus
1133 2461 1399 2527 aediﬁcat,
1441 2461 1576 2517 alios
1615 2460 1694 2515 la-
1790 2467 2006 2523 collum.
2047 2466 2139 2521 llle
2184 2465 2447 2534 jussionis
2494 2481 2605 2520 sua:
2650 2464 2999 2520 severitatem
3046 2460 3373 2518 blandiendo

153 2550 273 2619 pides
296 2551 343 2604 in
373 2551 496 2606 imis
522 2551 804 2620 aequaliter
828 2551 1129 2616 construit,
1180 2551 1316 2624 alios
1364 2552 1419 2605 in
1464 2551 1691 2607 summis

1815 2575 1898 2614 ron
1929 2568 2214 2629 temperat,
2247 2557 2335 2612 ille
2361 2557 2494 2612 tanti
2523 2557 2726 2612 laboris
2757 2554 2940 2610 subire
2969 2554 3240 2610 sarcinam
3265 2569 3373 2628 non

155 2641 397 2696 artiﬁciosa
424 2642 757 2698 sublimitate
785 2644 1082 2713 componit.
1127 2641 1236 2696 Sed
1266 2639 1394 2695 dum
1421 2641 1497 2695 illi
1525 2655 1690 2710 supe-
1790 2658 2023 2704 recusat.
2780 2647 2785 2652 ’

155 2735 244 2790 rius
266 2737 513 2802 eminent,
549 2737 641 2792 isti
675 2736 901 2792 inferius
933 2735 1141 2805 iacent,
1177 2736 1431 2792 concordi
1461 2735 1691 2791 diversi-
1863 2739 2052 2794 Solent
2103 2739 2376 2794 mundana
2425 2737 2732 2807 eloquentia
2800 2736 3002 2792 eruditi
3045 2734 3373 2791 locutionem

157 2835 240 2882 tate
278 2843 431 2884 unum
478 2828 645 2885 simul
691 2829 951 2898 parietem
1001 2829 1293 2899 complent.
1338 2827 1430 2882 Sic
1479 2827 1688 2898 peritus
1727 2811 1730 2820 ’
1791 2846 1946 2886 suam
2002 2830 2256 2885 rhetorici
2304 2829 2504 2885 coloris
2578 2828 2847 2884 suavitate
2919 2839 3267 2896 componere,
3317 2831 3374 2878 et

157 2918 311 2973 artifex
361 2935 480 2974 cum
531 2935 716 2986 aurea,
768 2919 853 2974 vel
901 2931 1154 2987 argentea
1196 2933 1324 2972 vasa
1388 2915 1686 2986 componit,
1791 2934 2020 2991 quaeque
2049 2918 2307 2986 diﬂicilia,
2344 2934 2466 2974 cum
2496 2916 2704 2981 volunt,
2733 2916 2944 2970 blandis
2995 2924 3050 2970 et
3089 2914 3373 2983 exquisitis

158 3008 252 3064 aliis
278 3009 510 3066 diversas
537 3011 844 3081 scnlptnras
889 3020 946 3064 et
978 3011 1240 3080 imagines
1273 3008 1554 3079 imprimit,
1583 3008 1687 3062 alia
1727 3074 1759 3081 Δ
1793 3013 1974 3068 verbis
2004 3011 2139 3066 levia
2165 3011 2566 3074 demonstrare,
2594 3018 2653 3062 ut
2675 3009 2718 3063 si
2747 3007 2964 3078 quando
2985 3021 3147 3077 grave
3173 3005 3374 3073 aliquid

158 3111 258 3152 vero
299 3099 631 3155 solummodo
657 3074 843 3170 'polita
893 3115 983 3164 ex,
1006 3074 1184 3154 studio
1223 3074 1581 3166 dereiinquit;
1631 3107 1690 3152 ut
1717 3074 1761 3136 C
1795 3104 2084 3173 imperant,
2113 3102 2413 3156 auditorem
2441 3101 2506 3155 ad
2534 3115 2627 3154 sua
2655 3074 2781 3153 vota
2808 3074 3145 3153 convertant.
3178 3096 3376 3149 Beatus

161 3189 262 3244 dum
285 3191 333 3244 in
359 3191 462 3258 his,
490 3193 599 3247 hoc
629 3201 710 3246 est
739 3190 1090 3261 simplicibus,
1123 3190 1383 3244 naturalis
1412 3203 1561 3244 coror
1583 3188 1690 3244 cla-
1795 3207 1923 3244 vero
1949 3191 2225 3262 apostolus
2248 3207 2354 3244 non
2383 3189 2578 3244 blanda
2607 3187 2770 3244 verba
2796 3185 3120 3254 composuit,
3151 3200 3258 3239 non
3294 3183 3374 3237 rei

158 3280 246 3334 rius
270 3282 472 3350 rutilat;
525 3283 580 3338 in
613 3283 717 3339 illis
766 3297 915 3349 vero,
949 3282 1000 3338 id
1039 3291 1139 3348 est,
1179 3281 1516 3353 anaglyphis,
1561 3296 1691 3335 ana-
1791 3289 2046 3336 eventum
2078 3294 2395 3350 prosperum
2439 3278 2774 3348 repromisit,
2809 3276 2900 3332 sed
2943 3291 3056 3329 rem
3101 3273 3373 3328 diﬂicilem

159 3370 301 3440 διφρδί
328 3374 614 3443 sculptoris
637 3374 907 3442 ingenium
938 3388 1028 3428 ars
1059 3372 1294 3428 studiosa
1325 3372 1688 3436 commendat,
1791 3373 2118 3442 simpliciter
2170 3370 2478 3440 imperavit.
2544 3367 2688 3422 Inter
2736 3367 2850 3420 hare
2899 3364 3027 3418 illud
3080 3363 3242 3418 etiam
3306 3363 3374 3416 ad

158 3465 468 3530 spectantium
513 3465 703 3520 oculos
747 3464 969 3535 pulchra
1015 3465 1081 3519 ad
1131 3479 1190 3519 se
1231 3479 1412 3518 rerum
1455 3464 1691 3518 varietas
1791 3475 2025 3521 mentem
2081 3464 2243 3528 redit,
2333 3462 2476 3532 quod
2526 3460 2786 3514 Dominus
2826 3458 3060 3512 Abrahte
3111 3455 3376 3538 dissimile

159 3554 322 3608 trahat.
350 3555 791 3612 Indumentorum
822 3571 1036 3626 quoque
1067 3556 1326 3626 regalium
1369 3555 1473 3609 alia
1502 3555 1688 3610 viden-
1791 3560 2032 3629 quidem,
2068 3558 2159 3612 sed
2184 3571 2289 3610 non
2323 3551 2662 3608 dissimiliter
2681 3549 2847 3621 jussit
2873 3568 2884 3602 :
2923 3569 2942 3600 ι
2973 3547 3141 3613 Tolle,
3177 3546 3372 3615 inquit,

160 3649 228 3698 int
252 3647 524 3718 conchylii,
555 3647 639 3702 vel
666 3647 887 3702 muricis
913 3647 1208 3717 sanguineo
1232 3647 1427 3701 rubore
1445 3645 1686 3716 perfusa,
1791 3650 1960 3704 ﬁlium
1992 3657 2162 3710 tuum,
2191 3660 2352 3714 quem
2385 3643 2564 3712 diligis
2590 3643 2756 3704 Isaac,
2787 3649 2842 3693 et
2869 3637 3006 3692 offer
3043 3635 3190 3690 illum
3234 3636 3371 3690 mihi

159 3731 242 3788 alia
262 3750 376 3792 vero
402 3739 545 3793 nivei
576 3737 774 3794 coloris
803 3739 977 3792 nitore
1009 3737 1316 3816 candentia.
1791 3739 1846 3793 in
1872 3737 2241 3793 holocaustum
2268 3733 2421 3802 (Gen.
2443 3731 2584 3803 nt).
2616 3751 2635 3782 ι
2684 3727 2964 3784 Suﬂiceret
2999 3741 3233 3795 namque
3263 3727 3370 3781 Do-

213 3823 303 3880 Sed
327 3830 444 3883 dum
466 3843 537 3884 ex
576 3830 794 3900 propria
826 3830 1086 3899 qualitate
1120 3829 1261 3884 inter
1297 3844 1357 3883 se
1401 3827 1688 3883 admodum
1793 3830 1937 3884 mino
1959 3829 2158 3891 dicere,
2189 3826 2315 3880 tolle
2349 3824 2519 3879 ﬁlium
2547 3830 2732 3887 tuum;
2768 3821 2863 3875 sed
2905 3819 3172 3889 adiungit,
3210 3833 3370 3887 quem

161 3912 390 3984 differunt,
421 3936 584 3974 unam
611 3930 785 3976 tamen
813 3921 1125 3990 dignitatem
1153 3920 1221 3974 de
1249 3935 1334 3985 eo,
1363 3918 1524 3991 164
1547 3919 1691 3989 quod
1792 3919 1972 3990 diligis
2003 3918 2167 3979 Isaac,
2215 3925 2274 3970 ut
2313 3915 2532 3970 reducta
2579 3913 2718 3984 patri
2763 3911 2827 3964 ad
2881 3927 3041 3965 aures
3083 3909 3373 3966 dilectione

161 4009 474 4064 communiter
503 4020 814 4080 contegunt,
843 4027 1071 4080 corpore
1101 4011 1245 4082 regis
1297 4013 1542 4064 trahunt.
1599 4010 1691 4066 Sic
1793 4009 1930 4073 ﬁlii,
1967 4008 2292 4077 probaretur
2338 4005 2391 4058 in
2443 4003 2624 4059 animo
2673 4011 2908 4070 quantus
2966 4001 3170 4054 viveret
3219 4013 3374 4052 amor

161 4083 400 4169 nimirum,
442 4104 523 4159 sic
549 4105 892 4173 omnipotens
915 4105 1055 4158 Deus
1080 4104 1204 4159 dum
1234 4102 1434 4157 electos
1467 4117 1594 4158 suos
1621 4102 1689 4158 ad
1793 4101 1917 4165 Dei;
1951 4107 2218 4169 quatenus
2260 4095 2443 4150 audita
2480 4094 2698 4149 dilectio
2736 4093 2827 4146 filii
2872 4100 3154 4161 paternum
3184 4101 3373 4160 pectus

161 4190 291 4247 unius
312 4193 578 4252 felicitatis
602 4198 824 4267 gradum
857 4197 1122 4267 provehit,
1154 4195 1408 4251 Ecclesiae
1433 4211 1546 4250 sua:
1574 4209 1692 4251 cor-
1794 4192 2152 4256 accenderet;
2199 4189 2294 4244 sed
2335 4203 2524 4242 rursus
2567 4193 2931 4256 exsuperante
2971 4183 3138 4237 divini
3171 4182 3373 4237 amoris

161 4292 240 4348 pus
262 4297 347 4353 per
395 4289 544 4342 varia
595 4290 961 4344 membrorum
1010 4289 1338 4343 lineamenta
1384 4288 1687 4359 distinguit.

1815 4279 1954 4352 [65
1999 4278 2232 4343 ﬂamma,
2285 4276 2634 4345 semetipsum
2679 4272 2998 4330 obedientia:
3038 4271 3217 4342 gladio
3259 4285 3373 4325 nra-

163 4370 273 4428 ilinc
293 4387 369 4432 est
393 4380 554 4445 enim,
587 4382 728 4451 quod
773 4397 869 4452 per
899 4381 1213 4452 Apostolum
1263 4381 1500 4435 dicitur:
1529 4401 1546 4432 ι
1574 4381 1690 4451 Ipse
1724 4433 1771 4452 n
1794 4383 1968 4438 etans,
2018 4370 2071 4424 in
2101 4385 2195 4423 ara
2231 4369 2410 4424 cordis
2441 4369 2624 4422 verius
2672 4366 3004 4423 immolaret.
3054 4362 3165 4418 Hoc
3206 4363 3369 4416 etiam

164 4463 282 4521 dedit
319 4433 570 4539 quosdam
604 4433 832 4542 lquidein
883 4433 1178 4542 apostolos,
1207 4472 1468 4541 quosdam
1510 4433 1690 4526 autem
1720 4433 1772 4492 Β
1796 4464 1955 4519 modo
1990 4463 2178 4517 beatus
2211 4461 2489 4531 apostolus
2515 4475 2637 4515 cum
2683 4457 2947 4528 discipulo
2989 4469 3086 4509 suo
3129 4454 3367 4507 diceret:

162 4561 432 4628 prophetas,
467 4566 599 4620 alios
631 4581 761 4622 vero
810 4565 1187 4636 evangelistas,
1221 4565 1353 4620 alios
1381 4575 1560 4619 autem
1605 4579 1697 4633 pa-
1795 4553 1964 4625 Perge
1987 4552 2323 4616 Ravennam.
2348 4566 2412 4605 ac
2435 4552 2479 4604 si
2504 4559 2771 4603 terrorem
2792 4547 2893 4601 sibi
2925 4545 3085 4636 vellet
3100 4543 3370 4636 incutere.

163 4657 372 4708 stet-eset
398 4657 668 4722 doctores,
712 4657 778 4711 ad
801 4632 1324 4712 consummationem
1353 4632 1691 4718 sanctorum,
1794 4643 2040 4715 prolinus
2077 4640 2322 4696 addidi“
2351 4638 2637 4694 Μυηίῑυάο
2682 4637 2826 4693 enim
2873 4635 3055 4710 ροριιιί
3097 4632 3209 4689 illic
3257 4647 3376 4694 ωο-

165 4737 207 4790 in
235 4756 353 4812 opus
374 4746 680 4808 ministerii,
719 4747 770 4801 in
795 4748 1206 4803 aedificationem
1253 4745 1496 4816 corporis
1537 4743 1693 4798 Chri-
1796 4742 1966 4788 rallﬂ'c
2443 4814 2446 4815 ν

165 4827 217 4880 sti
241 4828 433 4901 (Ephes.
461 4837 555 4908 tv).
588 4856 606 4890 ι
638 4836 741 4892 Sed
769 4837 896 4892 licet
925 4837 1073 4890 varia
1103 4837 1174 4890 sit
1199 4814 1484 4890 diversitas
1510 4844 1690 4889 trans-
1867 4823 2084 4878 Ροῑθΐθῑ
2111 4829 2293 4876 autem
2317 4817 2384 4875 Βο
2414 4818 2750 4914 ᾹΡοῙξίξιῆΥῘε
2781 4815 3048 4914 φθϐῖεῑτο
3078 4827 3177 4914 3"“?
3206 4814 3362 4914 νξπβί

165 4924 392 4991 euntium,
422 4902 526 4982 una
552 4939 728 4984 tamen
758 4939 842 4986 est
890 4930 997 4996 via,
1049 4945 1145 4999 per
1173 4943 1335 4998 quam
1386 4927 1687 5000 transitur:
1798 4911 2105 4982 htljusmOdi
2147 4911 2516 4981 respondere:
2559 4906 2958 5000 Μυιιὶιιιάἰῐιβω
2992 4902 3175 5000 P"_P_“l_i
3221 4904 3386 4976 diois:

168 5007 239 5065 illa
264 5017 522 5086 nimirum,
549 5037 710 5090 qnam
755 4993 1065 5078 Veritasvse
1093 4993 1443 5090 sequentibus
1485 5025 1694 5073 sterne-
1797 5017 1853 5064 et
1893 5021 2060 5062 unum
2104 5011 2293 5058 contra
2343 5000 2748 5058 multitudinem
2798 4999 3006 5070 άίνῖεὶερ
3053 4993 3223 5090 Μξ¹¹¹ι³
3263 5010 3396 5090 fisse

168 5094 261 5164 bal,
292 5119 404 5160 cum
433 5085 633 5164 diceret
663 5127 676 5162 :
721 5131 738 5162 ‹
767 5111 1014 5180 Angusta
1042 5118 1123 5164 est
1154 5085 1262 5171 via,
1311 5121 1430 5175 quae
1451 5106 1597 5160 ducit
1627 5104 1693 5158 ad
1799 5097 2034 5152 hostium
2067 5093 2284 5162 agmina
2313 5092 2430 5161 ipse
2457 5108 2561 5149 ηοη
2603 5101 2806 5163 θεείιεὶ
2837 5097 2890 5144 ει
2918 5102 3097 5180 νηυφῄ
3118 5085 3410 5180 infﬂilem

198 5190 209 5202 ο

169 5201 303 5226 Vllum
327 5214 338 5226 ι
381 5207 426 5226 Α.
487 5203 636 5226 «μοι..ιῖ
676 5215 787 5226 ---μθ
877 5203 959 5226 -..ξ
1009 5202 1379 5226 ε-.σ...-ιι.’ἷηιιιιι-
1426 5215 1524 5226 an-
1572 5214 1687 5226 AA.“

1859 5189 2068 5226 .minam
2109 5192 2296 5226 natura
2341 5198 2441 5226 nn:
2482 5185 2703 5226 mittar-9,
2751 5197 2856 5226 nnn
2905 5175 3201 5226 fnrmidns?
3246 5177 3417 5226 “un.
