3946 5368
501 213 602 268 679

1099 209 1158 266 S.
1199 210 1401 266 PETRI
1439 211 1722 267 DAMIANI
1757 202 1907 269 OPP.
1950 209 2131 266 PARS
2166 209 2297 266 SEU
2335 209 2573 268 TOMUS
2600 212 2664 267 ll.
2705 243 2776 253 —
2816 215 3202 272 SERMONES.

3639 219 3744 276 680

504 311 754 381 manibus
799 324 1131 378 incutiuntur
1159 325 1381 379 verbera
1410 343 1422 378 :
1469 326 1556 380 ubi
1586 323 1716 379 hinc
1751 325 2072 381 emittuntur
2099 324 2146 386 Α
2177 321 2376 378 habere
2400 340 2521 378 cum
2547 325 2636 380 Dei
2666 316 2933 402 adiutorio
2962 335 3265 398 possumus.
3300 330 3484 402 Neque
3510 335 3652 388 enim
3675 337 3746 392 de

506 431 805 480 sermones,
849 412 970 468 inde
1011 413 1224 468 evolant
1261 422 1460 470 vectes.
1504 410 1706 468 Saltem
1740 429 1903 467 unmu
1942 412 2074 466 mihi

501 508 706 563 socium
733 506 911 570 dares,
946 504 1195 560 solatium
1226 514 1336 558 tam
1374 503 1734 560 irremeabilis
1764 503 2075 574 peregrina-

501 598 688 664 tionis,
711 595 796 650 vel
829 597 993 650 etiam
1024 595 1192 665 ipsius
1216 593 1617 664 praedicationis
1639 592 1940 661 adjutorem
1969 593 2074 646 im-’

500 691 782 759 penderes.
815 687 950 740 Nam
980 698 1033 741 et
1061 688 1173 756 ipse
1202 684 1460 756 magister
1488 693 1619 740 tuus'
1633 684 1892 739 Dominus
1916 681 2074 737 Iesus

497 780 743 834 Christus
769 793 891 833 cum
921 786 1026 831 vos"
1045 777 1111 830 ad
1139 775 1538 846 prtedicandum
1567 776 1808 830 mitteret
1837 789 2070 843 semper,

496 883 661 946 prout
685 887 821 942 Opus
861 879 1001 933 erat,
1034 870 1186 924 vobis
1215 869 1462 924 solatium
1492 868 1797 922 adhibebat.
1833 867 2075 936 Evange-

499 965 622 1016 lista
644 975 887 1032 quoque,
919 961 1009 1028 qui
1037 959 1188 1013 illum
1214 960 1554 1028 septuaginta
1597 959 1732 1012 ducs
1772 956 2074 1012 destinasse

501 1054 565 1107 ad
609 1051 1010 1120 praedicandum
1049 1058 1258 1116 narrat,
1292 1064 1400 1103 non
1440 1063 1599 1113 unos,
1631 1048 1725 1102 sed
1764 1047 1920 1102 binos
1949 1055 2074 1101 ante

499 1141 689 1196 faciem
718 1156 868 1194 suam
893 1141 1106 1194 misisse
1132 1139 1442 1208 pronuntiat
1470 1138 1621 1209 (Luc.
1655 1138 1735 1209 χ).

566 1233 714 1298 Hinc,
739 1242 793 1286 et
819 1231 984 1286 multa
1016 1229 1322 1299 huiusmodi
1352 1230 1724 1285 excusationis
1747 1228 1912 1284 verba
1938 1214 2078 1284 bea-J'

498 1323 585 1380 tus
610 1333 816 1394 martyr
845 1324 1110 1393 potuisset
1140 1321 1453 1385 obtendere,
1492 1321 1537 1376 si
1572 1320 1835 1376 indomita
1862 1321 2074 1376 cervice

499 1416 716 1480 mentis,
748 1413 934 1484 iugum
967 1413 1226 1470 voluisset
1255 1412 1576 1469 obedientia:
1607 1405 1929 1467 detractare.
1968 1412 2074 1467 Ve-

497 1516 803 1562 rumtamen
839 1521 946 1560 non
991 1505 1213 1571 restitit,
1256 1515 1363 1560 non
1391 1503 1751 1569 contradixit;
1794 1505 1888 1558 sed
1923 1517 2069 1569 mox,

497 1607 557 1652 ut
593 1595 831 1666 iubentis
876 1595 1084 1666 accepit
1125 1594 1434 1665 imperium,
1466 1593 1686 1649 omnino
1719 1593 1954 1648 credidit
1976 1608 2072 1648 ne-

2172 411 2701 468 abremmtiatoribus
2747 414 2875 470 Saul
2905 417 3100 480 fuerat,
3147 420 3237 488 qui
3274 419 3343 473 ab
3387 422 3525 476 irato
3554 435 3742 479 contra

2172 515 2294 552 eum
2341 497 2590 555 Samuele
2634 503 2924 559 audiebat:
2971 525 2990 558 ι
3028 505 3280 576 Nunquid
3331 509 3443 562 vult
3487 511 3744 572 Dominus

2173 586 2486 644 holocausta
2513 600 2565 645 et
2595 593 2889 662 ‘victimas,
2917 604 2972 649 et
3001 607 3110 651 non
3137 597 3345 665 potius,‘
3370 607 3432 651 ut
3460 599 3743 658 obediatur

2171 679 2290 732 νοοῖ
2339 674 2596 759 Demini‘i'
2631 681 2822 738 Melior
2866 693 2950 739 est
3000 685 3144 740 enim
3193 685 3534 754 obedientia,
3581 705 3742 761 quam

2172 767 2404 822 victimae
2431 757 2516 837 (II
2539 769 2664 841 Reg.
2696 762 2811 840 xv).
2841 775 2867 825 ι’

2242 857 2494 928 Quisquis
2524 876 2652 930 ergo
2677 863 2914 931 perfecte
2939 866 3021 920 vis
3055 867 3195 921 hanc
3230 857 3435 924 habere
3463 863 3738 939 virtutem,

2170 945 2290 1003 esto
2311 949 2567 1004 obediens
2603 951 2733 1016 Deo,
2758 968 2860 1008 nec
2894 965 3072 1010 tamen
3115 953 3191 1012 sis
3217 958 3536 1014 inobediens
3563 963 3744 1032 proxi—

2172 1051 2280 1091 mo.
2325 1035 2418 1091 Vis
2463 1040 2652 1094 audire
2692 1038 2927 1110 qualiter
2954 1045 3176 1100 obedias
3233 1047 3377 1102 Deo?
3421 1047 3564 1104 Cave
3589 1052 3742 1120 {quod

2171 1131 2451 1200 prohibet;
2487 1131 2647 1202 imple
2675 1135 2815 1202 quod
2849 1133 3021 1204 jubet.
3055 1136 3237 1207 Neque
3262 1139 3404 1194 enim
3434 1157 3602 1195 unum
3631 1142 3742 1198 sine

2171 1222 2344 1302 altero
2370 1223 2514 1278 valet
2541 1240 2661 1281 esse
2694 1227 3010 1296 perfectum.
3044 1229 3138 1285 Vis
3176 1231 3338 1286 etiam
3393 1234 3582 1287 audire
3613 1250 3741 1302 qua-

2171 1296 2295 1368 liter
2318 1313 2538 1369 obedias
2565 1320 2851 1386 proximo?
2887 1317 3020 1373 Cum
3049 1327 3102 1375 te
3144 1320 3312 1375 frater
3356 1333 3482 1377 tuus
3519 1296 3738 1379 videtin

2172 1401 2388 1472 aliquod
2433 1404 2620 1458 vitium
2661 1405 3019 1475 delabentem,
3068 1418 3124 1465 et
3153 1411 3379 1482 corripit
3424 1421 3475 1467 te
3514 1414 3566 1467 in
3606 1414 3741 1469 bono

2171 1507 2334 1562 opere
2365 1494 2622 1564 tepidum,
2652 1505 2709 1551 et
2738 1499 2804 1552 ad
2831 1498 3098 1555 fervorem
3127 1489 3180 1556 te
3205 1502 3384 1556 verbis
3412 1504 3740 1559 charitativzc

2170 1582 2564 1638 exhortationis
2593 1587 2859 1652 accendit,
2891 1588 2938 1642 si
2979 1604 3086 1644 non
3115 1591 3349 1654 resistis,
3381 1592 3425 1644 si
3471 1607 3577 1646 non
3621 1609 3739 1647 con-

495 1686 810 1752 cessarium,
839 1686 980 1756 quod
1001 1684 1103 1740 sibi
1126 1699 1224 1754 per
1249 1699 1312 1740 os
1333 1683 1576 1754 magistri
1607 1682 1675 1738 ab
1701 1682 1820 1752 ipso
1840 1682 2068 1737 Domino
2098 1685 2144 1744 B
2175 1669 2415 1735 (radicis,
2445 1674 2537 1728 sed
2568 1674 2845 1730 humiliter
2871 1678 3044 1743 audis,
3076 1688 3130 1734 et
3161 1688 3212 1734 te
3238 1681 3304 1733 ad
3335 1680 3386 1735 id
3414 1682 3560 1750 quod
3588 1697 3738 1736 voca-

497 1779 745 1850 cognovit
771 1776 1090 1845 injunctum.
1120 1776 1188 1830 Et
1210 1785 1271 1831 ut
1297 1782 1394 1846 per
1420 1774 1603 1830 omnia
1627 1775 1679 1829 in
1711 1775 1912 1828 virtute
1939 1775 2069 1830 obe-

496 1869 712 1923 dientiae
728 1867 788 1921 B.
815 1865 1141 1936 Apollinaris
1162 1865 1394 1921 Abrahae
1417 1864 1901 1930 similisi'videatur,
1931 1864 2072 1919 sicut

494 1961 571 2016 illi
602 1961 743 2016 Deus
765 1960 1042 2030 praecepit,
1072 1961 1295 2015 dicens:
1333 1975 1352 2010 ‹
1382 1957 1481 2013 Exi
1508 1958 1574 2013 de
1610 1966 1752 2012 terra
1781 1966 1891 2022 tua,
1921 1964 1976 2011 et
2006 1957 2072 2010 de

493 2052 816 2120 cegnatione
857 2053 944 2104 tua
967 2090 982 2114 ,
1023 2059 1075 2104 et
1111 2051 1177 2103 de
1217 2051 1377 2104 domo
1412 2048 1584 2118 patris
1617 2046 1717 2112 tui,
1760 2054 1816 2101 et
1853 2046 1974 2100 veni
2015 2046 2070 2099 in

495 2151 721 2205 terram,
767 2139 928 2209 quam
979 2149 1354 2194 monstravero
1403 2139 1498 2194 tibi
1553 2135 1705 2210 (Gen.
1751 2137 1874 2209 xu),
1905 2157 1924 2190 ›
1978 2137 2069 2208 qui

494 2229 629 2282 nihil
678 2229 929 2282 hmsitans
978 2229 1192 2298 paruit;
1246 2229 1326 2283 sic
1368 2236 1424 2283 et
1468 2228 1570 2282 iste
1615 2243 1760 2293 mox,
1805 2236 1864 2282 ut
1905 2227 2070 2282 verba

495 2317 802 2388 apostolica:
839 2316 1102 2386 jussionis
1139 2319 1365 2389 accepit,
1410 2319 1654 2388 protinus
1700 2317 1769 2372 ad
1811 2317 2075 2372 obedieu-é'

498 2410 624 2465 dum
653 2427 746 2481 spe
774 2420 917 2466 certa
947 2413 1185 2466 animum
1218 2411 1513 2466 roboravit.
1543 2411 1610 2465 Et
1636 2409 1781 2479 quod
1811 2409 2069 2464 docturus

501 2509 619 2554 erat
644 2501 833 2566 verbo,
859 2502 1037 2571 operis
1063 2501 1499 2572 praemonstravit
1525 2500 1789 2569 exemplo.
1828 2499 1943 2556 Hoc
1972 2503 2067 2555 de-

491 2589 654 2659 nique
702 2590 908 2645 studuit
954 2591 1232 2646 humiliter
1278 2591 1536 2646 exhibere
1593 2589 1882 2659 subjectis,
1923 2590 2067 2660 quod

485 2680 632 2751 juste
660 2693 981 2753 accepturus
1005 2687 1143 2749 e'rat,
1175 2694 1230 2739 et
1261 2683 1376 2755 ipse
1415 2683 1689 2755 praelatus.
1718 2684 1804 2748 Et,
1835 2684 1974 2740 sicut
2001 2683 2067 2738 de

491 2774 718 2830 Domino
749 2775 941 2844 legitur
986 2794 1005 2826 ‹
1034 2776 1183 2846 prius
1211 2776 1378 2846 coepit
1419 2775 1598 2830 facere
1647 2782 1702 2831 et
1735 2782 1924 2845 postea
1967 2774 2064 2829 do-

492 2875 616 2920 cere
656 2866 792 2937 (Act.
821 2865 894 2936 t);
926 2881 950 2918 ι’
993 2876 1054 2920 ιιι
1091 2867 1144 2920 in
1181 2867 1472 2936 semetipso
1505 2875 1762 2936 expertus
1809 2866 2072 2931 disceret,

492 2952 724 3023 qualiter
765 2965 988 3026 accepta
1035 2957 1318 3027 potestatis
1361 2957 1701 3023 auctoritate,
1733 2956 1858 3012 aliis
1888 2956 2062 3026 impe-

489 3053 657 3098 raret.

562 3132 666 3188 Sed
697 3140 856 3204 quam
887 3136 1114 3205 pulcher
1143 3133 1338 3190 divinae
1365 3133 1784 3205 dispensationis
1809 3133 1940 3190 or‘do
1972 3143 2062 3190 co;

491 3227 788 3297 gnoscitur,
820 3226 864 3283 si
894 3227 1056 3298 hujus
1095 3228 1172 3284 rei
1202 3227 1434 3300 dignitas
1472 3241 1570 3298 pro
1611 3228 1694 3283 sui
1723 3226 1918 3284 merito
1945 3236 2063 3282 stu-

486 3316 638 3372 diose
666 3327 942 3386 pensetur.
987 3318 1146 3384 Nam,
1183 3319 1275 3389 qui
1316 3319 1384 3374 ab
1409 3319 1581 3373 Adam
1617 3319 1849 3389 primum
1881 3319 2064 3374 inobe-

489 3407 704 3462 dientia:
754 3408 942 3463 vitium
989 3409 1129 3464 male
1181 3409 1435 3464 instructi
1475 3409 1781 3474 didicimus,
1830 3409 2059 3481 primam

487 3500 807 3556 obedientiae
858 3501 1114 3557 virtutem
1169 3502 1238 3557 ab
1289 3501 1395 3557 hec
1454 3501 1767 3557 beatissimo
1824 3509 2063 3572 martyre

487 3589 662 3644 edocti
711 3606 916 3646 sumus.
967 3592 1035 3646 Et
1059 3591 1200 3646 sicut
1245 3592 1334 3646 ille
1378 3591 1523 3646 inter
1569 3600 1763 3646 caetera
1806 3591 2060 3646 vitiorum

487 3681 730 3749 germina
762 3682 989 3751 primam
1035 3683 1477 3748 inobedientiam,
1509 3689 1616 3739 non
1648 3682 1938 3753 loquendo,
1967 3683 2061 3738 sed

487 3770 916 3838 praevaricando,
963 3772 1236 3826 carnalem
1284 3773 1521 3828 sobolem
1568 3773 1776 3838 docuit;
1835 3772 1909 3826 ita
1959 3772 2063 3826 iste

487 3861 629 3915 inter
673 3861 774 3914 alia
814 3861 1135 3917 documenta
1175 3864 1469 3928 virtutum,
1530 3863 1775 3933 inprimis
1804 3864 2062 3919 obedien-'

488 3948 640 4012 tiam,
674 3965 777 4004 non
822 3949 1111 4019 loquendo,
1147 3952 1239 4007 sed
1278 3952 1544 4019 faciendo,
1578 3951 1715 4008 filios
1755 3952 2062 4023 spirituales

489 4038 761 4093 instruxit.
800 4040 902 4106 Qui
941 4056 1072 4111 ergo
1121 4043 1478 4098 inobediendo
1529 4059 1559 4097 a
1597 4053 1844 4114 superum
1876 4045 2062 4113 patriae

486 4129 817 4186 sublimitate
845 4131 1162 4198 cecidimus,
1193 4133 1261 4186 ad
1301 4123 1442 4188 hanc
1480 4134 1653 4188 versis
1684 4134 1932 4205 vestigiis
1962 4141 2062 4206 per

487 4218 853 4273 obedientiam
881 4219 946 4274 de
987 4221 1160 4275 exsilii
1203 4221 1499 4292 dejectione
1530 4223 1788 4279 redimus.
1816 4223 1952 4280 Hinc
1977 4235 2061 4282 est

483 4309 652 4373 enim,
696 4309 836 4377 quod
873 4323 972 4380 per
1001 4309 1303 4365 Veritatem
1346 4312 1583 4367 dicitur:
1629 4331 1648 4364 ‹
1685 4312 1875 4379 Omne,
1918 4315 2060 4384 quod

485 4398 576 4452 dat
614 4395 746 4452 mihi
772 4397 956 4465 Pater,
989 4400 1054 4454 ad
1084 4415 1169 4455 me
1195 4401 1402 4468 v’eniet;
1435 4409 1491 4458 et
1518 4416 1672 4469 eum,
1689 4403 1781 4473 qui
1819 4405 1967 4460 venit
1994 4407 2061 4462 ad

490 4502 601 4553 me,
646 4501 754 4543 non
795 4487 1007 4558 ejiciam
1057 4488 1204 4545 foras
1250 4489 1430 4561 (Joan.
1462 4491 1560 4562 v1).
1597 4510 1616 4544 ι
1663 4492 1763 4560 Qui
1807 4493 1950 4550 enim
1995 4494 2062 4549 ad

483 4580 717 4648 primum
744 4578 915 4633 Adam
961 4582 1202 4647 veniunt,
1243 4583 1311 4638 ab
1339 4582 1547 4640 intimis
1576 4585 1725 4641 exire
1753 4599 1851 4656 per
1877 4586 2060 4643 inobe-

483 4670 742 4724 dientiam
773 4670 931 4742 166
973 4671 1205 4727 discunt.
1245 4671 1530 4730 Secundus
1568 4690 1699 4733 vero
1723 4676 1892 4731 Adam
1923 4692 1948 4729 ‹
1975 4676 2058 4732 fa-

481 4766 601 4812 ctus
647 4759 906 4815 obediens
945 4775 1115 4831 usque
1167 4761 1236 4817 ad
1286 4771 1550 4830 mortem,
1603 4775 1834 4823 mortem
1876 4776 2057 4823 autem

483 4849 661 4902 crucis
691 4847 911 4919 (Philip.
949 4852 1034 4920 ll),
1070 4869 1089 4902 ι
1124 4851 1179 4905 in
1209 4867 1295 4919 eo,
1336 4854 1478 4924 quod
1515 4855 1583 4909 ad
1619 4870 1680 4910 se
1713 4857 2054 4912 venientibus

483 4939 787 5006 exemplum
817 4940 1138 4996 obedientiae
1163 4943 1376 5011 tribuit,
1411 4960 1505 5001 eos
1525 4961 1556 5000 a
1583 4947 1819 5016 paradisi
1847 4949 2055 5020 gaudiis

485 5038 591 5080 non
614 5026 851 5094 expellit.

558 5114 639 5168 Ad
685 5116 798 5167 hiec
831 5117 1050 5184 gaudia,
1091 5119 1454 5190 dilectissimi,
1499 5126 1675 5182 redire
1712 5126 2054 5192 festinemus,

487 5218 592 5258 non
626 5203 873 5272 passibus
902 5207 1121 5274 pedum,
1148 5211 1242 5264 sed
1279 5213 1543 5270 bonorum
1574 5217 1901 5286 profectibus
1930 5235 2061 5290 ope-

488 5310 630 5348 rum.
658 5293 906 5348 Nondum
932 5298 1183 5352 saeculum
1211 5303 1438 5361 fortasse
1462 5307 1796 5368 reliquimus.
1822 5311 2057 5368 nondum

2087 4364 2140 4432 Β

2174 1762 2268 1825 ris,
2299 1763 2556 1834 accingis,
2587 1780 2711 1821 mox
2757 1768 2985 1822 reditum
3031 1779 3179 1824 tuum
3212 1771 3277 1825 ad
3319 1773 3577 1840 patriam,
3606 1775 3738 1828 unde

2173 1851 2487 1908 iuobediens
2516 1854 2753 1923 dejeclus
2786 1857 2986 1924 fueras,
3015 1876 3110 1930 per
3141 1862 3396 1916 virtutem
3427 1865 3738 1919 obedientize

2172 1941 2516 1999 reformabis.
2545 1945 2657 2002 Hoc
2684 1948 2864 2017 itaque
2894 1951 3052 2005 modo
3079 1953 3243 2006 etiam
3269 1954 3312 2008 si
3342 1970 3450 2008 non
3481 1955 3626 2010 vales
3649 1972 3737 2026 pro

2172 2033 2282 2088 Deo
2319 2045 2548 2092 mortem
2579 2039 2780 2106 subire,
2819 2041 2967 2097 vales
2999 2051 3176 2098 tamen
3221 2047 3385 2100 vitam
3413 2045 3526 2102 Deo
3564 2048 3745 2117 placa-‘

2169 2126 2333 2184 bilem
2361 2131 2578 2186 ducere.
2604 2131 2855 2202 Magnum
2879 2137 3076 2207 quippe
3101 2147 3180 2193 est
3201 2138 3336 2194 mori
3382 2143 3746 2209 pro‘Christo,‘

2171 2222 2264 2277 sed
2287 2239 2392 2277 non
2421 2233 2504 2280 est
2534 2225 2760 2282 inferius
2790 2230 2970 2286 vivere
2994 2231 3230 2288 Christo.
3269 2234 3574 2305 Utrumque
3598 2239 3733 2292 enim

2171 2319 2371 2366 statera
2400 2315 2600 2372 Paulus
2625 2332 2779 2388 tequa
2808 2319 2964 2376 lance
2992 2323 3280 2391 pendebat,
3309 2340 3443 2380 cum
3493 2328 3728 2382 diceret:

2175 2419 2194 2452 ι
2228 2403 2353 2458 Sive
2383 2408 2528 2461 enim
2572 2409 2821 2479 vivimus,
2853 2413 3080 2470 Domino
3124 2416 3383 2481 vivimus;
3419 2421 3537 2474 sive
3577 2422 3732 2475 mori-

2171 2509 2311 2560 mur,
2337 2496 2566 2552 DOmino
2593 2501 2873 2556 morimur.
2905 2503 3031 2560 Sive
3056 2521 3185 2576 ergo
3211 2507 3464 2573 vivimus,
3493 2511 3605 2565 sive
3631 2528 3734 2566 mo-

2169 2578 2358 2648 rimur,
2391 2584 2600 2640 Domini
2626 2603 2811 2645 sumus
2834 2590 3010 2662 (Rom.
3037 2595 3219 2666 x1v).1
3253 2595 3402 2652 Dicis
3429 2599 3585 2663 mihi,
3617 2602 3730 2670 quia

2168 2687 2272 2727 non
2298 2687 2514 2742 possum
2537 2677 2782 2734 invenire
2805 2684 3153 2754 martyrium;
3183 2687 3381 2742 exhibe
3407 2698 3458 2743 te
3483 2692 3742 2762 martyrio

2167 2761 2411 2833 dignum,
2442 2777 2495 2820 et
2535 2771 2782 2840 martyrii
2812 2775 3162 2843 consequeris
3191 2777 3380 2844 procul
3417 2775 3581 2833 dubio
3609 2761 3732 2848 pra:-

2168 2852 2355 2906 mium.
2387 2854 2502 2909 Non
2534 2866 2684 2925 potes
2729 2862 3045 2932 sanguinem
3077 2863 3338 2932 fundere;
3366 2876 3522 2936 potes
3555 2877 3740 2922 temet-'

2168 2941 2342 3010 ipsum
2372 2944 2704 3012 poenitentiae
2747 2949 2850 3004 telo
2878 2963 3181 3020 percutere,
3219 2963 3274 3008 et
3303 2955 3355 3008 in
3388 2955 3571 3010 cordis
3609 2971 3730 3011 con-

2090 3027 2135 3089 C
2168 3029 2388 3086 tritione
2415 3044 2675 3091 mactare.
2709 3037 3049 3109 Praeparetur
3073 3043 3139 3096 ad
3170 3042 3739 3117 feriendum-jugulus,

2166 3135 2272 3174 non
2305 3121 2479 3178 deerit
2524 3139 2927 3210 remunerator,
2966 3133 3176 3188 etiamsi
3223 3134 3455 3190 defuerit
3509 3135 3736 3208 gladius;

2166 3209 2329 3265 Deest
2357 3209 2618 3282 Carnifex,
2667 3217 2757 3285 qui
2801 3219 3041 3275 cervices
3087 3223 3326 3277 exterius
3367 3223 3562 3290 feriat;
3592 3227 3732 3280 adest

2166 3297 2360 3366 Iudex,
2388 3305 2480 3373 qui
2507 3305 2659 3360 bona:
2678 3308 2937 3365 voluntati
2960 3313 3237 3381 praemium
3262 3315 3472 3370 reddat.
3507 3337 3526 3370 ‹
3559 3318 3738 3372 Gloria“

2166 3393 2308 3448 enim
2357 3395 2412 3450 in
2457 3399 2686 3454 excelsis
2724 3401 2852 3466 Deo,
2893 3411 2946 3456 et
2991 3404 3045 3457 in
3089 3412 3232 3460 terra
3272 3422 3378 3477 pax
3433 3408 3729 3466 hominibus

2165 3483 2317 3538 hernae
2343 3485 2629 3542 voluntatis
2660 3489 2809 3560 (an.
2838 3493 2920 3562 ιι).
2953 3512 2969 3543 ι
2995 3495 3186 3549 Amen;

2702 3580 2932 3641 SERMO
2973 3585 3217 3641 XXXIII;

2342 3670 2407 3724 n'r.
2444 3685 2488 3725 s.
2529 3674 2932 3730 cnnts'rornono
2968 3693 3217 3732 manus
3243 3677 3372 3748 (xiv
3398 3685 3558 3752 θυεμ).

2236 3758 2369 3813 Dum
2395 3762 2661 3832 cupimus,
2689 3765 3047 3834 dilectissimi,
3071 3769 3138 3823 de
3163 3770 3474 3840 triumphali
3502 3773 3564 3825 B.
3587 3772 3728 3828 Chri-

2164 3851 2408 3920 Stophori
2454 3856 2706 3926 martyris
2747 3857 2974 3914 victoria
3021 3859 3318 3930 disputare,
3359 3863 3540 3932 primo
3583 3866 3740 3920 nobis'

2163 3941 2280 4010 ejus
2300 3958 2494 3998 nomen
2520 3947 2784 4001 occurrit:
2811 3955 2950 4018 quod
2982 3950 3030 4004 si.
3047 3950 3298 4016 sollicita,
3327 3955 3734 4025 prout'dignum

2164 4043 2269 4099 est,
2302 4035 2642 4106 indagatione
2683 4040 3023 4109 discutimus,
3056 4059 3161 4099 non
3209 4046 3261 4099 in
3289 4046 3394 4102 line
3429 4047 3597 4102 divini
3628 4050 3728 4105 dis-

2163 4127 2481 4194 pensatione
2542 4131 2791 4202 praesagii
2835 4133 2948 4188 sibi
2974 4141 3101 4190 tunc
3143 4137 3370 4194 inditum
3415 4142 3725 4210 reperimus.

2163 4217 2208 4270 A
2239 4218 2456 4274 Christo
2491 4221 2742 4276 nimirum
2784 4222 3206 4297 Christophorus
3253 4231 3554 4286 derivatur.
3586 4233 3735 4289 Unde

2166 4323 2359 4380 sponsa
2404 4311 2600 4368 dilecto
2637 4329 2735 4369 suo
2763 4314 2893 4370 dicit
2921 4316 2982 4371 in;
3005 4317 3242 4375 Canticis
3267 4358 3280 4371 .
3338 4340 3357 4371 ι
3385 4319 3575 4377 Oleum
3606 4322 3717 4377 επα-

2166 4418 2284 4458 sum
2322 4418 2518 4459 nomen
2544 4414 2690 4461 tuum
2716 4405 2891 4478 (Cant.
2917 4409 2986 4482 1);
3018 4429 3037 4463 ι
3065 4410 3311 4466 Cbrisma
3339 4413 3566 4480 scilicet,
3595 4417 3724 4469 unde

2163 4491 2412 4548 Christus
2439 4495 2621 4550 unctio
2645 4497 2861 4552 dicitur.
2889 4499 2992 4554 Per
3011 4502 3187 4558 oleum
3218 4519 3346 4560 vero
3373 4516 3595 4562 sanctus
3615 4507 3723 4576 Spi-

2163 4583 2300 4639 ritus
2329 4585 2554 4656 mystice
2595 4588 2925 4659 designatur.
2954 4591 3068 4648 Hoc
3111 4593 3229 4649 oleo
3272 4595 3525 4652 Salvator
3552 4607 3722 4652 noster

2160 4673 2532 4744 principaliter
2566 4687 2760 4735 unctus
2795 4688 2898 4746 est,
2937 4697 3060 4737 cum
3104 4684 3356 4752 baptismi
3393 4695 3720 4741 sacramenta

2160 4765 2416 4832 suscepit,
2450 4765 2606 4837 167
2639 4775 2692 4821 et
2736 4784 2861 4824 mox
2899 4786 3070 4841 super,
3089 4789 3210 4827 eum
3244 4772 3481 4844 Spiritus
3513 4787 3728 4832 sanctus

2161 4851 2216 4905 iu
2245 4852 2505 4909 columbae
2537 4856 2710 4926 figura
2758 4857 3036 4915 descendit
3065 4861 3278 4932 (Matth.
3311 4865 3416 4934 tu).
3445 4864 3597 4920 Unde
3636 4879 3718 4934 per

2160 4941 2482 5015 Prophetam
2531 4949 2765 5006 dicitur:
2799 4970 2819 5004 ‹
2853 4952 3016 5009 Unxit
3059 4963 3110 5011 te
3134 4956 3304 5024 Deus,
3333 4959 3474 5014 Deus
3507 4969 3648 5022 tuus,
3669 4958 3717 5012 in

2162 5044 2281 5100 oleo
2301 5044 2499 5100 laetitia:
2519 5045 2691 5117 (Paul.
2714 5052 2883 5119 XLIV).
2906 5069 2925 5102 ι
2942 5049 3052 5106 Hoc
3068 5051 3244 5106 oleum
3266 5053 3498 5108 effusum
3510 5063 3593 5108 est
3609 5068 3716 5108 cum

2124 5135 2335 5212 .gratia
2387 5137 2557 5191 sancti
2603 5137 2855 5205 Spiritus,
2893 5155 3054 5209 quam
3099 5143 3449 5213 singulariter
3485 5144 3716 5200 Christus

2165 5227 2393 5294 accepit,
2428 5226 2616 5281 electis
2645 5229 2894 5282 omnibus
2925 5232 3283 5301 dispensativa
3329 5235 3412 5289 sui
3442 5237 3712 5304 participac

2163 5314 2312 5368 tione
2342 5319 2630 5368 acacessit.
2657 5320 3016 5368 Quamobrem
3047 5325 3175 5368 dicit
3200 5324 3484 5368 Αηηςιηιιιε
3508 5342 3520 5357 -
3553 5346 3570 5368 ι
3599 5326 3713 5368 nni.
