3946 5368
540 302 644 357 685

1129 299 1186 354 S.
1224 298 1424 352 I’LTR.‘
1462 296 1742 353 DAMIANI
1783 294 1934 351 OI’P.
1976 295 2156 350 PARS
2192 293 2321 349 SEU
2363 293 2598 350 TOMUS
2635 293 2701 348 II.
2743 325 2812 334 ——
2845 292 3232 352 SERMONES.
3675 301 3756 360 68‘

543 411 924 468 adducentium
953 409 1096 465 Seon
1122 425 1216 464 rex
1244 419 1348 474 est,
1374 409 1465 478 qui
1491 407 1664 463 elatus
1689 408 1971 471 asseritur.
1997 407 2122 478 quia
2156 421 2196 475 Α
2230 403 2535 474 pollicitus,
2584 406 2884 477 gradiatur.
2917 426 2936 459 ‹
2985 408 3114 474 Via,
3159 408 3361 479 inqutt,
3407 411 3546 482 regia
3581 417 3758 485 gradu.

543 503 849 572 vaniloquis
872 513 926 556 et
951 500 1152 554 amaris
1178 497 1339 567 hujus
1369 498 1554 552 mundi
1601 497 1937 552 amatoribus
1965 497 2126 568 169

543 593 786 650 diabolus
809 600 997 646 auctor
1037 589 1307 660 superbia:
1343 587 1705 658 principatur.
1739 587 1890 641 Unde
1926 595 1983 640 et
2011 589 2127 655 ipse

540 685 792 756 princeps
838 683 1024 738 mundi
1056 682 1272 746 dicitur,
1305 681 1449 735 illius
1496 679 1751 734 videlicet
1770 678 1838 733 de
1864 693 1970 748 quo
1996 678 2128 733 dicit

542 777 823 832 Joannes:
859 795 877 827 ι
907 774 1139 830 Mundus
1176 773 1232 828 in
1280 771 1520 842 maligno
1550 771 1762 841 positus
1814 779 1898 823 est
1943 769 2124 837 (Joan.

541 887 646 936 xu,
691 868 829 940 xw).
862 887 880 920 ι
935 867 1003 922 Et
1050 866 1310 921 Dominus
1355 863 1624 936 promittit
1672 861 1824 916 illum
1851 859 2129 932 discipulis

544 960 810 1030 Spiritum
861 972 984 1013 esse
1033 955 1357 1010 mittendum
1411 951 1462 1022 (Ι
1495 950 1659 1006 Joan.
1709 951 1787 1022 v),
1835 965 1994 1019 quem
2039 949 2129 1003 hic

539 1050 778 1105 mundus
810 1064 918 1104 non
945 1056 1120 1122 potest
1178 1045 1422 1115 accipere
1451 1041 1634 1114 (Joan.
1668 1042 1802 1113 xxv).
1835 1040 1985 1099 Dicit
1999 1054 2129 1110 ergo

541 1141 711 1197 Israel
741 1141 808 1196 ad
838 1141 1019 1196 Seon:
1079 1157 1098 1189 ί
1131 1137 1393 1192 Transire
1428 1148 1530 1190 nos
1582 1133 1744 1188 liceat
1777 1148 1874 1202 per
1924 1141 2127 1187 terram

544 1248 714 1301 tuam,
760 1250 866 1289 non
907 1231 1301 1287 declinahimus
1353 1229 1408 1284 in
1448 1243 1609 1298 agros
1640 1237 1693 1282 et
1720 1226 1906 1281 vineas
1937 1222 2126 1295 (Num.

545 1331 728 1398 xw.»
772 1324 880 1379 Nos
907 1324 1086 1396 plane,
1114 1336 1212 1376 nos
1241 1334 1446 1383 sumus,
1498 1318 1590 1388 qui
1630 1332 1729 1388 per
1777 1317 1920 1371 hunc
1976 1329 2131 1368 mun—

545 1421 674 1473 dum
702 1417 770 1472 ad
798 1426 997 1471 terram
1047 1413 1296 1484 cupimus
1345 1409 1577 1465 transire
1631 1407 1948 1463 viventium.
1999 1404 2128 1469 Nos,

545 1518 792 1581 inquam,
821 1525 925 1581 per
962 1506 1222 1562 terminos
1271 1501 1490 1572 superbi
1546 1499 1690 1570 regis
1734 1496 2013 1554 humiliter
2049 1494 2131 1549 in-

545 1607 740 1663 cedere
779 1601 1025 1656 volumus
1077 1597 1144 1651 ad
1193 1594 1426 1666 patriam
1481 1591 1675 1647 divina:
1732 1587 2126 1659 promissionis.

542 1698 609 1752 Et
654 1693 908 1765 quoniam
947 1689 1208 1744 Hebraeus
1251 1686 1646 1754 interpretatur
1691 1691 1972 1744 transiens,
2030 1691 2129 1733 nos

2230 513 2370 550 mur.
2404 517 2422 549 ›
2466 497 2596 564 Qua:
2619 506 2702 553 est
2723 509 2905 552 autem
2928 500 3074 570 regia
3103 500 3211 566 via,
3252 501 3354 556 nisi
3378 502 3468 558 illa
3487 521 3597 573 qua:
3614 507 3721 562 dicit
3744 529 3755 561 :

2233 603 2252 636 ι
2291 585 2402 656 Ego
2432 601 2549 640 sum
2595 587 2682 641 via
2717 587 2900 645 (Joan.
2927 591 3060 660 XIV).
3085 609 3104 641 ι
3140 590 3242 656 Qui
3273 592 3436 646 etiam
3467 594 3518 648 in
3545 595 3650 666 ipso
3670 614 3758 656 sum

2229 677 2496 746 passionis
2519 678 2745 733 articulo
2771 695 2830 734 se
2875 696 3056 752 regem
3082 683 3349 751 perhibet,
3381 700 3500 740 cum
3526 689 3628 742 ait:
3656 709 3673 742 ι
3697 692 3759 746 Tu

2229 769 2367 823 dicis
2393 766 2574 836 :'Quia
2607 785 2703 824 rex
2725 787 2846 826 sum
2873 788 2972 842 ego
3002 772 3056 844 (1
3063 791 3185 828 oan.
3209 777 3386 847 xvm).
3408 797 3426 830 ι
3457 777 3760 841 Promisimus

2228 873 2358 930 ergo
2405 862 2640 931 superbo
2695 863 2808 932 regi
2859 862 3001 918 Seon
3030 863 3146 932 ejus
3199 866 3400 921 ﬂuenta
3448 885 3548 924 non
3590 872 3758 941 bibere,

2230 964 2337 1004 non
2391 950 2445 1004 in
2497 966 2658 1021 agros
2704 953 2791 1007 vel
2833 953 3021 1010 vineas
3063 955 3358 1024 declinare,
3396 961 3538 1031 regia
3585 963 3659 1018 via
3684 980 3759 1021 nos

2230 1038 2503 1106 incedere,
2531 1041 2634 1097 hoc
2681 1051 2785 1106 est,
2834 1045 2903 1099 ad
2954 1044 3229 1102 Christum
3264 1063 3363 1118 per
3397 1050 3566 1121 ipsum
3606 1069 3759 1126 prope-

2230 1142 2432 1198 rantes,
2463 1133 2532 1188 ab
2551 1135 2802 1190 omnibus
2826 1138 3024 1193 diaboli
3052 1141 3264 1210 pompis
3290 1151 3356 1198 eL
3370 1143 3615 1212 operibus
3637 1148 3762 1218 17o

2237 1230 2531 1286 abstinere.
2564 1231 2670 1287 Sed
2697 1231 2874 1288 elatus
2904 1233 2991 1288 ille
3016 1233 3160 1290 Seon
3187 1237 3487 1292 exercitum
3508 1239 3762 1310 colligit,ct

2230 1321 2390 1378 Israel
2421 1338 2517 1394 per
2538 1340 2664 1380 suos
2686 1324 2817 1382 lines
2843 1325 3045 1384 habere
3072 1330 3357 1384 transitum
3391 1345 3496 1384 non
3524 1331 3756 1400 permittit.

2301 1413 2431 1482 Quis
2451 1424 2531 1471 est
2559 1427 2738 1473 autem
2766 1418 2994 1488 populus
3041 1419 3130 1476 ille
3167 1435 3328 1491 quem
3357 1422 3498 1475 Seon
3521 1434 3760 1494 congregat

2231 1505 2496 1563 adversus
2547 1507 2738 1574 Israel,
2801 1509 2905 1564 nisi
2956 1510 3168 1580 reprobi
3211 1513 3436 1584 quique,
3485 1513 3571 1582 qui
3618 1528 3759 1582 perse-

2230 1609 2474 1670 quuntur
2504 1600 2846 1658 Ecelesiam?
2877 1602 2952 1656 Ex
3004 1602 3089 1658 his
3115 1614 3239 1658 sunt
3274 1605 3517 1676 tyranni,
3543 1605 3683 1660 duces
3711 1621 3758 1660 ac

2228 1690 2501 1762 principes
2528 1688 2860 1761 mundiﬂpti
2905 1692 2989 1746 vel
3013 1692 3297 1749 catholicis
3323 1695 3456 1749 viris
3496 1710 3585 1765 per
3622 1697 3757 1749 haere-

543 1789 636 1859 qui
672 1784 920 1856 discipuli
982 1796 1170 1836 sumus
1220 1778 1362 1832 illius
1405 1777 1503 1846 qui.
1533 1791 1639 1830 non
1691 1773 1980 1838 habitavit,
2025 1771 2123 1827 sed

2230 1783 2391 1838 ticam
2435 1785 2755 1854 pravitatem
2803 1796 3080 1856 opponunt
3134 1788 3580 1844 contradictionis
3617 1789 3758 1843 obsta-

542 1877 894 1950 pertransivit
932 1870 1321 1929 benefaciendo
1347 1909 1363 1934 ,
1393 1877 1460 1945 let
1510 1867 1753 1922 sanando
1792 1879 1980 1919 omnes
2023 1876 2123 1933 op-

541 1985 762 2042 pressos
793 1985 823 2022 a
856 1964 1070 2021 diabolo
1095 1964 1235 2034 (Act.
1270 1960 1349 2031 δ),
1399 1958 1653 2028 quoniam
1683 1957 1826 2012 Deus
1849 1964 1969 2010 erat
2005 1969 2127 2008 cum

545 2063 641 2118 illo
666 2078 681 2128 ξ
715 2072 990 2129 nunquam
1021 2070 1121 2109 nos
1158 2052 1496 2106 habitaturus
1523 2064 1644 2104 cum
1684 2047 1827 2103 Seon
1855 2062 1982 2118 rege
2004 2061 2129 2116 pro-

547 2155 838 2217 mittimus,
887 2149 982 2205 sed
1028 2147 1112 2202 via
1165 2143 1536 2198 tantummodo
1583 2142 1734 2210 regia
1773 2152 2128 2210 processuros

545 2264 645 2316 nos
674 2260 794 2300 esse
824 2241 1171 2314 spondemus.
1209 2234 1316 2290 Sed
1337 2234 1552 2304 quando
1582 2247 1682 2287 nos
1717 2231 1827 2300 regi
1857 2229 1997 2284 Seon
2024 2229 2126 2284 ista

545 2333 939 2408 promisimus?
976 2329 1201 2400 Quando
1237 2323 1628 2381 cohabitationi
1677 2319 1793 2390 ejus
1843 2319 2122 2390 repudium

548 2430 815 2492 dedimus,
849 2418 1390 2497 quandoldivisienis
1429 2425 1648 2472 aeterna:
1689 2414 1864 2470 [tedas
1893 2429 2015 2469 cum
2059 2429 2125 2470 eo

545 2524 690 2593 pacti
711 2535 918 2576 sumus.

620 2615 942 2671 Itecolantus
985 2611 1169 2680 itaque
1195 2608 1336 2664 diem
1363 2605 1506 2662 sacri
1545 2602 1906 2675 baptismatis,
1947 2600 2124 2671 ipsum

547 2723 699 2768 nova:
727 2690 1150 2776 regenerationis
1195 2698 1475 2755 exordium
1506 2696 1574 2750 ad
1617 2693 1936 2750 memoriam
1966 2694 2124 2747 redu-

544 2814 776 2864 camus;
807 2805 862 2852 et
890 2796 962 2850 ibi
991 2808 1090 2848 nos
1116 2790 1308 2862 procul
1335 2789 1499 2843 dubio
1539 2785 1878 2841 renuntiasse
1911 2781 2124 2838 diabolo

548 2908 614 2946 ac
660 2887 869 2944 cunctis
926 2886 1044 2956 ejus
1094 2881 1304 2954 pompis
1353 2891 1410 2935 et
1459 2879 1714 2948 operibus
1765 2875 2121 2931 inveniemus.

550 2983 950 3036 Commemoret
972 2974 1343 3042 unusquisque
1385 2969 1620 3024 ﬁdelium
1653 2982 1774 3022 cum
1798 2967 2032 3036 primum
2057 2965 2125 3019 ad

548 3074 754 3127 fontem
804 3068 1004 3122 lavacri
1049 3064 1303 3121 salutaris
1361 3061 1627 3123 accessit,
1675 3073 1804 3114 cum
1847 3055 2122 3127 signacula

2231 1873 2373 1940 cuia,
2408 1874 2492 1928 vel
2515 1875 2719 1930 sanctis
2748 1875 3080 1946 martyribus
3120 1876 3418 1931 moliuntur
3464 1877 3648 1933 inferre
3677 1886 3757 1933 tor-

2229 1974 2432 2020 menta.
2466 1964 2572 2021 Sed
2605 1965 2732 2035 quid
2763 1965 2828 2019 ad
2853 1968 2969 2020 tunc
2999 1965 3131 2022 facit
3172 1951 3384 2021 Israel?
3416 1967 3758 2038 lnterrogennis

2229 2055 2573 2110 historiam:
2615 2056 2795 2121 Venit,
2829 2055 3024 2124 inquit,
3076 2056 3130 2110 in
3156 2055 3334 2111 Issaar
3385 2055 3578 2128 [Jasa],
3619 2065 3756 2125 etpu~

2227 2147 2412 2216 gnavit
2433 2155 2622 2200 contra
2646 2160 2789 2200 eum.
2815 2147 2856 2198 A
2887 2160 2994 2216 quo
3017 2161 3305 2216 percussus
3334 2155 3420 2202 est
3457 2145 3593 2202 Seon
3617 2147 3661 2199 in
3687 2159 3758 2201 ore

2228 2234 2391 2301 gladii
2424 2253 2438 2290 :
2481 2245 2532 2290 et
2588 2251 2837 2305 possessa
2867 2244 2950 2289 est
2999 2244 3140 2289 terra
3171 2233 3286 2304 ejus
3313 2237 3384 2290 ab
3427 2234 3602 2290 Arnen
3628 2249 3757 2303 usque

2224 2323 2443 2379 Laboch
2475 2323 2684 2397 [Jeboc]
2732 2324 2923 2395 (Num.
2947 2324 3085 2395 XXI).
3110 2345 3128 2376 ι
3168 2325 3307 2380 Ecce
3337 2325 3617 2396 superbus,
3657 2337 3752 2378 ecce

2224 2415 2403 2471 elatus
2454 2431 2779 2486 congressus
2823 2424 2926 2480 est,
2980 2415 3076 2470 sed
3123 2417 3394 2472 contritus
3435 2415 3682 2471 commisit
3715 2423 3755 2466 et

2225 2507 2500 2577 perdidit;
2531 2507 2583 2561 in
2625 2521 2776 2560 arma
2806 2505 3056 2576 prosiluit
3089 2516 3144 2563 et
3167 2508 3476 2563 succubuit.
3501 2507 3595 2573 Qui
3621 2505 3752 2560 noluit

2225 2601 2357 2655 dare
2381 2601 2544 2664 viam,
2569 2600 2802 2670 perdidit
2827 2600 2988 2653 vitam
3017 2616 3031 2665 ;
3083 2609 3137 2653 et
3162 2601 3289 2655 dum
3329 2599 3644 2669 contempsit
3682 2613 3755 2650 an-

2227 2707 2395 2746 nuere
2431 2691 2659 2763 publica:
2691 2691 2790 2745 via:
2824 2691 3128 2756 transitum,
3172 2692 3358 2747 amisit
3401 2692 3657 2762 proprium
3694 2704 3755 2744 rc-

2229 2781 2363 2852 galis
2385 2780 2568 2851 gloria:
2604 2779 2988 2850 principatum.
3027 2779 3191 2834 Israel
3241 2791 3449 2847 autem,
3491 2780 3578 2849 qui
3619 2790 3756 2831 tratu-

2228 2871 2364 2926 itum
2394 2886 2499 2926 non
2530 2870 2786 2938 obtinuit,
2817 2871 2881 2924 ad
2910 2870 3263 2924 haereditaria:
3307 2869 3650 2941 possessionis
3663 2868 3754 2938 jura

2225 2963 2473 3035 pervenit
2501 2979 2517 3032 ;
2555 2972 2608 3019 et
2633 2962 2720 3018 cui
2753 2962 2986 3018 transire
3023 2978 3131 3018 non
3164 2962 3334 3030 licuit,
3371 2963 3438 3019 de
3466 2963 3548 3016 via
3571 2961 3753 3031 patriam

2227 3057 2376 3114 fecit.

549 3166 674 3222 tidei
703 3163 877 3234 prima
913 3158 1172 3227 suscepit.
1227 3154 1415 3210 Nonne
1459 3168 1558 3224 per
1601 3150 1989 3206 catechismum
2037 3162 2122 3242 sa-
2151 3137 2196 3201 C
2300 3170 2407 3227 Sed
2435 3171 2548 3238 ubi,
2572 3187 2777 3242 quaeso,
2818 3171 3013 3226 fratres
3038 3188 3166 3239 mel,
3189 3173 3279 3228 ubi
3321 3173 3442 3228 ωηο
3478 3182 3556 3228 εει
3582 3179 3752 3241 peram

549 3254 842 3313 cerdotalis
869 3250 1030 3307 otlicii
1078 3250 1164 3304 bis
1213 3261 1342 3302 usus
1395 3255 1480 3300 est
1511 3244 1691 3304 verbis
1719 3242 1916 3314 quibus
1966 3255 2025 3294 se
2053 3240 2125 3293 si-

547 3348 834 3420 gniﬁcaret
861 3342 1101 3398 letiferas
1128 3337 1313 3393 mundi
1336 3334 1495 3405 hujus
1518 3334 1844 3405 cupiditates
1868 3331 2122 3403 abjicere,

550 3453 616 3493 ac
661 3433 942 3491 diabolica:
994 3428 1272 3486 societatis
1318 3424 1735 3482 contubernium
1781 3426 2126 3495 protiteretur

551 3551 582 3586 a
613 3544 671 3586 se
698 3527 944 3582 funditus
971 3520 1266 3578 abdicare?
1308 3519 1376 3574 Et
1416 3519 1518 3572 hoc
1555 3516 1808 3586 estquod
1853 3515 1907 3569 in
1955 3514 2124 3568 histo-

549 3623 647 3676 ria:
670 3616 1012 3674 sermonibus
1040 3610 1412 3673 adumbratur,
1444 3608 1570 3678 quia
1618 3623 1725 3662 non
1774 3604 2008 3660 declinet
2054 3605 2129 3659 Is-

546 3711 663 3767 rael
689 3724 864 3778 neque
897 3707 950 3762 in
984 3719 1172 3776 agrum
1211 3701 1354 3773 regis
1383 3699 1546 3764 Seon,
1575 3712 1750 3767 neque
1799 3697 1853 3752 in
1890 3697 2124 3760 vineam,

547 3821 724 3876 neque
749 3803 821 3856 (de
873 3801 993 3854 lacu
1025 3798 1141 3868 ejus
1175 3811 1234 3851 se
1278 3793 1564 3863 pollicetur
1615 3791 1796 3860 aliquo
1844 3790 2003 3842 modo
2031 3802 2125 3857 po--

549 3905 807 3950 laturum.
859 3889 964 3944 Per
1020 3901 1209 3959 agrqu
1253 3883 1480 3948 scilicet,
1537 3881 1721 3951 operis
1775 3877 2116 3942 exercitium;

545 3998 644 4052 per
698 3982 908 4036 vincam
953 3987 1009 4032 et
1055 3976 1261 4040 lacum,
1294 3987 1556 4027 vanarum
1583 3970 1778 4024 artium
1807 3965 2124 4036 intelligitur

546 4070 801 4141 poculum
827 4085 842 4134 ;
880 4065 1189 4134 astrologia:
1218 4062 1446 4126 scilicet,
1479 4060 1686 4129 magne,
1717 4056 2120 4121 necromantiae,

548 4171 606 4217 et
628 4157 888 4230 quidquid
916 4164 1002 4210 est
1050 4153 1193 4223 quod
1223 4167 1418 4204 vanum
1459 4150 1661 4218 aliquid
1692 4148 1772 4203 vel
1802 4147 2124 4215 sacrilegum

549 4248 880 4321 dogtnatizat
935 4252 1122 4298 contra
1187 4240 1469 4294 catholica:
1530 4237 1656 4291 tidei
1717 4237 1995 4306 pietatem.
2048 4235 2125 4289 De

545 4343 743 4412 quibus
775 4339 957 4407 utique
1004 4330 1379 4404 pestilentibus
1427 4327 1632 4399 poculis
1664 4335 1853 4381 contra
1904 4341 2127 4394 perver-

546 4429 943 4502 smnpOpulum
990 4441 1085 4498 per
1113 4424 1403 4480 Jeremiam
1452 4421 1710 4475 Dominus
1751 4419 2120 4488 conqueritur,

2227 3262 2501 3318 victoria?
2527 3262 2676 3317 Felix
2707 3262 2915 3318 sci:icet
2960 3261 3132 3329 locus,
3159 3263 3249 3333 qui
3275 3271 3446 3318 tanta:
3485 3262 3650 3335 gloria:
3671 3273 3754 3312 me-

2229 3353 2339 3407 ruit
2365 3353 2549 3408 videre
2579 3353 2946 3423 triumphum!
2982 3352 3106 3420 Ubi,
3137 3355 3378 3423 inquam,
3407 3352 3673 3424 superbum
3693 3362 3756 3401 re-

2227 3456 2346 3514 gem
2377 3443 2612 3498 obtinuit
2637 3442 2803 3498 Israel
2830 3443 2854 3496 ἳ
2884 3443 2941 3497 Ιιι
2982 3441 3178 3497 Issaar.
3225 3442 3406 3498 lssaar
3435 3452 3602 3496 autem
3627 3438 3756 3491 inter-

2227 3543 2471 3602 pretatur
2495 3533 2736 3587 mandati
2762 3531 3082 3603 adimpletio.
3103 3532 3169 3586 Et
3189 3547 3288 3587 nos
3309 3532 3353 3588 si
3374 3533 3593 3587 adhunc
3615 3528 3754 3582 locum

2229 3622 2338 3678 Deo
2375 3625 2511 3680 duce
2533 3624 2913 3695 pertingimus,
2943 3623 3213 3678 diabolum
3261 3623 3454 3693 procul
3490 3621 3654 3682 dubio,
3685 3615 3754 3684 qui

2227 3725 2386 3785 caput
2405 3724 2490 3770 est
2515 3723 2569 3770 et
2596 3715 2748 3786 origo
2772 3715 3056 3786 superbite,
3086 3730 3427 3786 superamus.
3459 3713 3602 3767 Tunc
3637 3708 3751 3763 enim

2227 3805 2498 3872 diabolum
2529 3806 2814 3873 vincimus,
2864 3823 2988 3861 cum
3042 3807 3424 3876 Redemptoris
3454 3801 3612 3859 nostri
3638 3813 3753 3851 man-

2228 3893 2352 3948 data
2394 3895 2749 3965 complemus.
2797 3893 3150 3967 Quanquam,
3209 3895 3351 3966 quod
3398 3904 3482 3951 est
3525 3889 3753 3948 diabolum

2226 3986 2466 4051 vincere,
2496 3988 2615 4056 hoc
2659 3988 2834 4059 ipsum
2875 3990 2942 4043 sit
2976 3989 3158 4043 divina
3211 3989 3465 4043 mandata
3509 3983 3751 4053 complere.

2228 4073 2385 4142 Nam,
2416 4077 2543 4130 dum
2572 4080 2754 4134 carnis
2781 4078 3067 4134 illecebras
3092 4078 3392 4150 frangimus
3419 4095 3433 4145 ;
3465 4079 3585 4132 dum
3609 4072 3754 4145 pravis

2227 4168 2497 4223 viscerum
2531 4171 2873 4240 passionibus
2922 4171 3274 4238 reluctamur,
3314 4173 3442 4227 dum
3469 4171 3647 4226 divina:
3667 4164 3753 4234 ius-

2227 4259 2398 4314 sionis
2441 4262 2668 4330 imperio
2703 4263 3001 4328 subdimur,
3051 4272 3238 4318 etnon
3284 4273 3467 4319 nostra
3516 4272 3644 4324 vota,
3680 4255 3752 4310 sed

2228 4351 2370 4406 illius
2400 4351 2552 4419 jnssa
2612 4369 2889 4409 servamus
2918 4394 2934 4420 ,
2979 4365 3107 4409 tunc
3155 4355 3360 4424 absque
3408 4353 3564 4408 dubio
3605 4343 3751 4404 mundi

2229 4444 2527 4514 principem
2555 4452 2609 4497 et
2653 4446 2816 4500 totius
2862 4446 3118 4515 nequitia:
3143 4445 3477 4501 debellamus
3500 4450 3750 4497 auctorem-

548 4527 735 4580 uicens
762 4541 774 4575 :
806 4540 824 4573 ι
855 4521 969 4574 Duo
999 4517 1138 4573 mala
1188 4516 1323 4608 fecit
1344 4513 1573 4608 populus
1606 4527 1774 4608 ‘meus
1802 4527 1942 4608 ante
1962 4512 2124 4608 dere—
2149 4504 2202 4564 Ι)
2230 4534 2379 4593 Tunc
2405 4504 2698 4606 δροδιοιίω
2731 4537 2818 4590 ma
2857 4504 3031 4592 ("alio
3062 4539 3360 4608 completur
3395 4538 3447 4590 in
3490 4533 3644 4595 nobis,
3668 4543 3749 4598 qua

546 4619 844 4687 liquerunt,
871 4610 1073 4665 fontem
1099 4622 1253 4677 aqua:
1278 4607 1431 4670 vivaa,
1455 4615 1510 4660 et
1531 4603 1784 4659 foderunt
1802 4603 1902 4657 sibi
1927 4602 2122 4656 cister-

549 4723 668 4771 nas,
701 4706 965 4760 cisternas
1010 4701 1319 4768 dissipatas,
1352 4711 1470 4767 quae
1496 4696 1774 4751 continere
1811 4709 1918 4748 non
1945 4694 2126 4748 valent.

551 4797 877 4866 aquas,(.ler.
903 4794 1024 4863 11).»
1061 4794 1138 4849 De
1185 4791 1382 4862 quibus
1431 4802 1486 4844 et
1530 4801 1629 4859 per
1676 4787 2018 4843 Salomonem
2045 4785 2125 4842 di-

549 4891 692 4944 citur
721 4905 732 4939 :
764 4907 781 4937 ι
809 4886 975 4956 Aqua:
1006 4883 1220 4941 furtiva:
1248 4881 1541 4949 dulciores.
1563 4887 1690 4934 sunt
1727 4877 1910 4950 (Prov.
1937 4877 2072 4948 vnt).
2097 4895 2116 4930 ι

550 4978 726 5033 lIahet
750 4984 929 5030 autem
972 4974 1139 5030 Israel
1167 4975 1344 5030 fontes
1382 4988 1528 5028 suos.
1563 4993 1580 5024 ι
1621 4972 1678 5026 In
1729 4972 2008 5037 Ecelesiis,
2039 4971 2120 5026 in-

553 5068 706 5137 quit,
760 5052 1059 5120 benedicite
1114 5066 1226 5124 Deo
1273 5065 1502 5120 Domino
1549 5065 1616 5121 de
1664 5065 1904 5120 fontibus
1953 5064 2120 5120 Israel

552 5155 728 5216 (Paul.
784 5158 972 5216 uvn).
1008 5177 1026 5208 ›
1091 5156 1318 5216 Superbi
1370 5172 1501 5216 ergo
1561 5157 1702 5216 regis
1765 5158 1906 5212 Seon
1953 5173 2121 5216 aquas

2229 4625 2422 4680 dicitur
2450 4644 2463 4680 :
2503 4645 2520 4677 ι
2557 4626 2695 4681 Deus
2737 4637 2917 4680 autem
2949 4627 3098 4696 pacis
3126 4637 3374 4682 conterat
3405 4627 3644 4680 Satanam
3675 4616 3751 4672 sub

2226 4714 2454 4784 pedibus
2484 4716 2680 4770 vestris
2711 4715 2932 4786 (NonL).
2968 4736 2985 4767 ι
3018 4717 3084 4770 Et
3127 4718 3259 4773 illud
3308 4717 3463 4772 nobis
3514 4711 3747 4769 Dominus,

2226 4806 2368 4872 quod
2407 4805 2680 4874 promisit,
2733 4806 3018 4875 impertit:
3059 4827 3075 4857 ι
3109 4806 3248 4861 Ecce
3298 4807 3420 4861 dedi
3449 4803 3593 4858 vobis
3631 4805 3749 4868 pote-

2224 4903 2420 4949 statem
2473 4895 2716 4950 calcandi
2761 4911 2922 4966 supra
2954 4906 3234 4966 serpentes
3275 4905 3330 4950 et
3379 4891 3748 4962 scorpiones,el

2227 5001 2389 5055 super
2412 5001 2626 5040 omnem
2671 4987 2925 5041 virtutem
2963 4987 3188 5052 inimici,
3231 4997 3286 5040 et
3328 4985 3458 5040 nihil
3496 4981 3632 5037 vobis
3672 4989 3748 5029 no-

2227 5076 2370 5130 cebit
2392 5073 2542 5147 tLuc.
2570 5077 2649 5140 ι).
2675 5097 2692 5130 ι
2735 5077 2840 5132 Sed
2878 5093 3000 5132 cum
3046 5077 3188 5132 Seon
3213 5078 3478 5146 exprimat
3510 5074 3746 5137 antiquum

2228 5167 2459 5216 hostem.
2490 5169 2718 5216 nonulus
2771 5177 2951 5216 autem
2983 5169 3100 5216 eius
3122 5181 3363 5216 nixosuue
3406 5162 3659 5216 reprobOS.
3682 5151 3748 5207 τοι
