3946 5368
175 185 268 242 685

1545 175 1776 234 SEIUIO
1831 177 2062 235 XXXIII.

3318 193 3420 246 [586

175 296 306 352 υιιιιιὶ
331 293 508 362 gladio
527 290 770 361 ancipiti,
800 291 1304 362 pertingcnsusque
1324 291 1390 344 ad
1419 291 1737 344 divisionem
1768 299 1814 356 Α
1843 293 1986 360 quod
2015 292 2400 362 interpretatur
2434 293 2713 348 luctamen.
2751 293 2982 350 Necesse
3016 309 3096 352 est
3128 300 3270 355 enim
3305 321 3420 356 Olli-

174 387 352 441 animae
401 397 464 437 ac
493 381 732 453 Spiritus.
777 396 1096 453 compagum
1131 395 1346 450 quoque
1391 387 1444 434 et
1473 378 1734 434 medulla-

173 493 296 532 rum.
330 483 382 528 et
426 473 692 528 discretor
723 472 1114 542 cogitationum
1143 479 1198 524 et
1233 471 1595 524 iutentionum
1619 485 1732 524 cor-

171 571 247 622 dis
271 565 450 636 (Hebr.
479 563 575 634 Iv).
603 583 622 615 ι
661 549 1124 618 ΙΙυηεᾘίγὶδίοηίε
1155 561 1388 633 gladium
1411 561 1732 632 evaginabat

173 661 266 713 dux
286 666 338 710 et
381 665 573 710 auctor
599 654 690 708 ille
719 653 1102 719 certaminum,
1150 669 1213 707 ac
1261 652 1514 706 dominus
1557 653 1732 706 bella-

171 757 348 806 torum,
375 759 500 797 cum
531 743 746 798 dicebat
777 759 790 795 :
821 760 840 793 ε
883 741 1058 796 Nolite
1085 751 1278 812 putare
1303 741 1428 810 quia
1459 741 1580 795 veni
1613 741 1735 794 mit-

131 871 148 894 .
173 847 272 890 tere
293 848 478 903 pacem
501 833 554 888 in
577 843 800 888 terram.
834 831 950 888 Non
971 833 1120 888 enim
1138 833 1260 888 veni
1286 847 1472 904 pacein
1495 833 1728 896 mittere,

169 927 250 982 sed
273 925 502 996 gladium
539 923 756 994 (Matth.
781 923 858 990 κ).
897 943 916 977 ι

227 1013 426 1068 Audisti
477 1012 714 1082 gladium
761 1013 1112 1079 dividentem,
1167 1013 1290 1069 audi
1339 1021 1734 1084 consequenter

171 1113 220 1158 et
259 1103 420 1172 ipsam
451 1103 808 1158 divisionem:
861 1119 880 1154 ι
915 1102 1071 1167 Veni,
1121 1103 1315 1174 inquit,
1353 1119 1605 1174 separare
1635 1105 1732 1159 ho-

167 1192 346 1246 minem
381 1191 644 1246 adversus
698 1202 905 1261 patrem
957 1208 1134 1257 suum,
1179 1203 1232 1248 et
1265 1195 1428 1248 ﬁliam
1473 1195 1732 1250 adversus

168 1293 372 1339 matrem
425 1297 607 1346 suam,
657 1291 714 1336 ει
769 1299 962 1338 nurum
1008 1286 1268 1342 adversus
1300 1301 1512 1340 SOCl'lllll
1552 1303 1728 1356 suam,

165 1385 208 1428 et
235 1373 424 1428 inimici
455 1373 692 1427 hominis
727 1373 1008 1430 domestici
1037 1377 1154 1445 ejus
1194 1375 1402 1447 (Ibid).
1435 1395 1452 1426 ι
1489 1375 1601 1430 lloc
1625 1377 1730 1430 ita-

169 1481 256 1537 que
279 1465 450 1534 gladio
501 1473 560 1518 et
617 1463 759 1518 Seon
789 1475 874 1519 est
921 1477 1249 1535 peremptus,
1296 1477 1350 1520 et
1406 1468 1584 1522 omnis
1611 1467 1728 1535 ejus

167 1557 408 1610 exercitus
441 1556 600 1625 171
635 1555 906 1610 connuuni
934 1557 1080 1610 caede
1125 1566 1446 1626 prostratus.
1486 1557 1622 1624 Quia
1647 1558 1728 1612 ni-

1837 399 1934 438 nes
1961 385 2050 454 qui
2085 385 2271 438 volunt
2308 386 2458 440 exire
2488 386 2552 438 de
2591 401 2756 456 regno
2797 387 2992 442 diaboli
3041 398 3097 444 et
3129 389 3250 460 ejus
3285 393 3420 450 ﬁnes

1833 473 2083 536 evadere,
2131 475 2485 528 tentatiouum
2537 477 2898 546 ingruentium
2943 483 3242 536 certamina
3283 485 3420 542 Iole-

1835 579 1977 618 rare.
2005 565 2158 632 Quod
2187 569 2232 620 si
2275 567 2559 636 quisquam
2607 569 2846 638 icgitime
2895 575 3208 639 certaverit,
3255 587 3310 632 et
3338 579 3418 634 vi-

1833 655 2008 710 riliter
2051 657 2358 711 obluctatus
2399 658 2640 722 eviccrit,
2671 657 2783 726 jam
2811 675 2920 714 non
2947 663 3052 716 erit
3089 663 3302 721 Laboch
3332 670 3414 722 cio

1832 745 1972 800 vitas
2028 744 2192 810 Seon,
2247 748 2342 800 sed
2395 747 2588 802 civitas
2643 749 2839 815 Israel;
2895 767 3002 806 non
3059 755 3268 810 scilicet
3317 757 3413 827 qui

1833 837 1886 893 in
1925 853 2092 893 carne
2127 839 2195 892 sit
2223 839 2426 904 Israel;
2461 855 2560 894 nec
2598 841 2650 894 in
2699 843 2986 900 manili-sto
3022 845 3238 902 indutus
3267 867 3281 914 ;
3316 855 3412 906 sed

1831 927 1920 998 qui
1966 929 2018 982 in
2063 927 2278 982 Christo
2329 929 2400 982 sit
2453 929 2636 996 Israel,
2685 931 3037 988 circumcisus
3077 936 3258 1004 corde,
3307 955 3414 994 non

1831 1035 2014 1076 carne.

1905 1110 2026 1166 Ilaec
2049 1109 2221 1176 vobis,
2257 1110 2452 1165 fratres
2470 1111 2800 1180 charissimi,
2823 1115 2976 1184 quasi
3003 1131 3098 1187 per
3125 1133 3410 1174 excessum

1831 1200 2084 1267 diximus,
2135 1213 2192 1256 ut
2221 1203 2498 1272 spirituale
2531 1214 2804 1260 certamen
2837 1207 2890 1260 in
2921 1223 3028 1277 quo
3058 1208 3118 1264 Β.
3161 1211 3410 1268 Christo-

1830 1294 2034 1362 phorns
2061 1295 2290 1363 insignis
2343 1295 2707 1366 triumphator
2733 1297 2948 1364 enituit,
2993 1299 3156 1354 etiam
3202 1317 3298 1371 per
3326 1319 3410 1358 sa-

1831 1401 1938 1440 crae
1965 1387 2207 1441 historia:
2257 1389 2569 1459 mysterium
2615 1391 2926 1444 doceamus.
2959 1390 3070 1446 Nec
3099 1392 3259 1448 debet
3306 1395 3409 1448 mi.

1831 1492 1948 1530 rum
1981 1479 2152 1532 videri
2205 1482 2248 1533 si
2299 1495 2468 1534 sacra:
2505 1495 2696 1551 pugna:
2739 1465 3098 1538 describimus
3145 1486 3410 1546 ordinem.

1830 1571 1920 1638 qui
1971 1579 2252 1625 strenuum
2305 1571 2526 1628 laudare
2573 1573 2818 1643 cupimus
2867 1585 3242 1644 pugnatorem.
3293 1579 3412 1648 Ipse

169 1645 338 1699 mirum
357 1645 538 1715 gladio
571 1646 817 1716 spiritus,
845 1647 988 1715 quod
1011 1654 1094 1702 est
1121 1645 1342 1700 verbum
1375 1647 1468 1702 Dei
1501 1647 1716 1718 (Ephes.
1747 1649 1796 1708 Β
1823 1660 2098 1728 nimirum,
2133 1671 2386 1732 tanquam
2430 1679 2592 1718 verus
2643 1674 2698 1718 et
2737 1664 2892 1720 fortis
2925 1666 3192 1730 Israelita,
3241 1645 3411 1740 mg..-

169 1741 251 1808 γι),
271 1749 322 1794 et
369 1738 617 1794 diabolus
669 1741 902 1804 corruit,
931 1747 988 1794 et
1043 1737 1320 1807 subjectus
1361 1739 1460 1792 sibi
1493 1740 1722 1810 pupulas

172 1834 228 1884 ab
251 1831 576 1886 inﬁdelitatis
627 1847 738 1886 sua:
787 1832 898 1884 vita
925 1830 1144 1886 defecit.
1178 1829 1314 1885 Cum
1345 1831 1526 1900 itaque
1575 1832 1722 1887 Scri-

173 1931 304 1991 ptura
348 1923 631 1992 perhibent
657 1923 798 1991 quod
827 1923 899 1976 illi
941 1923 994 1976 in
1019 1939 1114 1978 ore
1145 1923 1308 1994 gladii
1359 1933 1720 1996 suntperem-

173 2014 272 2081 pti;
305 2013 366 2066 de
417 2013 536 2066 istis
589 2029 699 2068 non
737 2013 1031 2083 incongrue
1077 2015 1185 2068 dici
1241 2024 1420 2085 potest
1463 2017 1720 2086 quoniam

176 2101 410 2155 interfecti
441 2111 568 2155 sunt
601 2102 782 2172 gladio
820 2103 952 2156 oris.
995 2103 1060 2156 Et
1098 2119 1220 2158 cum
1250 2105 1506 2158 Dominus
1527 2104 1673 2160 dicat
1705 2123 1718 2158 :

177 2209 193 2240 ι
218 2190 333 2256 Quia
371 2191 624 2259 princeps
655 2192 836 2245 mundi
873 2193 1118 2260 ejicietur
1145 2195 1289 2249 foras
1337 2194 1518 2265 (Joan.
1541 2197 1659 2265 xu),
1699 2213 1718 2247 ›

177 2297 276 2334 mox
301 2291 356 2334 ut
379 2281 520 2335 Seon
547 2283 786 2351 ejicitur.
819 2281 962 2337 illico
1005 2299 1102 2352 per
1128 2301 1344 2339 omnem
1387 2286 1570 2340 mtmdi
1603 2285 1722 2339 ι.ιιί-

178 2369 382 2424 tudincm
429 2370 617 2436 Israel,
655 2373 706 2426 id
741 2385 843 2438 est,
873 2384 1058 2426 sancta
1101 2373 1340 2428 Ecclesia
1371 2383 1716 2446 propagatur.

179 2461 277 2516 llo:
301 2462 434 2516 ettirn
489 2473 548 2516 ut
581 2479 704 2518 cum
737 2464 981 2534 principe
1011 2479 1112 2518 suo
1141 2464 1426 2520 inﬁdelitas
1453 2468 1724 2520 exstincta
1761 2463 1772 2504 τ

180 2551 444 2616 collabitur,
475 2553 614 2608 ﬁdes
644 2554 1024 2624 triumphantis
1053 2555 1310 2610 Ecclesia:
1337 2555 1612 2610 dilatatur.
1657 2557 1724 2610 Et

179 2645 254 2712 qui
297 2643 496 2698 fuerant
541 2655 774 2701 eatenus
801 2646 1037 2710 exsules,
1089 2646 1224 2700 ﬁunt
1269 2655 1390 2717 post
1437 2648 1722 2702 victoriam

181 2749 502 2802 possessores.
557 2732 716 2789 Unde
765 2745 822 2790 et
873 2737 1046 2791 eidem
1093 2736 1350 2792 Ecclesiae
1397 2753 1494 2808 per
1528 2739 1722 2792 Isaiam

181 2823 386 2877 dicitur:
419 2843 436 2875 ι
469 2822 706 2893 Populus
733 2834 910 2880 autem
941 2835 1084 2892 tuus,
1113 2843 1302 2882 omnes
1327 2827 1482 2896 justi,
1517 2829 1570 2882 in
1602 2844 1722 2898 per-

179 2924 368 2981 petuum
413 2915 810 2970 hmreditabunt
835 2925 1034 2971 terram
1067 2917 1200 2988 (Isa.
1237 2921 1382 2990 va).
1436 2938 1454 2971 ι
1497 2919 1572 2974 De
1613 2933 1722 2988 quo

180 3005 344 3074 populo
389 3015 442 3059 et
479 3007 824 3076 postmodt-nn
879 3008 1050 3062 dicit:
1099 3026 1116 3058 ι
1164 3008 1231 3062 Ει
1281 3009 1619 3074 habitabant,
1666 2998 1792 3063 etC

178 3097 468 3163 planlabunt
526 3100 756 3162 vineas,
803 3109 858 3153 et
923 3100 1210 3154 comedent
1269 3099 1479 3155 fructus
1535 3115 1720 3154 earnm

183 3187 360 3258 (Ibid).
387 3209 404 3240 ι
437 3191 630 3244 Adhuc
666 3191 828 3245 etiam
879 3190 1020 3246 idem
1049 3193 1334 3264 propheta,
1363 3194 1506 3262 quod
1535 3203 1722 3247 saneta

182 3279 312 3332 debet
337 3279 571 3334 Ecclesia
601 3295 698 3350 per
748 3281 881 3334 lines
907 3283 1148 3350 gentium
1178 3283 1414 3348 dilatari,
1441 3281 1723 3339 manifeste

182 3369 464 3426 denuntiat:
522 3391 540 3423 ι
575 3373 778 3437 Dilata,
827 3372 1022 3441 inquit,
1061 3373 1238 3428 locum
1285 3374 1500 3428 tentorii
1534 3375 1634 3441 tui,
1669 3385 1724 3430 et

183 3465 320 3532 pelles
345 3467 812 3520 tabernaculorum
847 3475 1058 3520 tuorum
1093 3468 1356 3531 extende;
1393 3482 1461 3520 ne
1493 3483 1716 3537 parcas;

183 3553 338 3623 longos
378 3554 460 3610 fac
498 3555 768 3610 funiculus
802 3565 922 3609 tuos
971 3567 1024 3610 et
1055 3555 1234 3610 clavos
1281 3565 1402 3610 tuos
1450 3558 1722 3612 consolida

185 3643 294 3708 (Ian.
325 3648 448 3716 Liv).
487 3666 506 3699 ι
543 3647 656 3702 Cur
687 3657 866 3700 autem
899 3647 1014 3700 haec
1047 3661 1209 3717 agere
1257 3646 1472 3712 debeat,
1525 3648 1720 3716 aperit,

185 3748 284 3785 cum
307 3735 572 3806 subjungit
607 3753 622 3788 :
661 3755 680 3786 ι
712 3735 792 3789 Ad
842 3736 1120 3790 dexteram
1157 3736 1384 3791 enimet
1431 3737 1500 3790 ad
1534 3736 1722 3792 laevam

185 3824 454 3889 penetrabis
481 3865 496 3889 ,
547 3834 604 3880 et
667 3840 852 3881 semen
929 3835 1074 3880 tuum
1134 3835 1322 3897 gentes
1387 3829 1724 3884 haereditabit

185 3914 402 3986 (IbiJ.).i
432 3919 624 3975 Omnis
669 3935 799 3990 ergo
851 3927 995 3974 terra
1038 3919 1178 3974 Seon
1233 3920 1430 3975 cecidit
1475 3921 1526 3975 in
1553 3921 1722 3976 luere-

186 4007 374 4064 ditateut
413 4010 578 4065 Israel
627 4011 829 4079 ;quia,
875 4010 999 4064 dum
1056 4011 1302 4080 princeps
1349 4010 1532 4064 mundi
1565 4011 1725 4080 hujus

187 4096 333 4164 gladio
385 4101 548 4156 divini
611 4101 761 4156 verbi
825 4099 1107 4156 confossus
1168 4101 1440 4172 egreditur
1471 4142 1486 4166 ,
1537 4111 1724 4157 sancta

188 4187 470 4247 universalis
501 4191 744 4247 Ecclesia
795 4207 894 4262 per
936 4191 1180 4260 ejusdem
1223 4193 1411 4247 mundi
1463 4195 1725 4250 terminos

189 4277 426 4336 dilatatur.

233 4371 339 4426 'Nee
364 4377 789 4444 praetereundum
839 4376 1074 4432 arbitror
1104 4391 1225 4433 esse
1286 4378 1429 4446 quod
1477 4378 1720 4434 dicitur:
1755 4347 1804 4406 θ

191 4459 302 4526 Quia
327 4478 562 4531 possessa
585 4476 670 4521 est
694 4475 835 4520 terra
869 4466 986 4537 ejus
1009 4467 1078 4522 ab
1101 4469 1284 4524 Arnon
1309 4485 1478 4538 usque
1505 4469 1726 4526 Laboch

190 4547 388 4626 [leber].
410 4557 589 4612 Arnon
623 4557 822 4628 itaque,
872 4574 990 4629 quae
1017 4569 1102 4614 est
1131 4561 1342 4614 initium
1371 4561 1522 4629 regni
1555 4559 1722 4625 Seon,

191 4644 542 4716 interpretatur
599 4650 986 4706 maledicimus
1048 4669 1249 4706 eorum.
1327 4652 1516 4708 0.nnis
1578 4654 1724 4724 enim

193 4737 410 4804 mundus,
458 4742 548 4810 qui
575 4751 700 4796 ante
745 4743 1044 4800 Saluatoris
1067 4744 1352 4799 adventum
1382 4745 1482 4798 sub
1523 4744 1724 4801 diaboli

192 4829 498 4890 premebatur
548 4834 792 4903 imperio,
851 4835 1248 4890 maledictionis
1284 4836 1514 4890 habebat
1557 4840 1724 4912 origi—

199 4930 319 4985 nem,
362 4925 480 4992 quia
525 4925 916 4984 benedictionis
965 4927 1249 4996 ignorabat
1283 4938 1557 4986 auctorem
1592 4951 1607 4999 ;
1660 4937 1726 4989 de

200 5021 288 5076 quo
319 5016 558 5072 nimirum
599 5033 690 5088 per
743 5019 1070 5090 Prophetam
1125 5021 1366 5076 dicitur;
1423 5039 1440 5070 ι
1491 5019 1728 5084 Benedi-

201 5104 400 5161 ctionem
447 5109 616 5174 dabit,
649 5111 736 5178 qui
773 5111 944 5183 legem
1004 5109 1152 5164 dedit
1198 5106 1368 5180 (I’ml.
1413 5120 1670 5190 Lsxxni).
1704 5137 1728 5168 ι

205 5191 330 5251 Unde
348 5199 696 5270 etApostolus
734 5206 844 5260 ait:
891 5224 910 5257 ι
955 5200 1274 5271 Quicunque
1306 5204 1446 5255 enim
1493 5215 1566 5258 ex
1600 5227 1730 5281 090‘

199 5278 322 5336 ribus
353 5285 474 5355 legis
502 5297 642 5350 sunt,
674 5293 768 5346 sub
808 5290 1098 5347 maledicto
1129 5299 1273 5345 sunt.
1297 5308 1314 5340 ι
1344 5288 1426 5342 An
1453 5305 1562 5348 non
1607 5278 1728 5354 nia-

1823 1759 1972 1819 plnm
2005 1767 2068 1806 ac
2119 1753 2308 1808 ferrea:
2339 1755 2616 1809 servitutis
2638 1753 2762 1823 jura
2803 1759 3126 1826 contempsit
3157 1775 3172 1824 ;
3207 1769 3262 1814 et
3307 1776 3406 1828 per

1823 1840 1984 1903 bella,
2017 1856 2118 1913 per
2158 1843 2331 1912 ignes,
2381 1858 2477 1913 per
2531 1843 2763 1910 ferrum,
2800 1853 3027 1917 sagittas
3077 1858 3132 1902 et
3175 1850 3402 1919 gladios,

1827 1942 2027 2006 terram
2061 1935 2497 2005 repromissionis
2551 1936 2795 1992 intravit.
2853 1937 2955 2005 Qui
3005 1939 3258 1994 nimirum
3291 1950 3406 1995 tan-

1823 2041 1984 2094 quam
2025 2041 2146 2080 rosa
2175 2041 2443 2096 purpurea
2487 2027 2556 2083 de
2592 2027 3022 2085 Chananzecrum
3061 2031 3234 2101 spinis
3257 2032 3408 2088 eﬁlu-

1825 2115 1956 2180 ruit,
1979 2123 2034 2170 ct
2074 2117 2227 2186 quasi
2256 2119 2323 2172 de
2349 2118 2688 2176 silvestribus
2723 2121 2975 2182 oleastris
3022 2123 3238 2194 pinguis
3267 2125 3407 2180 oliva

1829 2203 1986 2274 172
2013 2209 2299 2275 processit,
2333 2209 2655 2265 Christiana:
2707 2213 2914 2268 militia:
2961 2213 3273 2270 tirocinium
3319 2232 3404 2285 pe-

1827 2296 1928 2361 tiit,
1961 2313 2023 2352 ac
2049 2313 2199 2354 nova:
2239 2299 2362 2354 ﬁdei
2401 2301 2702 2357 rudimenta
2734 2305 3055 2375 suscipiens,
3101 2308 3155 2361 in
3196 2309 3404 2364 medios

1825 2389 2179 2444 certaminum
2229 2399 2392 2447 :estus
2442 2393 2680 2449 fervidus
2741 2411 2802 2451 se
2839 2398 3068 2452 bellator
3119 2400 3406 2456 immersit.

1825 2479 1996 2546 Quem
2025 2491 2285 2551 tyrannus
2313 2493 2370 2538 ut
2403 2487 2753 2555 prtrciuctum
2783 2489 2874 2544 Dei
2923 2492 3145 2546 militem
3176 2508 3408 2564 conspe-

1825 2572 1922 2636 xit,
1955 2571 2254 2640 infremuit,
2289 2591 2520 2645 eumque
2545 2578 2770 2633 diversrs
2797 2580 3021 2636 telorum
3050 2583 3245 2650 modis,
3277 2585 3408 2638 inul-

1827 2662 1895 2717 tis
1946 2663 2206 2718 bellorum
2269 2666 2538 2722 machinis
2591 2683 2904 2740 oppugnare
2959 2675 3198 2729 tentavit.
3251 2675 3408 2730 Modo

1824 2754 2022 2826 quippe
2064 2755 2282 2810 molitur
2325 2772 2422 2827 per
2469 2757 2830 2816 lenocmantia
2877 2766 3223 2820 meretricum
3251 2767 3408 2820 hiano

1823 2849 2060 2902 dimenta
2091 2847 2183 2902 Dei
2233 2849 2456 2904 militem
2489 2851 2729 2918 ﬂectere,
2785 2855 2945 2910 modo
2991 2857 3260 2911 minarum
3314 2858 3399 2912 in-

1825 2941 2126 2994 tonantium
2178 2942 2474 3012 asperitate
2521 2953 2745 3010 terrere,
2803 2948 2964 3002 modo
2991 2959 3146 3020 parat
3196 2952 3409 3022 sagittis

1825 3033 2058 3096 insuere,
2103 3036 2263 3087 modo
2301 3032 2560 3090 ferventis
2588 3035 2691 3091 olei
2721 3035 2980 3093 ﬂuoribus
3007 3039 3268 3110 eliquare.
3299 3040 3406 3096 Sed

1823 3121 2214 3178 invictissimus
2258 3123 2462 3179 Christi
2519 3127 2670 3181 miles
2723 3137 2778 3182 et
2825 3128 3220 3199 imperterritus
3267 3147 3406 3200 prte-

1823 3211 2001 3276 liator,
2055 3229 2154 3270 nec
2201 3229 2298 3283 per
2351 3213 2718 3272 blandimenta
2771 3220 2977 3285 seduci,
3021 3235 3120 3274 nee
3171 3235 3269 3290 per
3311 3237 3401 3276 ex~

1821 3308 2020 3378 quisita
2065 3323 2344 3377 prunarum
2395 3311 2655 3381 suppiicia
2701 3313 2896 3384 frangi,
2947 3331 3046 3370 nec
3096 3331 3192 3384 per
3224 3316 3404 3370 furen—

1825 3407 1932 3452 tem
1989 3399 2307 3453 carniﬁcum
2361 3401 2566 3455 rabiem
2615 3417 2644 3455 a
2697 3413 2887 3458 sancto
2937 3405 3076 3461 valet
3125 3407 3402 3478 preposito

1822 3489 2080 3544 revocari.

1893 3581 2111 3635 Diversa
2147 3590 2536 3640 tormentorum
2569 3601 2762 3656 genera
2787 3587 2933 3642 circa
2956 3585 3154 3643 Clu-isti
3177 3589 3401 3645 militem

1825 3679 2088 3740 tyrannus
2120 3683 2430 3743 exaggerat,
2460 3675 2552 3729 sed
2578 3675 2792 3730 invictae
2819 3676 2944 3730 ﬁdei
2993 3677 3400 3734 fundamentum

1824 3761 2098 3817 immobile
2145 3774 2479 3835 perseverat.
2535 3766 2782 3819 Flumina
2837 3766 3128 3822 tumefacta
3174 3770 3402 3824 circum-

1823 3859 2088 3921 strepunt,
2134 3855 2370 3921 spumosi
2425 3854 3044 3923 procellarum'cumuli
3101 3860 3404 3929 praecipites

1825 3943 2055 4006 irruunt,
2087 3941 2322 4012 undique
2369 3945 2512 3998 venti
2561 3944 2803 4001 furentes
2832 3947 3156 4018 impingunt,
3185 3949 3277 4004 sed
3309 3966 3406 4005 ex-

1823 4031 1965 4086 celsa
1995 4031 2187 4086 domus
2211 4032 2434 4099 fabrica,
2460 4050 2580 4106 qua:
2620 4035 2686 4089 de
2729 4033 2898 4092 ﬁrma:
2944 4048 3110 4107 petrae
3135 4039 3404 4093 soliditate

1824 4121 2118 4191 consurgit,
2169 4123 2235 4176 ad
2285 4123 2550 4180 violentia:
2597 4125 2882 4193 cujuslibet
2921 4127 3180 4198 impetum
3210 4135 3404 4182 mitare

1825 4228 1932 4268 non
1961 4216 2125 4270 novit.
2155 4215 2318 4270 Stetit
2365 4217 2613 4272 columna
2665 4219 2758 4274 Dei
2812 4219 2952 4274 inter
2996 4229 3400 4288 persecuturum

1829 4305 2066 4376 undique
2122 4310 2455 4363 saevientium
2505 4311 2748 4365 turbines
2793 4312 3144 4374 immobilis,~
3173 4313 3408 4381 perstitit

1829 4394 1970 4452 inter
1997 4399 2316 4467 grandinnm
2367 4401 2677 4455 immaniter
2725 4401 3086 4470 ingruentium
3118 4410 3408 4470 tempesta--

1831 4498 1929 4542 tes.
1961 4487 2112 4542 Miles
2143 4491 2286 4542 enim
2335 4487 2538 4542 Christi
2585 4491 2725 4544 inter
2769 4489 2990 4544 hostiles
3041 4491 3184 4544 acies
3209 4491 3406 4558 deme--

1827 4581 2049 4643 hensus,
2077 4594 2182 4633 non
2207 4579 2363 4633 modo
2393 4577 2535 4633 ﬂecti
2563 4579 2820 4634 cmdendo
2851 4595 2956 4633 non
2999 4579 3189 4650 potuit,
3236 4579 3330 4633 sed
3352 4592 3414 4636 et

1829 4683 2029 4726 sancte
2082 4669 2489 4740 prtedicationis
2525 4670 2707 4739 jaeula
2753 4669 2996 4726 valenter
3024 4669 3284 4732 intorsit;
3331 4683 3416 4737 et,

1830 4761 1969 4814 sicut
1992 4759 2218 4814 bellator
2241 4759 2560 4821 instructus.
2585 4759 2640 4814 in
2669 4760 2918 4831 proprios
2951 4777 3082 4818 usus
3104 4759 3286 4814 aliena.
3307 4763 3436 4824 tela

1830 4851 2114 4906 convertit.
2169 4847 2497 4904 Persecutor
2547 4850 2691 4905 enim
2741 4849 3022 4910 saeviendo
3063 4848 3313 4911 servivit,
3348 4869 3456 4929 er‘

1832 4942 1958 4996 dum
2000 4954 2192 4997 nocere
2221 4937 2404 5000 voluit,
2449 4941 2702 4997 nesciens
2743 4935 3124 5006 ministravit;
3155 4939 3283 5006 quia
3319 4955 3480 5013 qu“

1837 5037 2006 5106 magis
2029 5048 2151 5090 eum
2188 5031 2390 5099 reperit
2417 5033 2502 5087 sui
2559 5034 2758 5090 furoris
2811 5034 3094 5098 insaniam
3131 5032 3503 5104 aequanitui.

1840 5136 1920 5178 ter
1955 5124 2268 5194 patientem,
2295 5133 2360 5172 eo
2391 5121 2538 5177 velut
2566 5125 2687 5179 auri
2715 5125 2936 5180 decocti
2981 5123 3231 5202 speciem
3271 5123 3472 5190 reddi
3506 5165 3514 5176 .

1838 5217 1916 5271 dit
1942 5215 2246 5272 clariorem.

1909 5307 2077 5368 liuius
2117 5304 2322 5368 itaque,
2376 5301 2578 5361 fratres
2625 5309 2760 5368 mei,
2815 5313 2937 5363 tam
3007 5298 3211 5368 egregii
3244 5300 3534 5368 ιπωιίιι.
