3946 5368
544 301 648 356 1387

1125 294 1182 349 S.
1224 291 1426 348 PETRI
1469 289 1751 345 DAMIANI
1791 287 1942 356 OPP.
1985 285 2162 338 PARS
2209 281 2337 338 SEU
2380 284 2616 340 TOMUS
2653 283 2717 337 ll.
2758 313 2827 323 --
2869 279 3254 335 SERMONES.
3691 284 3772 338 688

545 432 807 488 superare
834 431 940 471 non
971 410 1162 482 potuit.
1199 407 1307 463 Nos
1328 407 1518 462 saltem
1546 402 1726 459 carnis
1748 409 1949 454 nostrae
1990 396 2124 452 resi-
2154 395 2205 454 Δ
2232 393 2335 449 Pro
2373 395 2597 449 ruinalis
2643 393 2776 448 aulae
2807 392 3058 448 tricliniis
3084 399 3280 446 meruit
3305 393 3520 446 domum
3556 407 3654 447 non
3679 411 3772 449 ina-

544 528 754 573 stamus
818 506 1130 569 illecebris,
1180 502 1538 573 reprimamus
1593 497 1752 559 iram,
1813 492 2125 548 studeamus

547 611 800 665 edomare
837 598 1169 671 superbiam,
1195 593 1542 660 onmiumque
1589 587 1844 640 vitiorum
1884 589 2124 636 monstra

521 699 668 756 Ὦ(Ιεί
699 696 899 752 virtute
919 689 1191 748 calcemus
1215 701 1229 749 ;
1258 693 1310 740 et
1344 682 1433 752 qui
1461 680 1751 752 gloriosum
1780 675 1924 730 hunc
1951 672 2124 726 virum

521 791 795 847 «novimus
844 780 1128 844 tormentis
1180 791 1287 832 non
1332 773 1564 830 cessisse
1617 766 1933 824 carnificum
1963 804 1978 830 ,
2028 777 2128 816 nos

546 882 741 938 saltem
771 889 878 933 non
910 871 1319 942 acquiescamus
1347 861 1678 919 titillantium
1716 853 1986 912 illecebris
2033 868 2127 905 vo-

547 978 834 1045 luptatum,
889 968 1020 1023 licet
1072 977 1173 1020 nec
1201 961 1329 1015 dum
1373 956 1651 1010 valeamus
1701 950 1767 1005 ad
1821 945 2126 1017 exemplum

526 1043 688 1127 .be‘ati
716 1066 875 1136 hujus
902 1057 1157 1131 martyris
1203 1056 1373 1110 Deum
1427 1048 1666 1120 perfecte
1719 1043 1963 1136 diligere,
2009 1049 2124 1094 stn-

545 1132 916 1218 deamus'eum
949 1150 1170 1207 interim
1200 1143 1431 1202 amando
1468 1141 1680 1203 timere,
1713 1132 1952 1189 timendo
1973 1145 2128 1184 mau-

539 1436 846 1497 tendimus,
868 1431 1018 1485 hunc
1064 1417 1441 1493 dispositionis
1465 1414 1711 1470 ordinem
1756 1417 1812 1464 et
1853 1407 1908 1461 in
1952 1405 2126 1476 ipsius

530 1525 761 1582 ‘Domini
790 1519 1134 1578 sermonibus
1183 1511 1506 1568 invenimus.
1551 1503 1682 1558 Nam
1712 1502 1764 1556 in
1793 1501 2124 1554 Deulerono-

528 1617 658 1672 ~mio
684 1615 881 1684 legitur
910 1625 924 1664 :
959 1627 978 1661 ι
1016 1608 1085 1662 Et
1112 1619 1254 1661 nunc
1305 1597 1492 1663 lsrael,
1523 1595 1652 1666 quid
1698 1590 1956 1647 Dominus
1986 1587 2126 1642 Deus

533 1722 676 1766 tuus
703 1679 898 1777 quaerit
943 1703 1042 1757 abs
1071 1708 1147 1765 te,
1188 1695 1293 1750 nisi
1327 1702 1388 1748 ut
1418 1691 1611 1745 timeas
1644 1683 1928 1740 Dominum
1955 1679 2122 1734 Deum

2228 483 2522 550 nufactam,
2549 493 2808 538 aeternam
2837 483 2890 536 in
2919 481 3093 536 caelis.
3119 479 3187 534 Et
3205 496 3361 550 quam
3385 480 3602 551 pulchra
3622 496 3772 538 rerum

2227 576 2453 645 species,
2489 583 2544 628 ut
2574 575 2666 645 qui
2704 575 2856 644 prius
2883 574 3058 628 fuerat
3089 581 3344 642 tanquam
3393 571 3505 628 Leo
3550 572 3772 630 frendens

2229 670 2369 724 inter
2389 669 2556 724 lustra
2573 670 2830 736 ferarum,
2844 671 2957 740 jam
2983 670 3123 724 intra
3147 668 3327 726 caulas
3343 668 3615 734 Ecclesiae,
3633 670 3774 726 factus

2229 758 2376 814 mitis
2405 759 2708 830 agniculus,
2742 760 2906 814 ubera
2933 768 3150 828 sugeret
3168 758 3369 814 ovium.

2302 852 2398 909 llis
2419 869 2548 925 ergo
2585 854 2795 909 duabus
2819 855 3024 910 sanctis
3048 853 3348 924 virginibus
3371 851 3650 907 manifecte
3674 867 3774 908 con-

2230 959 2438 1001 cessum
2483 961 2605 1002 esse
2639 947 3023 1017 perpendimus
3059 946 3202 1017 quod
3231 961 3446 1016 sponsae
3493 960 3702 1016 sponsus
3730 948 3771 1002 in

2229 1035 2471 1092 Canticis
2509 1037 2736 1108 mystice
2771 1037 3050 1108 pollicetur
3079 1054 3094 1091 :
3127 1056 3145 1088 ι
3177 1035 3568 1101 Coronaberis,
3603 1037 3772 1107 inquit,

2229 1129 2297 1184 de
2325 1129 2526 1183 vertice
2557 1128 2746 1196 Sanir,
2793 1130 2860 1184 de
2892 1129 3069 1200 capite
3109 1129 3314 1186 Amans
3353 1139 3410 1183 et
3441 1126 3690 1191 Harmon,
3720 1132 3772 1182 de

2231 1219 2496 1275 cubilibus
2524 1219 2760 1287 leonum,
2779 1220 2845 1277 de
2866 1219 3140 1276 montibus
3161 1219 3454 1289 pardorum
3479 1217 3644 1288 (Cant.
3666 1221 3769 1288 lV).)

2229 1311 2436 1364 Amana
2487 1311 2752 1381 siquidem
2795 1327 2952 1367 mons
2994 1325 3114 1366 esse
3143 1309 3345 1366 Cilicia:
3372 1308 3588 1378 dicitur,
3621 1312 3699 1380 qui
3729 1320 3773 1366 et

2231 1401 2442 1456 Taurus
2463 1417 2494 1456 a
2521 1402 2889 1473 compluribus
2911 1401 3228 1472 appellatur.
3255 1399 3419 1456 Sanir
3443 1416 3569 1455 vero
3589 1409 3639 1456 et
3660 1400 3769 1456 ﬂer-

2230 1508 2355 1552 mon
2384 1491 2620 1548 Iudaica:
2643 1501 2800 1549 terrae
2832 1504 3042 1549 montes
3070 1501 3215 1559 sunt,
3245 1493 3297 1547 in
3324 1493 3521 1563 quibus
3557 1493 3714 1548 leones
3729 1503 3774 1547 et

2228 1589 2381 1658 pardi
2406 1589 2648 1644 habitare
2667 1587 2983 1645 'creduntur.
3011 1587 3113 1642 Per
3133 1588 3232 1642 hos
3252 1601 3384 1658 ergo
3421 1595 3625 1642 montes
3647 1602 3773 1657 rcges

2229 1688 2280 1734 et
2329 1679 2600 1750 principes
2648 1679 2980 1748 diverschue
3029 1676 3189 1746 lmjus
3229 1676 3417 1731 mundi
3459 1676 3773 1747 intelligenda

537 1769 802 1864 tuum,’et
828 1794 1072 1851 ambules
1093 1791 1147 1845 in
1177 1788 1279 1844 viis
1301 1786 1438 1856 ejus,
1461 1791 1517 1838 et
1544 1779 1738 1850 diligas
1766 1773 1916 1864 eum?
1941 1771 2118 1842 (Deut.
2155 1781 2201 1841 Β
2228 1781 2354 1829 sunt
2401 1781 2718 1843 potestates,
2767 1787 2888 1842 quae
2925 1771 3072 1826 velut
3105 1779 3317 1825 montes
3357 1784 3418 1824 se
3460 1770 3512 1823 in
3548 1769 3772 1838 superbiae

542 1892 628 1957 x.)
676 1863 804 1944 rUt
852 1882 1101 1939 videlicet
1147 1879 1462 1934 Creatorem
1509 1884 1662 1925 suum
1700 1879 1852 1920 mens
1888 1863 2122 1918 humana

544 1981 738 2035 timere
771 1976 923 2046 prius
978 1969 1224 2040 incipiat,
1255 1963 1449 2022 deinde
1497 1975 1556 2016 se
1586 1960 1638 2012 in
1691 1951 1960 2010 mandatis
2007 1948 2124 2019 ejus

543 2044 818 2134 exerceat,
849 2067 928 2122 sic
953 2073 1234 2136 postremo
1256 2056 1320 2113 ad
1342 2049 1750 2123 concipiendam
1781 2044 1949 2101 divini
1976 2057 2122 2096 amo-

531 2166 621 2219 -ris
659 2135 1000 2216 dulcedinem
1054 2151 1418 2210 convalescat.
1468 2145 1623 2199 ilunc
1669 2138 1877 2194 scilicet
1923 2135 2126 2190 intimae

541 2250 849 2318 dilectionis
873 2245 1118 2302 ordinem
1141 2253 1338 2311 sponsa
1362 2233 1555 2305 quaerit
1577 2233 1630 2286 in
1653 2226 1893 2285 Canticis
1921 2242 1935 2279 :
1967 2242 1986 2276 ι
2021 2223 2124 2278 Or-

545 2341 751 2404 dinate,
776 2313 969 2405 inquit,
1003 2333 1056 2386 in
1082 2345 1169 2386 me
1189 2326 1519 2384 charitatem
1550 2315 1822 2390 (Canmt).
1847 2334 1865 2367 ι
1890 2313 1969 2405 Ad
1991 2313 2124 2367 cha—

544 2432 760 2483 ritatem
790 2401 943 2496 ergo,
973 2416 1330 2480 dilectissimi,
1376 2411 1575 2467 mentis
1618 2417 1816 2463 nostrae
1857 2419 1914 2458 se
1946 2401 2128 2456 fervor

545 2517 831 2582 accendat,
857 2491 958 2584 per
1005 2524 1168 2581 quam
1200 2516 1254 2563 et
1303 2503 1518 2560 hostilis
1565 2496 1816 2553 versutia?
1845 2491 2126 2549 machinas

544 2618 814 2682 respuat,
864 2615 918 2662 et
982 2603 1190 2658 lubrica
1248 2595 1435 2654 mundi
1507 2591 1666 2660 huius
1725 2587 2126 2644 oblectamenta

541 2677 704 2774 ,1⁸13
738 2704 1068 2755 contemnat.
1128 2693 1326 2746 Demus
1377 2681 1665 2755 repudium
1707 2677 1928 2739 mundo,
1985 2686 2125 2742 pra:-

541 2766 767 2850 b—eamus
795 2790 848 2844 in
890 2786 1090 2842 nostris
1119 2780 1420 2837 visceribus
1477 2769 1844 2829 habitaculum
1895 2766 2036 2828 Deo;
2069 2772 2128 2817 ut

542 2887 611 2948 si,
661 2881 816 2951 juxta
856 2892 1051 2934 nomen
1101 2874 1164 2928 Β.
1215 2869 1498 2941 martyris,
1547 2863 1822 2920 Christum
1874 2873 2018 2912 nunc
2071 2856 2123 2910 in

546 2981 732 3028 nostro
757 2978 974 3040 pectore
1001 2960 1330 3028 feritnus,a.d
1358 2972 1481 3012 eum
1512 2951 1853 3024 postmodum
1885 2945 2126 3017 angelico

533 3061 880 3120 ‘subvebente
927 3054 1175 3125 remigio,
1205 3049 1534 3106 deferamur.
1569 3043 1686 3113 ipse
1723 3047 1810 3094 est
1859 3037 2006 3093 enim
2033 3035 2124 3105 qui

2226 1879 2481 1920 cacumen
2525 1863 2811 1926 attollunt,
2843 1871 2897 1917 et
2927 1860 3175 1929 malignis
3216 1859 3504 1930 spiritibus
3555 1867 3768 1928 tanquam

2225 1955 2408 2025 pardis
2439 1963 2602 2024 atque
2640 1953 2886 2010 leonibus
2934 1951 3301 2007 habitaculum
3335 1950 3533 2005 ferunt.
3561 1948 3769 2004 Perversi

2226 2045 2424 2117 quippe
2447 2045 2670 2115 spiritus
2686 2044 2870 2099 leones
2890 2053 3146 2098 vocantur
3171 2039 3764 2113 proptercrudelitatem;

2227 2139 2378 2207 pardi
2427 2145 2604 2191 autem
2635 2177 2651 2203 ,
2693 2135 2819 2206 quia
2868 2135 2970 2189 huc
3025 2133 3225 2188 animal
3274 2132 3414 2187 varii
3453 2130 3640 2186 coloris
3677 2141 3768 2194 est,

2229 2235 2449 2300 propter
2496 2225 2828 2297 deeeptionis
2898 2239 2961 2279 ac
3014 2223 3217 2278 fraudis
3287 2222 3648 2278 multimodam
3692 2235 3765 2274 va-

2231 2320 2500 2374 rietatem.

2303 2410 2378 2466 De
2411 2410 2497 2465 his
2534 2424 2666 2480 ergo
2697 2407 2969 2463 montibus
3011 2405 3096 2461 vel
3136 2417 3364 2474 qumque
3412 2402 3582 2458 fidelis
3623 2401 3766 2456 anima

2231 2502 2314 2556 vel
2345 2511 2530 2557 sancta
2554 2507 2848 2556 coronatur
2877 2497 3137 2561 Ecclesia,
3166 2496 3384 2566 quando
3407 2493 3584 2550 saeculi
3607 2492 3766 2564 princi—

2232 2611 2326 2665 pes
2353 2594 2622 2650 convertit
2653 2595 2719 2648 ad
2747 2592 2904 2646 ﬁdem
2921 2632 2936 2655 ,
2958 2590 3040 2644 vel
3063 2591 3129 2643 ad
3151 2599 3356 2643 sancta:
3384 2584 3765 2642 conversationis

2231 2688 2416 2758 dirigit
2448 2685 2846 2742 rectitudinem.
2875 2683 3180 2740 Coronatur
3207 2690 3417 2745 autem,
3441 2679 3563 2749 quia
3596 2676 3668 2730 vel
3692 2689 3767 2745 pro

2231 2787 2514 2849 apportato
2540 2791 2726 2831 eorum
2755 2774 2906 2829 lucro
2939 2771 3099 2845 174
3125 2779 3506 2827 remuneratur
3525 2785 3554 2822 a
3573 2767 3765 2826 Christo.

2232 2873 2314 2927 vel
2345 2872 2413 2926 ab
2441 2870 2643 2925 eisdem
2693 2867 2890 2938 quibus
2919 2875 3076 2919 antea
3119 2863 3493 2934 premebatur,
3519 2860 3765 2915 honoratur

2233 2964 2285 3017 iu
2313 2961 2530 3017 saeculo.
2575 2960 2902 3019 Coronatnr,
2932 2957 3176 3025 inquam,
3209 2953 3275 3008 de
3304 2952 3572 3008 cubilibus
3593 2949 3766 3004 leonum

2234 3068 2289 3108 et
2331 3053 2603 3108 montibus
2649 3050 2962 3120 pardorum,
2994 3047 3213 3115 quando
3265 3043 3530 3114 superbos
3567 3052 3765 3112 quosque

543 3168 599 3213 ει
624 3153 828 3211 Sancus
867 3150 1073 3220 Ρτωῦθῑ
1102 3140 1432 3214 ιηπιΥΓίδυε
1469 3135 1725 3207 Gloriam»
1758 3139 1813 3186 ει
1845 3125 2125 3220 εοηνθνείδ
2151 3130 2199 3195 C
2230 3154 2391 3214 atque
2431 3143 2647 3198 dolosos
2676 3158 2704 3194 a
2737 3155 2832 3195 sua
2853 3138 3129 3210 pravitate
3157 3135 3458 3196 convertit,
3489 3142 3541 3190 et
3566 3146 3654 3203 pro
3673 3145 3762 3185 cor-

537 3243 923 3319 .peccatoribus
967 3240 1133 3294 donat
1158 3235 1439 3290 offensam.
1476 3227 1591 3298 Ipse
1620 3233 1706 3279 est
1729 3221 1820 3294 qui
1847 3229 1903 3274 et
1931 3219 1986 3273 in
2008 3232 2124 3272 cer-

547 3312 780 3393 tantium
811 3331 1039 3388 victoria
1070 3332 1319 3397 superat,
1353 3330 1408 3376 et
1455 3321 1520 3374 de
1571 3312 1948 3387 pmnitentium
2002 3325 2133 3364 con-

539 3411 793 3484 versione
817 3421 1138 3490 triumphat,
1176 3416 1332 3472 Jesus
1359 3412 1606 3468 Christus
1635 3406 1893 3462 Dominus
1922 3410 2130 3464 noster,

536 3517 641 3589 qui
667 3529 792 3570 cum
821 3512 930 3567 Deo
958 3509 1121 3564 Patre
1141 3515 1195 3560 et
1217 3501 1424 3573 Spiritu
1457 3504 1649 3554 sancto
1677 3495 1810 3548 vivit
1836 3500 1890 3546 et
1935 3490 2130 3560 gloria-

540 3622 638 3668 tur
667 3610 724 3665 in
751 3603 947 3664 sacula
968 3599 1308 3659 saeculorum.
1339 3595 1532 3649 Amen.

1054 3749 1056 3752 τ
1085 3708 1317 3768 SERMO
1355 3702 1596 3760 XXXIV.

543 3832 585 3870 ι.
615 3828 682 3868 DE
706 3827 782 3868 ss.
815 3822 987 3863 nona
1009 3819 1077 3859 Εἰ·
1102 3814 1326 3858 LUCILLA
1353 3807 1568 3938 v)rnt;nve
1598 3807 1666 3845 ετ
1700 3801 1951 3843 κλητωε
1979 3785 2131 3854 (xxxx

1257 3885 1370 3925 wL.
1403 3905 1418 3920 .

1257 3885 1418 3925 JULJ.

618 3974 947 4033 Gaudemus,
979 3967 1177 4022 fratres
1202 3956 1533 4023 charissimi,
1558 3952 1828 4024 virginum
1856 3947 2134 4004 celebrare

552 4065 900 4134 triumphum,
933 4058 1027 4129 qui
1067 4052 1381 4126 virginalem
1426 4057 1640 4120 partum
1673 4059 1778 4098 non
1811 4039 2136 4108 ambigimus

550 4129 754 4212 nostra:
783 4146 1165 4218 redemptionis
1203 4141 1504 4198 exordium.
1554 4137 1757 4192 Auctor
1795 4132 1992 4202 quippe
2021 4129 2132 4184 vir-

551 4245 816 4320 ginitatis,
864 4241 958 4311 qui
1005 4253 1101 4308 per
1147 4233 1410 4304 virginem
1455 4229 1705 4300 dignatus
1754 4234 1839 4280 est
1877 4224 1931 4278 in
1976 4220 2134 4290 hujus

552 4316 738 4394 mundi
763 4346 1010 4403 campum
1033 4326 1374 4400 prmliaturus
1393 4321 1672 4381 accedere,
1699 4333 1793 4388 per
1807 4316 1894 4386 plu
1904 4330 1988 4371 res
2005 4329 2137 4383 quo-

551 4445 658 4502 que
694 4426 932 4497 virgines
969 4417 1207 4476 victoria:
1237 4431 1350 4470 suae
1381 4412 1550 4468 voluit
1595 4409 1828 4478 insignia
1856 4418 2130 4477 reparare.

553 4499 634 4579 lix
657 4522 850 4594 quibus
879 4515 1132 4572 nimirum
1143 4520 1198 4567 et
1227 4512 1342 4566 istae
1360 4506 1603 4576 virgines
1627 4512 1882 4572 tanquam
1908 4499 2134 4572 gemina:

551 4592 831 4686 lampades
853 4608 1186 4670 effulserunt,
1229 4617 1371 4674 quae,
1409 4600 1563 4671 juxta
1593 4593 1830 4652 naminis
1853 4592 2136 4662 utriusque

548 4683 895 4780 praesagium,
926 4716 1031 4756 una
1058 4698 1273 4767 quidem
1299 4693 1487 4748 florem
1513 4689 1740 4754 redolet,
1771 4686 1937 4741 micat
1967 4683 2136 4739 altera

553 4804 750 4858 lucem.
775 4797 893 4853 Ista:
921 4794 1125 4863 itaque,
1156 4790 1298 4844 sicut
1321 4787 1372 4840 in
1403 4793 1646 4838 veterum
1681 4788 1956 4851 gestorum
1981 4790 2138 4846 repo-

552 4895 694 4948 ritur
728 4887 984 4950 historia,
1028 4899 1059 4938 a
1098 4880 1332 4936 barbaro
1375 4875 1610 4946 quodam
1648 4886 1772 4943 rege
1805 4880 1996 4941 captaa,
2037 4883 2137 4939 per

555 4985 823 5057 geminata
851 4978 1096 5035 decennii
1146 4971 1417 5031 curricula
1471 4970 1570 5025 sub
1609 4969 1835 5022 honesta
1887 4964 2131 5020 custodia

556 5053 683 5130 sunt
707 5072 958 5124 detentze.
1003 5066 1118 5120 Rex
1161 5072 1341 5118 autem
1371 5060 1603 5130 primum
1635 5059 1850 5126 quidem
1898 5053 2136 5109 libidinis

554 5165 679 5234 igne
708 5171 998 5226 succensus
1021 5154 1287 5216 efferbuit,
1309 5151 1403 5208 sed
1429 5165 1614 5206 earum
1641 5146 1946 5202 constantia
1975 5146 2136 5200 vehe-

556 5260 773 5308 menter
801 5247 1082 5311 infractus,
1116 5245 1329 5298 tandem
1358 5241 1627 5297 castitatis
1647 5239 1872 5293 consilio
1905 5236 2137 5290 salubri-

978 5335 1254 5362 “anima-nn
1287 5334 1446 5362 A0:nnn
1503 5333 1591 5362 nn:
1621 5331 1858 5362 nnnl‘vnc
1883 5329 2104 5362 I'IIVAINII

559 5353 574 5362 Α
590 5357 640 5362 -..
669 5357 687 5362 -
703 5351 904 5362 ιιι-...Λιιι

2236 3237 2399 3292 rectis
2435 3249 2623 3288 eorum
2649 3231 2892 3286 moribus
2919 3238 3122 3284 aeterna
3153 3226 3378 3297 praemia
3413 3225 3615 3293 recipit.
3646 3219 3766 3288 Quod

2233 3325 2481 3396 profecto
2508 3325 2592 3377 his
2617 3321 2788 3378 sacris
2817 3319 3115 3389 virginibus
3139 3317 3436 3384 contigisse
3460 3314 3706 3385 probatur,
3729 3309 3765 3361 si

2237 3427 2416 3472 tamen
2448 3415 2524 3470 rei
2556 3413 2687 3468 fides
2734 3421 2817 3467 est
2850 3408 3154 3464 adhibcmla
3200 3423 3321 3477 quae
3349 3407 3566 3471 dicitur,
3592 3418 3692 3474 qua:
3725 3410 3766 3452 rt

2235 3507 2302 3560 de
2332 3507 2514 3574 iniquo
2537 3503 2686 3573 prius
2719 3515 2844 3572 rege
2889 3499 3132 3554 victoria:
3178 3497 3438 3568 palmam,
3490 3496 3632 3552 etde
3671 3507 3764 3547 con-

2235 3614 2392 3654 verso
2444 3596 2782 3668 postmodum
2828 3609 2891 3648 ac
2935 3592 3165 3647 feliciter
3208 3573 3582 3644 consummato
3617 3597 3765 3640 conse-

2237 3699 2374 3745 cuta:
2402 3700 2527 3743 sunt
2547 3686 2790 3757 gloriam.
2814 3684 3004 3738 Dicant
3024 3695 3153 3752 ergo
3178 3679 3385 3735 caelesti
3414 3679 3613 3750 Sponsa
3629 3675 3765 3729 beatae

2238 3779 2476 3850 virgines
2497 3776 2636 3846 quod
2661 3775 2714 3829 in
2737 3773 2936 3830 eisdem
2962 3770 3187 3826 canticis
3209 3769 3409 3824 dicitur
3433 3785 3447 3822 :
3469 3786 3489 3818 ο
3510 3761 3764 3821 Exsultabi-

2239 3888 2374 3934 mus,
2401 3879 2454 3924 et
2477 3868 2778 3922 laetabimur
2798 3865 2850 3920 in
2883 3875 2933 3918 te
2957 3864 3118 3935 (cant.
3151 3861 3212 3933 ι).
3238 3881 3256 3914 ι
3288 3859 3404 3916 Νοη
3433 3861 3486 3916 in
3509 3858 3665 3920 nobis,
3690 3867 3762 3909 set

2237 3964 2290 4018 in
2327 3971 2404 4026 te;
2437 3961 2562 4030 quia
2585 3959 2677 4028 qui
2704 3972 2802 4013 nos
2829 3958 3032 4011 dudum
3061 3954 3126 4010 ad
3159 3953 3330 4008 lucem
3355 3951 3595 4008 veritatis
3618 3945 3766 4003 tum]:

2239 4052 2481 4108 tenebris
2524 4050 2782 4114 eduxisti,
2803 4064 2900 4118 per
2929 4063 3028 4102 nos
3050 4047 3214 4102 etiam
3247 4047 3312 4101 de
3335 4043 3640 4116 ignorantiae
3658 4037 3762 4094 cali-

2237 4145 2361 4214 gine
2391 4142 2458 4196 ad
2488 4143 2735 4197 notitiam
2778 4140 2856 4194 tui
2895 4139 3130 4196 nominis
3155 4145 3210 4194 et
3243 4137 3377 4192 alios
3404 4131 3762 4205 provocasti,ut

2239 4236 2333 4290 fiat
2359 4235 2500 4304 quod
2531 4234 2763 4287 dicitur:
2791 4249 2810 4282 ο
2842 4231 2942 4298 Qui
2965 4229 3249 4299 gloriatur,
3281 4229 3334 4284 in
3368 4227 3587 4282 Domino
3609 4220 3765 4293 glorie-

2240 4337 2326 4381 tur
2348 4326 2398 4396 (Ι
2427 4323 2549 4380 Cor.
2579 4325 2637 4395 ι).
2675 4343 2692 4376 ι
2725 4323 2845 4378 Jam
2874 4337 3026 4385 vero,
3073 4321 3214 4393 quod
3248 4319 3422 4391 stylus
3457 4317 3608 4374 tradit
3632 4313 3762 4368 histo-

2240 4419 2356 4483 riae,
2401 4417 2684 4472 Dominum
2729 4414 2938 4470 scilicet
2966 4413 3049 4468 eis
3090 4421 3354 4468 nocturno
3392 4408 3596 4467 silentio
3632 4404 3762 4459 fuisse

2240 4511 2499 4574 locutum,
2535 4522 2737 4578 easque
2775 4507 2842 4561 ad
2893 4505 3374 4560 consummandum
3409 4503 3586 4558 Romae
3609 4510 3760 4569 provo-

2241 4617 2393 4657 casse
2440 4599 2782 4670 martyrium.
2824 4596 3011 4652 Nonne
3041 4597 3253 4650 videtur
3291 4594 3359 4649 ad
3385 4594 3484 4649 hoc
3528 4587 3760 4647 manifeste

2240 4707 2542 4764 congruere
2571 4689 2715 4762 quod
2771 4690 2912 4743 inter
2939 4687 3155 4743 eosdem
3183 4701 3436 4756 sponsu
3479 4691 3530 4738 et
3555 4688 3760 4750 sponsam

2239 4803 2336 4859 per
2361 4785 2518 4857 typici
2553 4783 2805 4852 colloquii
2837 4781 3142 4837 conseritur
3181 4774 3605 4835 sacramentum?
3635 4791 3648 4823 ι
3673 4768 3761 4836 Ego

2241 4857 2474 4941 dormio,
2503 4886 2557 4932 et
2596 4891 2691 4930 cor
2727 4889 2902 4928 meum
2946 4871 3150 4943 vigilat.
3177 4868 3293 4926 Vox
3323 4868 3498 4924 dilecti
3545 4864 3636 4920 mei
3669 4857 3757 4930 pul-

2240 4971 2444 5027 santis:
2475 4968 2665 5038 Aperi,
2695 4982 2850 5021 soror
2873 4980 3012 5028 mea,
3040 4964 3212 5018 amica
3237 4978 3382 5028 mea,
3401 4958 3626 5018 columba
3649 4965 3756 5013 mea.

2242 5062 2585 5118 immaculata
2612 5075 2762 5125 mea;
2787 5058 2910 5129 quia
2933 5065 3094 5126 caput
3119 5071 3295 5112 meum
3318 5056 3527 5127 plenum
3549 5057 3623 5105 est
3646 5055 3755 5103 rore.

2241 5161 2298 5208 et
2324 5151 2561 5208 cincinni
2592 5150 2696 5204 mei
2733 5149 2901 5221 guttis
2923 5147 3160 5202 noctium
3184 5147 3346 5218 (cant.
3370 5146 3448 5216 v).
3474 5163 3494 5196 ι
3523 5139 3644 5195 Dicit
3659 5145 3755 5200 ergo

2245 5253 2476 5313 utraque
2500 5243 2657 5298 beata
2683 5241 2856 5310 virgo,
2883 5252 3112 5309 quarum
3149 5237 3357 5291 scilicet
3383 5244 3496 5291 erat
3521 5246 3607 5286 cor
3629 5235 3759 5281 unum

2703 5348 2720 5362 ι
2757 5329 2868 5362 Ιῗηη
2891 5328 3102 5362 [Inc-min
3143 5336 3192 5362 nl
3222 5341 3315 5362 r-nr
3344 5337 3516 5362 nan-un
3544 5315 3755 5362 viuilalzl

2246 5343 2292 5362 nl
2319 5343 2496 5362 Λιιῦονιθ
2523 5346 2626 5362 noun
2653 5349 2667 5360 ο
