3946 5368
159 253 250 309 689

1518 244 1751 302 SERMO
1789 230 2026 302 xxmv.
2065 313 2070 320 _

3290 248 3397 307 690

219 363 556 420 Dormiebant
585 360 764 429 itaque
791 370 992 415 sancta:
1022 362 1138 416 ista:
1164 361 1403 432 Virgines
1434 375 1463 414 a
1490 361 1718 430 negotiis
1747 362 1795 422 Α
1823 361 2098 416 saecularis
2124 361 2322 433 negotii
2370 361 2815 431 occupationibus
2862 360 3182 432 implicetur.
3215 382 3232 414 ι
3267 361 3396 418 Lavi

157 469 207 512 ct
245 451 678 523 concupiscentia
705 450 910 514 saeculi,
941 451 1036 506 sed
1083 460 1300 521 apertos
1348 461 1511 520 atque
1543 451 1719 521 pervi-

159 547 278 616 giles
301 546 553 599 tenebant
588 542 775 598 oculos
810 542 862 596 in
901 551 1035 597 testu
1063 542 1267 596 amoris
1311 543 1425 597 Dei.
1457 541 1561 595 Sed
1592 541 1718 612 quia

161 653 252 692 non
286 635 496 691 esthoc
527 645 738 705 tempus
787 634 959 704 plente
988 635 1210 704 quietis,
1251 635 1344 688 sed
1391 633 1599 690 laboris
1626 649 1721 704 po-

163 731 255 782 tius
279 735 436 796 atque
469 724 806 788 certaminis,
837 732 1062 794 repente
1097 723 1326 779 dilectus
1363 724 1562 778 ostium
1600 723 1719 792 pul-

160 829 254 885 sat,
296 833 495 888 easque
545 818 612 873 ad
665 818 998 888 procinctum
1063 819 1379 874 conserendi
1441 817 1562 873 belli
1610 818 1722 872 suis

158 909 609 967 exhortationibus
655 908 896 963 excitat:
927 925 946 958 ι
981 907 1119 973 Vox,
1174 909 1372 979 inquit,
1408 907 1590 963 dilecti
1618 908 1720 962 mei

160 999 404 1070 pulsantis
431 998 620 1067 (Ibid).
653 1017 673 1051 ι
723 997 910 1053 Pulsat
939 996 1189 1064 dilectus,
1234 1014 1354 1053 cum
1384 998 1570 1054 fideles
1598 1014 1724 1054 suos

163 1097 396 1160 provocat
436 1087 690 1144 Christus
721 1097 817 1143 aut
848 1089 915 1143 ad
943 1103 1167 1144 suarum
1195 1089 1527 1144 incrementa
1551 1089 1722 1143 virtu-

162 1191 282 1244 tum,
314 1187 431 1233 aut'
450 1186 602 1234 certe
631 1177 694 1232 ad
750 1179 1037 1234 lucrandas
1067 1179 1279 1234 animas
1329 1181 1721 1250 proximorum.

162 1269 304 1339 Aperi
335 1267 488 1334 mibi,
513 1283 668 1324 soror
683 1281 821 1322 mea.
849 1267 1020 1323 Soror
1047 1269 1251 1338 utique,
1292 1270 1417 1339 quia
1443 1270 1590 1337 regni
1620 1269 1725 1323 mei

164 1359 277 1413 mibi
299 1359 540 1413 cobaeres
566 1357 852 1421 ell'ecta,et
875 1359 928 1412 iu
962 1359 1414 1414 necessitudinem
1456 1358 1588 1412 mihi
1619 1358 1728 1412 fra-

165 1459 311 1503 terna:
337 1448 645 1517 adoptionis
675 1449 907 1502 adscita.
945 1448 1133 1503 Amica
1169 1463 1310 1510 mea,
1335 1449 1463 1518 quia
1505 1449 1573 1502 de
1596 1448 1740 1519 iugo:

164 1540 415 1593 servitutis
450 1547 667 1607 erepta,
705 1539 1003 1610 cognovisti
1056 1553 1189 1594 mea:
1221 1539 1467 1594 veritatis
1505 1555 1722 1594 arcana.

164 1626 397 1682 Columba
445 1641 590 1690 mea,
635 1627 761 1695 quia
820 1626 960 1681 fellis
1010 1627 1371 1682 amaritudine
1426 1643 1617 1692 vacua,
1674 1635 1728 1681 et

1821 451 1983 521 pedes
2012 464 2181 517 meos,
2205 453 2478 522 quomodo
2515 452 2811 521 inquinabo
2856 452 3014 507 illos?
3048 451 3225 523 (Cant.
3268 453 3343 521 v).
3377 474 3394 503 ι

1820 540 1871 594 id
1903 550 1986 596 est
2029 557 2249 612 gressus
2283 542 2386 596 mei
2407 541 2594 612 operis
2618 541 2684 596 ab
2714 542 3029 611 aspersione
3060 543 3257 597 terreni
3287 542 3400 612 pul-

1818 635 1960 688 veris
2019 635 2192 704 dignis
2238 633 2568 703 pmnitentite
2613 632 2827 688 ﬂetibus
2864 632 3030 696 ablui,
3088 647 3197 702 quo
3244 640 3438 703 pacto-

1813 724 1924 794 jam
1956 733 2167 793 potero,
2204 725 2327 791 nisi,
2359 713 2556 794 quibus
2591 734 2804 778 assueta
2835 739 2979 790 sum,
3008 723 3250 779 coelestia
3291 739 3402 778 me-

1821 817 2014 872 ditari?
2039 816 2398 871 Veruntamen
2429 802 2600 872 beaue
2628 815 2862 886 virgines
2889 816 3027 881 istas,
3051 815 3211 869 Flora
3245 815 3396 868 Vlth-

1821 907 2012 963 licetet
2035 907 2262 973 Lucilla,
2289 915 2615 978 postponunt
2637 907 3109 978 contemplationis
3133 906 3402 976 requiem,

1821 1015 1944 1054 eum
1979 1014 2083 1068 qua
2110 998 2164 1052 in
2200 998 2321 1052 aula
2377 998 2530 1069 regni
2561 1006 2816 1069 tanquam
2861 1000 2914 1053 in
2961 1015 3146 1054 eremo
3177 1008 3406 1054 eatenus

1823 1089 2099 1155 vixerant;
2151 1098 2228 1154 et,
2261 1088 2326 1142 ad
2369 1087 2672 1143 Salvatoris
2695 1089 2980 1159 imperium
3029 1090 3421 1159 procedentes;

1823 1180 2022 1248 quietis
2051 1180 2266 1235 amissa:
2313 1180 2566 1234 damnum
2623 1179 2887 1234 subeundi
2928 1181 3182 1251 martyrii
3236 1180 3422 1250 gloria.

1827 1279 2264 1340 recompensant.
2291 1269 2392 1337 Qui
2415 1269 2558 1324 enim
2585 1269 2664 1324 eis
2692 1269 2855 1324 verba
2882 1269 3186 1325 forinsecus
3218 1271 3404 1333 dabat,

1828 1359 1943 1428 ipse
1987 1359 2158 1414 etiam
2203 1366 2414 1413 mentes
2445 1372 2632 1411 earum
2665 1360 2730 1410 ad
2767 1355 3037 1414 fervorem
3080 1358 3406 1414 obedientiae

1827 1451 2155 1506 intrinsecus
2198 1448 2552 1504 accendebat.
2611 1447 2762 1503 Unde
2807 1459 3054 1519 utraeque
3080 1449 3412 1504 beatissima:

1829 1542 2064 1612 virgines
2100 1541 2265 1596 veluti
2297 1539 2552 1609 uniloqua
2595 1539 2882 1610 perhibent
2927 1553 3085 1603 voce,
3124 1539 3410 1595 dicentes:

1835 1654 1852 1685 ε
1885 1633 2120 1688 Dilectus
2140 1645 2294 1685 meus
2322 1631 2467 1684 misit
2493 1645 2710 1683 manum
2740 1645 2894 1684 suam
2931 1645 3030 1700 per
3049 1628 3318 1692 foramen,
3360 1637 3418 1682 et

165 1726 362 1796 spiritus
390 1725 492 1780 mei
526 1725 616 1794 qui
657 1725 707 1778 in
737 1723 987 1779 columba
1015 1725 1316 1789 descendit,
1349 1725 1491 1778 dono
1530 1724 1722 1778 ditata.
1760 1714 1801 1771 Β
1830 1733 2017 1779 venter
2047 1739 2199 1779 meus
2243 1723 2524 1777 intremuit
2551 1721 2616 1776 ad
2657 1731 2860 1776 tactum
2888 1721 3005 1789 ejus
3035 1721 3224 1794 (Ibid).
3262 1741 3281 1774 ι
3316 1720 3424 1776 Di—.

168 1815 488 1870 Immaculata
529 1831 668 1880 mea,
720 1817 848 1885 quia
878 1813 1140 1870 effusione
1193 1815 1296 1869 mei
1353 1813 1630 1884 sanguinis
1660 1814 1730 1868 ab

166 1907 292 1960 omni
337 1915 688 1976 peccatorqu
737 1914 950 1959 tuorum
1004 1905 1124 1960 labe
1178 1914 1405 1975 purgata
1452 1919 1534 1960 es.
1565 1904 1728 1973 Aperi

170 1997 328 2065 itaque
349 1996 502 2058 mihi,
552 1997 655 2050 boc
703 2005 807 2060 est,
840 1995 906 2048 de
936 1995 1118 2062 quiete
1148 2003 1204 2049 et
1231 1995 1346 2049 otio
1395 1995 1602 2050 dilecta:
1633 1993 1732 2046 tibi

169 2087 627 2158 contemplationis
665 2087 947 2156 egredere,
981 2094 1036 2140 et
1061 2087 1129 2140 ad
1163 2085 1556 2156 perhibendum
1586 2084 1734 2138 veri-

174 2183 254 2236 tati
291 2198 414 2236 tneae
446 2181 822 2236 testimonium
848 2180 1250 2236 ferventissime
1287 2188 1344 2234 te
1391 2189 1444 2234 et
1472 2187 1730 2233 constan-

175 2281 247 2328 ter
270 2274 508 2342 impende
538 2287 554 2326 :
589 2290 608 2323 ι
639 2271 775 2339 Quia
814 2279 977 2340 caput
1008 2285 1185 2325 meum
1219 2269 1437 2338 plenum
1473 2275 1552 2323 est
1582 2282 1732 2331 rore,

175 2373 223 2416 et
245 2364 464 2418 cincinni
503 2363 612 2418 mei
645 2363 812 2433 guttis
843 2361 1082 2416 noctium
1115 2359 1180 2430 (Ι
1207 2359 1331 2414 Cor.
1362 2360 1460 2425 χι).
1500 2377 1519 2411 ι
1559 2357 1736 2428 Caput

177 2454 355 2510 Christi
401 2455 547 2510 Deus
587 2463 692 2520 est,
722 2462 781 2507 ut
826 2453 959 2510 dicit
985 2452 1302 2516 Apostolus.
1328 2450 1573 2506 Cincinni
1606 2465 1736 2503 vero

177 2546 356 2600 intimae
384 2555 705 2601 sanctorum
749 2543 1105 2614 cogitationes
1135 2551 1282 2606 sunt,
1325 2555 1445 2610 qtae
1473 2555 1576 2594 non
1602 2539 1737 2593 laxa:

178 2637 325 2692 linunt
349 2646 403 2692 et
431 2637 729 2702 dissolutae,
778 2635 872 2691 sed
914 2635 1125 2690 timoris
1152 2644 1206 2688 et
1244 2633 1448 2688 amoris
1490 2634 1584 2688 Dei
1611 2642 1740 2687 sunt

179 2729 367 2784 vinculo
415 2729 703 2800 colligata}.
753 2728 1072 2791 Enimvero,
1131 2727 1260 2796 quid
1309 2741 1407 2796 per
1455 2740 1634 2780 rorem
1683 2733 1738 2780 et

177 2833 335 2893 guttas
365 2823 628 2887 noctium,
662 2821 763 2876 nisi
796 2821 1110 2875 tenebrosas
1149 2827 1206 2873 et
1231 2819 1459 2887 frigidas
1485 2833 1738 2888 quorum-

178 2916 284 2969 dam
313 2915 664 2985 reproborum
689 2923 900 2968 mentes
932 2911 1268 2981 accipimus?

236 3005 395 3075 Caput
420 3019 552 3075 ergo
589 3003 772 3074 sponsi
813 3003 868 3056 iu
924 3001 1170 3071 reprobis
1197 3000 1413 3071 plenum
1457 3008 1543 3056 est
1592 3014 1738 3065 rore,

182 3096 318 3167 175
344 3111 462 3151 eum
495 3094 788 3150 saeculares
820 3092 1020 3162 quippe
1059 3107 1088 3144 a
1137 3091 1231 3145 Dei
1261 3092 1525 3146 charitate
1555 3099 1736 3160 torpe-

180 3195 333 3250 scunt,
363 3196 416 3242 et
433 3203 529 3257 per
555 3185 892 3254 voluptatum
924 3197 1144 3238 suarun:
1170 3183 1446 3238 lasciviam
1477 3182 1737 3238 deﬂuunt.

180 3274 318 3330 Juxta
342 3276 392 3330 id
415 3275 560 3345 quod
587 3273 844 3328 Dominus
867 3272 1001 3327 dicit
1031 3290 1044 3325 :
1075 3290 1094 3324 ι
1125 3270 1436 3328 Abundabit
1458 3273 1739 3342 iniquitas,

182 3374 228 3417 et
267 3364 580 3434 refrigescet
633 3361 872 3418 cbaritas
915 3360 1208 3416 multorum
1248 3358 1474 3432 (Matth.
1507 3363 1689 3432 xxiv).
1717 3379 1736 3413 ι

183 3451 486 3521 llujusmodi'
513 3452 676 3524 plane
700 3467 823 3507 cum
857 3459 1076 3507 sanctos
1117 3450 1214 3506 Dei
1261 3461 1662 3521 persequuntur
1686 3461 1742 3506 et

182 3543 368 3610 odiunt,
403 3548 455 3598 in
506 3544 724 3598 illorum
771 3542 1030 3598 cordibus
1083 3543 1238 3612 quasi
1277 3542 1514 3597 cincinni
1559 3543 1738 3610 sponsi

182 3633 326 3700 guttis
355 3635 596 3690 noctium
645 3633 786 3704 pleni
819 3641 966 3689 sunt.
1017 3632 1260 3702 Cumque
1307 3633 1442 3688 tales
1489 3633 1742 3702 multipli-

183 3731 354 3778 cantur
404 3736 460 3779 et
515 3723 816 3779 Ecclesium
879 3723 1349 3794 persecutionibus
1401 3733 1740 3795 aggravant,

187 3821 297 3869 ωηο
315 3831 540 3884 sponsus
583 3831 836 3886 sponsam
867 3817 1192 3871 exhortatur
1229 3824 1290 3870 ιιι
1320 3825 1507 3885 surgat
1541 3824 1598 3869 et
1624 3824 1739 3868 stu-

187 3903 265 3956 dio
306 3906 706 3975 praedicationis
751 3905 994 3961 valenter
1029 3906 1264 3964 insistat.
1310 3905 1447 3960 Hinc
1486 3913 1566 3960 est
1597 3906 1743 3974 quod

185 3991 323 4048 Flora
371 4005 425 4050 et
476 3996 687 4051 Lucilla
741 3997 1068 4052 beatissima:
1111 3996 1350 4066 virgines
1382 4011 1479 4066 per
1528 4006 1742 4050 noctein

189 4082 418 4141 divinitus
445 4087 806 4141 admonentur
836 4097 894 4140 ut
921 4086 1150 4142 Romam
1197 4086 1434 4150 redeant,
1487 4095 1652 4155 atque
1675 4087 1744 4140 ad

193 4177 414 4246 martyrii
472 4188 748 4232 certamen
809 4178 1068 4233 accedere
1132 4177 1438 4233 nullatenus
1489 4178 1749 4248 pertime—

193 4272 344 4318 scatit.
373 4265 472 4321 Ubi
503 4267 651 4321 enim
683 4267 816 4320 vidit
840 4269 1185 4337 multipotens
1225 4269 1364 4322 Deus
1409 4269 1743 4337 persecutio-

195 4353 267 4406 nis
289 4364 469 4411 aestum
495 4355 793 4412 ferventius
831 4357 1078 4420 ebullire,
1109 4357 1218 4412 illic
1243 4357 1481 4412 decrevit
1511 4372 1608 4426 per
1636 4357 1746 4412 fra-

195 4441 336 4508 gilem
367 4459 552 4500 sexum
578 4446 857 4517 gloriosius
891 4447 1237 4515 triumphare.

256 4533 361 4598 Sed,
395 4546 453 4591 ut
479 4538 547 4592 ad
587 4538 864 4593 Canticum
907 4538 1140 4601 redeam,
1182 4545 1408 4606 utraque
1441 4538 1556 4591 haec
1585 4551 1744 4591 vene-

198 4624 364 4680 rabilis
390 4628 541 4698 virgo
575 4638 825 4698 tauquam
849 4628 1110 4698 singulari
1151 4627 1388 4681 unimodi
1415 4625 1526 4682 oris
1553 4627 1746 4695 depro-

200 4713 284 4767 mit
303 4717 550 4787 eloquio:
610 4738 627 4770 t
683 4718 983 4787 Exspoliavi
1033 4735 1136 4781 nte,
1169 4718 1363 4787 inquit,
1391 4719 1568 4772 tunica
1604 4732 1746 4782 mea,

200 4807 444 4868 quomodo
501 4808 691 4862 induar
740 4809 967 4880 illam?»
1007 4807 1183 4879 (Cant.
1224 4807 1300 4876 v.)
1350 4809 1427 4860 Ac
1481 4806 1525 4861 si
1563 4807 1743 4862 dicat:

203 4890 321 4947 Exui
350 4911 438 4954 me.
470 4897 617 4952 euris
665 4908 717 4951 et
745 4899 1188 4970 occupationibus
1215 4896 1416 4961 saeculi,
1450 4897 1586 4962 etin
1634 4899 1749 4954 solo

205 4997 280 5038 me
297 4994 393 5042 tua:
411 4989 873 5057 contemplationis
902 5005 1086 5046 amore
1116 4986 1437 5045 constrinxi.
1467 4987 1750 5053 Quomodo

207 5072 369 5144 itaque
400 5070 544 5134 nunc
596 5080 947 5140 discursionis
995 5083 1097 5136 iter
1137 5078 1435 5147 arripiam?
1466 5081 1750 5146 Quomodo

207 5171 437 5237 strepitus
481 5180 536 5226 et
575 5170 833 5231 luctamen
873 5173 1277 5242 obloquentium
1337 5167 1560 5224 feram?
1596 5172 1748 5242 Quod

205 5267 362 5314 autem
387 5277 481 5330 per
517 5263 722 5318 tunicas
749 5282 906 5321 curas
928 5262 1424 5325 sollicitudinesque
1453 5260 1747 5328 signiticet,

1223 5350 1320 5368 n__:
1361 5350 1406 5368 Ξ-

1771 4406 1824 4466 D

1831 1816 2001 1870 lectus
2029 1815 2190 1884 plane
2224 1829 2443 1868 manum
2476 1827 2571 1882 per
2601 1812 2844 1867 foramen
2875 1813 3058 1877 mittit,
3089 1822 3144 1868 et
3167 1820 3415 1866 ventrem

1834 1909 2025 1978 tangit,
2053 1922 2176 1962 cum
2197 1906 2409 1963 occulta
2439 1906 2700 1972 conditor
2729 1905 3082 1975 inspiratione
3111 1921 3210 1960 cor
3231 1905 3418 1960 visitat

1832 2008 1994 2068 atque
2043 1999 2110 2052 ad
2148 2011 2373 2069 agonem
2409 1997 2728 2052 certaminis
2762 2005 2818 2050 et
2860 1997 3034 2051 sancti
3082 1996 3285 2051 laboris
3333 1996 3419 2050 in-

1833 2089 2090 2143 ﬂammat.
2138 2088 2295 2155 Nam,
2326 2089 2468 2158 quod
2496 2097 2686 2142 venter
2715 2101 2811 2142 cor
2849 2087 3140 2158 significet,
3183 2087 3420 2142 ostendit

1835 2180 2097 2250 propheta
2150 2194 2272 2233 cum
2326 2179 2510 2234 dicit:
2570 2197 2589 2229 ι
2623 2176 2884 2233 Ventrem
2954 2193 3132 2232 meum
3187 2176 3361 2232 doleo.
3393 2198 3413 2230 ι

1834 2270 1986 2336 Quod
2027 2269 2270 2338 profecto
2316 2269 2444 2338 quid
2501 2277 2670 2333 esset,
2704 2268 2900 2338 aperit,
2945 2282 3069 2323 cum
3111 2267 3418 2338 subjungit:

1841 2382 1857 2412 ι
1896 2361 2101 2416 Sensus
2133 2347 2315 2416 cordis
2341 2361 2444 2415 mei
2493 2360 2902 2430 dissipathsunt
2927 2359 3063 2432 (Jer.
3094 2359 3192 2431 tv).
3236 2378 3254 2410 ι
3289 2358 3424 2412 Bea-

1836 2464 2012 2506 tarum
2041 2466 2170 2522 ergo
2216 2451 2512 2522 virginum,
2568 2450 2744 2505 Flora:
2780 2450 3036 2506 videlicet
3067 2457 3134 2521 et
3180 2448 3446 2513 Lucilla...

1837 2553 2024 2596 venter
2049 2540 2360 2605 intremuit,
2387 2555 2510 2595 eum
2543 2539 2772 2595 dilectus
2795 2553 3014 2593 manum
3039 2537 3185 2595 misit
3215 2544 3270 2591 et
3293 2537 3423 2590 teti-

1836 2633 1931 2703 git.
1966 2632 2100 2700 Quia
2143 2647 2265 2687 mox
2298 2639 2355 2686 et
2383 2645 2588 2686 earum.
2615 2630 2930 2685 cordivinze
2965 2627 3227 2699 jussionis
3267 2642 3425 2681 man-

1837 2725 1959 2777 data
1997 2722 2266 2791 concepit,
2304 2736 2362 2775 se
2399 2721 2618 2776 sibimet
2648 2721 2945 2788 abnegans,
2979 2718 3113 2774 nihil
3145 2732 3244 2772 suo
3274 2716 3428 2771 dein,

1839 2831 1965 2886 ceps
1988 2814 2214 2869 arbitrio
2240 2812 2558 2868 reservavit.
2602 2810 2756 2866 Unde
2801 2820 3032 2879 utraque
3059 2807 3239 2863 adbuc
3271 2807 3442 2876 quasi.

1839 2909 2184 2980 singulariter
2218 2906 2389 2962 dicit:
2461 2926 2478 2957 ι
2509 2905 2754 2970 Surrexi,
2809 2912 2870 2958 ut
2915 2901 3183 2974 aperirem
3231 2899 3429 2955 dilecto

1843 3018 1963 3057 meo
2012 3001 2344 3072 (Cant.v).i
2399 2997 2771 3054 Surrexerunt
2811 3005 3016 3052 sanctae
3058 2994 3320 3066 virgines,
3369 3001 3429 3046 ut

1844 3092 2040 3146 dilecto
2071 3105 2197 3146 mox
2225 3090 2534 3160 aperirent;
2576 3088 2702 3157 quia
2732 3085 3136 3158 promptissimo
3169 3084 3430 3139 decreve-

1842 3193 1970 3239 runt
2028 3184 2211 3237 animo
2263 3190 2323 3236 ut
2394 3181 2673 3236 humiliter
2727 3180 3032 3234 obedirent.
3083 3177 3427 3247 Aperuerunt

1841 3288 2034 3343 nempe
2065 3271 2286 3336 dilecto,
2319 3286 2464 3334 cum,
2504 3269 2772 3326 cervicem
2807 3267 2986 3324 cordis
3017 3266 3083 3320 ad
3113 3263 3227 3332 ejus
3256 3264 3427 3332 impe-

1844 3365 1982 3418 rium
2031 3363 2381 3426 inclinantes,
2431 3358 2777 3415 calcaverunt
2823 3356 3121 3427 propriam,
3194 3353 3429 3423 totisque

1841 3453 2049 3508 viribus
2088 3451 2418 3506 voluntatem
2444 3448 2737 3520 implevere
2771 3447 3036 3501 divinam.

1917 3542 2080 3613 176
2114 3541 2221 3596 Sed
2251 3555 2349 3595 nos
2372 3538 2511 3594 forte
2535 3539 2658 3607 quis
2680 3544 2870 3608 arguat
2899 3551 3014 3599 cur,
3053 3533 3256 3590 relictis
3279 3531 3428 3587 Scri-

1840 3643 2122 3704 pturarum
2164 3629 2474 3702 patentibus
2530 3629 2772 3699 campis,
2814 3628 2880 3683 de
2919 3627 3034 3681 solo
3086 3625 3450 3680 canticorum

1841 3723 2038 3795 angulo
2098 3721 2294 3777 ﬂorum
2343 3721 2695 3776 odoramenta
2743 3718 3100 3787 decerpimus,
3151 3725 3209 3770 ut
3256 3716 3450 3770 sacris.

1840 3813 2140 3883 virginibus
2169 3820 2371 3866 sertum
2426 3809 2624 3880 gloria:
2656 3808 3083 3878 compingamus.
3113 3805 3282 3874 Quod
3314 3804 3428 3858 uti-

1842 3919 1970 3974 que,
2005 3905 2202 3958 fratres
2230 3901 2358 3965 mei,
2388 3899 2581 3963 fateor,
2609 3915 2674 3954 ex
2706 3897 2970 3953 industria
3013 3896 3260 3960 facimus,
3295 3895 3428 3966 quia

1843 3994 1971 4050 nulli
2033 3993 2225 4049 melius
2279 3991 2610 4046 arbitramur
2675 3988 2944 4044 canticum
3003 3986 3241 4058 nuptiale
3291 4001 3427 4042 con-

1841 4103 2066 4158 gruere,
2088 4102 2251 4157 quatn
2303 4084 2476 4140 sacris
2514 4082 2633 4138 istis
2674 4079 2993 4151 virginibus,
3037 4094 3154 4148 quae
3192 4077 3432 4133 cmlestis

1845 4179 2030 4249 sponsi
2095 4177 2362 4231 thalamos
2409 4188 2507 4244 per
2553 4173 2817 4242 insignem
2857 4167 3102 4239 martyrii
3145 4166 3428 4220 victoriam

1845 4267 2308 4330 conscenderunt;
2340 4264 2395 4318 in
2451 4262 2594 4316 illius
2644 4275 2786 4314 nunc
2842 4257 3024 4326 sponsi
3056 4254 3429 4323 complexibus

1851 4356 2217 4426 requiescunt,
2269 4369 2369 4423 pro
2407 4353 2563 4422 cujus
2611 4365 2820 4413 amore,
2870 4348 2971 4400 sub
3018 4345 3153 4399 duro
3183 4343 3425 4396 laborum

1849 4462 1913 4503 ac
1941 4461 2311 4518 pressurarutn
2346 4443 2582 4512 pondere
2611 4438 2971 4499 desudaruut;
3003 4435 3055 4488 iu
3079 4431 3244 4500 cujus
3263 4432 3440 4485 uitni-.

1851 4553 1972 4591 rum
2030 4532 2254 4604 nuptiali
2286 4531 2490 4585 foedere
2531 4544 2636 4585 non
2671 4528 2846 4583 locum
2879 4522 3156 4594 corruptio
3200 4522 3427 4590 reperit,

1851 4628 1944 4682 sed
1968 4622 2248 4695 virginalis
2274 4618 2786 4689 integritascrevit.

1924 4717 2232 4785 Sequamur-
2258 4713 2459 4780 itaque,
2501 4707 2857 4770 dilectissimi,
2891 4706 3289 4761 sacratissmtas
3321 4705 3449 4762 vim.

1855 4808 2008 4878 gines
2057 4806 2109 4858 in
2165 4803 2246 4857 via
2295 4802 2541 4855 laborum
2597 4808 2760 4868 atque
2811 4798 3204 4855 certaminum;
3262 4803 3319 4846 ut
3368 4803 3468 4861 εὶς

1855 4897 2086 4951 extremi
2118 4894 2330 4958 saltem,
2363 4900 2415 4945 et
2441 4889 2614 4946 ultimi
2655 4888 2810 4959 jungi
2861 4899 3172 4944 mereamur
3204 4883 3259 4936 in
3287 4901 3488 4956 retr“.

1858 4987 2167 5042 butiouibus
2197 4982 2537 5038 meritorum.
2569 4977 2778 5035 Pudeat
2820 4975 2972 5033 viros
3020 4970 3342 5032 carnalibus
3415 4988 3526 5052 ῃ*

1860 5077 2086 5134 lecebris
2118 5073 2406 5135 deservire,
2439 5072 2530 5142 qui
2565 5068 2809 5141 fragilem
2845 5083 3040 5126 sexum
3061 5063 3316 5120 videmus
3373 5087 3527 5142 De,

1860 5168 2070 5222 diversa
2123 5169 2409 5224 tormenta,
2465 5175 2559 5231 per
2613 5159 2842 5221 ferrum,
2890 5174 2990 5228 per
3028 5153 3244 5230 gladios
3293 5169 3540 5231 regna,

1860 5258 2097 5311 cmlestia
2157 5261 2468 5324 penetrare.
2532 5253 2834 5309 Erubescat
2863 5250 2953 5306 vir
3002 5251 3103 5307 sub
3167 5243 3534 5323 degeneris

2491 5363 2502 5368 -
2565 5347 2650 5368 -.-Β
2687 5345 2887 5368 .-....ΙΙΛ,.
2924 5349 2974 5368 --9
2999 5349 3104 5368 Ι--.
3136 5335 3238 5368 οιιῑὶ
3272 5351 3410 5368 nn..-
