3946 5368
488 184 589 239 691

1097 180 1154 237 S.
1182 179 1386 236 PETRI
1423 178 1710 235 DAMIANI
1735 176 1886 237 ΟΡΡ.
1918 173 2100 231 PARS
2137 171 2266 232 SEU
2309 176 2545 236 TOMUS
2576 177 2637 235 ll.
2669 208 2739 220 —-
2779 175 3167 235 SERMONES.

3631 181 3720 237 691

487 315 594 366 tunc
640 278 999 369 perducantur
1029 297 1093 351 a.l
1141 296 1467 367 virginitatis
1518 311 1798 353 auctorem
1832 291 2068 365 Virginis
2097 291 2146 351 Α
2173 294 2287 351 suis
2321 296 2630 352 actionibus
2657 312 2717 354 se
2745 295 2890 353 velut
2916 297 3244 353 exstinctum
3273 297 3534 367 prmbens,
3564 302 3716 357 multi.

486 388 718 453 Filium;
760 388 849 457 qtti
886 403 1008 442 cum
1045 385 1152 441 Deo
1200 384 1364 441 Patre
1390 397 1448 441 et
1486 384 1696 456 Spiritu
1723 393 1913 440 sancto
1942 384 2072 438 vivit

486 489 544 535 et
574 488 765 549 regnat
792 480 847 535 in
877 478 1074 535 smcula
1100 477 1443 534 seculorum.
1471 476 1671 532 Amen.

1032 608 1267 666 SERMO
1304 608 1521 666 XXXV.
1612 616 1617 623 '

523 742 584 783 II.
623 742 690 781 DE
730 742 805 782 SS.
849 740 1039 787 ηοιιιι.
1070 741 1291 781 ιυειιιηι
1324 740 1626 781 νιιιςιιηιιιυε
1661 740 1731 780 ΕΤ
1773 740 2037 779 ιιιιτιιιιι-

1020 812 1135 852 sus.
1167 801 1324 867 (xxxi
1364 795 1532 866 ιυι.).

558 931 778 997 Adhuc,
814 929 1185 995 dilectissimi,
1226 929 1510 1000 virgineus
1539 930 1806 1000 geminat
1856 938 2074 1000 partus,

486 1025 663 1079 adhuc
695 1024 971 1094 virgitialis
1020 1022 1116 1077 illa
1138 1023 1444 1078 fecunditas
1478 1023 1781 1080 ca-lestiutn
1823 1033 2067 1096 segetum

484 1117 698 1172 frttctxts
744 1114 1070 1179 accumulat,
1125 1130 1246 1169 cum
1296 1114 1575 1170 muliebris
1625 1116 1913 1171 infirmitas
1960 1132 2067 1171 non

485 1213 648 1266 modo
672 1226 862 1265 sexum
883 1217 1126 1281 superat,
1174 1209 1267 1264 sed
1293 1217 1348 1263 et
1373 1210 1558 1263 mundi
1589 1209 1748 1278 huius
1768 1209 2066 1279 principem

483 1299 834 1369 insuperabili
885 1299 1082 1353 mentis
1125 1298 1572 1369 magnanimitate
1618 1298 1931 1369 triumphat.
1985 1297 2068 1353 Ad

487 1393 590 1446 hoc
618 1408 850 1462 namque
880 1392 971 1447 Dei
999 1391 1168 1447 Filius
1199 1391 1475 1446 vernan‘tis
1500 1390 1671 1446 vulvae
1697 1391 1830 1446 ﬂore
1867 1406 2065 1446 concc-

485 1494 611 1551 plus
633 1494 738 1546 est,
771 1492 829 1538 ιιι
848 1482 1171 1538 fermentum
1195 1491 1349 1538 vetns
1378 1483 1431 1537 in
1456 1498 1703 1554 azymam
1726 1489 1982 1547 verteret,
2011 1490 2068 1538 et

484 1590 581 1644 per
599 1591 841 1640 carnem,
873 1591 992 1646 qua:
1015 1575 1157 1631 victa
1193 1575 1391 1641 fuerat,
1420 1576 1660 1632 humano
1685 1576 1867 1646 generi
1896 1576 2067 1631 victo-

483 1667 617 1722 riam
642 1678 961 1729 reportaret.
1001 1669 1250 1725 Loricam
1274 1670 1472 1741 quippe
1502 1671 1605 1726 sibi
1634 1671 1700 1727 de
1738 1680 1922 1726 nostra
1954 1670 2060 1725 fra-
2093 1649 2139 1708 Β

481 1759 690 1827 gilitate
740 1761 1065 1832 composuit,
1110 1762 1161 1815 in
1189 1775 1293 1829 qua
1316 1761 1597 1817 exsultans
1624 1771 1685 1817 ut
1711 1761 1864 1833 gigas
1891 1759 2065 1833 (Psal.

481 1849 665 1921 ιιι-ιιι),
693 1859 747 1904 et
776 1865 966 1921 poetis
992 1867 1055 1906 ac
1088 1850 1246 1906 fortis
1306 1852 1360 1906 in
1411 1851 1615 1922 prndio,
1650 1862 1947 1923 potestates
1972 1867 2069 1908 ae-

480 1955 606 1997 reas
644 1942 949 2000 debellavit.

555 2034 646 2090 Sic
678 2035 862 2106 itaque
899 2036 967 2092 de
1011 2037 1329 2095 infirmitate
1380 2041 1704 2108 constantia,
1737 2040 1803 2095 de
1840 2040 2069 2111 captivi-

481 2127 597 2175 tate
627 2122 877 2188 victoria,
904 2123 970 2178 de
1000 2126 1155 2181 ruina
1187 2136 1271 2182 est
1296 2128 1544 2183 ascensio
1582 2136 1894 2199 procurata.
1928 2126 2066 2182 Hinc

481 2213 748 2283 siquidem
772 2215 972 2272 factum
1000 2227 1085 2273 est
1112 2228 1170 2273 ut
1209 2220 1461 2289 antiquus
1483 2219 1672 2283 hostis,
1700 2220 1792 2289 qui
1810 2219 1910 2276 sibi
1941 2232 2068 2290 pro-

480 2306 695 2361 venisse
730 2306 1011 2363 victoriam
1041 2324 1139 2379 per
1163 2311 1324 2366 unius
1371 2309 1584 2366 feminae
1622 2312 1930 2367 vecordiam
1970 2329 2066 2383 ap-

482 2396 799 2466 plaudcbat,
831 2413 930 2470 per
964 2401 1163 2455 multas
1197 2417 1256 2457 se
1286 2401 1401 2471 jam
1432 2402 1704 2459 devictum
1744 2413 1909 2473 atque
1936 2418 2067 2459 con-

482 2488 662 2543 fusum
726 2487 956 2545 feminas
997 2491 1304 2547 erubescat.
1360 2490 1497 2546 llinc
1523 2501 1608 2546 est
1642 2499 1699 2547 et
1732 2492 1875 2562 quod
1923 2509 2066 2549 nunc

480 2586 730 2633 versatur
775 2578 830 2634 in
879 2582 1152 2647 manibus,
1203 2582 1327 2653 quia
1382 2583 1632 2639 videlicet
1680 2585 2064 2641 sacratissima:

478 2669 600 2723 istm
650 2669 913 2740 virgines,
971 2671 1131 2727 Flora
1173 2673 1381 2729 scilicet
1416 2682 1472 2729 et
1528 2674 1754 2741 Lucilla,
1801 2684 1858 2731 et
1913 2676 2064 2746 prius

478 2760 764 2816 illecebras
816 2762 1168 2833 voluptatum,
1226 2774 1280 2820 et
1309 2767 1653 2836 postmodum
1703 2768 1908 2838 gladios
1935 2784 2065 2824 con-

479 2861 753 2920 tempsere
777 2860 1063 2909 tortorum.
1083 2856 1321 2927 Qumque
1345 2858 1649 2914 diutissime
1672 2860 1822 2941 prius
1848 2859 2065 2917 fuerant

480 2950 751 3011 martyres
781 2943 843 2997 in
873 2945 1108 3013 occulto,
1139 2946 1453 3003 claruerunt
1502 2950 1844 3020 postmodum
1875 2950 2062 3007 victri-

417 3106 423 3112 _
478 3047 570 3087 ccs
596 3033 647 3087 in
678 3035 910 3103 publico.
935 3036 1141 3103 Quibus
1163 3039 1418 3095 nimirum
1454 3041 1583 3096 illud
1616 3042 1897 3112 aptissime
1925 3059 2055 3097 con-

478 3124 624 3191 gruit
660 3126 806 3194 quod
847 3141 1042 3196 sponsa
1084 3128 1216 3184 dicit
1264 3130 1317 3184 in
1366 3130 1643 3187 Canticis:
1694 3151 1713 3184 ι
1748 3132 2061 3191 Fasciculus

478 3216 715 3284 myrrha:
748 3217 976 3274 dilectus
1007 3234 1159 3275 meus
1209 3223 1360 3289 mihi,
1402 3223 1544 3279 inter
1572 3224 1735 3280 ubera
1766 3240 1884 3280 mea
1912 3240 2062 3280 cum-

479 3311 781 3365 morabitur
813 3311 989 3384 (Cant.
1022 3313 1086 3384 l).
1121 3334 1139 3366 ι
1171 3314 1385 3385 Myrrha
1410 3315 1567 3386 plane
1595 3317 1805 3388 species
1830 3328 1912 3373 est
1933 3333 2058 3373 aro-

476 3406 675 3459 matica
707 3405 886 3461 nimia:
917 3409 1311 3475 amaritudinis,
1362 3425 1467 3480 qua
1521 3420 1857 3467 mortuorum
1899 3413 2060 3467 cada-

476 3510 608 3549 vera
642 3497 986 3563 condiuntur,
1022 3515 1088 3556 ne
1114 3500 1274 3557 facile
1314 3511 1773 3573 computrescant.
1802 3502 1940 3558 llinc
1977 3511 2064 3558 est

479 3589 623 3658 quod
655 3601 709 3645 et
734 3592 902 3661 ipsius
928 3595 1112 3663 sponsi
1144 3610 1339 3665 corpus
1372 3611 1402 3649 a
1433 3595 1723 3652 Nicodemo
1751 3605 1805 3651 et
1836 3596 2059 3667 Joseph,

479 3681 547 3735 de
579 3697 743 3738 cruce
785 3686 1120 3754 depositum,
1170 3688 1385 3758 myrrha
1439 3696 1494 3743 et
1537 3688 1657 3743 aloe
1700 3688 1970 3752 conditur,
2005 3698 2061 3743 et

480 3772 663 3827 linteis
690 3776 986 3831 involutum
1007 3778 1296 3848 sepultura:
1317 3781 1678 3835 committitur
1704 3780 1888 3852 (Joan.
1920 3782 2057 3853 XIX).

556 3866 715 3936 177
736 3867 872 3933 Quid
895 3885 1023 3939 ergo
1049 3887 1146 3940 per
1170 3874 1404 3944 myrrha:
1435 3874 1892 3940 fasciculum,nisi
1923 3876 2061 3931 tn’ul-

478 3956 643 4026 tlplex
673 3958 1018 4016 murtificatio
1043 3963 1390 4031 designatur?
1435 3964 1548 4020 Non
1580 3966 1722 4021 enim
1749 3965 1901 4032 dicit,
1942 3982 2062 4020 sur-

476 4049 633 4104 culus
654 4052 907 4121 niyrrlue,
922 4052 1004 4106 vel
1022 4054 1353 4111 ramusculus
1367 4057 1618 4127 myrrhae,
1635 4057 1727 4111 scd
1750 4057 2057 4123 fasciculus,

477 4139 677 4208 inquit,
704 4141 938 4211 myrrhae
960 4142 1189 4197 dilectus
1218 4158 1371 4199 meus
1403 4145 1555 4199 mihi.
1598 4146 1675 4201 Ac
1697 4148 1741 4201 si
1768 4147 1913 4202 dicat
1935 4148 2060 4216 quia

476 4228 533 4282 in
566 4230 711 4285 omni
763 4245 849 4285 me
895 4246 1012 4284 mea
1041 4234 1450 4289 conversatione
1477 4235 1762 4299 mortifieo,
1800 4233 1854 4289 et
1899 4236 2060 4292 nullis

471 4323 583 4401 jam
612 4324 844 4397 propriae
866 4324 1157 4379 voluntatis
1180 4326 1434 4396 operibus
1462 4325 1605 4392 vivo,
1650 4326 1880 4381 dilectus
1908 4341 2060 4381 meus

477 4427 586 4467 non
638 4413 769 4468 mihi
821 4414 1045 4483 simplex
1094 4414 1267 4471 factus
1302 4424 1381 4471 est
1424 4431 1629 4481 ramus,
1689 4414 1782 4470 sed
1825 4416 2058 4486 myrrhae

474 4505 783 4561 fasciculus.
840 4505 994 4563 Unde
1031 4516 1085 4560 et
1132 4507 1457 4577 przedicator
1491 4507 1724 4563 eximius
1768 4524 1781 4559 :
1843 4524 1863 4557 ι
1923 4505 2055 4574 Ego,

472 4597 674 4665 inquit,
690 4597 942 4668 stigmata
958 4595 1084 4652 Jesu
1103 4597 1153 4651 in
1176 4613 1405 4666 corpore
1423 4613 1541 4653 meo
1564 4607 1719 4660 porto
1742 4594 1883 4668 (Gul.
1902 4597 2000 4668 vt).
2033 4617 2051 4647 ι

476 4688 559 4746 Ad
596 4705 756 4757 quant
792 4689 1045 4744 videlicet
1082 4689 1429 4758 multiplicem
1476 4690 1971 4754 mortificationem,
2004 4700 2058 4744 ct

477 4793 579 4835 nos
607 4794 789 4834 secmn
828 4780 1096 4844 hortatur,
1123 4782 1347 4836 dicens:
1386 4799 1404 4833 ι
1437 4780 1661 4850 Semper
1686 4782 2059 4837 mortificatio-

476 4886 603 4928 nem
642 4870 768 4925 Jesu
802 4873 853 4931 in
897 4888 1123 4945 corpore
1156 4883 1340 4931 nostro
1370 4874 1833 4938 circumferentes,
1897 4883 1958 4928 ut
2000 4883 2057 4928 et

474 4959 587 5013 vita
610 4957 737 5014 Jesu
776 4947 1150 5018 ma'nifestetur
1180 4963 1233 5017 in
1274 4978 1439 5019 carne
1483 4974 1665 5022 nostra
1710 4964 1918 5019 mortali
1968 4966 2054 5034 (11

476 5048 600 5104 Cor.
631 5050 725 5117 tv).
769 5069 786 5106 ι
824 5049 905 5105 Ab
941 5065 1005 5105 eo
1036 5068 1266 5122 namque
1292 5054 1437 5121 quod
1465 5069 1693 5124 corpore
1722 5065 1909 5111 nostro
1950 5059 2059 5111 circ

478 5139 858 5203 cutnferimus,
898 5140 1095 5193 nullam
1120 5142 1364 5210 corporis
1400 5154 1606 5211 partem
1635 5160 1856 5198 vacuam
1884 5159 2057 5199 reser-

476 5247 692 5286 vamus.
742 5228 833 5285 ille.
867 5243 996 5298 ergo
1043 5231 1508 5286 mortificationem
1554 5232 1679 5287 Jesu
1730 5234 1783 5288 in
1830 5250 2055 5305 corpore

475 5340 576 5368 mm
623 5317 961 5368 circumfert.
996 5318 1086 5368 ani
1118 5320 1185 5368 de
1218 5333 1276 5368 se.
1313 5322 1415 5368 sibi
1460 5321 1591 5368 nihil
1641 5325 1914 5368 relinmtil.
1961 5327 2051 5368 ηιιί

2172 386 2369 455 plieem
2393 388 2796 458 quodammodo
2823 388 3263 444 mortificationis
3279 388 3476 443 Christi
3502 391 3717 462 manipu.

2172 476 2283 533 lum
2329 477 2553 550 colligit.
2601 476 2905 534 Coneiuant
2947 492 3080 549 ergo
3116 478 3446 533 beatissima
3492 480 3716 550 virgines,

2172 582 2311 638 quae,
2336 584 2501 623 unum
2526 584 2787 638 sponsum
2810 569 3093 635 habentes,
3121 567 3442 641 zelotypiam
3465 584 3562 626 non
3584 586 3718 627 nove-

2174 666 2319 723 runt,
2351 667 2408 714 et
2435 658 2695 727 sicut-per
2720 658 3006 713 charitatis
3032 657 3299 729 glutinum
3332 674 3491 712 unam
3520 673 3583 714 ex
3605 660 3715 715 dua-

2170 748 2271 804 bus
2299 749 2536 805 animam
2566 746 2824 813 conﬂant,
2858 748 2931 802 ita
2969 748 3116 804 velut
3145 763 3251 802 uno
3283 763 3381 803 ore
3411 747 3720 818 singulariter

2171 844 2357 899 dicant
2381 858 2400 897 :
2425 863 2447 895 ι
2480 842 2793 899 Fasciculus
2821 842 3054 914 myrrhae
3084 841 3312 898 dilectus
3356 856 3506 897 meus
3532 842 3667 896 mibi.
3695 863 3713 897 ι

2178 934 2280 992 Ubi
2303 944 2360 990 et
2396 944 2525 1006 apte
2539 933 2920 1003 subiungitur:
2956 951 2976 986 ι
3005 933 3152 988 Inter
3179 934 3347 987 ubera
3374 947 3490 987 mea
3516 947 3718 988 commo-

2173 1027 2398 1083 rabitur.
2438 1048 2461 1082 ι
2522 1027 2690 1082 Nemo
2728 1026 2941 1082 dubitat
2970 1026 3112 1081 inter
3150 1025 3321 1081 ubera
3356 1023 3585 1095 pectoris
3623 1039 3720 1081 esse

2171 1118 2348 1174 locum
2383 1119 2584 1174 cordis.

2242 1211 2481 1267 Dilectus
2510 1225 2640 1282 ergo
2676 1210 2820 1277 inter
2847 1209 3131 1281 utriusque
3154 1208 3389 1281 virginis
3414 1206 3575 1264 ubera
3598 1222 3719 1263 com-

2169 1310 2435 1368 moratur,
2464 1302 2591 1372 quia
2627 1302 2941 1358 iudeficiens
2967 1302 3087 1373 ejus
3135 1316 3290 1356 amor
3321 1315 3390 1356 ac
3430 1300 3719 1356 desiderium

2168 1412 2234 1452 ex
2265 1410 2451 1450 earum
2495 1396 2755 1451 memoria
2786 1409 2893 1450 non
2923 1393 3153 1450 deletur.
3203 1413 3224 1445 ι
3273 1394 3424 1449 Inter
3446 1393 3601 1447 ubera
3626 1406 3721 1447 mea

2169 1488 2616 1551 commorabitur,
2652 1506 2672 1539 ι
2705 1496 2962 1557 tanquam
2985 1485 3194 1541 diceret
3223 1503 3236 1538 :
3269 1483 3376 1551 Qui
3428 1483 3556 1538 tnihi
3592 1482 3723 1537 fasci-

2169 1580 2323 1635 culus
2345 1580 2582 1651 myrrha:
2602 1577 2780 1633 factus
2801 1586 2886 1632 est
2902 1591 2999 1647 per
3015 1575 3441 1630 amaritudinem
3468 1572 3721 1644 passionis,

2170 1670 2317 1726 inter
2342 1670 2506 1725 ubera
2532 1685 2650 1725 mea
2663 1668 2868 1740 jugiter
2894 1674 3263 1723 commoratur
3296 1681 3396 1735 per
3425 1664 3723 1721 dulcedinem

2171 1761 2377 1826 cordis,
2410 1769 2464 1816 et
2493 1760 2583 1830 qui
2617 1773 2704 1814 me
2728 1758 3070 1814 extrinsecus
3108 1772 3206 1827 per
3230 1756 3539 1827 exemplum
3567 1769 3723 1809 susce—

2171 1862 2277 1922 ptae
2330 1851 2521 1907 mortis
2574 1857 2881 1921 exasperat,
2936 1863 3036 1918 per
3099 1846 3332 1902 infusam
3392 1844 3614 1917 gratiam
3652 1858 3722 1898 tne

2169 1943 2373 1998 intima:
2391 1941 2674 1998 suavitatis
2699 1940 2992 2006 obdulcat;
3023 1939 3168 1995 sicut
3216 1940 3283 1994 de
3320 1939 3514 1993 eodem
3557 1951 3723 2008 sponsa

2169 2035 2364 2091 iterum
2389 2034 2562 2090 dicit:
2597 2052 2616 2085 ι
2655 2031 2893 2087 Dilectus
2920 2046 3073 2099 meus
3100 2030 3364 2087 candidus
3409 2040 3466 2085 et
3508 2027 3724 2085 rubicun-

2168 2128 2289 2193 dus,
2321 2127 2525 2182 electus
2552 2140 2618 2181 ex
2647 2123 2884 2179 millibus
2914 2121 3095 2193 (Cant.
3124 2122 3200 2194 v).
3236 2141 3254 2174 ι
3304 2121 3584 2178 Candidus
3602 2119 3723 2174 video

2167 2219 2296 2274 licet
2332 2233 2401 2273 ex
2448 2216 2620 2288 gloria
2667 2215 2987 2282 divinitatis,
3040 2213 3375 2269 rubicundus
3428 2222 3601 2267 autem
3648 2225 3724 2282 per

2166 2312 2484 2381 sanguinem
2510 2310 2799 2381 passionis.
2829 2307 3051 2363 Electus
3069 2320 3200 2363 vero
3225 2321 3291 2360 ex
3331 2304 3574 2360 millibus
3605 2302 3723 2356 dici-

2168 2412 2277 2464 tur.
2311 2402 2439 2472 quia
2480 2416 2557 2455 ex.
2581 2400 2727 2455 omni
2759 2406 3073 2453 sanctorum
3108 2394 3463 2450 multitudine
3502 2391 3636 2447 solus
3657 2398 3725 2444 est

2165 2495 2257 2565 qui
2289 2494 2493 2564 dignus
2514 2492 2618 2547 fuit
2645 2490 2873 2546 audire:
2908 2506 2927 2540 ι
2965 2486 3065 2542 llic
3094 2496 3181 2541 est
3224 2485 3403 2540 Filius
3449 2500 3595 2541 meus
3616 2481 3724 2537 dile-

2163 2605 2325 2657 ctus,
2376 2591 2429 2647 in
2491 2605 2603 2661 quo
2654 2588 2793 2644 mihi
2838 2587 2977 2643 bene
3023 2583 3327 2656 complacui
3386 2582 3608 2656 (Hattlt.
3654 2596 3723 2644 tn,

2162 2681 2328 2752 xvn).
2381 2700 2403 2735 ι

2234 2773 2385 2827 lianc
2406 2771 2586 2827 dilecti
2619 2768 3080 2842 pulchritudinem
3116 2765 3462 2823 venerabiles
3496 2765 3607 2819 istm
3638 2762 3724 2815 vir-

2164 2864 2317 2937 gines
2362 2862 2466 2916 nisi
2509 2861 2684 2917 oculis
2726 2858 2851 2914 fidei
2882 2858 3253 2914 indesinenter
3291 2858 3619 2926 aspicerent,
3662 2859 3726 2906 tot

2164 2971 2437 3013 :erumnas
2464 2966 2624 3025 atque
2651 2958 2940 3024 preSsuras
2959 2949 3108 3006 velut
3130 2964 3377 3005 amarum
3428 2957 3588 3018 atque
3613 2943 3724 3000 mul-

2169 3048 2404 3119 tiplicem
2439 3046 2673 3118 myrrha:
2692 3043 3005 3100 fasciculum
3040 3041 3350 3097 nullatenus
3375 3038 3721 3111 pertulissent.

2163 3141 2332 3196 Plane
2374 3139 2478 3194 nisi
2510 3138 2576 3192 ad
2619 3138 2763 3192 illius
2794 3151 3018 3191 summm
3043 3134 3471 3205 pulchritudinis
3494 3130 3725 3189 accende-

2169 3241 2358 3287 rentur
2377 3230 2681 3301 atnplexus,
2716 3243 3057 3298 nequaquam
3084 3227 3153 3282 de
3183 3226 3307 3280 aula
3333 3227 3484 3297 regis
3509 3236 3723 3280 creatum

2165 3324 2429 3389 facerent,
2451 3331 2525 3387 et,
2538 3323 2679 3376 inter
2689 3319 2936 3376 carnales
2955 3318 3267 3374 etlubricos
3279 3317 3553 3379 homines,
3564 3327 3724 3368 omnes

2165 3413 2345 3468 carnis
2375 3412 2660 3468 illecebras
2687 3425 2788 3481 per
2804 3418 2915 3464 tres
2943 3406 3056 3463 fere
3082 3423 3348 3463 annorum
3381 3402 3724 3463 hebdomadas

2158 3501 2305 3573 jugis
2330 3493 2679 3557 continentia:
2701 3512 2962 3554 mucrone
2977 3506 3312 3552 truncarent.
3338 3494 3623 3551 Eratcnim
3638 3491 3725 3552 eis,

2165 3594 2307 3649 sicut
2334 3593 2534 3647 dicitur
2563 3609 2576 3645 :
2611 3610 2630 3642 ι
2663 3598 2849 3661 guttur
2872 3588 3057 3659 sponsi
3085 3586 3505 3650 suavissimum,
3524 3593 3578 3640 et
3601 3592 3723 3636 totus

2164 3684 2537 3741 desiderabilis
2565 3680 2743 3753 (Cant.
2770 3680 2848 3752 v).
2869 3699 2888 3731 ι
2914 3678 3309 3735 Suavissimum
3331 3677 3517 3747 sponsi
3541 3681 3725 3746 guttur,

2165 3773 2394 3830 interior
2439 3781 2523 3826 est
2569 3771 2799 3827 dulcedo
2845 3769 3157 3825 verborum.
3211 3768 3268 3823 ιιι
3322 3768 3507 3822 verbis
3548 3764 3725 3818 etenim

2164 3866 2363 3922 Christi
2408 3864 2757 3934 quamplurcs
2806 3862 3113 3933 intelligunt
3167 3861 3325 3916 facile
3374 3856 3723 3931 superficiem.

2164 3963 2353 4035 paucis
2372 3976 2503 4017 vero
2533 3962 2717 4015 datum
2745 3968 2830 4015 est
2868 3959 3183 4014 interiorem
3230 3966 3520 4027 penetrare
3557 3952 3724 4009 dulce-

2164 4056 2366 4119 dinem,
2400 4056 2465 4108 de
2492 4068 2597 4122 qua
2635 4067 2731 4120 per
2757 4051 3083 4122 Prophetam
3126 4050 3367 4106 dicitur:
3420 4068 3441 4102 ι
3496 4047 3721 4107 Gustate,

2160 4156 2213 4202 ‘et
2238 4147 2415 4199 videte
2436 4144 2689 4214 quoniam
2714 4143 2898 4198 suavis
2917 4149 3003 4197 est
3015 4137 3463 4211 Dominus(Psal.
3479 4136 3682 4206 xum).
3701 4153 3721 4185 ι

2164 4237 2270 4292 Sed
2297 4235 2387 4305 qui
2421 4236 2602 4290 suavis
2625 4244 2711 4289 est
2738 4235 2791 4289 itt
2819 4227 3057 4303 gutfure,
3088 4246 3332 4285 amarum
3366 4229 3511 4300 sapit
3547 4229 3598 4282 iu
3619 4240 3721 4279 ore.

2164 4329 2319 4384 Unde
2346 4327 2606 4395 scriptum
2633 4334 2759 4380 est:
2814 4343 2832 4375 ι
2867 4314 3033 4377 Labia
3078 4323 3223 4377 illius
3259 4320 3398 4374 labia
3427 4315 3725 4374 distillautia

2087 4383 2136 4442 Β
2167 4423 2328 4501 178
2362 4383 2637 4493 myrrham
2654 4420 2885 4490 primam
2904 4415 3177 4486 (Cant.v).
3202 4433 3220 4465 ι
3250 4413 3354 4468 Per
3382 4412 3525 4468 labia
3551 4422 3725 4501 nempe

2162 4515 2214 4567 in
2257 4498 2441 4580 guttur
2468 4525 2592 4565 esca
2622 4507 2909 4577 trajicitur.
2940 4506 3104 4560 Labia
3146 4505 3313 4576 igitur
3348 4502 3553 4573 sponsi,
3579 4498 3722 4554 verba

2160 4615 2285 4660 sunt
2311 4603 2705 4673 Redemptoris.
2731 4602 2862 4668 Qua:
2886 4599 3127 4671 profecto
3159 4598 3434 4669 myrrham
3454 4594 3721 4650 distillant.

2160 4697 2286 4767 quia
2327 4711 2423 4765 per
2470 4694 2943 4749 mortificationem
2995 4701 3047 4747 et
3096 4689 3512 4744 amaritudinem
3558 4682 3723 4741 carnis

2158 4786 2579 4856 perveniendum
2608 4799 2730 4840 esse
2769 4782 2969 4838 docent
3019 4781 3085 4836 ad
3135 4780 3456 4836 suavitatem
3512 4778 3722 4832 interna:

2159 4875 2479 4930 dulcedinis.

2230 4967 2333 5021 Per
2380 4967 2517 5021 hanc
2558 4964 2934 5021 amaritudinis
2962 4964 3127 5026 viam,
3177 4961 3375 5015 fratres
3410 4954 3720 5015 charissimi,

2158 5073 2304 5112 nunc
2334 5073 2463 5113 cum
2488 5056 2663 5111 beatis
2692 5055 2991 5126 virginibus
3015 5051 3329 5109 studeanms
3361 5049 3629 5111 incedere,
3671 5052 3721 5097 ut

2159 5160 2279 5200 cum
2310 5144 2511 5200 eisdem
2551 5145 2890 5214 postmodqu
2936 5141 3003 5195 ad
3053 5139 3259 5209 regales
3314 5136 3499 5194 :eterni
3553 5132 3722 5203 sponsi

2165 5236 2378 5304 nuptias
2407 5232 2716 5289 mereamur
2756 5241 2879 5288 cum
2911 5230 3285 5287 benedictione
3327 5224 3623 5285 dulcedinis
3647 5223 3720 5276 in-

2165 5327 2345 5368 linirn-
2400 5326 2478 5368 Δὶι
2514 5324 2671 5368 Ιιιιίιις
2711 5339 2806 5368 nnc
2838 5323 3025 5368 πηρισηὶ
3059 5320 3313 5368 aviditate
3355 5316 3583 5368 convivii
3623 5327 3719 5366 non
