3946 5368
276 261 370 316 693

1663 262 1896 324 SERMO
1931 261 2165 323 XXXVI.
2508 276 2520 291 "
2542 274 2599 324 io,
2707 277 2737 309 ι·

3425 252 3528 311 694

274 372 562 437 citarorum
621 378 988 454 quorumlibet
1043 381 1382 441 necessutudo
1422 389 1692 450 retentet,
1743 397 1846 438 non
1877 393 1921 446 Α
1952 378 2230 454 dignitatis
2274 389 2408 439 utet
2453 397 2705 438 coronam
2743 380 2866 438 vizte
2905 388 3174 450 perpetuae
3219 387 3272 434 et
3309 380 3529 434 immor-

271 475 627 545 implacabilis
673 491 801 547 erga
857 477 1160 548 proximum
1215 479 1295 532 ira
1351 477 1684 548 pra-pediat,
1740 491 1848 530 non

269 567 612 636 acquirendae
636 567 716 622 vel
765 568 1046 637 acquisitze
1091 569 1169 624 rei
1201 567 1510 624 sollicitudo
1537 566 1847 636 restringat.

268 658 621 728 Amputcmus
647 675 677 714 a
717 659 874 714 nobis
901 674 1093 714 omnes
1122 659 1373 714 vitiorum
1405 658 1544 712 male
1583 657 1850 727 pullulan-

269 750 398 804 tium
432 752 638 820 spinas,
671 751 948 823 abigamus
975 753 1044 806 ab
1071 752 1243 807 oculis
1273 752 1452 805 cordis
1470 760 1698 804 terrente
1719 763 1845 802 cou-

265 841 612 906 cupiscentite
641 841 985 905 tenebras,ut
1008 856 1130 896 cum
1155 841 1328 896 beatis
1343 838 1662 907 virginibus,
1688 837 1846 892 Flora

265 929 472 986 scilicet
504 942 558 985 et
587 931 811 997 Lucilla,
833 932 1180 987 elaboremus
1211 930 1400 985 ﬂorere
1439 930 1748 993 virtutibus,
1793 937 1848 983 ct

263 1018 316 1074 in
352 1019 619 1075 bonorum
663 1037 886 1091 operum
937 1021 1059 1076 luce
1111 1023 1387 1085 vivamus,
1442 1029 1709 1090 quatenus
1749 1033 1847 1089 per

261 1129 448 1168 earum
475 1116 702 1186 vestigia
726 1117 1056 1186 gradientes,
1089 1116 1213 1170 dum
1243 1131 1347 1170 non
1375 1115 1643 1169 haeremus
1670 1122 1842 1168 trans-

260 1205 474 1272 iloriis,
530 1209 826 1262 inferatnttr
864 1209 1128 1264 aeternis:
1174 1217 1230 1261 et
1273 1209 1398 1261 dum
1451 1206 1843 1261 contemnimus

259 1298 542 1363 mundum,
571 1300 952 1367 perveniamus
999 1302 1065 1353 ad
1097 1299 1391 1354 Christum.
1423 1298 1523 1364 Qui
1563 1315 1686 1353 cum
1735 1300 1842 1353 Deo

255 1387 419 1442 Patre
439 1401 496 1444 et
525 1390 726 1460 Spiritu
753 1401 940 1458 sancto
972 1392 1103 1446 vivit
1130 1400 1182 1446 et
1213 1400 1402 1462 regnat
1429 1390 1480 1445 in
1509 1389 1706 1445 sazcnla
1737 1405 1838 1443 833-

254 1478 530 1535 culorum.
561 1482 754 1537 Amen.
1003 1483 1020 1492 °

792 1573 1026 1632 δεηΜο
1071 1574 1306 1630 XXXVI.

464 1679 532 1719 ne
561 1680 764 1722 SANC'I’O
793 1683 1017 1724 nurrtxo
1047 1685 1318 1723 marrae.
1354 1668 1485 1737 (xxx
1507 1667 1647 1737 wn.)

1953 475 2172 530 talitatis
2202 474 2395 529 stolam
2419 489 2539 528 cmn
2567 473 2681 528 suis
2707 470 2989 525 animabus
3015 471 3122 524 sint
3163 467 3529 523 communiter

1951 575 2262 636 receptura;
2297 566 2426 637 quid
2466 565 2663 620 mirum
2707 564 2752 618 si
2799 578 2942 617 nunc
2989 561 3332 631 omnipotens
3384 559 3526 611 Deus
3582 561 3590 564 ”

1947 668 2068 730 apta
2125 659 2232 714 illis
2281 659 2396 714 loca
2446 657 2748 728 provideat,
2795 663 2850 710 et
2890 668 3080 708 eorum
3130 649 3363 704 tunmlos
3417 663 3523 701 non

1946 749 2146 820 passim
2192 750 2275 804 vel
2305 766 2399 821 per
2432 765 2616 803 casum
2645 747 2785 812 ﬁeri,
2829 746 2924 800 sed
2964 761 3028 798 ex
3077 758 3187 797 sua:
3227 739 3525 795 voluntatis

1946 839 2212 896 electione
2233 839 2514 910 disponat?
2537 839 2824 894 Enimvero
2837 845 2890 890 et
2907 831 3036 890 illud
3061 847 3202 900 saepe
3223 847 3331 884 non
3349 828 3523 883 otiose

1945 932 2208 1002 qmeritur
2255 949 2352 987 cur
2385 932 2680 993 Abraham,
2737 929 2829 999 qui
2882 944 2942 983 se
2988 942 3054 981 ex
3087 935 3241 995 parte
3276 920 3523 992 corporis

1944 1023 2218 1092 pulverem
2248 1037 2366 1078 esse
2415 1021 2702 1078 conﬁtetur
2748 1028 2803 1074 et
2853 1019 3090 1073 cinerem
3141 1015 3292 1085 (Gen.
3337 1010 3520 1080 xvm),
3591 1033 3593 1035 ί

1947 1121 2053 1166 tam
2083 1112 2425 1166 ambitiosam
2449 1111 2736 1181 sepultura:
2764 1124 2872 1163 sum
2893 1104 3284 1178 providentiam
3307 1102 3518 1164 habuit,

1944 1213 2001 1258 ut
2052 1219 2119 1258 ex
2167 1203 2312 1258 omni
2351 1201 2800 1272 peregrinationis
2843 1214 2956 1253 suae
3006 1196 3288 1251 latitudine
3345 1193 3518 1247 solam

1858 1285 1880 1298 ’
1943 1293 2179 1358 llebrou,
2203 1293 2576 1348 Chananitidis
2606 1291 2853 1346 videlicet
2881 1287 3136 1356 regionis,
3179 1286 3422 1354 eligeret,
3464 1283 3518 1336 in

1941 1404 2046 1458 qua
2070 1388 2233 1442 etiam
2268 1403 2372 1442 non
2405 1401 2569 1458 parva
2598 1399 2805 1440 summa
2853 1380 3164 1452 speluncam
3197 1378 3297 1432 sibi
3346 1375 3519 1444 dupli-

1940 1493 2055 1533 cem
2095 1475 2482 1544 compararet?
2510 1473 2657 1545 (Gen.
2691 1472 2871 1542 χχιιι.)
2909 1469 3076 1526 Jacob
3101 1481 3316 1538 quoque
3358 1465 3515 1528 filios,

1939 1575 1994 1621 et
2026 1565 2225 1636 Josepb
2251 1566 2446 1621 fratres
2475 1582 2619 1630 suos,
2658 1566 2992 1619 obtestantes
3040 1561 3290 1630 adiurant
3327 1567 3384 1613 ut
3421 1573 3516 1612 eo-

1943 1681 2060 1720 rnm
2081 1680 2204 1720 ossa
2225 1662 2289 1718 ad
2303 1663 2544 1719 eamdem
2570 1661 2880 1733 speluncam
2905 1666 3026 1729 post
3045 1657 3251 1712 obitum
3279 1653 3515 1709 transfe-

324 1753 530 1821 Nostis,
562 1755 756 1812 fratres
785 1759 1116 1824 charissimi,
1145 1760 1286 1815 sicut
1308 1775 1372 1813 ex
1405 1758 1686 1812 catholica:
1711 1756 1830 1811 fidei
1865 1751 1906 1810 Β
1939 1765 2060 1811 rant
2091 1755 2242 1827 (Gen.
2270 1756 2436 1825 xm).
2466 1753 2603 1820 Quid
2633 1762 2716 1808 est
2741 1768 2870 1822 ergo
2891 1748 3032 1820 quod
3059 1748 3228 1803 sancti
3258 1747 3379 1808 viri,
3422 1745 3514 1814 qui

251 1845 569 1916 magisterio
617 1848 903 1916 didicistis,
952 1851 1078 1919 quia
1126 1850 1180 1904 in
1232 1849 1433 1903 ultima:
1485 1847 1837 1902 discussionis

250 1939 530 2003 examine,
562 1952 753 1994 omnes
804 1941 962 1994 simul
991 1950 1052 1996 et
1081 1950 1394 2010 peccatores
1438 1949 1493 1994 et
1528 1938 1659 2008 justi
1710 1948 1837 1994 ante

250 2026 490 2080 tribunal
523 2029 710 2082 εισι-ιιὶ
744 2027 950 2084 Judicis
1004 2046 1126 2084 cum
1181 2030 1294 2085 suis
1348 2038 1475 2084 sunt
1519 2029 1836 2099 corporibus

248 2118 565 2182 exhibendi,
593 2120 854 2190 Apostolo
877 2129 1132 2186 testante,
1175 2122 1267 2192 qni
1295 2122 1371 2175 ait
1404 2139 1416 2174 :
1457 2139 1475 2172 t
1509 2119 1709 2176 Omnes
1738 2134 1836 2174 nos

246 2215 466 2276 Oportet
495 2209 831 2264 manifestari
862 2219 990 2266 ante
1019 2211 1254 2265 tribunal
1283 2211 1503 2274 Christi,
1545 2218 1604 2262 ut
1633 2207 1837 2262 referat

243 2301 624 2370 unusquisque
681 2303 895 2372 propria
967 2303 1247 2373 corporis,
1294 2310 1453 2373 prout
1501 2300 1666 2371 gessit
1719 2288 1852 2354 sive'

247 2389 449 2444 bonum
487 2393 602 2446 sive
631 2393 830 2447 malum
857 2393 942 2464 (II
971 2394 1094 2448 Cor.
1129 2396 1204 2465 v).
1238 2413 1254 2444 ι
1283 2394 1350 2448 Ει
1373 2387 1586 2464 reprobi
1615 2389 1829 2460 quidem

245 2480 316 2532 ad
361 2481 464 2535 hoc.
490 2491 569 2547 ut,
603 2483 728 2552 quia
762 2484 851 2540 hic
874 2499 998 2539 cum
1025 2499 1193 2539 carne
1221 2485 1380 2540 simul
1405 2496 1460 2540 et
1491 2483 1668 2538 anima
1693 2481 1831 2537 Con-

239 2568 441 2624 ditoris
485 2571 884 2643 sui'praecepta
928 2573 1295 2639 calcaverunt,
1340 2590 1464 2630 cum
1496 2576 1682 2628 eadem
1721 2571 1831 2626 illic

239 2671 481 2731 utraque
539 2664 842 2719 substantia
893 2667 1213 2721 sententiam
1257 2665 1415 2734 iustae
1469 2666 1829 2722 damnationis

236 2754 539 2822 excipiant,
573 2765 738 2825 atque
779 2758 1067 2828 utrobique
1124 2759 1382 2828 deinceps
1439 2758 1826 2828 suppliciorum

235 2843 662 2898 amaritudinem
704 2848 958 2908 sentiant,
992 2849 1104 2918 qui,
1138 2849 1262 2902 dum
1315 2849 1582 2914 viverent,
1644 2849 1826 2919 pravis

233 2931 357 2985 suis
395 2932 852 2992 delectationibus
898 2953 960 2993 ex
1005 2949 1234 3008 utroque
1278 2940 1604 2994 serviebant.
1653 2939 1823 2995 Electi

235 3029 425 3074 autem
454 3031 532 3087 ut,
553 3025 679 3092 quia
700 3041 919 3082 carnem
943 3043 1096 3083 suam
1130 3045 1272 3084 nunc
1295 3046 1415 3085 cum
1439 3030 1589 3085 vitiis
1620 3037 1675 3085 et
1700 3045 1825 3083 con-

234 3110 586 3178 cupiscentiis
613 3117 929 3187 crucifigere
947 3118 1148 3189 (Galat.
1173 3123 1224 3189 v)
1254 3135 1358 3174 non
1389 3121 1672 3185 desistunt,
1694 3137 1816 3176 eum

235 3199 372 3268 ipsis
392 3203 505 3257 suis
527 3207 865 3274 corporibus,
881 3210 1076 3278 quibus
1097 3211 1347 3265 videlicet
1369 3219 1624 3282 tanquam
1639 3213 1820 3267 taber-

235 3293 451 3349 naculis
477 3295 528 3349 in
561 3298 738 3352 divina
769 3300 960 3354 militia
987 3301 1066 3355 usi
1099 3312 1246 3366 sunt,
1277 3301 1343 3354 ad
1384 3316 1632 3371 superna:
1659 3303 1819 3358 clari-

234 3386 369 3440 tatis
389 3387 614 3456 gloriam
642 3394 1039 3461 provehantur;
1066 3402 1142 3457 ut,
1166 3393 1342 3449 soluto
1359 3394 1561 3448 militiae
1582 3395 1813 3465 cingulo,

231 3489 402 3530 unum
458 3487 584 3534 tunc
635 3481 864 3537 interior
915 3493 968 3536 et
1015 3485 1257 3539 exterior
1309 3485 1472 3539 homo
1518 3485 1817 3540 sortiantur

230 3565 444 3633 quietis
471 3577 742 3636 perpetua:
772 3571 1141 3641 municipium,
1188 3573 1280 3640 qui
1311 3573 1379 3626 ad
1411 3588 1575 3626 unum
1627 3588 1815 3641 perve-

229 3666 432 3710 nerunt
475 3673 569 3727 per
604 3660 908 3714 communia
938 3661 1076 3715 bella
1113 3662 1464 3731 triumphum.
1495 3661 1564 3716 Et
1617 3662 1814 3731 quibus

228 3759 341 3797 una
380 3745 485 3798 fuit
523 3762 722 3817 pugna,
773 3749 961 3804 eadem
999 3751 1072 3805 sit
1103 3751 1454 3805 nihilominus
1504 3760 1559 3805 et
1588 3767 1808 3807 corona.

228 3835 362 3890 lltud
393 3838 550 3905 plane
575 3840 680 3893 erit
701 3839 991 3895 Sabbatum
1011 3851 1276 3906 nostrum,
1293 3842 1380 3896 ille
1402 3843 1660 3911 septimus
1682 3843 1812 3912 legis

229 3941 429 3989 annus,
462 3929 549 3981 ille
572 3931 834 3984 veraciter
857 3929 1310 4002 Jubilmus(Deut.
1337 3947 1434 3998 xv;
1466 3931 1630 3986 Leuit.
1656 3934 1807 4003 xxv).

226 4014 532 4074 Sabbatum
554 4018 752 4090 quippe
775 4020 1024 4076 feriatum
1044 4037 1164 4077 esse
1187 4023 1515 4092 praecipitur,
1533 4032 1592 4077 ut
1610 4033 1810 4080 azterna

224 4121 322 4176 per
375 4108 487 4161 ilud
535 4111 748 4179 requies
799 4111 1079 4182 ﬁguretur.
1140 4112 1254 4168 Sub
1307 4113 1550 4183 ejusdem
1597 4131 1812 4186 quoque

225 4199 428 4267 quietis
461 4210 677 4256 aeterna:
707 4202 788 4256 vel
841 4204 1256 4259 resurrectionis
1301 4205 1645 4277 designanda:
1694 4225 1812 4280 my-

222 4292 416 4357 sterio,
453 4293 505 4345 in
536 4294 766 4362 septimo
796 4310 939 4350 anno
968 4296 1189 4351 libertas
1220 4298 1482 4353 redditur.
1511 4299 1566 4354 In
1586 4299 1809 4356 Jubilmo

223 4391 407 4434 autem
434 4382 580 4436 tubis
619 4383 893 4454 clangitur
923 4395 982 4440 ut
1011 4388 1381 4458 unusquisque
1410 4390 1476 4442 ad
1507 4393 1806 4459 possessiov

223 4487 346 4526 nem
377 4475 654 4542 pmpriam
685 4471 1010 4532 revertatur:
1043 4498 1061 4530 ‹
1101 4478 1268 4534 Canct
1291 4480 1434 4534 enim
1477 4483 1623 4547 tuba,
1669 4485 1808 4539 sicut

220 4565 353 4620 dicit
383 4569 695 4637 Apostolus,
726 4580 781 4624 et
805 4573 1024 4638 mortui,
1064 4575 1154 4644 qui
1193 4575 1244 4628 iu
1287 4574 1506 4630 Christo
1539 4584 1686 4641 sunt,
1722 4593 1806 4631 re-

221 4669 448 4727 snrgent
474 4658 525 4730 (I
559 4659 683 4714 Car.
709 4661 820 4733 xv).
863 4684 880 4714 ι

288 4751 369 4801 Ad
398 4751 770 4817 possessiones
797 4768 926 4824 ergo
955 4756 1202 4825 proprias
1227 4772 1416 4812 omnes
1459 4766 1584 4812 tunc
1623 4772 1801 4813 rever-

222 4845 428 4903 tuntur,
478 4839 640 4909 179
681 4841 802 4909 quia
835 4843 887 4897 in
919 4843 1010 4897 illo
1045 4844 1246 4900 ultimae
1278 4847 1689 4902 resurrectionis
1715 4847 1802 4901 die

221 4929 594 4998 unusquisque
623 4933 896 5001 proprium
923 4949 1119 5002 corpus
1151 4936 1381 5006 recipit,
1414 4938 1465 4991 in
1491 4953 1622 5008 quo,
1673 4940 1801 4993 dum

221 5030 542 5085 prmscntezn
571 5020 734 5074 vitam
779 5024 1020 5088 duceret,
1072 5025 1350 5082 habitavit.
1410 5027 1561 5084 Tunc
1602 5031 1797 5092 Adam,

223 5113 342 5162 tunc
383 5107 522 5173 Noe,
568 5119 693 5165 tunc
738 5127 924 5170 omnes
970 5115 1174 5185 antiqui
1226 5115 1438 5183 Patres,
1473 5119 1581 5174 imo
1610 5137 1800 5176 omnes

221 5197 522 5250 murtalium
553 5199 742 5254 anima:
768 5205 833 5257 ad
883 5202 1138 5258 amissam
1183 5202 1370 5258 carnis
1427 5222 1537 5264 sua:
1593 5217 1786 5267 terram

221 5285 458 5350 redeunt,
485 5287 577 5355 qui
608 5301 814 5358 recepta
843 5306 1069 5360 corpora
1099 5310 1196 5349 sua
1229 5293 1282 5346 in
1315 5305 1635 5364 perpetuum
1670 5315 1798 5368 pos-

1938 1858 1992 1902 et
2023 1855 2340 1917 praesentem
2357 1844 2521 1899 vitam
2545 1854 2598 1898 et
2614 1857 2826 1898 omnem
2846 1840 3026 1895 mundi
3052 1838 3273 1908 gloriam
3297 1834 3513 1891 sublimi

1937 1937 2134 1992 mentis
2178 1949 2304 1990 arce
2352 1934 2730 2004 despexeram,
2774 1939 2880 1985 tam
2923 1930 3132 1999 cupide,
3171 1935 3277 1980 tam
3330 1924 3511 1988 anxie,

1937 2037 2044 2084 tam
2075 2029 2311 2084 studiose
2361 2027 2573 2082 deloco
2619 2025 2710 2082 ubi
2753 2040 2940 2081 eorum
2970 2021 3333 2079 conderentur
3358 2021 3511 2074 cine-
3595 2031 3600 2035 ‘

1937 2136 2044 2185 res,
2076 2119 2378 2189 litigabant,
2408 2118 2512 2174 nisi
2542 2118 2666 2189 quia
2696 2133 2794 2188 per
2833 2117 3106 2188 prophetae
3133 2113 3511 2183 spiritum'no-

1933 2222 2124 2266 verant
2156 2211 2488 2267 Salvatorem
2520 2210 2702 2266 mundi
2735 2209 2845 2264 illic
2875 2209 2940 2264 de
2980 2223 3077 2263 suo
3103 2209 3307 2262 semine
3335 2204 3513 2260 nasci-

1935 2311 2135 2366 turum,
2187 2309 2243 2355 et
2277 2301 2593 2369 sanguinem
2649 2299 2740 2370 qui
2779 2298 2966 2353 mundi
3003 2306 3226 2367 peccata
3277 2294 3511 2350 dilueret

1932 2394 1983 2448 in
2027 2394 2113 2449 illa
2157 2393 2464 2465 specialiter
2514 2393 2734 2462 regione
2783 2389 3158 2446 fundendum?
3206 2389 3358 2443 Sicut
3412 2401 3512 2457 per
3591 2395 3594 2398 ’

1931 2481 2270 2538 Psalmistam
2297 2483 2495 2538 dicitur
2521 2501 2534 2536 :
2574 2503 2589 2532 ι
2624 2482 2758 2550 Quia
2784 2482 2926 2536 Deus
2952 2489 3138 2534 noster
3166 2489 3290 2533 ante
3311 2478 3506 2532 sarcula

1927 2583 2180 2645 operatus
2209 2583 2295 2629 est
2315 2574 2542 2629 salutem
2567 2574 2618 2628 iu
2647 2573 2820 2628 medio
2842 2582 2998 2627 terrae
3020 2569 3193 2642 (Psal.
3227 2569 3437 2636 Lxxut).
3478 2588 3507 2620 ι·

1927 2665 2079 2733 Quod
2112 2666 2366 2722 nimirum
2409 2681 2717 2737 quanquam
2759 2665 2826 2720 de
2877 2665 2992 2734 ipso
3025 2663 3234 2718 Domini
3278 2675 3504 2730 corpore

1925 2757 2234 2826 specialiter
2277 2758 2448 2828 possit
2504 2757 2756 2829 intelligi,
2809 2758 2875 2814 de
2909 2758 3130 2829 regione
3189 2765 3365 2811 tamen
3411 2755 3500 2810 illa

1925 2862 2138 2917 quoque
2186 2849 2276 2902 ubi
2331 2848 2439 2918 pati
2502 2847 2754 2919 dignatus
2801 2858 2904 2914 est,
2946 2864 3065 2918 quae
3116 2857 3264 2902 certe
3314 2846 3498 2901 mundi

1925 2939 2280 2994 meditullium
2306 2949 2409 3005 est,
2441 2955 2545 2994 non
2569 2940 2863 3012 incongrue
2887 2941 2991 2995 dici
3018 2940 3249 2995 videtur.

1992 3029 2049 3083 In
2095 3029 2413 3086 Chananzea:
2464 3031 2626 3099 igitur
2683 3041 2826 3087 terra
2880 3031 3054 3086 sancti
3088 3030 3279 3086 Patres
3327 3031 3499 3084 nostri

1847 3100 1892 3160 (ἶ
1925 3121 2156 3176 tumulos
2187 3122 2486 3198 elegerunt,
2523 3131 2581 3177 ut
2625 3122 2748 3177 inde
2792 3123 2865 3177 illi
2897 3131 3234 3178 mererentur
3259 3122 3501 3192 quando-

1925 3227 2029 3282 que
2063 3229 2366 3284 resurgerc,
2401 3215 2488 3268 ubi
2517 3215 2629 3284 ipse
2660 3213 3072 3270 resurrectionis
3117 3221 3324 3278 auctor,
3382 3211 3498 3267 Pri-

1923 3305 2227 3375 mogcnitus
2274 3306 2526 3360 videlicet
2573 3307 2815 3361 vivorum
2868 3317 2922 3361 et
2969 3314 3302 3362 mortuorum
3337 3304 3388 3361 in
3436 3319 3498 3358 se

1919 3397 2170 3468 dignatus
2217 3407 2302 3454 est
2345 3400 2758 3455 resurrectionis
2808 3400 3032 3472 gloriam
3086 3399 3378 3458 declarare.
3429 3399 3498 3456 Et

1918 3486 2046 3554 quid
2075 3487 2303 3555 amplius
2327 3487 2503 3542 dicam
2536 3488 2601 3542 de
2645 3489 2865 3552 honore,
2903 3504 3062 3561 quem
3105 3489 3369 3545 bonorum
3409 3504 3496 3542 rc-.

1919 3585 2232 3630 muneratur
2255 3576 2395 3632 Deus
2417 3586 2727 3634 sanctorum
2755 3593 2975 3634 suorum
2997 3579 3316 3650 corporibus
3338 3578 3494 3636 exhi-

1917 3665 2043 3720 bet?
2071 3665 2508 3735 quandoquidem
2557 3668 2671 3737 ipse
2709 3668 2850 3740 Deus
2899 3669 3241 3738 omnipotens
3291 3668 3492 3738 Moysis

1917 3769 2113 3824 corpus
2146 3757 2394 3827 dignatus
2433 3767 2515 3813 est
2539 3759 2768 3828 sepelire
2803 3759 2982 3830 (Deut.
3015 3760 3306 3830 xxxn'),,et
3331 3759 3489 3815 Elisei

1916 3844 2165 3912 cadaver,
2198 3856 2467 3901 mortuum
2512 3847 2704 3919 legitur
2731 3851 3021 3907 suscitasse
3057 3849 3105 3921 (Ι
3125 3849 3160 3904 γ
3186 3849 3312 3922 Reg.
3346 3851 3488 3917 xm).

1915 3934 2046 4002 lmo,
2062 3946 2119 3989 ut
2136 3951 2321 3992 verum
2346 3937 2538 4005 fatear,
2561 3942 2701 4010 quod
2723 3941 2774 3995 in
2789 3957 2952 3997 carne
2970 3941 3269 4002 viventibus
3285 3959 3340 3998 sa
3350 3944 3490 3998 netis

1915 4025 2137 4080 minime
2153 4027 2397 4091 contulit,
2421 4028 2524 4082 hoc
2545 4045 2684 4099 stupe
2704 4030 2881 4084 divina
2907 4031 3238 4101 dispensatio
3261 4033 3488 4087 mortuis

1913 4116 2253 4189 prmrogavit.
2294 4117 2445 4191 Quod
2477 4119 2527 4173 in
2569 4120 2721 4176 Abdo
2763 4121 2980 4181 scilicet.
3008 4123 3123 4184 viro
3168 4124 3262 4178 Dei
3289 4124 3490 4194 liquido

1911 4207 2277 4275 perpenditur,
2310 4224 2468 4281 quem
2495 4210 2761 4267 viventem
2797 4214 3014 4285 quidem
3040 4214 3122 4270 leo
3150 4217 3323 4286 potuit
3345 4216 3490 4276 oeci:-

1912 4311 2074 4351 surus
2109 4299 2386 4366 invadere,
2419 4301 2512 4356 sed
2558 4302 2789 4359 cadaver
2818 4302 2934 4371 ejus
2981 4320 3320 4375 nequaquam
3369 4322 3491 4376 per-

1913 4387 2109 4443 missus
2134 4399 2217 4444 est
2250 4390 2589 4461 aliquatenus
2621 4395 2821 4455 violare
2846 4394 2965 4464 (III
2991 4395 3113 4466 Reg.
3145 4397 3284 4466 xm).
3326 4398 3491 4452 «Pre-

1912 4477 2047 4532 tiosa
2077 4478 2329 4532 nimirum
2358 4481 2410 4534 in
2433 4493 2725 4552 conspectu
2754 4483 2964 4540 Domini
3000 4500 3147 4538 mors
3173 4495 3485 4540 sanctorum

1907 4566 2023 4635 ejus
2048 4567 2219 4636 (Paul.
2260 4572 2408 4640 cxv).
2445 4589 2463 4622 ι
2510 4569 2625 4628 Non
2674 4585 2805 4642 ergo
2853 4572 3053 4628 mirum
3105 4575 3148 4628 si
3197 4573 3377 4627 divina
3409 4576 3488 4629 tli-

1904 4659 2178 4727 spensatio
2200 4672 2437 4729 congrua
2462 4651 2776 4716 sanctorum
2808 4661 3131 4729 corporibus
3156 4660 3272 4714 loca
3301 4661 3488 4718 distri-

1906 4749 2046 4814 buit,
2067 4755 2120 4802 ct
2143 4763 2286 4807 nunc
2315 4748 2470 4819 quasi
2493 4750 2766 4819 quoddam
2793 4750 3100 4818 depositum
3133 4760 3292 4804 terrae
3332 4767 3488 4806 com-

1905 4840 2148 4905 meudat,
2184 4855 2304 4908 qum
2349 4830 2688 4908 postmodum
2728 4839 2912 4912 regnis
2962 4841 3277 4900 caelestibus
3309 4850 3493 4900 trans-

1904 4927 2124 4990 ferentia
2162 4931 2430 4989 restituat.
2481 4930 2588 4987 Sed
2613 4932 2745 5003 jam,
2772 4938 3000 5004 propter
3046 4932 3188 5006 quod
3225 4932 3324 4986 ista
3354 4947 3503 5001 υνδε.

1905 5025 2171 5088 misimus,
2227 5023 2293 5081 de
2344 5022 2400 5074 Β.
2449 5021 2646 5086 Rullini
2690 5023 2976 5082 miraculis
3028 5025 3268 5085 breviter
3318 5025 3514 5101 aliqua

1902 5126 2042 5182 pers'
2055 5115 2346 5181 ringamus.

1980 5205 2137 5280 180
2169 5204 2319 5260 Beati
2363 5204 2528 5274 igitur
2557 5211 2716 5282 hujus
2745 5213 3009 5277 martyris
3029 5222 3225 5282 corpus
3253 5208 3318 5261 de
3364 5209 3516 5268 Sub-

1901 5300 2059 5354 urbio
2091 5297 2409 5354 Assisiensis
2435 5304 2641 5368 oppidi,
2674 5302 2762 5356 ubi
2809 5301 3115 5368 antiquitus
3161 5299 3336 5352 fuerat
3371 5305 3525 5368 νοεῖ.
