3946 5368
470 222 576 278 6‘35
1122 217 1180 273 S.
1222 217 1427 273 PE'l'll’l
1466 214 1753 272 DAMIANE
1785 215 1933 272 OPP.
1976 215 2155 270 PARS
2196 214 2325 271 SEU
2369 215 2605 271 TOMUS
2642 216 2704 271 If.
2747 246 2814 256 —
2852 215 3242 272 SERMONES.
3614 215 3693 270 69(

472 336 728 408 populum
752 343 807 393 et
849 333 1090 404 ligonem
1117 331 1355 402 ejusdem
1403 339 1529 386 tunc
1561 331 1708 387 sedis
1736 330 2053 400 episcOpmn
2077 336 2121 391 Α
2151 346 2268 384 rum
2303 329 2433 385 telis
2446 345 2793 400 opponerent,
2837 347 3031 402 magna
3062 330 3337 385 hominum
3374 339 3583 402 strages
3603 332 3694 388 fus:

470 429 654 500 gravis
677 438 761 482 est
786 435 904 481 orta
921 424 1132 481 seditio.
1163 423 1461 494 Episcopus
1488 422 1755 493 siquidem
1777 421 1845 477 ad
1874 419 2067 476 θροις-ί
2143 419 2374 491 j'aceret'.
2405 419 2510 474 Sed
2539 435 2662 475 eum
2703 422 2987 490 episcopus
3024 420 3203 476 adhuc
3236 421 3515 487 haesitans,
3540 437 3601 476 ne
3636 422 3696 477 bl:

470 518 615 577 siam,
644 515 706 568 Β.
735 514 916 569 Mariae
946 528 1160 584 semper
1184 513 1430 581 virginis,
1470 527 1589 582 qua:
1630 527 1695 567 eo
1733 511 1837 566 loci
1871 504 2051 581 prima
2150 509 2369 579 quidem
2400 510 2580 565 verbis
2604 511 2906 581 presbyteri
2933 511 3091 565 tidem
3123 508 3528 566 accommodare
3550 510 3692 582 dispo

469 609 630 665 aedes
653 617 770 673 est,
807 591 1154 662 deferendum
1192 592 1311 662 esse
1351 602 1632 670 censebat,
1674 619 1741 658 eo
1795 602 2049 673 nimirum
2150 609 2468 665 neret,ceee
2488 601 2846 672 qnidam,qui
2869 611 3183 658 contractus
3205 601 3401 668 fuerat,
3424 603 3645 672 gaudeas
3659 616 3696 659 e'

468 699 698 757 consilio
724 700 948 769 utquod
979 678 1155 754 mater
1185 696 1414 753 ecclesia
1442 710 1640 765 corpus
1666 696 1921 766 martyris
1943 709 2048 749 non
2148 688 2425 745 exsultans
2464 689 2655 745 eodem
2706 690 2794 744 die
2838 705 2870 745 a
2913 689 3075 746 beato
3101 704 3162 746 se
3200 688 3413 746 Rnllino
3466 688 3701 747 fatebatur

469 790 718 854 haberet,
753 789 985 858 quodam
1010 788 1204 845 saltem
1234 788 1390 843 vacui
1418 787 1648 858 sepulcri
1679 786 1872 842 solatio
1901 801 2050 841 com-
2148 790 2413 848 erectum,
2440 781 2653 852 sibique
2679 783 2746 837 ab
2768 782 2957 838 eodem
2986 784 3146 838 beato
3177 791 3414 853 martyre
3445 783 3544 839 hoc
3573 798 3680 839 man

467 887 743 949 pensaret.
794 879 1027 954 Econtra
1079 878 1308 950 populus
1358 876 1639 933 asserebat
1682 876 1824 932 inter
1866 891 2049 932 sacras
2147 874 2332 927 datum
2351 873 2668 943 perhibebat
2698 874 3022 945 iniunctum,
3050 884 3111 931 ut
3139 876 3257 937 ha:c
3287 876 3402 945 ipsa
3416 885 3597 931 cuncta
3621 892 3697 947 per

469 970 732 1041 reliquias
756 971 1109 1042 etproprium
1140 970 1401 1026 tumulum
1442 969 1761 1025 divisionem
1796 969 1912 1025 fieri
1942 985 2046 1026 non
2147 966 2425 1031 ordinem,
2480 983 2602 1037 qua:
2669 968 2952 1040 presbyter
3004 970 3301 1032 asserebat,
3356 968 3475 1039 ipse
3516 983 3698 1040 quoque

468 1047 685 1128 debere,
729 1076 830 1117 nec
869 1062 1124 1118 humanis
1153 1077 1297 1117 nunc
1334 1060 1806 1117 adinventionibus
1831 1075 2050 1131 permu-
2149 1057 2497 1114 nihilominus
2531 1058 2787 1130 episcopo
2831 1060 3119 1117 nuntiaret.
3156 1060 3395 1116 Tandem
3426 1061 3703 1131 episcopus,

468 1154 725 1220 tandum,
744 1153 886 1223 quod
902 1154 981 1210 ab
1000 1153 1116 1224 ipso
1142 1152 1360 1224 gloriosi
1391 1151 1649 1222 martyris
1672 1159 2048 1207 consummato

468 1245 743 1316 triumpho
794 1246 1073 1313 videretur
1132 1244 1400 1300 divinitus
1452 1244 1779 1298 institutum.
1842 1241 2049 1299 Taliter

468 1337 637 1406 igitur
664 1337 792 1392 hinc
814 1348 977 1408 atque
1002 1337 1127 1394 inde
1153 1338 1487 1394 certantibus
1518 1336 1727 1392 labrum
1774 1337 2046 1393 manibus

469 1428 621 1485 tubis
642 1427 892 1495 infertur,
921 1429 1064 1486 etab
1093 1430 1340 1501 utrisque
1368 1429 1529 1484 simul
1557 1428 1801 1501 partibus
1825 1416 1895 1483 ad
1914 1428 2045 1486 bivii

464 1516 742 1586 cuiusdam
772 1520 1063 1590 compitum
1098 1521 1431 1591 pervenitur.
2147 1513 2582 1582 reprehensionis
2606 1515 2980 1586 incurratqnia
3003 1516 3072 1572 ab
3090 1516 3315 1572 ecclesia
3336 1531 3437 1572 sua
3455 1518 3521 1571 ad
3539 1516 3701 1571 horam

470 1652 479 1657 η
530 1607 645 1679 lllic
669 1609 854 1679 itaque
893 1624 1018 1665 cum
1059 1609 1301 1666 fautores
1337 1610 1574 1681 episcopi
1620 1609 1687 1664 ad
1728 1609 1785 1664 S.
1833 1608 2038 1673 Mariae,
2146 1604 2415 1661 dissidens
2458 1614 2645 1663 contra
2692 1606 2786 1663 Dei
2826 1607 3093 1679 judicium
3128 1609 3423 1675 sentiebat,
3466 1607 3606 1662 Isaac
3644 1608 3699 1662 ad

460 1701 670 1773 reliqua
699 1712 890 1759 autem.
910 1719 1035 1775 pars
1073 1705 1253 1775 populi
1302 1705 1370 1759 ad
1415 1703 1476 1758 Β,
1526 1704 1721 1759 [tumui
1761 1703 2039 1759 basi-licam
2076 1698 2117 1756 Β
2147 1693 2462 1750 meritoriam
2489 1696 2826 1753 reducendus
2852 1707 2956 1761 est,
2987 1698 3078 1768 qui
3111 1713 3217 1752 non
3245 1697 3413 1763 Esau,
3440 1713 3471 1752 a
3496 1696 3699 1753 sevide-

458 1807 685 1851 sacrum'
705 1793 980 1849 vasculum
1013 1796 1332 1865 pertrahere
1361 1794 1713 1860 molirentur;
1752 1794 1836 1850 his
1875 1804 2041 1864 atque
2143 1783 2266 1841 Ιῖεοι
2291 1784 2544 1850 decuti".
2576 1787 2670 1842 sed
2697 1786 2863 1843 ³³0οῢ
2892 1788 3071 1858 Ροιίυε
3095 1788 3165 1843 ωδ
3191 1802 3363 1842 ηιοτθ
3386 1787 3697 1857 θυρροείιυω

456 1882 565 1945 illis
594 1883 646 1937 in
675 1883 888 1939 diversa
913 1885 1228 1951 nitentibus,
1254 1895 1531 1942 crescente
1551 1881 1755 1956 iurgio,
1777 1900 1845 1940 eo
1868 1900 2017 1955 usqnt

2139 1877 2415 1933 benedixit
2446 1875 2600 1948 (Gen.
2629 1878 2822 1949 xxvn).
2845 1878 2911 1932 Et
2941 1878 3049 1934 illic
3070 1893 3201 1946 ergo
3222 1877 3462 1933 carnalis
3483 1892 3628 1941 uxor,
3654 1884 3700 1931 et

453 1988 765 2043 processum
795 1984 900 2041 est,
926 1986 985 2031 ut
1011 1975 1259 2033 furentes
1271 1992 1423 2043 arma
1447 1977 1806 2046 corriperent,
1838 1988 1895 2031 et
1917 1992 2036 2031 mu-
2138 1968 2228 2024 hic
2252 1967 2548 2038 ερῖτίιυτιιίε
2580 1984 2778 2039 εμοιιείι
2805 1969 2938 2026 Viris
2963 1970 3078 2024 θυῖε
3102 1969 3155 2023 ίη
3184 1969 3423 2038 Propria3
3447 1968 3699 2024 εθηίθοιίε

453 2076 575 2122 tuos
618 2069 759 2123 inter
788 2082 848 2123 se
880 2069 1019 2123 ictus
1052 2070 1251 2124 amissa
1299 2068 1542 2124 confusae
1575 2068 1774 2123 utentis
1824 2067 2033 2122 ratione
2136 2060 2454 2116 diversitate
2479 2061 2782 2130 llr-malvit.
2808 2063 2931 2131 quia
2961 2062 3060 2132 qui
3077 2062 3261 2119 mutuli
3292 2061 3510 2118 inﬁrma
3538 2061 3701 2130 elegit.

452 2157 758 2222 miscerent.
792 2158 1239 2229 \libratisitaque
1265 2158 1460 2229 gladiis
1503 2158 1751 2213 cominus
1777 2159 2033 2229 utrinque
2133 2160 2196 2207 ut
2220 2152 2517 2207 confundat
2549 2153 2707 2208 fortia
2741 2153 2793 2224 (Ι
2823 2152 2945 2208 Cor.
2975 2154 3039 2226 t),
3071 2153 3213 2208 Deus
3239 2154 3465 2224 utrique
3488 2166 3693 2208 consen-

448 2251 879 2316 soncurritnr,et
905 2250 1403 2307 acresatalentibus
1428 2250 1627 2307 animis
1651 2250 1718 2304 ad
1748 2249 2035 2321 inlligentla
2133 2241 2223 2296 83L
2253 2241 2525 2312 Propheta
2551 2258 2765 2314 quoque
2794 2244 2961 2299 David
2987 2256 3307 2300 construere
3346 2244 3601 2313 templum
3619 2257 3691 2297 voc

445 2348 632 2396 mutuo
681 2341 906 2396 vulnera
947 2341 1379 2398 debacchantur..
1427 2341 1563 2406 Sed,
1603 2356 1636 2395 ο
1690 2341 2028 2411 praedicanda
2132 2332 2233 2388 luit
2260 2331 2346 2405 (ΙΙ
2376 2332 2505 2405 Reg.
2529 2334 2650 2406 νη).
2692 2336 2786 2390 sed
2824 2336 2927 2391 hoc
2950 2336 3022 2391 illi
3050 2351 3281 2406 superna
3303 2334 3586 2405 dispositio
3607 2349 3699 2390 non

442 2419 627 2495 divina
655 2431 964 2496 clementia,
996 2448 1117 2502 qua:
1145 2431 1398 2488 humanis
1421 2432 1713 2487 miseretur
1729 2431 2029 2499 erroribus,

2147 1148 2291 1204 omni
2336 1149 2905 1221 scrupulodubietatis
2945 1161 3151 1219 amoto,
3186 1152 3329 1222 quod
3367 1152 3471 1208 sibi
3500 1152 3697 1222 impera

2147 1249 2259 1293 tum
2289 1249 2370 1295 est
2412 1240 2790 1300 incunctanter
2815 1246 3158 1315 exsequitur,
3195 1254 3359 1315 atque
3400 1244 3458 1299 in
3503 1245 3705 1316 gratiam

2147 1347 2245 1386 suo
2274 1333 2468 1403 populo
2493 1334 2708 1390 donatis
2727 1335 3112 1392 offensionibus
3136 1334 3455 1393 fmderatur.

2219 1421 2347 1503 Sed,
2372 1438 2448 1479 ne
2484 1424 2626 1495 apud
2654 1424 2887 1495 aliquem
2926 1425 3490 1505 fortassisepiscopns
3518 1441 3704 1480 uterum

2129 2423 2392 2491 permisit.
2438 2424 2586 2481 lnter
2633 2424 2857 2481 Paulum
2909 2442 3124 2496 quoque
3169 2436 3225 2482 et
3269 2427 3574 2481 Barnabam
3615 2441 3695 2497 pro

441 2527 491 2574 et
535 2534 676 2592 saepe
700 2520 883 2591 pravis
926 2522 1126 2577 nostris
1173 2522 1546 2577 voluntatibus
1600 2522 1802 2587 obviat,
1840 2530 1900 2577 ut
1958 2522 2026 2578 ad

439 2610 612 2667 bones
632 2611 813 2667 exitus
841 2612 959 2681 ipsa
991 2612 1153 2667 etiam
1179 2614 1317 2667 male
1346 2622 1523 2682 empta
1560 2613 1851 2683 perducat!
1886 2614 2025 2681 Quid

440 2698 624 2775 multis
655 2701 872 2756 morer?
899 2699 1087 2757 Nullus
1113 2698 1223 2756 illic
1249 2700 1591 2766 vulneratur,
1617 2701 1772 2757 nulla
1793 2703 2026 2772 denique

435 2803 539 2845 nec
566 2790 742 2845 tenuis
769 2790 987 2860 quidem
1013 2800 1163 2861 gutta
1192 2791 1486 2862 sanguinis
1524 2791 1785 2858 funditur,
1835 2803 2022 2862 atque,

435 2885 499 2932 ut
532 2877 879 2934 mirabilibus.
917 2881 1096 2935 adhuc
1135 2879 1467 2936 mirabiliora
1510 2881 1829 2947 succedant,
1864 2898 2024 2937 sexa-

434 2960 718 3037 gintalizre
746 2967 846 3021 viri
863 2982 928 3022 ex
956 2977 1108 3039 parte
1130 2970 1377 3040 episcOpi.
1399 2971 1717 3041 praedictum
1739 2973 2019 3028 vasculum

2128 2512 2336 2570 Joanne
2359 2517 2628 2587 quoddam
2643 2518 2873 2589 legimus
2900 2520 3250 2577 intervenisse
3273 2520 3559 2577 dissidium
3575 2521 3697 2591 (Ad.

2129 2606 2243 2676 xv),
2266 2616 2487 2677 propter
2504 2611 2648 2679 quod
2664 2620 2841 2666 tamen
2868 2626 2974 2667 non
2998 2612 3474 2683 solumutriusqne
3488 2609 3693 2683 apostoli

2128 2712 2234 2750 non
2267 2696 2611 2753 imminutum
2639 2709 2723 2757 est
2750 2700 3027 2766 meritum,
3056 2702 3150 2757 sed
3175 2702 3289 2772 ipse
3314 2716 3535 2773 quoque
3556 2701 3695 2755 disci-

2124 2787 2283 2856 pulus
2303 2788 2371 2843 ab
2395 2790 2707 2860 apostolica:
2728 2791 3027 2863 disciplinae
3051 2792 3192 2848 linea
3217 2808 3324 2848 non
3348 2792 3575 2849 erravit.
3594 2789 3697 2845 Non

2123 2889 2254 2947 ergo
2267 2877 2464 2943 mirum
2486 2880 2530 2933 si
2554 2895 2700 2935 nunc
2716 2882 2876 2936 homo
2896 2882 3188 2953 aliquando
3203 2883 3418 2939 inscius
3438 2899 3470 2939 a
3493 2884 3697 2945 veritate

2127 2966 2431 3034 dissentiat,
2463 2984 2588 3026 cum
2613 2982 2669 3026 et
2701 2971 2833 3041 ipsis
2866 2973 3149 3042 apostolis,
3179 2983 3235 3029 et
3269 2976 3572 3045 prophetis,
3609 2974 3692 3029 ltu-

433 3052 506 3109 ad
529 3053 812 3131 ecclesiam
859 3055 921 3109 Β.
960 3057 1142 3113 Mariae
1189 3059 1530 3114 conabantur
1577 3060 1876 3127 attrahere,
1927 3062 2022 3117 sed
2051 3043 2095 3106 C
2127 3057 2405 3114 manitatis
2434 3059 2640 3130 aliquid
2668 3063 2930 3118 accidisse
2971 3043 3387 3134 Scripturarutu
3423 3064 3695 3119 auctoritas

436 3143 605 3198 nullis
631 3143 759 3199 illud
786 3145 992 3203 nisibus
1018 3148 1084 3203 de
1109 3147 1211 3204 loci
1239 3149 1321 3204 sui
1346 3150 1452 3204 lixa
1475 3159 1767 3220 potuerunt
1787 3153 2027 3208 statione

428 3246 671 3289 movere.
699 3233 779 3290 llli
815 3235 979 3307 igitur
1020 3251 1143 3293 cum
1169 3238 1282 3308 jam
1327 3255 1438 3310 prm
1491 3240 1809 3298 lassitudine
1861 3243 2018 3299 fracti

431 3323 659 3383 omnino
698 3325 1013 3395 deficerent,
1066 3339 1125 3385 et
1169 3331 1474 3388 vehiculum
1523 3332 1721 3404 lapidis
1774 3335 2018 3393 funditus

433 3413 809 3483 desperarent,
836 3420 965 3473 tunc
987 3432 1058 3473 ex
1077 3417 1247 3475 altera
1272 3430 1424 3491 parte
1436 3421 1523 3476 vix
1539 3433 1746 3492 septem
1767 3424 2017 3482 homines

425 3520 619 3560 urnam
648 3507 1025 3579 corripientes,
1057 3511 1126 3566 ad
1174 3510 1234 3566 S.
1276 3511 1472 3567 Bullini
1525 3514 1808 3570 basilicam
1864 3525 2014 3572 tanta

428 3595 574 3651 illam
603 3599 854 3668 permissi
885 3609 1011 3657 sunt
1035 3600 1319 3659 celeritate
1344 3606 1670 3675 pervehere,
1710 3623 1775 3663 ac
1822 3608 1868 3665 si
1901 3625 2009 3665 non

424 3683 694 3756 lapidem,
712 3691 806 3745 sed
834 3690 1112 3761 palearum
1137 3694 1317 3763 potius
1347 3694 1660 3753 viderentur
1695 3697 2019 3756 fasciculum

421 3777 696 3834 detulisse.
729 3778 874 3837 Illico
914 3781 1095 3852 populi
1138 3785 1345 3839 clamor
1370 3785 1695 3841 exsultantis
1722 3787 2007 3856 attollitur,

422 3866 720 3934 gratiarum
771 3871 915 3926 actio
976 3870 1181 3928 fautori
1220 3872 1332 3929 Deo
1380 3874 1499 3929 laeta
1553 3877 1903 3946 persolvitur,
1955 3888 2011 3934 et

419 3955 544 4023 quia
570 3957 689 4027 pius
715 3959 859 4016 Deus
901 3977 1067 4017 unum
1115 3980 1237 4020 cum
1286 3966 1485 4037 populo
1527 3982 1624 4022 suo
1677 3966 1911 4026 senserit
1939 3970 2008 4026 ab

420 4049 671 4104 omnibus
701 4049 955 4108 alacriter
981 4053 1317 4126 divulgatum,
1356 4057 1510 4115 Tunc
1537 4042 1771 4131 denique
1816 4063 2006 4132 proba-

421 4146 537 4220 tum
561 4146 646 4193 est
671 4154 863 4196 verum
883 4156 1002 4197 esse
1041 4144 1183 4213 quod
1214 4145 1452 4200 dicitur:
1490 4146 1600 4201 Vox
1650 4150 1852 4220 populi,
1900 4167 2009 4211 vox

418 4225 536 4281 Dei.

487 4321 731 4377 Accessit
768 4330 959 4377 autem
981 4323 1048 4379 ad
1082 4323 1156 4379 rei
1185 4325 1573 4383 certitudincm.
1615 4337 1670 4384 ct
1715 4331 2001 4402 presbyter

417 4409 663 4481 quidam,
722 4414 791 4467 ab
843 4413 959 4483 ipso
988 4415 1240 4473 videlicet
1284 4416 1344 4472 Β.
1402 4418 1617 4475 Balline
1671 4421 1739 4476 ad
1790 4422 2009 4491 episco-.

416 4496 539 4570 pum
568 4502 786 4557 missus.
817 4503 951 4559 Nam
987 4521 1121 4561 eum
1141 4506 1397 4578 praefatus
1425 4510 1709 4582 episcopus
1736 4512 1999 4571 adversus

416 4606 506 4647 eos
564 4592 656 4663 qui
711 4594 813 4650 sibi
876 4596 1229 4663 restiterant,
1282 4616 1392 4656 non
1451 4602 1643 4658 leviter
1694 4617 1997 4663 commotus

416 4690 591 4746 :sset,
653 4692 817 4753 atque
877 4684 953 4739 illi
1002 4697 1263 4756 pararent
1296 4690 1405 4745 sibi
1446 4691 1606 4762 digne
1658 4694 2005 4763 satisfacere,

416 4780 468 4826 et
532 4771 727 4828 devota
776 4773 926 4830 illum
983 4776 1290 4833 humilitate
1362 4781 1614 4850 placare,
1678 4786 1995 4857 presbytero

419 4876 566 4929 metu
623 4862 898 4931 diximus,
956 4883 1054 4937 per
1106 4869 1280 4924 visum
1334 4869 1523 4927 beatus
1577 4885 1783 4945 martyr
1830 4892 1993 4945 appa-

2122 3147 2334 3216 probct.
2387 3148 2494 3206 Sed
2549 3152 2662 3208 haec
2725 3152 2894 3220 alias,
2941 3168 3085 3210 nunc
3134 3155 3200 3209 ad
3246 3155 3529 3224 proposita
3582 3153 3688 3212 red-

2118 3252 2323 3297 eamus.
2744 3270 2753 3278 ‘

2188 3330 2358 3388 Porro
2386 3333 2575 3390 eodem
2602 3336 2694 3393 die
2719 3338 2824 3393 duo
2869 3337 2996 3393 caci
3048 3337 3114 3392 ad
3159 3337 3330 3394 altare
3382 3340 3528 3396 benti
3561 3354 3689 3395 mar-

2119 3422 2255 3494 tyris
2329 3422 2616 3482 illuminati
2688 3436 2835 3483 sunt.
2902 3427 3009 3484 Sed
3060 3437 3117 3484 et
3191 3428 3331 3485 alius
3397 3430 3688 3487 debilitatus

2117 3512 2379 3570 membris
2429 3525 2486 3570 et
2532 3516 2849 3588 gibberosus
2896 3528 3110 3575 erectus
3166 3530 3253 3578 est
3297 3528 3354 3576 et
3402 3522 3565 3579 saluti
3603 3536 3689 3591 per

2112 3604 2294 3659 omnia
2342 3606 2645 3664 restitutus.
2698 3609 2776 3664 De
2808 3610 3005 3679 quibus
3033 3626 3196 3680 porro
3239 3612 3527 3671 miraculis
3566 3614 3684 3669 dun-

2114 3701 2265 3747 taxat
2297 3695 2424 3765 quid
2453 3695 2657 3752 factum
2687 3698 2778 3765 sit,
2811 3699 2968 3755 nobis
3010 3700 3214 3757 referre
3243 3701 3513 3770 suﬁciat;
3541 3717 3606 3758 ne
3644 3702 3687 3759 si

2109 3784 2346 3853 qualiter
2368 3786 2509 3842 facta
2540 3790 2751 3860 singula
2783 3806 2882 3861 per
2905 3792 2983 3848 rei
3009 3801 3175 3863 gesta:
3198 3794 3451 3850 ordinem
3496 3794 3685 3851 referre

2109 3876 2508 3942 contendimus,
2551 3880 2830 3936 auditores
2864 3880 3119 3949 fortasse,
3153 3885 3301 3954 quod
3339 3886 3521 3942 absit!
3564 3884 3683 3940 laci-

2108 3966 2247 4021 niosi
2288 3968 2415 4039 styli
2444 3970 2756 4040 prolixitate
2779 3987 3090 4043 gravemus.
3125 3974 3242 4045 Ipsa
3289 3992 3510 4047 quoque
3532 3977 3688 4032 ιιλίῐις

2105 4054 2224 4110 cula
2257 4060 2653 4124 enumerando,
2682 4063 2937 4131 persequi
2966 4072 3163 4118 cuncta
3209 4064 3556 4137 negligimus,
3595 4064 3678 4120 sed

2106 4145 2254 4201 velut
2275 4161 2342 4203 ex
2376 4162 2570 4219 magno
2593 4150 2826 4220 quodam
2846 4150 3066 4208 flumine
3091 4155 3348 4224 cyathum
3376 4156 3677 4211 haurientes

2107 4237 2393 4303 trahimus,
2429 4253 2590 4310 quem
2621 4255 2785 4310 super
2826 4256 3069 4298 mensam
3109 4242 3313 4300 Christi
3356 4243 3677 4300 courivanti-

2105 4328 2204 4384 bus
2224 4328 2512 4385 salubriter
2530 4332 2897 4401 propinetnus,
2934 4347 3002 4388 ne
3029 4334 3233 4389 mentis
3251 4336 3568 4393 stomachus
3599 4334 3672 4389 in-

2103 4419 2465 4490 gurgitatienc
2507 4423 2745 4492 gravari,
2773 4423 2868 4479 sed
2918 4424 3102 4480 sobrio
3149 4433 3278 4496 potu
3314 4426 3673 4482 tantummodo

2102 4510 2224 4565 sitis
2248 4512 2421 4581 possit
2455 4512 2687 4572 auferri.
2717 4514 2797 4568 Ad
2843 4505 2947 4569 alia
2977 4515 3144 4586 igitur
3183 4516 3359 4573 adhuc
3379 4515 3671 4573 enarranda

2104 4600 2384 4666 miracula,
2411 4618 2533 4671 quae
2559 4619 2659 4673 per
2686 4604 2938 4673 eumdem
2960 4604 3348 4663 beatissimum
3385 4616 3671 4678 martyrem

2100 4692 2359 4748 divinitus
2381 4703 2508 4750 sunt
2538 4703 2777 4759 ostensa,
2808 4711 3097 4767 pergamus

2168 4782 2274 4837 Per
2305 4785 2443 4839 idem
2469 4786 2650 4857 itaque
2679 4798 2889 4857 tempus
2917 4789 3005 4843 vir
3028 4790 3246 4859 quidam
3287 4806 3396 4847 non
3442 4792 3666 4848 ferenda

2094 4874 2334 4929 vesaniae
2373 4876 2608 4931 crudelis
2651 4887 2706 4931 et
2741 4877 2945 4947 rigidus
2988 4880 3328 4950 pauperculae
3356 4881 3566 4938 mulieri
3603 4881 3663 4937 de

416 4948 541 5039 τιιίι,
600 4950 760 5020 εἰιιυε
813 4954 991 5011 dixit:
1025 4957 1190 5020 Vade,
1232 4968 1288 5013 et
1339 4961 1428 5016 dic
1475 4964 1747 5033 episcopo,
1802 4966 1848 5019 si
1906 4983 1999 5024 me.
2093 4964 2178 5017 sui
2218 4961 2357 5030 juris
2399 4980 2531 5035 agro
2582 4956 2889 5022 chartulam
2931 4948 3158 5036 fecerat,
3201 4986 3364 5040 quam
3393 4982 3521 5028 tunc
3546 4986 3660 5049 cum

416 5028 514 5090 ton
568 5034 685 5092 vult
736 5038 1051 5109 cﬂeadere,
1110 5028 1533 5105 satisfactionem
1598 5028 1903 5110 auatttlibet
1957 5072 1987 5109 a
2091 5052 2269 5110 magni
2304 5052 2504 5108 furoris
2527 5056 2726 5110 imnetu
2749 5059 3146 5110 contumaciter
3165 5062 3500 5110 requirebat:
3528 5046 3659 5110 unde
