3946 5368
152 277 247 333 697

1555 271 1785 328 SERMO
1827 272 2058 327 XXXVI.

3309 275 3411 329 628

154 399 234 446 ret
277 387 704 459 lacrymahiliter
761 387 1101 456 deprecatur.
1154 384 1293 450 Quid
1339 384 1525 455 plura?
1573 385 1737 438 Adest
1766 387 1812 446 Α
1843 385 1966 449 loci,
1994 400 2152 456 quem
2202 385 2463 449 incolunt,
2516 384 2750 440 Insulani
2781 401 3059 452 vocamur,
3110 383 3226 456 ipso
3267 401 3410 456 pra:-

155 479 374 534 tandem
402 479 582 533 divina
627 476 1021 539 misericordia,
1063 485 1118 529 ct
1144 491 1266 528 mox
1301 486 1358 528 ut
1398 476 1466 527 ab
1494 473 1738 528 oratione

155 569 454 636 consurgit,
480 567 664 636 jacere
701 569 753 621 in
783 566 1094 636 pavimento
1144 564 1378 619 securim
1412 578 1562 617 suam
1613 571 1740 616 ante

156 660 318 730 pedes
355 659 584 713 attonita
637 658 923 729 conspicit.
965 656 1111 712 Illico
1154 669 1358 710 maeror
1384 653 1638 709 nimirum
1685 654 1740 708 in

157 749 398 804 lzetitiam
442 750 693 813 vertitur,
725 757 778 802 et
825 749 984 818 digna
1032 747 1144 800 Deo
1184 745 1481 815 gratiarum
1523 744 1668 798 actio
1710 759 1741 798 a

158 843 370 898 cunctis
437 842 528 911 qui
583 842 834 906 aderant,
906 838 1235 894 unanimiter
1282 836 1585 891 exhibetur.
1634 833 1741 889 Sed

157 946 289 988 ecce
331 939 518 1000 raptor
541 929 813 999 negotium
841 927 1017 981 adhuc
1047 941 1158 980 suae
1184 925 1553 996 perversitatis
1582 939 1741 977 exse-

155 1021 364 1091 quitur,
394 1027 444 1072 et
475 1019 712 1089 praefata:
732 1016 964 1080 mulieri,
997 1016 1097 1071 nisi
1127 1015 1516 1070 monimentum
1553 1013 1744 1066 redde-

159 1121 260 1176 ret,
288 1111 614 1180 supplicium
650 1110 1032 1165 comminatur.
1078 1108 1178 1176 Qui
1205 1117 1383 1162 tamen
1412 1122 1532 1160 mox
1573 1116 1630 1158 ut
1659 1119 1748 1159 se-

159 1203 332 1258 curim
362 1211 470 1256 tam
502 1201 825 1258 mirabiliter
856 1200 1123 1256 redditam
1164 1198 1373 1263 didicit,
1402 1196 1662 1252 confusus
1689 1204 1745 1250 et

157 1294 517 1365 stupefactus,
549 1294 783 1365 expavit,
824 1295 1017 1350 bovem
1060 1291 1312 1355 reddidit,
1369 1289 1743 1361 pcenitentiam

158 1387 287 1458 egit,
317 1396 480 1456 atque
514 1402 729 1442 onmem
759 1385 1060 1456 querelam,
1089 1399 1251 1454 quam
1287 1392 1510 1438 eatenus
1548 1381 1742 1435 adver-

161 1493 253 1532 sus
299 1492 423 1531 eam
455 1476 742 1542 habuerat,
778 1476 962 1530 sedata
993 1474 1159 1529 animi
1191 1474 1407 1528 feritate
1441 1471 1656 1542 50pivit.

229 1567 502 1623 Praterea
532 1567 814 1622 duodecim
846 1564 996 1621 fures
1037 1565 1268 1619 invicem
1296 1564 1665 1633 conspirantes
1692 1561 1745 1615 in

162 1661 384 1714 domum
416 1659 695 1729 cujusdam
757 1658 942 1713 rustici
991 1657 1262 1712 hostiliter
1302 1657 1593 1710 irrueruut.
1640 1653 1740 1721 Qui

1841 477 2002 532 clara:
2044 476 2200 547 183
2249 476 2557 531 festivitatis
2591 476 2680 531 die
2714 477 3077 533 irreverenter
3104 478 3410 540 abutentes,

1841 579 2124 638 carperunt
2153 585 2276 623 cum
2308 570 2421 623 suis
2453 569 2783 625 mulierculis
2825 585 2931 625 non
2972 571 3130 625 modo
3161 570 3432 628 textrinis.
3459 583 3463 586 ’

1841 660 2094 730 operibus
2119 662 2374 716 audacter
2419 661 2693 726 insistere,
2724 677 2911 717 verum
2942 665 3106 718 etiam
3136 665 3412 719 ruralibus
3464 673 3466 676 '

1841 749 2113 804 exercitiis
2145 749 2367 805 liberius
2388 751 2658 806 insudare.
2685 751 2790 806 Sed
2816 754 3061 821 protinus
3090 755 3142 808 in
3171 770 3264 814 eos
3286 770 3414 810 sen-

1844 839 2008 893 tentia
2035 840 2230 894 divina:
2261 843 2746 898 animadversionis
2774 843 3075 909 ulciscitur,
3111 855 3164 899 et
3191 845 3416 915 ﬂagellis

1841 931 2038 986 eruditi
2070 932 2136 985 ad
2169 947 2262 986 cor
2293 935 2536 995 redeunt,
2579 934 2671 1003 qui
2701 950 2796 989 cor
2821 936 3025 991 habere
3056 936 3109 992 in
3138 938 3416 1007 prosperi-

1844 1032 1954 1078 tate
1986 1024 2294 1078 noluernnt.
2327 1023 2396 1079 Ut
2417 1025 2498 1078 eis
2541 1026 2820 1094 aptissime
2843 1042 3144 1096 congruere
3175 1028 3419 1083 videatur

1843 1116 1982 1187 quod
2015 1131 2110 1186 per
2140 1118 2454 1185 prophetam
2500 1117 2698 1170 dicitur
2735 1134 2748 1169 :
2801 1136 2820 1168 ι
2850 1117 3063 1182 Redite,
3095 1117 3418 1188 praevarica-

1847 1216 2008 1273 tores,
2038 1208 2105 1260 ad
2148 1223 2242 1262 cor
2273 1206 2408 1276 (Isa.
2445 1206 2613 1276 xui).
2666 1225 2684 1258 ι
2721 1206 2851 1261 Illud
2883 1209 3049 1262 etiam
3075 1224 3089 1262 :
3120 1229 3138 1260 ι
3168 1209 3234 1262 Et
3274 1224 3420 1268 nunc

1845 1300 1985 1370 ignis
2011 1299 2355 1353 adversarius
2387 1299 2677 1353 consumit.
2711 1317 2729 1348 ι
2765 1296 2900 1351 Nam
2941 1313 3095 1354 casas
3119 1314 3306 1353 eorum
3333 1314 3422 1353 re-

1845 1398 2005 1459 pente
2054 1388 2268 1443 ﬂamma
2312 1389 2614 1458 corripuit,
2657 1397 2714 1443 et
2753 1404 2862 1444 non
2903 1389 3078 1444 solum
3128 1388 3442 1444 domestica.

1845 1495 2091 1550 quaeque,
2116 1481 2209 1535 sed
2236 1496 2354 1550 quae
2387 1481 2438 1534 in
2469 1481 2616 1549 agris
2654 1489 2828 1543 erant,
2859 1481 3037 1534 omnia
3072 1479 3427 1549 inexstingui-

1845 1571 2043 1626 bilibus
2067 1571 2444 1643 conﬂagravit;
2470 1573 2605 1626 adeo
2635 1581 2694 1625 ut
2723 1572 2964 1627 infelices
2988 1572 3060 1626 illi
3083 1573 3136 1626 in
3167 1571 3428 1626 extremis

1843 1660 1955 1730 jam
1984 1661 2236 1731 periculis
2261 1661 2560 1724 constituti,
2594 1661 2660 1714 ad
2706 1677 2921 1716 amnem
2955 1662 3082 1716 hinc
3128 1661 3252 1716 inde
3291 1676 3425 1716 con-

163 1754 394 1823 ligantes
421 1767 544 1806 eum
575 1752 772 1820 primo,
802 1751 997 1805 deinde
1045 1751 1214 1804 boves
1248 1757 1304 1802 et
1330 1756 1524 1802 caetera
1546 1747 1739 1800 domus
1772 1727 1815 1786 Β
1842 1752 2088 1817 ﬂuerent,
2113 1753 2242 1808 etin
2271 1753 2442 1822 ipsum
2478 1751 2706 1822 gurgitis
2753 1751 2962 1807 alveum
3017 1767 3247 1807 accensa
3284 1767 3426 1821 qua:—

161 1840 417 1895 animalia
456 1838 772 1909 diripientes
811 1840 1057 1910 protinus
1090 1837 1358 1893 abierunt.
1403 1836 1611 1891 Interea
1655 1850 1743 1888 ru-

161 1930 336 1984 sticus
372 1928 798 1998 lacrymahiliter
828 1926 1252 1990 vociferahatur,
1279 1933 1334 1981 et
1375 1923 1743 1996 gemebundus

163 2019 344 2074 aiebat
384 2037 397 2072 :
451 2018 588 2082 Heu,
619 2027 809 2072 sancte
848 2015 1074 2081 Ruﬂine,
1122 2017 1304 2086 aspice
1346 2015 1624 2077 miserum,
1661 2027 1744 2067 re-

164 2111 278 2164 leva
317 2110 630 2166 calamitate
656 2110 998 2179 depressum;
1031 2124 1129 2163 nec
1157 2107 1363 2176 placeat
1391 2106 1486 2160 tibi
1520 2117 1578 2158 ut
1610 2120 1740 2175 prae-

163 2201 332 2255 dones
371 2209 429 2254 et
448 2199 764 2268 nequissimi
810 2199 1056 2253 homines
1092 2212 1224 2252 mea:
1258 2195 1587 2251 facultatula}
1616 2210 1747 2265 pau-

165 2302 375 2365 pertate
396 2294 655 2347 ditentur.
704 2291 785 2345 Ad
833 2292 974 2345 hanc
1021 2290 1184 2359 igitur
1228 2303 1434 2352 vocem,
1465 2288 1600 2340 mira
1630 2287 1742 2340 res!

165 2400 285 2440 cum
311 2383 424 2452 jam
458 2391 706 2452 raptores
729 2379 980 2435 animalia
1021 2387 1430 2450 prosequentes,
1462 2377 1744 2431 duodecim

167 2471 435 2526 milliariis
485 2470 604 2524 fere
657 2469 1006 2532 transmissis,
1052 2467 1235 2537 procul
1291 2467 1571 2529 abiissent,
1623 2479 1749 2520 ecce

165 2574 376 2623 omnes,
412 2558 502 2627 qui
535 2557 727 2628 direpti
761 2556 996 2619 fuerant,
1023 2570 1234 2625 greges,
1287 2553 1528 2608 halantes
1553 2562 1605 2608 et
1629 2569 1748 2607 mu-

167 2650 382 2718 gientes
408 2655 724 2710 accurrunt,
752 2652 804 2699 et
830 2645 972 2699 intra
1002 2644 1183 2698 caulas
1207 2657 1264 2696 se
1291 2643 1452 2697 solito
1485 2657 1634 2696 more
1661 2657 1749 2696 re-

166 2739 391 2809 cipiunt.
439 2737 640 2806 Sicque
677 2735 878 2791 factum
907 2746 993 2790 est
1043 2744 1103 2788 ut
1132 2734 1228 2796 illi,
1271 2749 1392 2803 qua:
1421 2748 1532 2803 pra:
1574 2733 1751 2786 mani-

168 2830 264 2883 hus
285 2829 488 2883 habere
513 2828 853 2892 videbantur,
870 2835 1090 2896 repente
1112 2824 1317 2879 sublata
1342 2833 1750 2894 congemereut;

166 2931 217 2973 cl
243 2920 365 2981 iste,
400 2933 519 2987 quae
560 2916 808 2982 deﬂebat,
837 2916 1037 2971 amissa
1067 2915 1355 2985 recipiens,
1393 2914 1567 2969 versis
1607 2921 1756 2967 utro-

167 3013 330 3082 hique
355 3009 572 3065 vicibus
592 3010 909 3063 exsultaret.
947 3007 1089 3062 Visis
1119 3007 1302 3076 itaque
1340 3015 1419 3061 tot
1446 3005 1752 3067 virtutibus,

1844 1859 1948 1914 que
1985 1842 2274 1911 jactarent.
2308 1840 2412 1896 Sed
2445 1850 2504 1895 ut
2531 1841 2811 1912 perspicue
2834 1839 3152 1910 probaretur
3191 1841 3293 1896 hoc
3316 1855 3422 1895 non

1845 1949 2052 2008 casum,
2096 1932 2189 1987 sed
2225 1932 2393 1986 divini
2441 1930 2639 1985 furoris
2677 1945 2799 1984 esse
2838 1930 3132 1995 indicium,
3166 1929 3427 2001 quidquid

1843 2021 2208 2093 mergebatur,
2236 2021 2505 2088 exstingui
2545 2035 2651 2074 non
2698 2027 2931 2088 poterat.

1918 2111 2051 2165 Miro
2079 2111 2260 2179 itaque
2290 2109 2450 2164 modo
2474 2108 2798 2163 elementum
2830 2107 2959 2162 illud
3000 2107 3144 2162 vires
3171 2108 3254 2162 sui
3291 2107 3432 2176 juris

1845 2211 1900 2256 et
1927 2201 2120 2270 partim
2152 2200 2368 2253 tenebat
2396 2207 2452 2252 et
2485 2213 2550 2252 ex
2588 2206 2744 2268 parte
2771 2197 3099 2267 perdiderat.
3124 2196 3256 2250 Nam
3279 2206 3334 2250 et
3365 2197 3432 2250 li-

1846 2291 2007 2360 quida
2037 2300 2156 2345 erat
2185 2305 2343 2358 aqua,
2395 2298 2454 2342 ut
2497 2289 2751 2343 immersa
2803 2302 3028 2357 quaeque
3078 2287 3240 2341 ﬂuctu
3279 2286 3432 2340 dehi-

1849 2390 2035 2435 scente
2068 2381 2358 2450 reciperet,
2391 2387 2446 2433 et
2474 2379 2872 2448 quodammodo
2902 2378 3121 2432 humida
3151 2393 3256 2434 non
3293 2386 3431 2442 erat,

1851 2479 1910 2523 ut
1941 2470 2187 2524 ardentia
2233 2470 2582 2540 exstinguere
2626 2479 2828 2538 posset.
2869 2469 2974 2524 Sed
3015 2469 3146 2538 quid
3197 2469 3437 2524 minimis

1854 2561 2137 2625 immoror,
2165 2575 2287 2615 cum
2339 2567 2396 2614 et
2437 2560 2551 2629 ipsa
2598 2560 2877 2614 hominum
2926 2562 3168 2613 membra
3217 2557 3434 2612 ﬂamma

1850 2653 2139 2722 prosiliens
2186 2653 2554 2721 occupaverit,
2603 2659 2659 2706 et
2699 2650 3078 2705 exstinctionis
3127 2650 3427 2704 remedium

1853 2744 2114 2808 invenire,
2146 2758 2468 2814 quocunque
2517 2757 2577 2797 se
2629 2750 2938 2806 verterent,
2988 2755 3094 2794 non
3148 2739 3438 2801 valerent?

1855 2832 2095 2888 Tandem
2130 2833 2370 2896 ustulati,
2409 2833 2659 2902 fumigati
2687 2841 2740 2886 et
2768 2831 2820 2885 in
2849 2831 3066 2885 modum
3101 2829 3262 2884 torris
3290 2844 3438 2883 com-

1856 2924 2020 2988 busti,
2049 2939 2168 2978 cum
2202 2925 2416 2995 magnis
2447 2923 2748 2978 ululatuum
2779 2921 3103 2977 stridoribus
3127 2921 3194 2974 ad
3220 2918 3278 2972 Β.
3311 2919 3440 2973 [tuf-

1859 3013 1948 3066 liui
1981 3013 2151 3066 altare
2177 3012 2513 3084 confugiunt,
2547 3012 2933 3082 indulgentiam
2963 3019 3173 3081 petunt,
3203 3018 3255 3063 et
3292 3025 3442 3063 com-

168 3116 222 3160 et
265 3114 379 3158 tam
425 3102 765 3158 evidentibus
816 3098 1201 3155 miraculorum
1231 3098 1420 3169 signis.
1466 3096 1749 3166 praedictus

1859 3105 2004 3158 missi
2039 3105 2228 3174 piaculi
2259 3105 2692 3160 emendationem
2719 3104 2786 3158 de
2815 3110 3012 3157 caztern
3042 3117 3138 3171 per
3171 3099 3439 3169 ptenitcn-

171 3194 283 3263 [τεο
313 3192 643 3247 venerabilis
670 3189 911 3258 ejusdem
936 3189 1080 3244 sedis
1108 3189 1350 3252 antistes,
1375 3189 1441 3242 de
1466 3201 1629 3257 parva
1656 3189 1753 3239 ha-

169 3285 322 3338 silica
360 3284 414 3336 in
447 3297 552 3350 qua
591 3290 837 3336 sanctum
865 3294 1062 3350 corpus
1088 3278 1264 3333 fuerat
1307 3288 1431 3332 ante
1461 3287 1750 3346 receptum,

171 3389 422 3444 magnam
452 3373 759 3428 construxit
787 3371 1092 3433 ecclesiam,
1123 3379 1178 3424 et
1213 3369 1372 3440 juxta
1422 3367 1752 3436 possibilita-

175 3481 279 3524 tem
309 3477 558 3540 sumptus
585 3483 691 3522 non
719 3467 1030 3538 ignobiliter
1050 3465 1344 3521 decoravit.
1383 3462 1584 3518 Deinde
1611 3462 1752 3516 beati

175 3561 436 3631 martyris
480 3574 678 3629 corpus
738 3561 790 3613 in
833 3559 986 3612 alveo
1031 3558 1120 3626 qui
1173 3557 1486 3611 certaminis
1536 3555 1758 3609 materia

177 3652 372 3712 fuerat,
419 3651 680 3715 condidit,
730 3659 785 3705 et
829 3665 949 3704 cum
996 3664 1186 3719 magna
1231 3649 1395 3702 totius
1440 3647 1758 3701 dimcesanre

177 3741 349 3810 plebis
382 3741 680 3810 frequentia
713 3741 883 3796 altare
921 3740 1152 3810 desuper
1181 3739 1540 3794 consecravit.
1591 3738 1760 3792 Porro

176 3842 353 3888 autem
386 3833 575 3904 quanti
627 3832 738 3888 illic
766 3833 1018 3902 deinceps
1055 3832 1181 3888 caeci
1209 3831 1409 3885 fuerint
1441 3829 1755 3893 illuminati,

179 3925 364 3992 quanti
391 3939 420 3977 a
445 3925 778 3979 daemonibus
799 3925 995 3994 erepti,
1027 3925 1212 3995 quanti
1243 3939 1305 3977 ex
1340 3923 1504 3977 variis
1542 3922 1760 3991 languo—

182 4014 334 4066 ribus
360 4013 594 4078 liberati,
637 4027 733 4084 per
762 4013 978 4083 longum
1008 4023 1092 4068 est
1131 4013 1212 4067 vel
1256 4013 1497 4082 apicibus
1527 4014 1758 4077 tradere,

179 4101 260 4156 vel
290 4117 546 4157 sermone
585 4102 846 4172 proferre.
1131 4115 1135 4121 ‘

242 4191 346 4246 {lis
374 4193 451 4246 ita
481 4193 788 4253 transactis,
814 4193 978 4261 cmpit
1011 4207 1116 4246 non
1149 4207 1314 4262 parva
1339 4192 1615 4261 inquisitio
1643 4187 1774 4245 fieri

181 4298 287 4350 quo
322 4283 412 4337 die
463 4282 816 4337 invectissimi
863 4283 1272 4352 triuntphatoris
1324 4281 1522 4337 Christi
1568 4280 1760 4336 Bullini

183 4376 405 4430 deberet
432 4374 748 4445 martyrium
777 4373 1062 4428 celebrari.
1109 4372 1280 4428 Nullis
1323 4364 1590 4442 siquidem
1620 4373 1761 4443 apud

183 4482 274 4521 ens
301 4466 640 4520 exstantibus
665 4463 906 4518 historia:
929 4464 1298 4528 monimentis,
1313 4464 1424 4518 sola
1437 4471 1593 4518 erant
1619 4472 1765 4517 eate-

189 4569 340 4612 tcnus
364 4572 557 4611 annua:
583 4555 942 4610 dedicationis
966 4549 1306 4610 solemnitate
1337 4553 1595 4610 contenti.
1620 4553 1765 4608 Tan-

188 4651 304 4702 dem
319 4657 541 4702 auctore
564 4647 675 4701 Deo
702 4655 912 4715 reperta
941 4645 1206 4716 passionis
1223 4646 1448 4701 historia
1479 4645 1767 4699 constituit

189 4737 501 4792 venerabilis
525 4735 790 4805 pontifex,
826 4735 982 4804 juxta
1031 4745 1273 4789 tenorem
1320 4734 1570 4788 videlicet
1602 4748 1763 4801 quem

191 4831 378 4885 litterae
404 4829 768 4892 testabantur,
804 4837 862 4881 ut
892 4827 1052 4881 tertio
1079 4826 1346 4880 Kalendas
1372 4824 1597 4894 Augusti
1616 4820 1761 4893 ejus-

190 4921 309 4976 dem
339 4919 558 4991 gloriosi
585 4919 841 4988 martyris
885 4917 1149 4972 festivitas
1181 4918 1471 4972 coleretur.
1518 4914 1588 4970 At
1630 4933 1762 4971 nou-

191 5011 315 5066 nulli
356 5011 619 5065 adversus
665 5008 973 5078 episcopum
1023 5008 1236 5062 invidia:
1283 5006 1491 5061 facibus
1528 5009 1759 5072 accensi,

192 5111 244 5156 et
270 5101 502 5156 vesania:
532 5099 725 5170 Spiritu
773 5098 1170 5170 implicahiliter
1199 5097 1423 5158 incitati,
1469 5099 1762 5155 tumultua-

1196 5185 1389 5218 ΙιΛηΙΙΙΙΙ
1399 5201 1446 5218 li‘

193 5194 386 5218 Ιιλσιίοι-
432 5205 718 5218 Ann-Ancona
752 5205 864 5218 Anan
896 5189 1133 5218 ι-Ιῖηηηιηο
1196 5189 1446 5218 ΙιΛηΙΙΙΙΙΙΪὶ
1477 5189 1762 5218 ηο-ηἶ...κιέη

1863 3197 1990 3249 tiam
2017 3197 2354 3266 pollicentur.
2387 3195 2645 3250 Precibus
2671 3194 2834 3264 igitur
2857 3191 3155 3247 beatissimi
3182 3189 3446 3258 martyris.

1856 3289 1923 3342 ab
1951 3288 2180 3342 incendii
2213 3287 2489 3342 doloribus
2519 3286 2750 3349 liberati,
2787 3283 3083 3338 incolumes
3112 3280 3179 3333 ad
3214 3279 3434 3348 propria

1857 3389 1983 3434 sunt
2029 3381 2251 3434 reversi.
2299 3379 2381 3433 Ab
2430 3379 2521 3433 illo
2572 3379 2751 3447 itaque
2793 3386 3033 3444 tempore
3081 3373 3285 3440 absque
3331 3369 3439 3423 ullo

1858 3471 2220 3524 cunctationis
2247 3469 2526 3524 obstaculo
2554 3467 2614 3521 Β.
2661 3465 2852 3520 Rnﬂini
2880 3464 3197 3535 martyrium
3222 3461 3453 3523 colitur,_

1858 3571 1913 3614 ct
1934 3562 2018 3615 die
2057 3578 2216 3631 quam
2250 3561 2618 3632 praediximus,
2652 3573 2773 3612 cum
2805 3571 3012 3626 magna:
3038 3554 3340 3608 devotionis
3365 3553 3438 3605 in-

1860 3660 2058 3716 Stantia
2087 3658 2152 3710 ad
2183 3657 2300 3726 cjus
2329 3653 2616 3708 ecclesiam
2656 3667 2686 3704 a
2723 3649 2935 3720 p0pulis
2966 3646 3204 3714 undique
3233 3659 3432 3700 conve-

1861 3753 2025 3808 nitur.

1933 3824 2062 3896 lllu'd
2111 3850 2324 3906 quoque
2374 3831 2807 3904 prmtereuudum
2856 3843 2976 3882 esse
3028 3841 3132 3880 non
3183 3826 3458 3890 arbitrorL

1861 3935 2002 4003 quod
2025 3931 2124 3984 viri
2160 3929 2378 3998 quidam
2419 3926 2624 3978 trabem
2656 3923 2720 3977 de
2747 3921 2878 3976 silva
2905 3934 3134 3990 operosa
3165 3918 3455 3974 exercitiis.

1862 4024 2146 4092 levigatam
2169 4019 2233 4072 ad
2258 4017 2315 4070 Β.
2343 4012 2534 4069 Bullini
2552 4021 2766 4066 vectare
2782 4011 3066 4066 ecclesiam
3080 4009 3458 4071 conabantur,_

1862 4115 2058 4184 quibus
2111 4110 2365 4163 uimirum
2416 4107 2634 4175 quidam
2690 4103 3073 4164 Perusinorum
3135 4101 3444 4155 violentiam

1865 4201 2169 4274 ingerentes
2199 4199 2402 4270 lignum
2434 4195 2704 4251 hostiliter
2749 4199 3115 4249 extorserunt.
3168 4191 3274 4246 Sed
3321 4206 3458 4245 cum.

1865 4304 2110 4363 raptores
2156 4291 2408 4344 arborem
2458 4285 2835 4341 instantissimi
2889 4290 3117 4338 conatus
3169 4280 3445 4335 anxietate

1863 4383 2268 4454 pertraherent,
2290 4378 2401 4448 jam
2433 4376 2546 4445 jam
2574 4374 2850 4428 Perusinis
2879 4371 3148 4426 muanihus
3198 4382 3304 4421 uno
3352 4366 3454 4425 vix

1867 4473 2220 4541 interjacrnte
2269 4466 2522 4522 milliario
2568 4463 3012 4532 pr0pinquarent,
3048 4466 3266 4527 repente
3294 4455 3447 4509 vehi-

1867 4563 2046 4617 culum
2079 4560 2253 4622 ha‘sit,
2294 4556 2561 4623 nullisque
2591 4552 2783 4605 virium
2816 4551 3022 4605 nisibus
3062 4545 3260 4615 impelli
3310 4544 3448 4598 ulte-

1866 4653 1980 4706 rius
2032 4650 2224 4719 potuit.
2273 4648 2482 4700 Interea
2534 4643 2773 4711 contigui
2822 4641 3026 4709 quique
3078 4636 3326 4693 homines
3378 4639 3475 4700 ad,

1869 4742 2124 4798 auxilium
2149 4737 2448 4803 conﬂuunt,
2495 4751 2602 4789 non
2648 4733 2805 4800 pauci
2837 4731 3001 4786 etiam
3049 4726 3247 4800 jngarii
3279 4725 3482 4790 boves_

1869 4833 2158 4885 adduntur.
2203 4821 2817 4890 Ordinant‘diligentius
2861 4821 3196 4880 machinam,
3223 4814 3496 4882 inviccu;

1870 4921 2247 4978 exhortantur,
2284 4916 2336 4969 in
2375 4913 2540 4967 robur
2563 4929 2620 4967 se
2649 4911 2934 4982 colligunt,
2958 4924 3148 4965 armos
3177 4899 3508 4984 objiciutu‘

1869 5011 2232 5067 vociferanter
2292 5005 2611 5074 impingunt,
2664 5000 2874 5071 lignum
2941 5009 3137 5059 tamen
3200 4993 3550 5077 itiiittob‘u‘3

1876 5115 2173 5175 permanet,
2207 5114 2271 5153 ac
2297 5098 2340 5152 si
2373 5097 2540 5149 lixum
2580 5091 2856 5148 radicibus
2885 5099 3207 5168 teneretur.
3254 5081 3569 5166 Demuu‘

1935 5196 2125 5218 -..:-.-.-
2189 5185 2484 5218 ..Αιδης-οἴνοιο
2535 5181 2714 5218 Anth
2772 5180 2915 5218 nnnul
2987 5198 3145 5218 nmnﬂ
3171 5166 3174 5168 Ἴ
3206 5172 3450 5218 Immin“
3470 5203 3493 5218 ι
3513 5213 3526 5218 -
