3946 5368
476 350 580 422 m

1079 362 1135 419 S.
1175 361 1379 417 P..TRI
1423 357 1701 416 DAMIANI
1732 355 1883 413 OPP.
1917 326 2104 411 lPARS
2141 353 2271 413 SEU
2314 354 2550 413 TOMUS
2576 355 2637 411 ll.
2667 384 2740 395 --
2777 351 3161 411 SERMONES.

3579 348 3682 402 700

476 481 737 551 dirigunt,
773 487 845 539 et,
877 474 1210 531 accelerandi
1251 472 1504 529 facultate
1530 456 1804 540 percepta,
1850 467 2050 523 beatis-
2080 477 2131 532 Α
2156 470 2459 531 antecedat.
2489 484 2555 522 ne
2577 467 2701 521 dum
2740 466 2875 522 alios
2895 466 2960 520 ad
2983 465 3180 521 bellum
3215 460 3491 533 impellere
3511 460 3726 522 nititur.

478 572 615 625 simo
664 568 908 640 martyri,
960 566 1103 636 quod
1141 565 1372 635 superbe
1410 569 1723 633 rapuerant,
1773 557 2053 613 humiliter

482 661 729 717 reddunt.

549 753 787 821 Agamus
815 749 980 820 Igitur
1005 746 1222 803 Christo
1248 741 1515 800 Salvatori
1543 750 1730 797 nostro
1757 738 1973 811 gratias.
2000 746 2056 794 et

479 846 639 914 digna
673 840 890 895 lsudum
927 836 1197 907 praeconia
1232 833 1553 898 referamus,
1580 832 1693 901 qui.
1732 832 1857 885 dum
1895 826 2057 900 184

480 949 579 1005 per
603 933 751 987 cives
794 944 1045 999 superna:
1074 924 1409 981 Hierusalem
1440 923 1569 977 talia
1615 921 1768 976 nobis
1796 919 2056 974 beneficia

482 1028 770 1093 prterogat,
801 1004 1059 1087 tauquam
1086 1032 1184 1086 per
1208 1013 1433 1085 exiguas
1465 1011 1633 1067 micas
1664 1024 1728 1066 ac
1772 1018 1962 1081 tenues
1991 1005 2058 1061 ad

482 1114 698 1183 plenum
729 1125 828 1164 nos
874 1107 1183 1164 convivium
1234 1119 1434 1160 mensae
1471 1102 1710 1157 caelestis
1740 1100 1974 1164 invitat;
2006 1104 2061 1152 et

483 1210 610 1261 dmn
648 1205 765 1260 illos
790 1204 904 1272 jam
943 1210 1064 1274 post
1108 1200 1346 1255 laborem
1397 1199 1738 1269 quiescentes
1786 1194 1840 1248 in
1886 1191 2061 1262 patria

484 1296 716 1350 ubertim
752 1294 934 1358 satiat,
969 1306 1064 1346 nos
1115 1289 1279 1344 etiam
1310 1288 1365 1344 in
1414 1284 1573 1355 huius
1612 1281 2064 1355 peregrinationis

485 1388 682 1441 itinere
707 1385 859 1454 quasi
890 1382 1216 1455 quibusdam
1241 1380 1483 1435 ciborum
1522 1376 1762 1445 reliquiis
1792 1384 2065 1442 utcunque

453 1475 456 1478 ’
486 1485 779 1541 sustentat;
812 1477 920 1529 imo
943 1474 1035 1544 qui
1066 1472 1187 1528 illos
1224 1471 1398 1527 solido
1423 1484 1534 1524 suae
1563 1466 1789 1522 visionis
1819 1465 1942 1520 cibo
1983 1477 2068 1517 re-

488 1566 623 1631 ﬁcit,
649 1566 882 1635 quodam
919 1579 1019 1618 nos
1048 1563 1325 1633 signorum
1375 1575 1597 1614 suorum
1638 1557 1775 1611 lacte
1807 1565 2066 1624 tanquam

486 1656 740 1727 parvulos
770 1654 964 1722 nutrit,
1002 1655 1173 1708 donec
1200 1664 1555 1706 occurramus
1575 1661 1764 1701 omnes
1808 1646 1862 1699 in
1894 1645 2068 1698 virum

488 1746 787 1819 perfectmn
820 1745 872 1799 in
928 1755 1237 1797 mensuram
1288 1739 1464 1794 astatis
1516 1734 1866 1808 plenitudinis
1910 1732 2068 1788 Chri-

2153 559 2270 628 ipse
2292 555 2540 627 degeneri
2563 554 2810 625 corporis
2821 555 2932 609 otio
2952 570 3047 625 per
3069 551 3449 624 negligentiam
3471 549 3730 606 dissolva-

2156 658 2264 714 tur,
2306 649 2441 703 sicut
2475 647 2542 702 de
2587 645 2908 716 quibusdam
2932 660 3121 715 magna
3163 641 3612 719 praedicantibus,
3640 640 3728 694 sed

2155 739 2423 795 desidiose
2451 737 2778 803 viventibus,
2808 751 2905 807 per
2940 736 3265 806 Propltetam
3293 735 3519 790 dicitur:
3558 752 3578 784 ι
3614 729 3732 786 Filii

2156 830 2390 903 Ephrem
2435 831 2772 887 iutendentcs
2822 844 3032 895 arcum,
3086 838 3143 884 et
3189 828 3466 883 mittentes
3511 826 3736 898 sagittas

2158 938 2304 989 suas,
2337 922 2586 977 conversi
2618 929 2746 976 sunt
2771 920 2824 974 in
2849 920 2935 974 die
2961 919 3084 974 belli
3109 916 3284 991 (Psal.
3314 917 3549 986 uxr").
3591 935 3610 968 ι
3639 915 3733 983 Qui

2157 1013 2302 1068 enim
2360 1013 2620 1067 adversus
2658 1011 2911 1066 vitiorum
2957 1011 3281 1065 teutationes
3329 1009 3397 1064 ad
3434 1006 3738 1063 conflictum

2162 1103 2297 1157 alios
2327 1111 2639 1173 provocant,
2673 1101 2767 1156 sed
2801 1098 3091 1172 conﬂigere
3137 1100 3235 1171 ipsi
3266 1100 3366 1155 sub
3399 1098 3624 1169 ignobili
3654 1096 3739 1151 de-

2162 1191 2314 1247 sidia:
2345 1191 2606 1262 languore
2639 1192 2961 1254 detrectant,
3003 1191 3055 1245 hi
3082 1190 3337 1245 nimirum
3366 1189 3599 1260 sagittas
3626 1188 3741 1257 qui-

2164 1284 2284 1340 dem
2315 1283 2573 1355 dirigunt,
2601 1283 2696 1338 sed
2723 1292 2846 1354 post
2886 1294 3033 1351 terga
3077 1282 3323 1338 conversi
3360 1291 3742 1338 consummata:

2165 1376 2409 1430 victoria:
2465 1375 2651 1429 titulos
2699 1391 2805 1429 non
2869 1383 3146 1429 merentur
3185 1387 3201 1427 :
3250 1371 3362 1427 Nec
3402 1371 3485 1427 eis
3533 1371 3745 1441 prodest

2166 1466 2309 1537 quod
2340 1467 2477 1521 bene
2501 1474 2803 1536 emperaut,
2831 1465 2956 1535 quia
2990 1479 3096 1519 non
3123 1478 3296 1533 usque
3331 1463 3397 1517 ad
3446 1463 3615 1517 ﬁnem
3642 1477 3744 1517 rna-

2168 1559 2498 1630 gnanimiter
2548 1566 2916 1628 perseverant.
2972 1554 3127 1612 Unde
3160 1556 3310 1611 etde
3370 1554 3478 1609 illis
3506 1554 3747 1625 protinus

2170 1650 2446 1721 sequitur:
2486 1668 2505 1703 ‹
2545 1649 2662 1705 Non
2710 1650 3084 1706 custodierunt
3132 1654 3520 1703 testamentum
3567 1644 3745 1707 Dei,et

2174 1743 2226 1797 in
2254 1742 2369 1813 lege
2391 1740 2508 1811 ejus
2552 1741 2844 1797 noluerunt
2893 1739 3174 1794 ambulare
3217 1736 3404 1808 (lbid.)
3448 1755 3468 1790 ι
3496 1735 3586 1791 Ac
3608 1736 3653 1791 si
3677 1734 3748 1789 di-

490 1842 556 1896 sti
584 1839 797 1911 (Ephes.
827 1839 924 1910 tv),
956 1837 1045 1908 qui
1078 1852 1200 1892 cum
1232 1836 1341 1890 Deo
1377 1833 1536 1888 Patre
1563 1840 1618 1887 et
1648 1829 1854 1902 Spiritu
1886 1836 2073 1885 sancto
2107 1841 2148 1898 ιι
2175 1844 2323 1890 ceret,
2349 1848 2363 1888 :
2414 1832 2786 1903 susceperunt
2827 1831 3046 1902 quidem
3080 1837 3487 1892 ιεειθιηεηιιηη,
3517 1826 3620 1883 sed
3653 1842 3749 1880 non

490 1931 623 1986 vivit
649 1940 703 1987 et
738 1939 928 2002 regnat
958 1929 1097 1983 Deus
1127 1927 1181 1981 in
1217 1925 1418 1982 saecula
1440 1922 1782 1980 saculorum.
1810 1919 2003 1975 Amen.

1051 2116 1479 2181 AUGUSTUS.

492 2222 579 2283 ll.
738 2219 950 2280 Sermo
976 2214 1047 2276 de
1071 2215 1134 2277 S.
1165 2214 1477 2294 Stephano
1507 2229 1675 2291 papa
1695 2217 1748 2272 el
1779 2216 2071 2286 martyre.

497 2322 605 2381 Vl.

750 2320 962 2380 Sermo
1021 2314 1093 2376 de
1150 2316 1264 2378 SS.
1321 2315 1567 2374 Donato
1618 2320 1671 2375 et
1735 2310 2075 2373 Hilariano

575 2417 981 2497 martyribus.
1476 2432 1483 2438 '
1868 2480 1877 2486 ,

496 2520 674 2581 Χιιι.
737 2519 949 2579 Sermo
976 2517 1046 2577 de
1079 2516 1143 2578 S.
1183 2515 1482 2578 Cassiano
1514 2520 1811 2591 martyre.

496 2621 638 2681 XV.
741 2620 953 2681 Sermo
983 2616 1055 2678 de
1074 2617 1518 2697 Assumptionc
1543 2615 1922 2675 Rectissime:
1950 2612 2085 2673 Ma-

583 2721 693 2779 ria:
733 2718 1034 2797 Virginis.

497 2818 648 2878 XIV
727 2817 936 2877 Sermo
974 2816 1011 2877 1
1041 2815 1112 2875 de
1167 2816 1231 2877 S.
1269 2813 1725 2877 Bartholomaro
1762 2811 2078 2893 apostolo.

581 2916 786 2976 Sermo
817 2917 894 2976 ΙΙ
921 2915 993 2976 de
1021 2915 1247 2977 eodem.

1027 3033 1260 3090 SERMO
1298 2993 1563 3089 xxitvu.

588 3137 655 3176 nr:
685 3138 888 3178 ssxcro
915 3139 1189 3179 srsraaso
1217 3141 1348 3179 rara
1369 3141 1438 3179 ετ
1470 3139 1721 3179 manus
1749 3123 1810 3195 (ιι
1849 3123 2003 3196 tuo.)

2176 1924 2589 1983 custodierunt:
2622 1925 2925 1980 Posuerunt
2947 1923 2999 1977 in
3023 1922 3140 1993 lege
3175 1920 3362 1992 pedem
3390 1935 3489 1991 per
3522 1918 3750 1980 initium.

2174 2018 2269 2073 sed
2298 2032 2404 2071 non
2445 2023 2736 2071 tenuerunt
2764 2012 3178 2085 perseverantia:
3206 2024 3475 2083 gressum.

2245 2104 2504 2176 Quisquis
2532 2117 2663 2174 ergo
2690 2102 2758 2157 ad
2796 2100 3037 2173 spiritale
3078 2108 3353 2156 certamen
3401 2097 3541 2153 alios
3573 2110 3750 2168 provo-

2176 2205 2284 2262 cat,
2315 2194 2561 2265 quisquis
2584 2194 2651 2247 ad
2679 2191 2893 2247 fortiter
2919 2188 3191 2263 agendum
3212 2188 3589 2259 proximorum
3618 2201 3749 2240 men-

2178 2294 2260 2342 tes
2309 2282 2754 2355 iustigat,.debct
2800 2282 2985 2351 utique
3036 2280 3204 2334 vitam
3251 2276 3595 2334 concordare
3643 2290 3753 2330 eum

2178 2379 2382 2450 lingua,
2404 2393 2491 2444 ne,
2517 2377 2644 2431 dum
2665 2374 2787 2430 aliis
2812 2372 3311 2445 proponitexcelsa,
3336 2371 3453 2441 ipse
3477 2375 3754 2423 contentus

2178 2471 2304 2526 imis
2344 2477 2624 2541 prematur
2668 2467 2888 2522 inertia.
2928 2464 3066 2520 lliuc
3108 2472 3192 2521 est
3218 2463 3363 2535 quod
3401 2461 3458 2517 in
3482 2460 3607 2531 lege
3632 2472 3754 2528 pra:-

2180 2564 2417 2636 cipitur:
2457 2582 2475 2615 ι
2514 2562 2631 2619 Non
2677 2561 2925 2627 habebis,
2971 2558 3167 2629 inquit,
3204 2557 3258 2610 in
3306 2551 3524 2610 saeculo
3556 2550 3757 2605 diversa

2179 2657 2438 2729 pondera.
2478 2654 2658 2725 majus
2673 2663 2728 2709 et
2754 2653 2951 2717 minus,
2989 2664 3091 2705 nec
3129 2648 3233 2704 erit
3267 2647 3320 2700 in
3349 2643 3512 2699 domo
3536 2650 3632 2697 tua
3658 2653 3755 2693 mo-

2182 2749 2303 2806 dius
2349 2746 2522 2818 major
2551 2756 2607 2803 et
2659 2746 2858 2800 minor.
2902 2741 3119 2798 Pondus
3170 2737 3397 2795 habebis
3442 2736 3673 2806 justum,
3711 2737 3754 2784 el

2182 2838 2398 2894 modius
2445 2836 2670 2907 :equalis
2710 2844 2766 2890 et
2818 2848 2982 2889 verus
3030 2832 3139 2887 erit
3182 2828 3278 2886 tibi
3330 2827 3511 2899 (Deut.
3555 2819 3704 2892 xxv).
3737 2839 3757 2871 ι

2185 2931 2477 2987 Enimvero
2520 2938 2650 2984 tunc
2675 2927 2727 2982 in
2776 2924 2995 2980 sacculo
3015 2923 3228 2979 diversa
3271 2917 3513 2992 pondera
3539 2931 3649 2969 non
3676 2914 3759 2967 ha-

2184 3023 2395 3089 bemus,
2445 3021 2490 3077 si
2522 3020 2664 3075 intra
2713 3025 2993 3072 secretum
3034 3009 3381 3069 conscientia:
3420 3013 3621 3061 nostra:
3665 3017 3760 3057 non

2188 3111 2348 3167 aliter
2374 3109 2551 3175 nobis,
2598 3121 2773 3177 neque
2816 3105 2978 3161 aliter
3016 3102 3138 3158 aliis
3172 3100 3509 3172 iudicantes,
3553 3093 3758 3151 easdem

577 3215 817 3269 Audistis
842 3215 1021 3280 hodie,
1048 3214 1245 3269 fratres
1268 3214 1599 3278 charissimi,
1626 3182 1853 3269 militem
1876 3182 2083 3270 Christi
2189 3201 2442 3273 legalium
2470 3205 2866 3270 praceptorum
2906 3206 3191 3250 mensuras
3219 3187 3673 3262 apprehendimus
3690 3182 3761 3283 ni-

508 3303 768 3357 a;lversus
806 3303 1047 3357 membra
1076 3301 1275 3357 diaboli
1314 3301 1545 3358 viriliter
1575 3302 1958 3369 dimicantem;
1987 3317 2086 3357 au-

440 3410 445 3415 ο
507 3394 665 3447 distis
699 3393 970 3464 egregium
1006 3391 1198 3448 ducem
1226 3392 1407 3464 populi
1436 3392 1730 3448 Christiani
1766 3392 2091 3448 commilito-

509 3500 608 3539 nes
635 3499 763 3539 suos
786 3485 852 3538 ad
877 3486 1216 3554 procinctum
1247 3484 1466 3555 gloriosi
1504 3485 1818 3540 certaminis
1841 3493 2090 3540 constan-

508 3584 595 3629 ter
616 3590 681 3631 ac
702 3574 1023 3630 ﬁducialiter
1051 3576 1453 3630 exhortantem.
1497 3574 1641 3646 Lege
1666 3576 1865 3647 quippe
1907 3585 2092 3647 tyran-

511 3666 631 3719 nica
665 3674 792 3721 tunc
819 3666 1097 3722 decretum
1118 3662 1235 3721 erat
1262 3674 1320 3720 ut
1342 3665 1588 3736 quisquis
1607 3666 1877 3721 occultum
1904 3680 2094 3737 quem-

511 3756 644 3811 libet
694 3758 947 3827 proderet
991 3757 1384 3823 Christianum,
1438 3772 1546 3811 non
1587 3756 1761 3812 solum
1811 3757 2095 3811 universas

511 3850 631 3918 ejus
660 3848 946 3905 facultates
992 3849 1288 3920 acciperet,
1319 3849 1413 3904 sed
1460 3848 1527 3903 ad
1576 3848 1838 3904 honorem
1884 3860 2097 3917 quoque

513 3943 740 4008 militiae,
768 3957 927 4013 quem
966 3943 1220 4012 eligeret,
1262 3942 1526 4011 sacrilega
1566 3956 1689 3996 eum
1733 3941 2098 3996 remuneratio

515 4034 849 4089 sublimaret.
893 4034 1046 4089 Tunc
1096 4035 1156 4089 Β,
1208 4034 1539 4104 Stephanus,
1568 4041 1755 4104 utpote
1796 4030 2100 4103 primipilus

515 4123 837 4179 Christiana:
850 4125 1054 4179 militia:
1067 4126 1352 4197 etsignifer
1374 4125 1717 4195 imperatoris
1737 4122 1947 4187 :eterni,
1972 4136 2100 4176 con-

517 4216 978 4286 gregavitcuncos
1006 4218 1327 4273 bellatorum
1355 4227 1409 4273 et
1440 4217 1560 4272 telis
1593 4231 1878 4288 aggressus
1906 4224 1990 4270 est
2014 4230 2102 4269 ar-

506 4318 688 4372 ‘Inare,
706 4307 956 4363 virtutem
975 4310 1269 4364 exhortans
1283 4317 1446 4378 atque
1466 4309 1702 4363 suadens
1714 4316 1840 4362 utet
1863 4307 2102 4375 peritura

520 4407 749 4453 terrena:
796 4397 1068 4455 facultatis
1099 4400 1248 4454 lucra
1280 4408 1713 4461 contemnerent,
1749 4407 1803 4452 et
1835 4397 2098 4452 infinitam

520 4498 927 4559 persecutorum
958 4490 1161 4545 rabiem
1190 4506 1297 4545 non
1341 4476 1612 4546 timerent.
1671 4487 1911 4543 Pellebat
1939 4502 1968 4541 a
2008 4501 2101 4556 pa-

2192 3294 2412 3358 mirum,
2462 3298 2522 3346 ut
2568 3304 2675 3345 non
2706 3288 2827 3344 aliis
2874 3285 3117 3359 regulam
3165 3282 3427 3340 districta:
3470 3274 3761 3336 severitatis

2192 3385 2455 3449 indicere,
2486 3380 2846 3453 nosmetipsos
2885 3379 3201 3435 studeamus
3243 3372 3576 3430 remissioris
3607 3365 3761 3425 indul-

2193 3482 2387 3551 gentia:
2421 3476 2536 3548 lege
2565 3484 2824 3530 tractare.
2854 3472 2932 3528 De
2973 3486 3079 3543 qua
3109 3468 3362 3524 videlicet
3384 3465 3576 3521 fraude
3597 3472 3652 3518 et
3676 3460 3763 3516 Sa-

2195 3569 2376 3624 lomon
2408 3567 2523 3623 ait:
2553 3586 2573 3619 ι
2604 3564 2950 3621 Abominatio
2983 3572 3067 3619 est
3094 3561 3321 3617 Domino
3349 3558 3561 3629 pondus
3587 3553 3761 3624 duplex

2195 3670 2251 3719 et
2283 3669 2485 3717 statera
2528 3659 2711 3715 dolosa
2762 3655 2946 3729 (Prov.
2998 3654 3114 3727 xx).
3159 3673 3178 3707 ι
3231 3652 3465 3708 Necesse
3516 3657 3600 3704 est
3649 3658 3763 3714 ergo

2198 3750 2382 3824 fruges
2409 3749 2559 3805 verbi
2593 3761 2935 3820 nequaquam
2966 3744 3218 3809 diversis,
3246 3742 3341 3797 sed
3369 3740 3576 3806 eisdem
3601 3733 3762 3824 metiri

2198 3815 2557 3908 ponderibus;
2588 3815 2829 3902 tiu—quae
2850 3830 2971 3887 aliis
3018 3830 3223 3900 agenda
3266 3824 3630 3898 praecipimus,
3673 3815 3762 3908 ipsi

2199 3906 2364 3984 etiam
2412 3925 2549 3981 vivis
2588 3920 3179 3995 operibusellicaciter
3237 3915 3580 3987 impleamus.
3629 3906 3763 3977 Quod

2198 4016 2442 4088 profecto
2466 4014 2523 4069 Β.
2556 4022 2763 4085 martyr
2783 4011 3090 4081 Stephanus
3112 4005 3458 4063 laudabiliter
3488 4001 3635 4065 fecit,
3652 3996 3762 4068 quia

2202 4107 2327 4162 dum
2378 4104 2514 4160 alios
2550 4104 2870 4158 adhortatur
2904 4099 2971 4153 ad
3012 4111 3265 4167 pugnam,
3299 4094 3415 4165 ipse
3456 4093 3611 4162 prius
3634 4103 3764 4144 arma

2201 4196 2484 4266 corripuit,
2522 4203 2578 4250 et
2619 4194 2671 4248 in
2696 4194 2866 4264 ipsam
2906 4205 2964 4246 se
3002 4187 3319 4257 constipata:
3366 4184 3595 4255 legionis
3617 4180 3765 4234 aciem

2203 4287 2370 4342 lorica
2402 4285 2525 4340 lidei
2561 4283 2799 4338 munitus
2829 4278 3119 4344 immersit,
3145 4278 3382 4345 dumque
3421 4273 3544 4327 aliis
3570 4282 3767 4337 congw

2204 4378 2383 4433 dieudi
2419 4377 2625 4448 praebet
2666 4372 2996 4441 exemplum,
3048 4368 3139 4424 ille
3190 4366 3420 4423 sortitur
3464 4379 3534 4419 ex
3583 4360 3766 4417 devicto

2204 4470 2361 4524 hoste
2392 4465 2754 4537 triumphum;
2803 4472 2986 4532 atque,
3018 4470 3076 4514 ut
3106 4459 3181 4514 ita
3214 4458 3426 4527 loquar,
3465 4455 3593 4510 dum
3619 4465 3669 4507 se
3690 4462 3766 4503 se-

519 4574 763 4636 tidorum
802 4591 981 4637 mente
1022 4583 1389 4647 formidinem,
1435 4589 1493 4637 et
1522 4580 1684 4636 rudes
1721 4579 1955 4635 tironum
1987 4578 2074 4632 ani

2206 4559 2495 4633 quentibus
2522 4558 2717 4614 sternit
2743 4557 2848 4612 iter
2872 4555 2939 4611 ad
2975 4566 3234 4624 pugnam,
3275 4551 3390 4618 ipse
3417 4562 3542 4602 mox
3575 4547 3767 4615 peracta

519 4686 640 4726 mos
666 4672 733 4726 ad
766 4687 992 4743 agonem
1024 4672 1189 4727 divini
1222 4671 1537 4727 certaminis
1563 4670 1914 4726 accendebat.
1951 4667 2104 4736 Quod

520 4764 685 4817 etiam
723 4778 820 4832 per
857 4764 1075 4836 Moysen
1104 4765 1157 4820 in
1198 4765 1314 4837 lege
1336 4771 1663 4834 praeceptum
1694 4771 1811 4818 est:

521 4852 837 4921 pittquantc,
883 4854 1207 4924 inquit,jam
1249 4854 1455 4925 praelio,
1480 4853 1644 4908 stabit
1688 4839 1941 4908 sacerdos
1981 4859 2108 4905 ante

525 4942 696 4980 ῃρῖρηὶ
753 4955 803 4980 nl
838 4947 914 4980 ein
939 4945 1182 4980 lnnnntun
1215 4948 1279 4980 ωι
1307 4945 1558 4980 nnnnI-nn
1590 4962 1603 4975 ο
1639 4944 1768 4980 ΔηιΙῖ
1801 4942 1960 4980 las-nol
2011 4956 2108 4980 νῆα

2207 4652 2432 4708 victoria
2458 4649 2773 4721 perducitur
2809 4646 2878 4701 ad
2906 4657 3186 4700 coronam.
3229 4640 3296 4694 Et
3318 4639 3447 4709 quia
3484 4635 3767 4705 Stephanus

1851 4780 1868 4813 ι
1900 4727 2108 4831 Μῖνι-ο.
2207 4743 2528 4815 exprimitur
2555 4749 2858 4803 coronatus,
2902 4734 3144 4831 pontifex
3173 4739 3355 4831 autem
3396 4727 3551 4831 quasi
3575 4732 3764 4831 pontem

2210 4837 2437 4901 faciens,
2488 4850 2554 4889 ac
2585 4835 2687 4889 hoc
2720 4832 2807 4887 via
2836 4828 3177 4899 sequentium
3215 4824 3440 4889 dicitur,
3471 4823 3607 4877 bene
3626 4810 3764 4872 simul

2211 4937 2504 4980 utrumuue
2529 4934 2585 4980 et
2618 4924 2700 4979 sui
2753 4921 2988 4978 nominis
3020 4916 3410 4980 etymologiam
3449 4908 3697 4970 exhibuit.
3720 4911 3765 4956 cl
