3946 5368
165 355 248 407 τοι
1491 345 1722 402 SERMO

163 476 254 514 nus
285 457 502 512 natione
542 457 698 530 136
725 458 1019 520 Romanus.
1045 473 1110 514 ex
1143 467 1294 528 patre
1321 455 1476 512 Jobio
1499 455 1710 529 [Julia],

161 552 304 606 beato
329 549 558 618 principi
587 551 948 618 apostolorum
987 549 1146 606 Petro
1175 550 1468 620 vigesimus
1493 557 1722 618 quartus

162 640 208 692 in
239 637 490 692 Romanae
523 639 666 692 sedis
705 639 968 710 dignitate
1019 639 1302 694 successit.
1349 636 1504 693 Sedit
1541 645 1722 690 autem

162 739 348 798 septem
375 745 571 794 annos,
597 745 808 786 menses
833 731 1096 800 quinque,
1141 731 1258 786 dies
1285 731 1440 784 duos.
1467 729 1572 784 Iste
1595 743 1724 782 con-

163 819 320 872 stituit
347 827 404 872 ut
430 819 742 874 sacerdotes
757 829 812 873 et
835 819 1011 875 levitze
1033 835 1372 888 nequaquam
1407 817 1722 886 quotidiana

163 925 248 964 usu
277 908 442 962 sacris
485 909 726 962 vestibus
759 918 1062 972 uterentur,
1103 909 1196 964 sed
1242 909 1296 962 in
1332 907 1558 962 ecclesia
1607 914 1722 960 tan-

164 1008 282 1052 tum.
334 997 616 1054 Ordinavit
660 1009 838 1056 autem
869 1001 1150 1070 episcopos
1197 1009 1328 1064 tres,
1377 999 1722 1068 presbyteros

162 1104 262 1150 sex,
283 1088 536 1142 diaconos
574 1089 834 1158 quinque.
871 1088 970 1142 Cui
1009 1089 1069 1142 Β.
1099 1087 1285 1142 Sixtus
1321 1088 1372 1140 in
1407 1085 1722 1156 pontiﬁcatu

162 1176 420 1238 successit,
457 1191 616 1248 teque
659 1177 1004 1247 postmodum
1057 1177 1232 1234 felicis
1275 1176 1520 1248 martyrii
1551 1175 1722 1244 gloria

163 1269 504 1324 coronandus.

220 1361 259 1416 0
283 1362 432 1416 beata
482 1371 658 1416 mater
707 1361 972 1426 Ecclesia,
1007 1363 1092 1417 cui
1143 1377 1288 1418 mors
1329 1361 1398 1416 ad
1428 1361 1591 1416 vitam
1621 1361 1722 1414 mi-

163 1452 280 1516 litat,
335 1451 632 1508 crudelitas
677 1454 1118 1523 persequentium
1172 1453 1364 1524 ignara
1427 1453 1714 1514 ministrat,

163 1545 234 1598 cui
259 1543 502 1599 videlicet
531 1553 588 1598 et
615 1561 762 1598 mors
791 1545 934 1614 parit
960 1545 1012 1599 in
1041 1545 1342 1600 atternitate
1375 1544 1632 1606 victuros,
1663 1551 1720 1598 et

163 1637 368 1702 putealis
415 1637 700 1706 oppressio
763 1645 986 1708 generat
1053 1646 1312 1707 perpetuo
1357 1637 1712 1708 regnaturos!

164 1727 324 1792 Beata,
348 1728 590 1797 inquam,
623 1737 678 1782 et
723 1743 850 1784 vere
897 1728 1020 1783 felix
1066 1728 1332 1792 Ecclesia,
1375 1727 1460 1782 cui
1493 1736 1548 1782 et
1569 1727 1720 1798 igno-

164 1818 320 1871 minia:
339 1817 586 1874 confusio
621 1816 870 1888 gloriam,
917 1826 974 1872 et
1009 1825 1278 1872 tormenta
1313 1817 1614 1880 victoriam,
1662 1825 1720 1871 et

167 1909 348 1962 vincula
387 1909 500 1962 sive
545 1923 799 1964 carceres
844 1908 1146 1962 libertatem
1179 1909 1396 1977 pariunt
1437 1907 1718 1978 sempiter-

166 2001 292 2052 nam!
326 1998 420 2054 llic
455 2007 540 2054 est
567 1997 812 2068 profecto
837 2013 971 2069 ager
995 1999 1086 2053 ille
1133 1997 1466 2062 Dominicus,
1510 1997 1564 2052 in
1610 2012 1717 2068 quo

167 2105 308 2160 grana
331 2090 492 2144 tritici
541 2091 808 2146 moritura
835 2091 1052 2160 quidem
1082 2090 1358 2157 decidunt,
1415 2089 1508 2146 sed
1533 2088 1716 2142 multi-

168 2178 348 2247 plicatis
401 2181 748 2246 postmodum
811 2177 1054 2250 frugibus
1109 2177 1348 2234 rediviva
1421 2185 1718 2232 nascuntur

169 2271 315 2338 (Joan.
375 2271 494 2341 xu).
565 2270 692 2326 llazc
741 2278 824 2326 est
879 2286 1004 2324 area
1059 2270 1146 2325 illa
1195 2271 1412 2326 Areuna
1453 2267 1716 2342 -[0rnan.]

168 2359 384 2428 Jebnszei,
435 2362 488 2418 in
543 2377 650 2432 qua
696 2361 949 2416 videlicet
999 2361 1203 2418 hostias
1251 2362 1422 2416 David
1463 2361 1718 2431 pacificus

167 2451 348 2516 obtulit,
369 2461 422 2505 et
442 2451 686 2507 furorem
714 2452 948 2518 Domini,
974 2467 1222 2522 repressa
1243 2453 1308 2506 ab
1331 2451 1495 2506 Israel
1525 2451 1718 2506 ultoris

168 2543 297 2606 gladii
321 2545 708 2608 internecione,
749 2544 984 2613 placavit
1016 2544 1100 2616 (II
1129 2543 1258 2615 Reg.
1291 2543 1462 2613 xxiv).
1511 2545 1566 2598 In
1617 2545 1718 2600 hac

167 2650 266 2688 area
296 2637 400 2691 sive
427 2637 682 2692 torculari
710 2635 928 2692 Gedeon
953 2635 1222 2692 frumenta
1262 2635 1528 2707 purgabat
1558 2651 1720 2691 exeu-

171 2727 302 2792 tiens,
325 2745 440 2784 cum
479 2729 667 2785 videre
695 2730 940 2802 angelum
991 2732 1212 2797 meruit,
1258 2741 1316 2786 et
1353 2732 1470 2802 ejus
1496 2731 1716 2787 oraculo

168 2819 268 2887 quia
311 2821 418 2890 ipse
443 2821 612 2876 lsrael
641 2821 710 2876 de
743 2837 904 2876 manu
955 2821 1168 2877 Madian
1215 2821 1543 2878 liberaturus
1572 2832 1718 2878 esset

169 2911 352 2978 agnovit
378 2911 526 2981 (Iud.
555 2911 654 2981 vi).
682 2911 739 2966 in
763 2911 863 2966 hac
891 2927 1017 2966 area
1043 2911 1176 2966 Abel
1221 2911 1288 2968 de
1319 2911 1716 2983 .primogenitis

169 3001 318 3070 gregis
353 3002 430 3056 sui
456 3013 510 3058 et
559 3017 748 3060 eorum
781 3001 1030 3072 adipibus
1060 3003 1278 3068 obtulit,
1323 3019 1443 3073 qu:e
1473 3003 1718 3073 profecto

169 3093 318 3148 divini
345 3097 534 3164 gratia,
577 3096 700 3165 quia
725 3104 877 3166 grate
905 3096 1164 3165 suscepit,
1195 3096 1358 3156 illico,
1391 3095 1530 3150 sicut
1560 3107 1716 3152 vetns

170 3192 366 3239 testatur
389 3187 575 3250 editio,
605 3185 817 3241 coalitus
842 3185 1194 3240 inflammavit
1219 3185 1370 3256 (Cen.
1398 3188 1494 3252 iv).
1529 3185 1584 3240 ln
1615 3187 1716 3242 hac

169 3275 306 3327 etiam
331 3277 454 3332 Cain
484 3279 552 3332 de
595 3276 836 3348 frugibus
870 3287 1028 3332 terra:
1077 3293 1299 3332 munera
1339 3277 1553 3343 obtulit,
1594 3294 1716 3348 qua!

171 3365 392 3423 homines
419 3371 686 3439 despexit,
735 3378 897 3440 atque
939 3370 1060 3424 ideo
1103 3385 1208 3424 non
1259 3369 1498 3440 respexit
1527 3369 1715 3437 (Ibid).

171 3456 216 3509 lu
235 3458 322 3513 liae
344 3455 602 3530 siquidem
627 3475 776 3530 area,
801 3472 942 3518 sicut
967 3473 1090 3517 sunt
1119 3463 1364 3532 quzedant
1397 3477 1460 3516 ex
1498 3463 1716 3526 tritura,

173 3563 268 3612 qua!
303 3552 500 3620 ignibus
537 3554 826 3618 debentur,
886 3555 955 3608 ita
994 3557 1158 3608 etiam
1199 3563 1324 3608 sunt
1363 3553 1600 3608 nonnulli
1651 3554 1718 3608 de

175 3641 536 3700 trituratoribus
587 3645 738 3714 ipsis,
783 3644 875 3715 qui
923 3643 1082 3700 simul
1127 3643 1194 3696 ad
1243 3643 1417 3712 ignem
1472 3643 1716 3698 tendunt.

175 3726 276 3783 Sive
315 3731 450 3786 enim
477 3736 546 3789 de
569 3733 750 3803 jttslis,
797 3735 911 3790 sive
939 3736 1008 3788 de
1047 3735 1446 3804 peccatoribus,
1483 3749 1606 3788 vera
1634 3745 1718 3788 est

173 3814 362 3876 Joannis
385 3825 646 3879 sententia
677 3841 800 3895 qua:
825 3827 950 3880 dicit
999 3844 1012 3879 :
1063 3845 1081 3878 ι
1124 3824 1298 3896 Opera
1331 3826 1474 3880 enim
1506 3826 1718 3880 illorum

176 3922 434 3977 sequuntur
459 3917 578 3972 illos
609 3917 797 3987 (Δροσο
833 3917 968 3988 Χῐγ)·
1017 3937 1036 3969 ⁸

231 4003 500 4073 Attendite,
547 4008 756 4064 fratres
807 4009 910 4063 mei
951 4009 1310 4069 dilectissimi,
1360 4007 1717 4073 considerate,

177 4095 450 4159 perpendite
484 4098 608 4167 quia
651 4107 762 4154 tota
799 4098 1123 4154 universalis
1157 4097 1394 4152 Ecclesia
1435 4096 1580 4150 (nnni
1610 4108 1720 4150 ter-

179 4193 328 4235 rarum
367 4186 492 4242 orbe
517 4187 710 4243 diffusa
750 4205 854 4244 una
881 4197 964 4246 est
1003 4206 1129 4245 area
1161 4189 1238 4244 sic
1271 4189 1426 4244 bonis
1457 4203 1518 4242 ac
1542 4187 1718 4266 malis,

179 4271 306 4330 [ustis
342 4284 494 4344 atque
539 4281 830 4348 perversis,
879 4291 1131 4350 tanquam
1163 4281 1390 4335 zizaniis
1422 4289 1476 4334 et
1519 4280 1720 4345 tritico,

181 4363 394 4428 tauquam
439 4366 606 4434 paleis
651 4384 717 4424 ac
769 4368 1014 4439 frugibus
1055 4370 1234 4440 plena.
1285 4370 1392 4425 Sed
1442 4386 1723 4441 quousque

182 4447 396 4507 triturare
436 4468 590 4513 terra:
623 4460 803 4514 cultor
849 4461 1092 4532 incipiat,
1143 4463 1322 4518 omnia
1355 4463 1722 4520 indifferenter

183 4549 283 4592 area
317 4547 563 4616 continet,
620 4559 676 4604 et
705 4565 826 4621 qua:
853 4553 1188 4607 recondenda
1235 4563 1360 4608 sunt
1397 4555 1628 4622 horreis,
1666 4565 1722 4612 et

184 4642 278 4694 una:
317 4638 556 4696 tradenda
601 4653 726 4697 sunt
771 4641 1024 4700 flanunis.
1077 4643 1182 4700 Sed
1226 4645 1352 4716 quid
1381 4656 1466 4701 est
1515 4648 1568 4701 in
1598 4663 1722 4702 area

185 4717 378 4781 flatumis
409 4731 714 4802 obnoxium,
767 4736 894 4805 quid
929 4737 1136 4792 horreis
1184 4740 1589 4804 reservandum,
1617 4740 1722 4794 nisi

187 4814 300 4876 quod
324 4816 542 4880 Joannes
565 4826 802 4897 Baptista
831 4829 882 4882 in
905 4829 1194 4900 Evangelio
1217 4829 1498 4886 manifeste
1519 4831 1724 4886 discer-

189 4901 370 4962 niteum
413 4913 477 4969 de
513 4917 736 4974 Domino
781 4919 1030 4989 loquens,
1062 4923 1174 4978 ait:
1231 4941 1249 4974 ι
1286 4919 1451 4990 Cujus
1491 4919 1720 4978 ventila-

192 4993 314 5048 bruin
358 5000 406 5055 in
432 5020 586 5061 manu
629 5007 766 5076 ejus,
805 5020 861 5065 et
909 5013 1158 5080 purgabit
1211 5028 1392 5068 aream
1441 5030 1616 5076 suam,
1669 5020 1726 5066 et

192 5093 492 5160 congregabit
521 5099 751 5154 triticum
791 5101 846 5155 in
869 5085 1130 5156 horreum
1181 5120 1361 5167 suum,
1408 5105 1594 5172 paleas
1623 5119 1721 5158 au—

195 5175 278 5216 tem
319 5182 572 5216 omnium...
621 5188 724 5216 :....:
791 5190 1010 5216 :.........:-
1033 5192 1261 5216 ---:i.:i:o
1297 5210 1310 5216 -
1371 5192 1562 5216 ΙΙΙ-..1,
1640 5197 1720 5216 ...ι

816 5199 1010 5216 -ιΑι-ηιὶ-

1753 344 2006 400 XXXVII.
3293 345 3400 400 702
3431 389 3434 392 λ

1741 467 1788 520 Α
1819 457 2060 526 profecto
2087 458 2236 528 palea
2265 459 2344 514 vel
2381 459 2590 514 arundo
2623 459 2848 514 dicenda
2889 475 2990 516 εδ..
3021 459 3172 526 Quod
3215 461 3400 529 utique

1821 547 2056 602 Joannes
2077 562 2198 602 esse
2231 559 2476 620 negatur,
2509 565 2631 606 cum
2686 551 2752 605 de
2784 551 2874 604 illo
2903 565 2972 605 ex
3007 567 3102 606 ore
3145 551 3400 607 Veritatis

1823 639 2019 694 dicitur
2045 659 2056 692 :
2087 659 2106 691 ι
2142 641 2280 708 Quid
2301 642 2492 696 existis
2519 642 2572 696 in
2605 643 2874 697 desertmn
2901 643 3085 698 videre
3112 644 3136 697 ?
3180 643 3401 698 arundi-

1823 746 1946 786 nem
1977 740 2139 786 vento
2173 733 2476 802 agitatam?
2506 753 2526 788 ι
2564 733 2778 804 (Manli.
2805 734 2906 802 xi.)
2939 734 3088 800 Quod
3121 744 3307 788 contra
3333 735 3402 788 de

1823 826 2064 894 reprobis
2091 827 2350 895 scriptum
2383 835 2504 880 est:
2549 827 2706 896 187
2757 846 2774 878 ι
2811 825 2926 880 Non
2956 827 3035 880 sie
3088 825 3258 896 impii,
3291 840 3400 878 non

1821 914 1920 978 sic,
1947 914 2042 970 sed
2073 924 2325 984 tanquam
2347 915 2544 984 pulvis,
2575 932 2732 984 quem
2753 916 2970 984 projicit
2990 923 3182 970 ventus
3208 929 3236 968 a
3263 913 3399 968 facie

1821 1013 2005 1058 nostra
2029 1002 2200 1072 (Psal.
2229 1003 2292 1074 ι).
2325 1023 2343 1054 ι
2375 1003 2490 1058 Non
2513 1004 2702 1068 simus,
2731 1002 2928 1058 fratres
2954 1004 3078 1068 mei,
3103 1019 3206 1056 non
3231 1004 3396 1056 simus

1821 1093 2006 1162 paleae,
2045 1109 2150 1148 non
2175 1094 2344 1148 simus
2372 1093 2600 1158 zizania,
2645 1110 2764 1164 quae
2797 1095 3156 1150 ventilabrum
3197 1095 3400 1149 ultimm

1820 1185 2171 1240 discussionis
2197 1186 2459 1251 excutiat,
2507 1194 2564 1240 et
2593 1199 2716 1239 mox
2745 1185 2886 1256 ignis
2931 1195 3147 1240 aeterna:
3179 1186 3400 1240 combu-

1820 1275 2014 1330 stioois
2057 1285 2268 1330 exurat.
2311 1275 2764 1330 Pertimescamus
2791 1291 3004 1344 semper
3043 1276 3186 1330 illam
3238 1292 3402 1332 cvan-

1819 1366 2002 1436 gelica:
2055 1365 2494 1442 comminationis
2557 1367 2919 1430 sententiam,
2974 1383 3078 1436 qtta
3149 1367 3349 1422 dicitur
3381 1384 3399 1420 :

1824 1473 1842 1506 ι
1877 1454 2068 1518 Sinite,
2117 1455 2308 1524 inquit,
2349 1465 2578 1526 utraque
2630 1470 2801 1524 usque
2841 1456 2906 1510 ad
2951 1471 3205 1522 messem,
3253 1466 3306 1510 et
3346 1457 3400 1510 in

1820 1558 2060 1616 tempore
2081 1547 2278 1600 messis
2305 1547 2468 1602 dicite
2497 1545 2830 1601 messoribus
2861 1564 2872 1599 :
2903 1545 3146 1616 Colligite
3171 1547 3406 1615 pritnum

1819 1637 2044 1700 zizania,
2075 1647 2130 1690 et
2160 1636 2376 1707 alligato
2401 1636 2690 1690 fasciculos
2730 1637 2796 1690 ad
2826 1637 3276 1700 comburendum,
3303 1636 3403 1690 tri-

1819 1727 1984 1780 ticum
2013 1733 2192 1780 autem
2227 1735 2556 1796 coegrcgate
2595 1725 2648 1778 in
2689 1725 2942 1780 horreum
2975 1740 3152 1780 mettm
3183 1723 3400 1794 (Matth.

1750 1811 1792 1869 Β
1819 1817 1966 1886 χιιι).
2010 1835 2028 1868 ι
2075 1815 2306 1870 Pensate
2341 1815 2624 1885 diligenter
2659 1816 2822 1868 verba
2861 1813 3137 1880 Veritatis,
3181 1823 3404 1882 pensato

1819 1925 1940 1966 cum
1981 1909 2172 1962 timore
2191 1908 2334 1977 quod
2357 1908 2584 1961 dicitur:
2615 1906 2830 1976 alligato
2861 1905 3148 1960 fasciculos
3169 1905 3236 1960 ad
3257 1919 3405 1960 com-

1818 2003 2120 2058 burendum
2145 2020 2162 2070 ;
2191 2003 2396 2057 zizania
2419 2003 2618 2072 quippe
2645 2001 2917 2058 fasciculis
2939 1999 3250 2068 alligantur,
3278 1998 3404 2067 quia

1819 2093 1871 2148 in
1923 2095 2014 2148 illo
2063 2101 2336 2164 perpetua:
2405 2092 2768 2146 damnationis
2822 2091 3071 2145 incendio
3121 2088 3406 2144 homicidae

1815 2199 1938 2239 eum
1973 2185 2280 2246 homicidis,
2310 2183 2540 2238 adulteri
2577 2199 2702 2238 cum
2743 2181 3024 2246 adulteris,
3053 2177 3256 2249 perjuri
3283 2193 3408 2232 eum

1815 2273 2066 2344 pcrjuris,
2109 2275 2400 2330 inccstuosi
2453 2289 2574 2328 cutn
2627 2271 2976 2336 incestuosis,
3032 2286 3136 2324 non
3193 2269 3408 2324 diverso

1820 2367 2113 2438 ptenalium
2147 2375 2536 2422 tormentorum
2565 2379 2764 2436 genere
2791 2361 3254 2431 constringuntur.
3292 2360 3408 2414 illic

1816 2475 1911 2516 eos
1943 2460 2166 2514 infinita!
2192 2473 2364 2528 [Mente
2391 2467 2580 2527 patens
2611 2456 2868 2528 gehennae
2899 2454 3214 2509 barathrum
3246 2453 3409 2506 devo-

1820 2561 1925 2614 rat,
1980 2550 2071 2620 qui
2131 2549 2218 2604 hic
2272 2564 2330 2603 se
2376 2555 2698 2619 arroganter
2733 2545 2788 2600 in
2837 2544 3102 2614 superbia:
3147 2542 3409 2596 cornibus

1816 2640 2140 2695 extollebant
2169 2655 2185 2706 ;
2220 2639 2326 2693 illic
2369 2654 2556 2693 eorum
2586 2652 2780 2692 carnes
2809 2645 2971 2704 atque
3009 2633 3269 2688 medullas
3318 2649 3408 2686 sa-

1816 2731 1958 2802 ginis
1999 2732 2230 2802 irriguas
2280 2730 2554 2799 crepitans
2605 2728 2821 2781 flamma
2868 2725 3138 2794 deposcet,
3193 2724 3281 2792 qui
3323 2723 3412 2778 hic

1817 2840 2003 2880 arsere
2035 2823 2264 2889 deliciis,
2291 2834 2345 2878 et
2375 2821 2654 2878 aestuantis
2683 2819 2968 2891 explevere
2994 2817 3278 2872 illecebras
3313 2829 3409 2870 vo-

1820 2915 2060 2984 'uptatis.

1891 3009 2031 3064 liene
2061 3008 2246 3078 itaque
2277 3007 2532 3063 dicuntur
2561 3003 2834 3060 fasciculis
2870 3001 3111 3072 alligari,
3151 3000 3276 3070 quia
3321 3015 3414 3054 ne-

1819 3116 2090 3171 quaquam
2119 3115 2214 3156 eos
2244 3110 2372 3154 tunc
2410 3109 2626 3168 separat
2657 3097 2946 3152 diversitas
2981 3095 3224 3158 ultionis,
3268 3093 3414 3164 quod
3475 3137 3478 3140 .

1743 3161 1792 3223 Ο
1821 3161 1908 3246 liie
1948 3161 2254 3245 Isimilitudo
2299 3187 2604 3244 sociaverat
2659 3185 2976 3256 pravitatis,
3035 3195 3091 3239 ct
3129 3183 3219 3252 qui
3271 3197 3415 3236 nunc

1816 3281 2024 3336 eisdem
2077 3279 2400 3334 criminibus
2439 3289 2565 3333 sunt
2608 3277 2856 3340 obnoxii,
2886 3275 3126 3344 ejusdem
3162 3274 3412 3344 supplicii

1819 3371 2160 3440 postnunlmu
2213 3380 2467 3426 tenentur
2489 3367 2960 3424 animadversione
2999 3365 3302 3440 constricti.
3338 3363 3414 3416 lie

1821 3458 2018 3530 quibus
2047 3459 2300 3513 omnibus
2335 3457 2462 3510 alibi
2513 3455 2612 3511 sub
2644 3457 2802 3511 unius
2846 3468 3091 3523 persoure
3119 3452 3299 3521 specie
3326 3451 3414 3505 di-

1821 3554 2010 3609 citur:
2055 3570 2072 3604 ι
2108 3549 2312 3622 Ligatis
2361 3549 2610 3604 manibus
2646 3557 2701 3602 et
2747 3547 2994 3618 pedibus,
3039 3539 3412 3598 tuit'titcillum

1825 3645 1878 3698 in
1899 3645 2174 3699 -teuebras
2205 3641 2508 3696 exteriores
2547 3637 2742 3710 (Matii.
2778 3639 2937 3704 xxn).
2976 3655 2996 3689 ι
3029 3635 3141 3689 lllie
3172 3631 3414 3688 membra

1823 3733 2058 3804 ligantur
2087 3733 2153 3786 ad
2182 3745 2417 3799 paruam,
2452 3743 2570 3798 qua:
2613 3727 2700 3782 hic
2748 3727 2922 3781 soluta
2971 3733 3026 3780 ct
3067 3723 3234 3777 libera
3267 3719 3410 3775 ferc-

1823 3827 2022 3882 bantur
2071 3825 2136 3876 ad
2187 3822 2422 3889 culpant.
2484 3818 2575 3874 Vel
2617 3829 2745 3872 tune
2789 3817 2949 3887 digne
2995 3815 3410 3883 constringenda

1821 3929 1946 3974 sunt
1979 3917 2029 3970 in
2056 3914 2358 3984 suppliciis,
2388 3926 2510 3983 qua:
2539 3926 2680 3965 nunc
2725 3907 2866 3964 male
2901 3907 3062 3978 ligata
3094 3914 3216 3959 sunt
3239 3919 3266 3956 a
3297 3903 3411 3972 pie-

1826 4009 1954 4064 latis
2001 4008 2256 4076 operibus
2303 4003 2645 4074 peragendis.
2679 4000 2791 4054 Illic
2835 3999 3028 4052 animae
3060 3995 3410 4064 reprobornm

1825 4116 1949 4157 eum
1981 4097 2301 4168 corporibus
2337 4093 2495 4150 simul
2529 4090 2951 4162 inexstingttihili
2983 4087 3300 4144 cruciantur
3324 4085 3409 4138 itt-

1823 4191 2036 4254 cendio,
2060 4189 2197 4244 sicut
2232 4187 2317 4242 hic
2347 4186 2398 4239 in
2429 4184 2778 4240 exsecutione
2826 4180 2972 4251 pravi
3003 4178 3182 4250 operis
3221 4177 3415 4246 junge-

1825 4282 2040 4335 bantur.
2078 4279 2228 4336 Unde
2259 4289 2312 4334 ct
2350 4292 2446 4346 per
2473 4274 2799 4344 Prophetam
2829 4271 3058 4325 dicitur:
3119 4286 3137 4319 ι
3179 4268 3413 4321 Descen-

1824 4375 2102 4430 deruntad
2133 4372 2404 4428 infernum
2430 4383 2554 4424 eum
2584 4365 2752 4420 armis
2781 4363 2895 4439 suis
2922 4360 3138 4432 (Est-cli.
3169 4359 3358 4423 xxxii).
3391 4376 3408 4406 ι

1824 4467 1988 4522 Arma
2039 4466 2236 4535 quippe
2280 4459 2617 4532 peccantium
2684 4455 2922 4510 membra
2980 4460 3105 4506 sunt
3149 4445 3412 4515 corporis,

1753 4525 1801 4584 Β
1830 4558 2028 4626 quibus
2053 4525 2264 4623 reprobi
2281 4525 2536 4605 homines
2562 4545 2778 4602 diabolo
2804 4542 3060 4604 tnilitaut,
3092 4547 3145 4594 et
3169 4537 3285 4606 ejus
3313 4536 3412 4589 llll-

1830 4651 2000 4718 perio,
2033 4661 2286 4717 perverse
2305 4644 2550 4706 vivendo,
2581 4640 2913 4694 ministrant.
2945 4633 3114 4691 Simul
3141 4646 3268 4702 ergo
3290 4644 3411 4684 eum

1829 4739 2112 4794 animabus
2132 4745 2184 4790 et
2221 4748 2446 4802 corpora
2497 4734 2549 4786 in
2600 4739 2804 4786 mterna
2860 4736 3032 4780 morte
3065 4723 3412 4782 damnantur,

1831 4843 1950 4897 quae
1979 4825 2140 4882 simul
2179 4826 2231 4880 itt
2261 4823 2410 4896 pravi
2459 4821 2640 4892 Operis
2687 4817 3088 4892 perpetralionc
3137 4811 3413 4865 vixerunt.

1831 4920 1907 4974 De
1939 4919 2134 4989 quibus
2172 4916 2440 4986 Propheta
2474 4914 2634 4972 dicit:
2684 4933 2702 4964 ι
2742 4913 2815 4968 Ibi
2859 4911 3046 4974 Assur,
3087 4916 3142 4962 et
3170 4903 3418 4974 sepulcra

1829 5010 1945 5078 ejus
1973 5008 2158 5078 (Ibid).
2196 5027 2213 5059 ι
2258 5004 2396 5072 Quid
2436 5005 2577 5060 enim
2616 5017 2710 5072 per
2741 5002 2934 5068 Assur,
2961 4998 3249 5070 superbum
3277 4995 3426 5050 vide-

1828 5102 1954 5157 licet
1987 5116 2190 5172 regem,
2216 5098 2317 5154 nisi
2344 5097 2595 5154 diabolus
2618 5091 2960 5162 intelligitur,
2983 5090 3074 5162 qui
3104 5088 3256 5158 juxta
3281 5089 3432 5154 quod
3493 5152 3495 5154 η

1864 5195 2083 5216 ,υτ-...μη
2122 5201 2196 5216 4‘--
2224 5210 2234 5216 .
2282 5209 2296 5216 -
2335 5189 2456 5216 ll\n.\
2499 5198 2571 5216 md
2623 5202 2710 5216 n.\u-
2757 5199 2924 5216 cunnus
2949 5195 3134 5216 nsnnnc
3175 5177 3312 5216 filinc
3344 5197 3438 5216 cn-
