3946 5368
486 370 595 425 ’105

1008 386 1012 393 ·
1072 365 1131 422 S.
1170 363 1377 447 PETRI
1413 363 1704 421 DAMIANI
1736 362 1887 421 OPP.
1927 360 2128 418 PARS.
2171 358 2304 416 SEU
2345 358 2583 418 TOMUS
2620 363 2683 420 ll.
2724 396 2794 406 —-
2825 362 3213 423 SERMONES.

3639 369 3736 427 7M

489 482 738 555 pulcrum
770 453 936 536 facit.
989 479 1056 535 Et
1091 495 1315 535 necesse
1358 488 1442 535 est
1493 486 1553 532 ut
1581 458 1702 534 eum
1748 478 1865 547 ipso
1909 475 2070 532 simul
2095 475 2312 536 Adona
2339 475 2626 543 virtutum,
2668 477 2722 532 in
2765 486 3028 548 quantum
3073 479 3249 543 vobis,
3304 480 3413 534 Deo
3470 481 3736 550 largiente,

494 572 606 626 illic
632 577 1026 642 tormentorum
1050 567 1308 638 supplicia
1330 567 1588 638 perferat,
1617 565 1704 621 cui
1728 564 2074 634 semetipsum

492 661 586 716 hic
641 659 1009 715 habitaculum
1069 673 1167 728 per
1220 658 1516 727 nequitiam
1579 657 1820 728 perversi
1897 656 2077 726 operis

491 749 802 805 exhibebat.
1465 742 1467 744 ’

567 837 706 906 Quia
753 853 882 897 ergo
912 836 967 893 in
997 853 1122 893 area
1175 839 1383 894 zizania
1423 837 1585 894 simul
1629 837 1978 894 continentur
2022 846 2080 893 et

496 927 763 995 triticum,
787 927 1090 994 videamus,
1122 928 1342 993 fratres,
1375 929 1419 984 si
1468 929 1709 984 triticum
1737 944 1953 994 sumus;
1998 929 2078 982 vi-

494 1017 723 1073 deamus
749 1017 796 1074 si
819 1019 888 1073 ad
910 1017 1166 1074 horreum
1189 1019 1531 1074 Dominicum
1583 1034 1945 1075 reservamur.
1971 1020 2078 1076 Sed

494 1109 627 1179 quia
646 1107 784 1182 dicit
802 1108 1126 1178 Apostolus:
1164 1129 1183 1162 ι
1213 1110 1344 1178 Quae
1363 1112 1505 1166 enim
1522 1110 1872 1166 seminaverit
1892 1113 2076 1177 homo,

496 1196 616 1253 haec
658 1204 716 1252 et
767 1205 937 1253 metet
981 1196 1127 1268 (Gal.
1176 1200 1283 1270 vi);
1343 1217 1363 1251 ι
1420 1197 2079 1256 εοιιείάθτειιιιιε’ἰιιιεηω

497 1288 626 1358 quid
653 1287 898 1358 quotidie
942 1289 1194 1352 serimus,
1239 1297 1296 1344 et
1337 1291 1417 1345 sic
1435 1289 1551 1360 jam
1580 1290 1847 1358 conjicere
1891 1306 2080 1361 possu-

496 1392 642 1443 mus,
675 1377 802 1448 quid
833 1377 1174 1447 postmodum
1207 1380 1520 1435 necessario
1562 1389 1770 1434 metere
1802 1381 1964 1451 188
1987 1381 2081 1435 de-

496 1467 742 1524 beamus.
768 1467 834 1522 Et
861 1477 918 1522 ut
945 1469 1193 1539 exemplo
1231 1469 1447 1526 facilius
1475 1473 1646 1540 possit
1693 1469 1908 1525 elucere
1936 1471 2078 1540 quod

498 1555 748 1621 dicimus,
797 1557 1064 1627 nunquid,
1112 1557 1312 1614 fratres
1342 1559 1468 1625 mei,
1513 1558 1605 1629 qui
1645 1559 1748 1615 hoc
1780 1574 1922 1614 anno
1949 1574 2075 1614 ave-

499 1663 623 1702 nam
671 1647 785 1704 sive
835 1648 1021 1703 lolium
1072 1649 1476 1716 seminaverat,
1530 1649 1712 1706 tritico
1760 1665 1820 1705 se
1871 1650 2079 1720 replere

496 1739 658 1794 modo
685 1740 970 1795 cellarium
1007 1743 1230 1812 sperat?
1271 1741 1527 1812 Nunquid
1581 1743 1668 1798 cui
1700 1743 1938 1798 sterilem
1966 1742 2078 1814 pia»

2175 564 2432 634 possibile
2477 574 2584 632 est,
2635 567 2915 634 habeatis,
2967 576 3023 623 et
3079 570 3160 623 sic
3207 571 3360 638 quasi
3419 571 3635 626 uberem
3681 589 3741 629 ac

2175 655 2526 726 multiplicem
2555 657 2915 727 spiritualium
2960 667 3202 728 segetum
3247 661 3459 729 cepiam
3498 661 3552 714 in
3586 662 3740 719 vestri

2176 748 2413 816 pectoris
2456 750 2830 820 promptuario
2877 751 3202 805 recondatis.
3249 751 3360 807 Nec
3387 753 3592 824 putetis
3612 757 3740 823 quod

2175 837 2350 893 virtus
2389 837 2613 893 cuilibet
2644 840 2710 894 ad
2749 839 3045 909 perfectam
3098 840 3327 896 salutem
3367 857 3475 896 una
3507 843 3741 909 sulliciat,

2177 927 2221 983 si
2249 927 2484 998 reliquas
2511 928 2702 985 deesse
2743 931 3043 1000 contingat.
3093 929 3279 1002 Neque
3324 933 3470 986 enim
3503 949 3743 1005 unaqua-

2177 1031 2282 1085 que
2312 1016 2483 1072 virtus
2529 1026 2631 1084 est,
2679 1018 2726 1073 si
2775 1020 2944 1074 mixta
2989 1020 3110 1076 aliis
3147 1021 3439 1079 virtutibus
3490 1038 3598 1077 non
3646 1034 3745 1080 est.

2176 1106 2372 1162 Pectus
2398 1118 2639 1171 vestrum
2669 1108 2835 1164 lorica
2868 1124 3080 1180 semper
3122 1111 3400 1180 patientia:
3441 1113 3666 1178 muniat,
3697 1121 3744 1168 et

2179 1206 2367 1253 contra
2393 1206 2586 1253 cuneta
2623 1198 3012 1254 adversitatum
3049 1198 3248 1268 jacula,
3294 1212 3486 1258 contra
3537 1202 3748 1258 tribula-

2182 1287 2386 1342 tionum
2410 1287 2640 1358 flagella,
2665 1298 2853 1344 contra
2885 1290 3061 1345 illatas
3098 1289 3324 1358 injurias
3364 1306 3462 1347 vos
3483 1293 3747 1362 insupera-

2179 1377 2315 1434 biles
2341 1380 2550 1434 reddat.
2579 1378 2672 1435 Sic
2699 1381 2844 1435 enim
2883 1380 3118 1435 triticum
3143 1380 3294 1450 prius
3322 1381 3377 1435 in
3422 1395 3552 1436 area
3595 1382 3752 1435 tundi-

2182 1475 2290 1534 tur,
2314 1469 2575 1537 caieatur,
2618 1472 2889 1534 atteritur,
2947 1472 3017 1526 ub
3055 1471 3280 1537 abiectis
3305 1471 3478 1543 paleis
3504 1472 3752 1527 mundum

2179 1559 2400 1616 cellario
2431 1570 2616 1632 postea
2647 1563 2993 1617 recondatur.

2253 1649 2345 1706 Sic
2374 1651 2618 1722 profecto
2644 1667 2870 1709 necesse
2922 1662 3007 1708 est
3042 1661 3100 1707 ut
3122 1653 3320 1709 animae
3361 1665 3568 1710 nostrae
3597 1657 3753 1712 multa

2184 1744 2493 1799 tunsionum
2541 1759 2607 1800 ac
2631 1746 2918 1800 verberum
2967 1743 3174 1814 ﬂagella
3223 1746 3549 1813 sustineant,
3605 1748 3754 1820 189

495 1831 608 1886 cuit
643 1831 809 1886 vitem
838 1847 1043 1897 serere,
1073 1843 1337 1902 proventu
1359 1834 1692 1906 leguminum
1729 1851 1796 1890 ex
1843 1851 1907 1891 ea
1938 1844 2084 1907 pote-
2113 1838 2156 1895 B
2185 1845 2472 1904 quatenus,
2501 1837 2764 1907 depositis
2789 1837 3133 1906 iniquitatum
3153 1837 3390 1908 stipulis,
3424 1851 3668 1911 purgata:
3691 1841 3753 1896 ad

493 1920 569 1974 rit
621 1921 973 1977 redundare?
1019 1922 1086 1978 Et
1140 1924 1224 1979 hae
1268 1925 1514 1995 profecto
1567 1925 1891 1996 quisquilias,
1943 1942 2078 1996 quas

491 2009 792 2080 posuimus,
815 2012 1077 2068 victuales
1125 2014 1523 2083 quodammodo
1562 2017 1774 2084 species
1803 2018 2079 2070 mentiun-

496 2110 604 2157 tur.
634 2102 769 2158 Nam
819 2105 1228 2161 similitudinem
1274 2107 1492 2176 quidem
1522 2105 1861 2162 refectricum
1887 2116 2081 2161 utcun-

493 2210 601 2265 que
627 2197 884 2252 messium
933 2197 1155 2254 habent.
1206 2199 1282 2252 lta
1319 2199 1480 2268 plane
1530 2198 1771 2253 nonnulli
1804 2208 1951 2260 sunt.
1988 2199 2079 2268 qui

492 2284 775 2354 religionis
797 2285 1088 2355 imaginem
1115 2287 1405 2356 superﬁcie
1454 2295 1612 2342 tenus
1651 2286 1926 2352 simulant,
1957 2302 2079 2341 cum

489 2389 677 2428 veram
709 2375 856 2429 intus
883 2377 1200 2446 religionem
1218 2377 1420 2432 habere
1447 2377 1680 2432 vivendo
1706 2386 2076 2432 contemnant.

490 2468 532 2522 li
565 2470 820 2524 nimirum
851 2470 905 2524 in
935 2469 1131 2526 culmis
1179 2481 1234 2525 et
1265 2471 1410 2526 foliis
1454 2471 1667 2542 frugum
1700 2471 1917 2525 schema
1946 2485 2080 2538 prae-

491 2559 740 2627 tendunt,
773 2560 867 2615 sed
912 2560 966 2614 in
1001 2559 1254 2616 ariditate
1295 2560 1546 2616 medullae
1600 2560 1923 2630 quisquilias
1951 2573 2079 2614 eon-

495 2659 707 2721 tegunt.

561 2745 797 2802 Necesse
825 2755 910 2802 est
954 2746 1159 2818 itaque,
1198 2746 1418 2814 fratres,
1453 2761 1584 2802 vera
1622 2747 1888 2802 virtutum
1937 2761 2082 2802 nunc

490 2836 735 2906 germina
757 2837 1046 2903 seminare,
1080 2838 1222 2893 unde
1246 2835 1593 2909 postmOdum
1621 2839 1899 2894 valeamus
1921 2839 2081 2895 cmie—

489 2926 654 2980 stium
678 2926 890 2996 frugum
921 2928 1114 2999 gaudia
1136 2939 1338 2983 teterna
1364 2928 1638 2999 colligere.
1664 2929 2081 2986 Consideremus

489 3017 636 3087 quod
669 3017 800 3072 dicit
827 3018 1156 3088 Apostolus:
1211 3039 1229 3072 ι
1268 3020 1370 3086 Qui
1408 3035 1572 3090 parce
1623 3022 1886 3086 seminat,
1921 3038 2080 3093 parce

489 3117 548 3162 et
571 3115 736 3164 metet
757 3108 839 3181 (II
871 3109 994 3166 Cor.
1020 3111 1122 3182 ix).
1160 3131 1178 3164 ι
1213 3111 1382 3166 Parce
1426 3113 1682 3172 nimirum
1706 3114 1958 3180 seminat,
1984 3115 2076 3185 qui

2185 1927 2440 1982 horreum
2469 1929 2691 1984 caeleste
2720 1928 3057 1997 perveniant.
3085 1928 3224 1983 llinc
3249 1936 3332 1984 est
3351 1930 3498 1984 enim
3526 1933 3668 2000 quod
3695 1931 3750 1986 Β.

2181 2019 2418 2074 Jacobus
2448 2020 2580 2076 dicit
2614 2038 2628 2074 :
2673 2037 2692 2070 ι
2728 2019 3004 2074 Patientes
3047 2027 3220 2075 estote
3248 2035 3424 2090 usque
3469 2021 3538 2076 ad
3567 2022 3754 2077 adven-

2183 2122 2297 2166 tum
2322 2111 2554 2166 Domini.
2586 2111 2729 2167 Eece
2759 2111 2995 2181 agricola
3025 2119 3305 2182 exspectat
3324 2112 3626 2182 pretiosum
3651 2113 3755 2168 fru-

2181 2210 2329 2256 ctum
2362 2209 2541 2266 terrai,
2573 2201 2843 2270 patienter
2865 2199 3068 2265 ferens,
3105 2201 3278 2255 donec
3298 2201 3531 2270 accipiat
3560 2211 3754 2271 tempo-

2183 2305 2408 2344 raueum
2439 2300 2491 2346 et
2534 2291 2834 2346 serotinum
2865 2291 3004 2360 (Jac.
3037 2290 3115 2361 v).
3149 2309 3169 2344 ι
3219 2290 3276 2344 in
3305 2300 3576 2360 proventu
3606 2291 3750 2347 deni-

2182 2395 2287 2448 que
2328 2394 2508 2434 rerum
2557 2379 2930 2449 temporalium
2964 2379 3132 2434 nolite
3176 2394 3417 2450 sperare.
3456 2380 3524 2436 Et
3554 2389 3612 2434 ut
3637 2396 3756 2436 cum

2181 2468 2451 2538 Propheta
2483 2470 2675 2540 loquar
2699 2491 2712 2523 :
2743 2489 2760 2520 ι
2793 2468 3001 2525 Divitiae
3021 2471 3064 2526 si
3089 2470 3332 2551 aﬂiuant,
3357 2472 3523 2526 nolite
3545 2487 3645 2527 eor
3665 2487 3752 2542 ap-

2181 2575 2383 2632 ponere
2414 2561 2586 2635 (Psal.
2615 2564 2746 2632 LXI).
2779 2582 2798 2617 ι
2826 2561 2882 2618 in
2922 2563 3008 2620 his
3029 2579 3161 2635 ergo
3191 2564 3535 2620 successibus
3557 2564 3653 2618 ille
3674 2579 3758 2619 vo-

2181 2652 2265 2706 bis
2292 2653 2357 2706 ad
2382 2654 2699 2707 memoriam
2749 2653 2937 2708 redeat
2984 2653 3074 2723 qui
3105 2653 3324 2708 dicebat
3362 2670 3376 2706 :
3414 2672 3434 2704 ι
3473 2654 3753 2709 Destruatn

2184 2741 2380 2796 horrea
2420 2757 2562 2804 mea.
2595 2752 2650 2798 et
2686 2741 2890 2811 majora
2932 2741 3149 2807 faciam,
3177 2752 3235 2798 et
3259 2742 3387 2799 illuc
3416 2743 3752 2815 eongregabo

2182 2829 2364 2883 omnia
2401 2845 2523 2899 qua:
2570 2837 2698 2886 nata
2723 2839 2853 2886 sunt
2882 2831 3015 2886 mihi
3059 2839 3116 2886 et
3147 2832 3287 2886 bona
3328 2847 3472 2898 mea,
3497 2841 3555 2887 et
3587 2832 3751 2888 dicam

2183 2922 2380 2977 anima:
2412 2938 2546 2978 mea:
2590 2941 2603 2977 :
2632 2924 2830 2978 Anima
2863 2924 3031 2980 habes
3060 2925 3230 2980 multa
3251 2926 3392 2980 bona
3432 2926 3672 2996 reposita
3706 2926 3752 2980 in

2181 3027 2353 3068 annos
2394 3013 2674 3082 plurimos,
2721 3015 3023 3084 requiesce,
3068 3016 3314 3082 comede,
3364 3013 3509 3081 bibe,
3543 3016 3756 3087 epulare

2185 3102 2338 3174 (Luc.
2387 3106 2510 3174 xu).
2552 3124 2570 3158 ι
2613 3104 2712 3161 Cui
2760 3105 3005 3175 protinus
3053 3105 3233 3160 divina
3277 3119 3412 3160 voce
3439 3120 3750 3176 responsum

491 3215 667 3273 pauca
704 3203 843 3257 bona
890 3202 1043 3270 facit,
1084 3181 1192 3273 qui
1238 3203 1521 3261 abundare
1565 3205 1859 3262 virtutibus
1902 3181 2077 3277 parvi-

2184 3204 2268 3249 est
2299 3213 2312 3249 :
2351 3213 2369 3246 ι
2406 3195 2604 3261 Stulte,
2655 3196 2756 3251 hac
2804 3205 2963 3252 nocte
3004 3197 3241 3250 animam
3273 3205 3422 3250 tuam
3460 3205 3750 3266 repetenta

489 3293 701 3363 pendit,
749 3294 842 3364 qui
872 3295 924 3349 in
967 3296 1255 3366 eroganda:
1298 3296 1685 3352 misericordiae
1731 3307 1786 3352 et
1836 3299 2081 3354 humani-

490 3383 621 3438 tatis
644 3385 824 3440 studio
864 3387 1132 3455 proiicere
1175 3387 1417 3459 negligit,
1449 3389 1540 3459 qui
1577 3405 1635 3444 se
1667 3390 1720 3444 in
1760 3390 2093 3446 exhibendis‘

489 3472 749 3530 fraterna:
777 3477 1062 3557 charitatis
1093 3478 1287 3534 ciliciis
1337 3495 1445 3535 non
1492 3482 1756 3538 extendit.
1788 3483 1960 3540 Porro
1985 3499 2081 3539 au-

491 3574 600 3621 tem
631 3565 720 3622 ille
747 3582 850 3622 non
882 3583 1047 3638 parce
1069 3571 1162 3626 sed
1185 3569 1417 3626 ubertim
1439 3571 1692 3637 seminat,
1719 3561 1810 3643 qui
1839 3573 2080 3642 ejusdem

489 3661 691 3732 egregii
722 3663 1095 3732 praedicatoris
1145 3665 1470 3720 sententiam
1511 3678 1735 3722 servat:
1791 3686 1810 3718 ι
1849 3668 2079 3735 Bonum,

489 3749 685 3820 inquit,
713 3749 977 3809 facientes
1007 3770 1114 3808 non
1137 3753 1454 3810 deficiamus
1482 3773 1495 3808 :
1523 3755 1789 3827 Tempore
1812 3758 1960 3813 enim
1982 3775 2079 3816 suo

487 3850 757 3897 metemus
789 3859 893 3897 non
925 3843 1239 3900 deficientes
1267 3841 1411 3916 (Gal.
1443 3849 1540 3915 vr).
1590 3865 1610 3898 ι
1661 3845 1756 3902 ille
1784 3863 1889 3901 non
1919 3862 2081 3918 parce

487 3932 725 3986 seminat
773 3931 862 4002 qui
902 3935 1082 3989 studet
1105 3935 1325 4006 implere
1375 3937 1519 4004 quod
1551 3936 1667 4004 ipse
1717 3935 1844 3990 alibi
1903 3937 2076 3993 dicit:

496 4038 516 4071 ι
553 4019 902 4091 Qurecunque
935 4022 1131 4087 facitis,
1165 4023 1388 4090 fratres,
1418 4025 1532 4079 sive
1581 4025 1633 4079 in
1659 4026 1844 4088 verbo,
1881 4028 1995 4082 sive
2023 4027 2078 4082 in

489 4108 658 4173 facto.
682 4113 860 4164 omnia
893 4113 944 4166 iu
976 4113 1203 4184 gloriam
1240 4114 1451 4170 Domini
1502 4115 1668 4170 facite
1711 4115 1761 4187 (I
1787 4116 1910 4171 (ἔον.
1941 4117 2017 4188 x).
2055 4133 2082 4170 ι·

489 4198 656 4260 Plane
680 4204 770 4272 qui
824 4203 988 4258 vitam
1033 4215 1291 4260 aeternam
1334 4208 1552 4277 accipit,
1599 4223 1704 4263 non
1751 4225 1936 4279 parce,
1984 4212 2078 4266 sed

490 4286 720 4348 multum
749 4297 921 4350 metit.
977 4297 1113 4364 Quid
1145 4307 1229 4353 est
1275 4314 1404 4370 ergo
1428 4301 1569 4371 quod
1597 4301 1747 4368 dicit,
1793 4303 1883 4372 qui
1917 4318 2079 4372 parce

489 4377 744 4452 seminat,
791 4401 950 4456 parce
1007 4396 1056 4441 et
1107 4397 1298 4453 metet;
1342 4389 1444 4444 nisi
1487 4398 1743 4460 tanquam
1795 4392 2077 4448 manifeste

486 4475 769 4532 denuntiet
795 4478 920 4546 quia
945 4478 1034 4548 qui
1059 4481 1289 4550 parcein
1321 4480 1476 4537 bonis
1503 4483 1759 4552 Operibus
1787 4493 2076 4540 contentus

488 4575 573 4621 est
601 4568 893 4634 seminare,
930 4570 1053 4625 vita:
1079 4582 1296 4627 aeterna:
1322 4572 1602 4642 praemium
1638 4573 1940 4628 nullatenus
1971 4591 2077 4628 mc-

487 4665 640 4713 retur
669 4659 959 4729 accipere?
999 4659 1154 4715 Sicut
1181 4662 1386 4730 itaque,
1429 4661 1629 4718 fratres
1673 4662 1800 4729 mei,
1828 4663 2074 4732 quisquis

487 4750 784 4806 secundum
818 4751 1147 4806 transitoria:
1181 4753 1341 4823 hujus
1375 4753 1498 4808 vitae
1527 4753 1772 4808 ordinem
1809 4763 1932 4822 apte
1962 4754 2074 4807 vult

486 4840 690 4908 vivere,
725 4857 830 4898 non
859 4859 964 4897 uno
1009 4843 1292 4912 cujuslibet
1321 4846 1514 4901 messis
1555 4856 1843 4902 contentus
1865 4856 1950 4902 est
1975 4861 2070 4916 ge-

489 4947 640 5000 nere,
685 4935 780 4990 sed
810 4937 1144 4992 diversarum
1175 4953 1373 5008 genera
1412 4937 1624 5008 frugum
1677 4939 1874 5010 satagit
1898 4940 2071 4993 abun-

490 5023 660 5090 dare;
705 5026 777 5079 ita
801 5027 1050 5096 profecto
1093 5030 1400 5098 quicunque
1427 5029 1494 5082 ad
1525 5037 1723 5087 terram
1753 5029 2070 5093 viventium,

491 5113 798 5150 nstin-annuo
826 5118 890 5150 nr‘
934 5119 1058 5150 ἶΙΙ--ιι
1107 5119 1532 5150 ηηηηκηιηηιιῖηηη
1578 5118 1798 5150 ΛινιΙΛοΙΛ
1831 5120 2046 5150 Γηοιῖι-ιηο

2182 3296 2236 3343 te
2285 3306 2297 3341 :
2337 3288 2466 3355 Quae
2507 3300 2688 3343 autem
2745 3289 2946 3360 parasti
2993 3286 3149 3356 cujus
3197 3287 3408 3343 erunt?
3442 3307 3462 3339 ι
3494 3286 3682 3359 (ιὺὶἀ.)
3711 3285 3753 3343 0

2181 3379 2366 3448 quanti
2399 3379 2558 3435 hodie
2597 3380 2916 3434 triturantes
2964 3378 3174 3434 fructus
3213 3391 3472 3449 agrorum
3500 3376 3556 3431 in
3583 3390 3750 3446 prom-

2181 3469 2412 3538 ptuariis
2463 3469 2746 3540 colligunt,
2787 3469 2879 3540 qui
2916 3467 3143 3523 alterius
3181 3466 3310 3521 anni
3339 3475 3559 3537 segetes
3583 3466 3638 3520 in
3658 3466 3750 3519 hoc

2181 3560 2379 3616 saeculo
2423 3575 2530 3614 non
2559 3559 2854 3615 videbunt!
2884 3557 3092 3626 Quibus
3137 3543 3395 3613 videlicet
3423 3571 3574 3611 nunc
3602 3571 3750 3610 mun-

2184 3653 2284 3707 dus
2329 3653 2554 3718 arridet,
2615 3652 2707 3706 sed
2755 3651 3056 3722 prepinqua
3087 3664 3235 3706 mors
3282 3649 3337 3703 in
3365 3647 3584 3703 insidiis
3610 3647 3746 3702 latet.

2181 3744 2283 3810 Qui
2340 3742 2585 3813 profecto
2637 3744 2683 3797 si
2717 3750 2827 3796 tam
2853 3741 3091 3796 vicinum
3120 3753 3230 3794 sua:
3257 3739 3564 3794 vocationis
3591 3752 3747 3806 agno-

2180 3845 2394 3890 scerent
2435 3835 2750 3902 terminum,
2775 3833 2900 3889 "alio
2927 3832 3285 3889 transferrent
3313 3845 3343 3886 a
3370 3831 3611 3888 terrenis
3637 3829 3750 3886 sub-

2181 3925 2394 3979 stantiis
2438 3924 2756 3994 appetitum.

2254 4017 2441 4087 igitur,
2466 4014 2825 4080 fratresmei,
2868 4022 3076 4084 quanto
3121 4012 3294 4084 magis
3322 4012 3392 4069 de
3420 4013 3547 4069 vitae
3569 4022 3748 4069 vestra:

2181 4105 2288 4160 line
2316 4106 2449 4161 estis
2483 4105 2699 4169 incerti,
2730 4112 2881 4159 tanto
2904 4102 3306 4158 formidolosius
3331 4115 3552 4172 semper
3591 4109 3750 4157 estote

2181 4199 2439 4267 suspecti.
2469 4197 2648 4254 Nolite
2679 4197 2822 4267 apud
2847 4211 2944 4250 vos
2969 4210 3153 4251 rerum
3178 4202 3485 4250 vestrarum
3518 4193 3748 4249 decimas

2181 4293 2435 4357 retinere,
2467 4305 2534 4346 ne
2567 4290 2678 4346 illic
2705 4303 2802 4345 eas
2822 4304 2852 4344 a
2885 4288 3038 4345 vobis
3064 4286 3321 4342 terribilis
3338 4286 3508 4356 judex
3536 4299 3636 4355 per
3667 4299 3745 4338 ra-

2181 4384 2461 4439 tiocinium
2518 4382 2720 4452 exigat,
2771 4380 2862 4436 ubi
2923 4393 3082 4433 nemo
3139 4377 3341 4448 poterit
3382 4376 3590 4430 habere
3619 4373 3749 4444 quod

2179 4477 2390 4532 reddat.
2415 4475 2649 4530 Pensate
2670 4473 2798 4545 quid
2831 4487 2928 4542 per
2953 4469 3277 4525 Malacliiam
3309 4467 3572 4524 Dominus
3593 4467 3744 4520 dicat.

2125 4559 2152 4582 "
2180 4570 2313 4624 Nam
2341 4583 2464 4623 cum
2509 4567 2576 4622 de
2602 4565 2912 4621 reversione
2945 4561 3108 4618 Israel
3157 4560 3336 4616 divina
3377 4574 3489 4615 vox
3519 4559 3755 4629 disputa-.

2183 4667 2282 4724 ret,
2334 4665 2535 4727 praesto
2582 4653 2862 4722 subjunxit
2891 4670 2907 4706 :
2937 4670 2956 4703 ι
2998 4651 3062 4706 Et
3098 4649 3312 4707 dixistis
3338 4665 3350 4702 :
3374 4648 3435 4703 in
3461 4663 3573 4717 quo
3597 4643 3750 4703 conti-

2177 4750 2354 4819 gimus
2385 4760 2434 4802 te
2459 4748 2482 4801 ?
2516 4747 2574 4800 in
2604 4745 2851 4810 decimis,
2879 4753 2935 4799 et
2957 4744 3008 4797 in
3038 4741 3331 4813 primitiis:
3361 4747 3418 4794 et
3448 4739 3505 4794 in
3535 4737 3752 4807 penuria-

2179 4857 2274 4894 vos
2301 4838 2572 4893 maledicti
2604 4836 2756 4898 estis,
2789 4843 2846 4890 et
2872 4848 2969 4888 vos
3020 4847 3106 4886 me
3133 4829 3425 4900 conﬁgitis,
3463 4842 3597 4898 gens
3620 4836 3748 4890 tota,

2182 4931 2383 4985 inferre
2411 4942 2627 4984 omnem
2656 4926 2924 4990 decimam
2953 4923 3007 4976 in
3032 4922 3316 4984 horreum,
3342 4926 3400 4972 ut
3427 4917 3501 4972 sit
3527 4916 3674 4974 cibus
3693 4913 3742 4968 in

2180 5024 2339 5078 dan
2367 5035 2487 5076 mea
2523 5018 2779 5092 (Malach.
2808 5015 2912 5086 ιιι).
2955 5032 2974 5065 ι
3011 5013 3151 5068 Dicit
3202 5009 3534 5081 Apostolus:
3562 5025 3580 5059 ι
3611 5003 3740 5061 Bed-

2180 5116 2288 5150 Αἱιο
2316 5113 2570 5150 nan-nihile
2595 5109 2790 5150 Λριιίιο-
2827 5127 2845 5150 ὶ
2873 5107 2939 5150 Rt
2970 5103 3130 5150 nanin
3154 5110 3279 5150 “08'.
3303 5119 3316 5150 2
3349 5119 3369 5150 ι
3406 5098 3638 5150 Nemini.
3663 5097 3740 5150 in'
