3946 5368
530 303 634 359 707

1146 304 1203 359 S.
1230 299 1435 357 PETRI
1476 299 1761 355 DAMIANI
1792 300 1944 355 υνι.
1978 300 2112 351 I’Ah

2214 295 2310 350 ιιι)
2340 296 2573 354 manus
2612 297 2674 353 ιι.
2706 330 2773 340 -
2804 299 3193 360 δειιιιοΝΕε.

3678 312 3784 370 ’708

530 432 812 482 coronam,
844 419 963 486 Quae
993 430 1156 485 super
1198 429 1322 471 eum
1352 412 1712 484 dependebat,
1762 412 1817 466 in
1868 409 1985 479 ejus
2031 425 2116 464 re-
2145 414 2190 472 Α
2220 407 2462 464 culorum
2489 410 2594 465 dici
2625 421 2821 482 potest.
2850 413 3117 487 Pleraque
3147 419 3294 474 enim
3320 420 3622 477 ca-lestium
3648 424 3786 495 signa

529 521 693 581 pente
735 509 993 565 verticem
1038 507 1323 572 cecidisse,
1378 515 1435 561 et
1471 505 1545 559 ita
1591 505 1806 573 signum
1854 504 1980 573 quia
2034 501 2124 556 ille

529 603 749 658 deberet
780 600 1077 669 imperator
1107 597 1245 661 fieri,
1297 598 1351 651 in
1380 595 1636 665 opinione
1681 592 1861 665 populi
1905 600 2126 663 porten-

529 690 833 748 disse.‘Sed
865 689 1060 744 melius
1101 703 1201 743 nos
1228 687 1510 743 ardentem
1555 695 1755 740 torrem
1791 685 1843 739 in
1871 699 1971 738 suo
2001 684 2124 754 igne

528 783 905 854 relinquimus,
931 790 992 837 ut
1015 780 1295 836 vernantis
1339 778 1554 834 arboris
1601 778 1841 833 suaviter
1873 775 2121 831 redolen-

528 874 603 928 tia
637 887 795 943 poma
825 887 1136 943 carpamus.

598 965 801 1021 Beatus
828 965 1012 1035 itaque
1035 964 1299 1029 Donatus,
1333 978 1496 1034 quem
1530 960 1786 1031 templum
1818 960 1921 1016 sibi
1949 958 2125 1028 Spiri-

529 1066 616 1112 tus
644 1065 868 1112 sanetus
888 1056 957 1112 ab
1005 1056 1139 1126 ipsis
1167 1055 1440 1125 primaevae
1473 1053 1651 1109 aetatis
1694 1052 1994 1107 vindicavit
2024 1065 2121 1104 an-

527 1147 737 1217 spiciis,
770 1146 1034 1203 mollioris
1059 1147 1186 1201 vitae
1216 1146 1558 1201 latitudinem
1596 1145 1821 1216 sprevit,
1849 1144 2123 1199 abstinen-

526 1239 618 1293 tia:
663 1238 843 1310 rigore
882 1237 1202 1295 illecebrosa
1232 1238 1415 1293 carnis
1459 1238 1734 1293 incentiva
1789 1237 2039 1302 calcavit,
2070 1245 2123 1290 et

528 1338 816 1401 antequam
865 1346 966 1402 per
1015 1331 1339 1402 dignitatem
1387 1330 1741 1386 sacerdotalis
1789 1329 1949 1384 olllcii
2008 1328 2124 1399 ejus

525 1420 853 1490 praedicaret
906 1420 1109 1492 lingua,
1161 1421 1495 1492 praedicabat
1538 1420 1652 1490 jam
1706 1419 1995 1476 cllicaciter
2021 1420 2122 1475 sub

527 1510 777 1569 honestis
823 1519 880 1567 et
944 1511 1306 1582 disciplinatis
1367 1512 1611 1567 moribus
1659 1512 1790 1566 vita.
1854 1510 2121 1566 Nimirum

526 1603 672 1661 illius
700 1606 948 1675 exemplo
980 1606 1071 1677 qui
1096 1606 1265 1676 ctepit
1297 1606 1550 1676 primitus
1581 1604 1761 1662 facere
1786 1616 1841 1661 et
1866 1613 1986 1676 post
2027 1604 2122 1659 do-

525 1707 650 1748 cere
697 1694 836 1761 (Act.
891 1699 956 1766 ι),
1012 1695 1246 1751 vivendo
1297 1696 1559 1751 doctrina
1610 1694 1810 1750 ﬂuenta
1850 1692 2115 1762 concepit,

2225 497 2486 554 virtutum
2508 501 2575 556 ad
2601 513 2817 572 tempus
2843 504 2999 571 fiunt,
3031 517 3083 561 at
3108 518 3395 578 postquam
3417 525 3589 565 semei
3617 521 3783 568 osten-

2224 601 2284 643 sa
2315 587 2632 657 claruerint,
2656 593 2933 650 desinunt.
2964 597 3045 652 Ad
3071 598 3384 655 Israeliticae
3407 601 3605 671 quippe
3630 603 3789 672 plebis

2225 678 2531 750 ingressum
2560 694 2617 738 et
2652 701 2803 741 mare
2827 687 3108 752 dividitur,
3139 699 3195 745 et
3230 690 3469 748 fluminis
3498 693 3676 751 alveus
3698 713 3790 752 ex-

2224 770 2478 834 siccatur.
2507 775 2601 830 sed
2631 776 2800 831 semel
2830 776 3052 848 impleto
3082 780 3280 836 divinae
3314 782 3536 839 virtutis
3562 785 3788 855 imperio,

2224 868 2285 915 ut
2331 859 2613 933 Scriptura
2665 874 2915 933 testatur,
2953 871 3201 939 protinus
3249 872 3319 927 ad
3355 874 3596 944 priorem
3630 876 3790 935 locum

2226 961 2457 1024 utraque
2519 956 2758 1013 vicissim
2791 961 3144 1017 marisunda
3174 964 3460 1032 relabitur,
3483 978 3538 1023 et
3573 967 3791 1026 ﬂuminis

2224 1046 2305 1102 sui
2337 1062 2532 1105 cursus
2560 1049 2783 1105 libertas
2823 1052 2981 1107 solita
3012 1065 3301 1125 reparatur
3326 1057 3526 1128 (Exod.
3567 1060 3695 1131 ιιι).

2298 1136 2507 1193 Eliseus
2537 1154 2662 1195 cum
2712 1141 2824 1196 Elia
2855 1158 2953 1212 per
2990 1145 3195 1200 siccum
3223 1146 3462 1204 Jordane
3486 1152 3790 1207 transmisso

2224 1236 2347 1296 post
2398 1229 2675 1299 paululum
2732 1235 2911 1301 rediit,
2953 1237 3048 1291 sed
3087 1252 3301 1303 rursus,
3327 1248 3385 1294 ιιι
3410 1239 3641 1296 liberum
3662 1243 3791 1300 solus

2224 1330 2530 1377 mereretur
2556 1324 2887 1396 ingressum,
2917 1329 3171 1398 precibus
3194 1330 3511 1401 impetravit
3542 1333 3594 1405 (1
3609 1333 3649 1387 γ
3670 1335 3786 1406 Reg.

2224 1410 2307 1482 ιι).
2341 1412 2578 1485 Populus
2603 1418 2855 1483 gradiens
2880 1434 2976 1488 per
3009 1420 3285 1476 desertum
3314 1424 3664 1492 quaterdenis
3691 1426 3793 1482 fere

2224 1516 2491 1559 annorum
2530 1508 2822 1564 curriculis
2855 1510 3173 1566 cmicstibus
3225 1529 3356 1569 usus
3389 1522 3475 1569 est
3512 1515 3790 1580 alimentis.

2223 1594 2315 1649 sed
2342 1604 2626 1666 postquam
2655 1599 3082 1658 Cliananmorum
3123 1605 3258 1660 lines
3284 1608 3485 1678 attigit,
3525 1617 3792 1678 postquam

2224 1684 2290 1740 de
2320 1685 2566 1757 frugibus
2591 1698 2749 1745 terra?
2772 1695 3032 1761 gustavit,
3058 1709 3183 1749 mox
3216 1712 3414 1751 manna
3442 1697 3660 1753 defecit.
3693 1699 3792 1755 Hec

524 1798 645 1853 qua:
686 1786 1030 1854 postmodum
1063 1801 1161 1856 per
1185 1786 1300 1841 oris
1340 1786 1593 1857 poculum
1624 1794 1680 1840 et
1706 1785 1829 1840 aliis
1866 1784 2112 1853 prepina-

2224 1784 2405 1829 autem
2436 1777 2656 1834 virtutis
2683 1780 2899 1850 signum
2930 1782 2998 1837 de
3023 1797 3131 1853 quo
3160 1800 3303 1840 nunc
3325 1786 3563 1857 agimus,
3595 1799 3654 1842 ut
3698 1805 3790 1844 non

522 1874 624 1927 vit.
674 1872 789 1929 Huc
815 1863 1030 1931 accedit
1057 1875 1205 1945 quia.
1239 1890 1363 1930 cum
1410 1889 1469 1930 se
1500 1875 1749 1929 districta
1777 1874 1992 1928 vivendi
2031 1888 2119 1927 re-
2223 1863 2380 1930 “des.
2428 1868 2522 1921 sed
2562 1869 2853 1926 manifesta
2902 1872 2975 1926 είι
2998 1874 3155 1939 νίείον
3206 1875 3349 1930 Siet"
3369 1876 3542 1932 εθιιιθι
3572 1881 3795 1947 mitem

524 1963 648 2034 gula
678 1966 990 2037 castigaret,
1018 1980 1216 2036 corpus
1238 1964 1352 2035 jan.
1382 1966 1449 2021 ad
1476 1966 1797 2037 martyrium
1837 1965 1940 2019 sub
1970 1963 2122 2017 labo-
2222 1957 2289 2011 ad
2325 1959 2709 2017 declarandum
2762 1965 2990 2035 pretiosi
3015 1967 3274 2039 martyris
3305 1970 3588 2034 meritum,
3616 1971 3792 2027 indeli-

524 2054 669 2111 riosa
698 2056 882 2126 quiete
912 2055 1202 2120 formabat,
1224 2067 1300 2123 et,
1332 2066 1392 2111 ut
1420 2058 1555 2111 mori
1592 2056 1805 2110 tandem
1838 2070 1937 2126 pro
1961 2054 2123 2109 tihri-
2222 2048 2374 2105 Ciens
2422 2062 2756 2121 perseverat.
2794 2073 2812 2106 ι
2851 2054 2943 2110 Est
2967 2057 3113 2111 enim
3144 2058 3297 2125 fides,
3329 2077 3350 2111 ι
3387 2070 3449 2114 ιιι
3488 2062 3794 2131 praedicator

524 2155 609 2201 sto
636 2154 960 2213 mereretur,
983 2146 1297 2216 quotidiana
1314 2160 1374 2200 se
1391 2145 1810 2201 mortificatione
1825 2144 2117 2199 mactabat.

526 2233 789 2290 Sulcabat
829 2234 1067 2305 denique
1112 2245 1315 2290 terram
1362 2248 1518 2289 suam
1549 2249 1769 2289 vomere
1799 2234 2114 2304 disciplinae,

523 2336 585 2381 ut
611 2327 747 2383 uber
769 2339 1012 2399 segetum
1028 2337 1324 2400 proventus
1338 2340 1674 2399 erumperet,
1688 2337 1749 2382 ut
1769 2327 2118 2383 illucescente

521 2415 764 2473 caelestis
784 2418 974 2489 gratia:
1002 2419 1156 2474 radio
1194 2418 1428 2497 fertilius
1468 2418 1821 2490 germinaret.
1871 2417 2004 2473 llinc
2032 2426 2117 2474 est

522 2514 668 2584 quod
706 2515 760 2569 in
797 2515 983 2569 mundi
1010 2515 1310 2585 primordio
1341 2523 1481 2570 terra
1507 2514 1667 2569 tertio
1700 2514 1785 2569 die
1808 2513 2115 2585 germinare

520 2602 852 2673 prwcipitur,
879 2612 1073 2674 quarto
1087 2613 1270 2660 autem
1289 2603 1422 2671 sole,
1448 2603 1575 2658 luna
1595 2603 1916 2673 ueterisque
1929 2601 2116 2656 sideri-

522 2694 627 2749 bus
645 2693 803 2764 192
822 2693 1126 2750 illustratur
1148 2694 1303 2767 (Gen.
1321 2694 1360 2766 ι)
1378 2711 1392 2761 ;
1410 2695 1538 2765 quia
1554 2694 1833 2759 nimirum,
1859 2700 2114 2764 percepto

524 2786 811 2842 Trinitatis
833 2786 1040 2842 deilicm
1067 2797 1435 2852 sacramento,
1490 2787 1741 2856 protinus
1771 2801 1803 2840 a
1830 2785 1987 2840 nobis
2019 2784 2114 2839 bo-

523 2888 973 2951 norum‘operum
1026 2880 1355 2951 proferenda
1394 2888 1521 2935 sunt
1544 2882 1810 2951 germina,
1835 2889 1895 2934 ut
1924 2892 2115 2933 conse-

522 2984 755 3047 quenter
778 2974 830 3029 in
858 2989 959 3029 nos
987 2974 1228 3030 caelestis
1255 2973 1443 3046 gratiae
1466 2972 1647 3026 lumen
1668 2979 1939 3041 erumpat.
1968 2971 2113 3027 Con-

521 3068 806 3124 venienter
832 3068 1017 3137 itaque
1062 3077 1272 3140 martyr
1297 3067 1546 3139 egregius
1581 3068 1732 3137 prius
1755 3066 1900 3122 velut
1921 3066 2107 3122 excul-

2219 2143 2470 2213 egregius
2507 2146 2600 2207 ait,
2639 2164 2658 2196 ι
2711 2149 3104 2217 sperandarum
3137 2152 3441 2207 substantia
3481 2168 3682 2217 rerum,
3720 2172 3793 2210 ar-

2194 2242 2533 2300 gumentum
2585 2251 2692 2291 non
2726 2240 3102 2307 apparentinm
3135 2240 3322 2312 (Hebr.
3360 2244 3463 2313 Il).
3505 2267 3524 2296 ι
3560 2244 3794 2301 Enimve-

2216 2339 2280 2379 ro
2308 2324 2450 2380 sicut
2476 2337 2668 2384 auctor
2689 2330 2882 2386 salutis
2905 2332 3158 2387 humana:
3183 2334 3353 2389 voluit
3378 2335 3431 2389 in
3458 2350 3560 2391 suo
3587 2351 3793 2406 corpore

2217 2415 2498 2475 clavorum
2530 2422 2683 2493 signa
2732 2438 3095 2493 componere;
3135 2424 3206 2479 ita
3235 2427 3400 2482 etiam
3438 2442 3627 2482 rarum
3652 2428 3792 2484 duxit

2215 2507 2269 2564 in
2298 2510 2398 2566 hoc
2428 2527 2585 2569 sacro
2625 2530 2751 2571 vase
2804 2517 3182 2572 vulnuseulum
3229 2520 3349 2575 sine
3376 2520 3562 2591 aliqua
3600 2536 3791 2577 recom-

2215 2606 2534 2672 pensatione
2589 2623 2827 2663 servare.
2861 2609 2916 2663 ln
2949 2610 3041 2665 illo
3068 2611 3296 2675 scilicet,
3340 2621 3401 2667 ut
3432 2613 3790 2668 dubitantibus

2215 2692 2375 2749 fidem
2404 2696 2678 2765 praebeat;
2712 2698 2767 2751 in
2802 2697 2924 2764 hoc,
2956 2710 3016 2753 ut
3045 2699 3284 2755 fidelium
3332 2711 3547 2757 mentes
3569 2703 3641 2758 ad
3664 2717 3789 2773 prm-

2214 2786 2433 2841 conium
2488 2802 2598 2843 sum
2660 2788 2836 2844 laudis
2897 2792 3181 2846 accendat.
3239 2792 3295 2847 In
3353 2793 3487 2859 illo,
3536 2803 3601 2848 ut
3653 2794 3786 2865 signa

2206 2878 2603 2945 redemptionis
2630 2879 2880 2937 humana:
2913 2880 3070 2953 193
3103 2881 3263 2937 Pater
3290 2884 3640 2954 omnipotens
3666 2899 3791 2939 sem-

2214 2981 2311 3036 per
2344 2967 2543 3035 faciat;
2576 2968 2630 3026 in
2657 2969 2780 3034 isto,
2809 2979 3053 3041 utquam
3086 2972 3346 3028 sublimes
3368 2982 3424 3028 et
3452 2974 3505 3028 in
3546 2974 3652 3028 hac
3694 2972 3786 3025 vita

2215 3072 2403 3119 Servos
2431 3077 2561 3117 suos
2585 3062 2783 3117 ediciat
2804 3103 2820 3129 ,
2850 3064 3080 3134 quisque
3121 3066 3230 3120 Deo
3253 3068 3481 3122 devotus
3521 3075 3785 3137 agnoscat.

524 3160 594 3215 tis
615 3170 669 3216 et
689 3132 1016 3230 persulcalis
1068 3132 1253 3215 carnis
1297 3132 1409 3215 sua:
1429 3132 1730 3214 imvalibus
1767 3158 1961 3213 uberes
1986 3174 2113 3212 san-
2139 3132 2187 3196 (ἶ
2287 3148 2366 3205 Ne
2403 3152 2524 3222 quis
2557 3161 2734 3207 autem
2774 3132 3091 3222 nosiargiuat
3119 3156 3346 3211 summis
3378 3132 3786 3226 parva—compo-

522 3259 626 3306 ctaa
661 3249 994 3321 operationis
1027 3248 1236 3305 fructus
1277 3248 1477 3314 attulit,
1509 3247 1705 3303 deinde
1737 3257 1993 3317 tanquam
2021 3263 2112 3303 co-

521 3356 716 3397 ruscus
746 3339 987 3397 caelestis
1025 3339 1213 3411 gratia:
1244 3339 1433 3394 radius
1475 3338 1859 3394 miraculorum
1883 3354 2006 3395 eum
2031 3347 2112 3393 at-

521 3449 629 3505 que
658 3434 937 3506 signorum
983 3433 1207 3488 claritas
1248 3431 1559 3486 illustravit.
1594 3430 1747 3487 Unde
1785 3431 1889 3486 hoc
1914 3430 1991 3485 illi
2027 3429 2110 3484 di-

520 3527 727 3581 vinitus
770 3533 1121 3596 procuratum
1169 3530 1254 3579 est
1285 3529 1343 3576 ut
1378 3536 1407 3575 a
1439 3520 1641 3575 lumine
1667 3519 1848 3576 facere
1883 3520 2110 3575 virtutes

516 3618 806 3691 inciperet.
867 3616 978 3673 lloc
1027 3614 1296 3686 siquidem
1344 3613 1576 3685 primum
1610 3611 1754 3668 illius
1784 3611 2107 3667 miraculum

522 3726 629 3781 quo
666 3710 875 3766 Sirenre
913 3709 1089 3765 viduae
1138 3707 1333 3763 frontis
1381 3706 1543 3762 simul
1594 3715 1649 3761 et
1701 3705 1883 3761 cordis
1928 3703 2106 3759 lumen

523 3801 757 3871 aperuit,
812 3809 872 3855 ut
912 3800 1168 3855 nimirum
1192 3809 1246 3853 et
1275 3798 1343 3853 ab
1374 3796 1639 3852 idolorum
1671 3811 1815 3851 caeca
1841 3794 2108 3866 superstié

522 3896 667 3949 tione
701 3907 964 3948 conversa
1008 3901 1063 3947 et
1092 3891 1198 3947 luci
1229 3890 1471 3960 pristina:
1504 3889 1775 3952 restituta,
1816 3897 1875 3943 et
1911 3887 2104 3955 Deum,

521 3984 615 4054 qui
652 3999 782 4039 vere
816 3984 1001 4040 lumen
1030 3991 1134 4047 est,
1169 3981 1394 4048 coleret,
1425 3990 1481 4036 et
1501 3979 1784 4036 oculorum
1816 3978 2105 4051 caliginem

521 4076 587 4130 de
612 4084 809 4129 caetero
835 4090 941 4129 non
982 4071 1282 4144 prmfcrret.

587 4165 756 4220 Plane
793 4180 914 4219 cum
966 4164 1123 4234 plura
1164 4163 1447 4217 videamus
1494 4160 1739 4231 apicibus
1783 4161 1982 4217 tradita
2008 4175 2105 4231 per

519 4254 645 4313 eum
681 4242 823 4309 facta
846 4252 1108 4322 stupenda
1135 4251 1417 4315 miracula,
1445 4250 1572 4305 illud
1597 4266 1763 4305 unum
1794 4260 1975 4307 tacere
1994 4268 2098 4308 non

520 4359 831 4418 possumus,
871 4342 1019 4414 quod
1040 4342 1219 4398 oculis
1239 4342 1483 4411 quoﬁdie
1519 4341 1816 4403 corruimus.
1853 4342 2107 4398 manibus

519 4446 947 4503 eontrectamus,
966 4446 1023 4491 et
1046 4437 1127 4492 sic
1149 4449 1345 4489 novum
1371 4450 1586 4505 semper
1603 4435 1882 4491 obtutibus
1904 4437 2101 4492 nostris

2208 3258 2380 3308 nere,
2412 3259 2518 3298 non
2551 3244 2865 3314 ignoramus
2888 3245 3137 3300 eumdem
3173 3246 3445 3302 viviﬁcum
3480 3248 3786 3318 sanguinem

2215 3334 2270 3389 in
2306 3333 2471 3390 calice
2508 3336 2653 3400 fieri,
2693 3336 2784 3406 qui
2822 3337 2888 3392 de
2922 3352 3153 3408 corpore
3193 3338 3404 3394 Domini
3443 3354 3542 3410 per
3576 3339 3784 3393 vulnera

2214 3425 2428 3481 diversa
2472 3426 2747 3497 proﬂuxit.
2795 3428 2891 3482 Ille
2936 3429 3191 3483 nimirum
3237 3430 3618 3485 tenuissimum
3656 3438 3787 3485 creat

2210 3524 2479 3579 vermem,
2516 3516 2607 3586 qui
2636 3523 2691 3571 et
2722 3531 3002 3572 enormem
3033 3518 3279 3574 condidit
3305 3518 3671 3589 elephantem.
3702 3518 3787 3573 li-

2214 3603 2398 3658 rabilis
2433 3619 2565 3660 sane
2599 3605 2741 3661 Deus
2776 3620 2883 3660 non
2919 3606 3094 3662 solum
3132 3607 3188 3662 in
3234 3622 3328 3672 se.
3383 3610 3479 3665 sed
3528 3611 3690 3664 etiam
3737 3609 3783 3663 in

2210 3693 2413 3748 sanctis
2442 3694 2555 3749 suis
2587 3693 2779 3767 (Prol.
2808 3711 2953 3749 vau
2978 3694 3019 3765 ).
3054 3695 3158 3763 Qui
3190 3710 3314 3751 cum
3346 3711 3447 3768 pro
3485 3709 3673 3752 nostra
3708 3711 3780 3750 sa-

2208 3784 2319 3840 lute
2344 3785 2568 3842 calicem
2608 3788 2877 3857 passionis
2904 3790 3156 3860 dignatus
3181 3800 3267 3845 est
3293 3791 3498 3858 bibere,
3532 3793 3673 3847 idem
3711 3799 3784 3846 est

2206 3883 2263 3929 et
2288 3876 2381 3945 qui
2417 3878 2737 3948 sanguinem
2772 3894 2929 3933 suum
2970 3880 3037 3935 de
3071 3879 3247 3936 fracto
3282 3881 3456 3937 calice
3504 3897 3615 3937 non
3655 3882 3782 3952 pati-

2210 3973 2287 4020 tur
2321 3978 2595 4022 emanare.
2626 3968 2879 4036 Pensate,
2908 3970 3106 4027 fratres
3134 3973 3442 4028 cbarissimi
3466 4014 3483 4041 ,
3512 3975 3562 4030 si
3590 3984 3780 4029 tantum

2205 4058 2292 4112 vir
2325 4058 2427 4114 iste
2455 4060 2630 4130 potuit
2666 4063 2807 4131 apud
2840 4063 3006 4118 Deum
3029 4102 3045 4128 ,
3078 4072 3138 4118 ut
3166 4065 3216 4119 in
3248 4065 3341 4120 vili
3369 4056 3623 4133 vasculo,
3652 4066 3779 4137 quod

2204 4149 2374 4205 semel
2403 4151 2672 4217 obtinuit,
2704 4154 2900 4207 nnttari
2931 4169 3038 4210 non
3067 4156 3278 4226 possit;
3309 4167 3573 4227 quantum
3600 4158 3779 4228 poterit

2202 4258 2303 4314 pro
2354 4244 2680 4315 redemptis,
2733 4249 3110 4304 tantummodo
3155 4253 3202 4305 si
3246 4252 3475 4324 vestigia
3519 4254 3779 4326 sequimur

2204 4332 2623 4404 Redemptoris?
2652 4335 2822 4405 Hrijus
2845 4338 3013 4409 igitur
3042 4340 3186 4397 beati
3221 4347 3478 4413 martyris
3513 4354 3776 4401 teneamus

2164 4486 2171 4489 μ
2204 4438 2489 4490 normam,
2521 4426 2565 4479 si
2598 4427 2910 4497 pertingere
2946 4431 3204 4499 cupimus
3235 4431 3305 4486 ad
3332 4448 3619 4489 coronam.
3651 4434 3777 4491 Insi-

516 4531 792 4604 objicitur,
837 4539 1097 4605 tauquam
1125 4543 1232 4582 non
1262 4526 1391 4582 olim
1420 4524 1644 4593 factum,
1677 4528 1771 4583 sed
1799 4529 1957 4583 modo
1986 4528 2102 4584 fieri

2214 4514 2297 4584 gni
2330 4515 2474 4570 errim
2503 4515 2591 4571 hic
2619 4517 2700 4571 vir
2726 4527 2876 4574 tanto
2905 4519 3184 4591 religionis
3211 4534 3266 4577 et
3295 4523 3602 4583 honestatis
3626 4525 3774 4580 fuisse

515 4625 785 4679 videatur.
833 4620 1032 4678 Calicis
1085 4634 1279 4690 nempe
1337 4619 1404 4675 de
1449 4618 1650 4674 Levita:
1688 4619 1939 4674 manibus
1966 4619 2099 4690 lapsi

516 4710 835 4785 particulam
867 4711 1235 4767 clandestinus
1264 4709 1438 4765 hostis
1467 4709 1661 4764 callida
1697 4711 2101 4766 machinatione

514 4804 806 4872 subripuit,
845 4810 900 4858 et
934 4816 1105 4872 usque
1142 4801 1299 4857 hodie
1352 4801 1407 4855 in
1445 4801 1713 4856 thesauris
1743 4818 1853 4857 sua:
1884 4803 2100 4858 malitia:

516 4896 584 4952 ad
630 4895 920 4952 clariorem
978 4893 1191 4948 Domini
1222 4892 1449 4962 gloriam
1497 4892 1755 4948 subdolus
1782 4894 2095 4949 occultavit.

515 4986 687 5043 iPorro
712 5003 835 5043 eum
858 4987 1104 5041 videatur
1132 4984 1301 5041 fundo
1320 4984 1505 5040 calicis
1535 4993 1747 5041 atomus
1778 4985 1865 5040 ille
1885 4986 2092 5052 deesse,

2206 4607 2549 4678 cognoscitur
2603 4609 2782 4665 nitore
2833 4613 3193 4681 conspicuus,
3250 4623 3359 4670 tam
3414 4617 3771 4689 multiplicium

2205 4699 2466 4754 virtutum
2512 4699 2739 4756 tioribus
2782 4703 3101 4770 adornatus,
3141 4715 3220 4772 ut,
3258 4708 3475 4777 utrique
3509 4709 3768 4763 hominum

2204 4792 2390 4861 generi
2426 4792 2622 4847 ductor
2655 4793 2905 4860 idoneus,
2957 4806 3013 4850 et
3060 4798 3392 4869 martyribus
3438 4798 3665 4855 sullieiat
3709 4799 3768 4853 ad

2204 4881 2546 4953 exeinplnm,
2586 4894 2642 4939 et
2676 4885 2731 4939 in
2769 4899 2905 4955 pace
2945 4886 3253 4959 degentium
3291 4890 3511 4947 erudiat
3560 4891 3766 4946 institu-

2205 4981 2340 5028 tum.
2378 4973 2480 5029 Per
2513 4974 2751 5042 regulam
2791 4974 2993 5046 quippe
3029 4977 3279 5034 districta:
3308 4980 3520 5036 vivendi
3559 4982 3627 5035 ad
3662 4978 3764 5050 pal-
