3946 5368
191 239 288 295 709

1495 245 1728 302 SERMU
1791 249 2029 303 XXXIX.

3344 274 3446 328 710

192 355 383 425 signis,
409 351 596 424 quia,
648 355 804 424 juxta
862 355 1119 412 Veritatis
1167 372 1351 412 vocem
1373 399 1386 423 ,
1438 358 1531 412 lux
1575 360 1756 413 mundi
1786 371 1833 428 Α
1865 359 2002 415 tines
2033 363 2401 431 margaritam.
2429 365 2763 424 Tbesaurum
2786 388 2987 439 servas,
3016 379 3101 433 cui
3127 397 3230 436 non
3257 400 3446 443 aurum

190 444 346 512 bujus
374 453 496 496 erat
525 444 542 513 (
567 443 728 497 locu.
761 446 852 513 ι),
893 445 1072 500 lumen
1111 445 1364 502 cordibus
1399 448 1756 514 infundebat,

191 535 361 605 ignem
397 536 550 590 verbi
591 537 896 590 auditorum
932 539 1207 593 mentibus
1247 539 1566 608 ingerebat,
1607 549 1662 592 et
1701 539 1755 592 iu

190 627 388 680 unitate
433 626 560 680 ﬁdei
600 626 745 681 velut
780 644 944 682 unum
983 644 1180 700 corpus
1216 630 1555 684 diversorum
1593 631 1755 686 corde

99 729 106 746 ο
191 715 466 772 conﬁabat.
511 715 661 784 Quod
696 717 938 786 profecto
983 721 1300 790 mysterium
1351 720 1561 791 Moyses
1611 721 1754 776 desi-

187 813 336 875 gnat,
367 820 491 858 cum
524 806 654 860 dicit
680 824 692 858 :
725 824 743 857 ι
777 805 950 861 Tollet
975 810 1230 864 sacerdos
1260 809 1518 878 pugillum
1542 810 1750 875 similis,

189 909 299 964 quze
327 909 625 962 conspersa
657 905 742 950 est
770 896 925 963 oleo,
956 905 1011 951 et
1043 907 1211 951 totum
1243 899 1396 964 tbus,
1425 901 1568 969 quod
1593 916 1754 970 super

187 983 407 1038 similam
461 985 699 1053 positum
735 995 858 1051 est;
919 985 1266 1056 adolebitque
1301 987 1429 1042 illud
1464 989 1518 1042 in
1555 989 1746 1055 altari,

185 1074 234 1127 in
270 1075 658 1130 monimentum
706 1076 888 1132 odoris
935 1079 1241 1132 suavissimi
1279 1080 1506 1134 Domino
1540 1080 1744 1148 (Leuit.

1860 448 2018 540 digne
2064 453 2320 517 conferri,
2354 471 2460 510 non
2493 458 2597 513 ulla
2644 467 3010 531 quarumlibet
3039 486 3200 540 opum
3232 492 3442 537 summa

1857 539 1999 593 Valet
2020 543 2248 611 :equari.
2288 543 2439 600 Unde
2462 564 2566 602 non
2604 549 2719 619 jam
2761 553 2996 610 Aritium
3023 539 3087 614 ex
3123 577 3272 621 more
3297 568 3436 624 dica-

1855 635 1954 700 ris,
1998 638 2141 707 quod
2170 641 2238 694 ab
2269 641 2521 697 ariditate
2554 653 2711 700 terrae
2753 649 2847 703 tibi
2876 663 3090 709 constat
3117 673 3310 715 nomen
3339 662 3442 717 im-

1853 725 2113 814 positum,
2171 729 2264 783 sed
2318 740 2372 784 tu
2417 732 2690 789 Auritium
2737 739 2916 807 potius
2967 759 2997 797 a
3047 749 3440 814 pretiosissima

1851 813 2060 870 scilicet
2099 818 2240 872 sacri
2268 820 2549 878 cadaveris
2571 841 2726 894 auro,
2751 830 2895 898 quod
2926 831 2979 886 in
3008 813 3110 892 tuis
3140 839 3439 900 visceribus

1851 906 2110 960 probatur
2136 909 2426 966 occultum.

1921 999 2080 1055 Beata
2125 1001 2286 1071 igitur
2323 1013 2379 1060 et
2419 1006 2570 1062 dives
2614 1017 2774 1066 terra:
2819 1028 2976 1080 vena,
3017 1033 3136 1087 qua:
3162 1025 3318 1092 quasi
3345 1042 3435 1082 suc

1846 1095 2153 1164 peruo.regi
2187 1095 2327 1151 facta
2358 1098 2707 1168 depositaria,
2749 1105 2875 1160 illud
2904 1112 3146 1166 recondit
3171 1113 3431 1173 talentum

183 1162 288 1234 γι).
319 1182 339 1216 ι
368 1163 510 1231 Qum
549 1166 694 1220 θυῖηι
731 1182 828 1236 Per
859 1167 1126 1269 Suillium,
1165 1169 1269 1223 ηίδί
1313 1177 1500 1224 sane“!
1545 1170 1780 1226 ειθοιο-’
1845 1185 1958 1239 suis
1998 1162 2196 1241 ﬁnibus
2225 1162 2512 1257 creditum,
2543 1197 2683 1262 quod
2714 1197 2766 1251 in
2801 1200 2886 1254 die
2917 1203 3275 1263 restitutionis
3313 1225 3430 1269 cm-

184 1268 292 1308 mm
317 1254 634 1324 designatur
663 1256 950 1312 Ecclesia?
985 1258 1114 1325 Qua:
1152 1260 1407 1314 nimirum
1446 1261 1573 1316 dum
1609 1277 1738 1317 con-

181 1345 509 1400 venientibus
539 1347 768 1403 invicem
799 1350 1136 1405 credentium
1164 1351 1436 1423 colligitur
1462 1355 1738 1420 membris,

183 1436 319 1503 quasi
353 1437 535 1490 simila
575 1453 642 1492 ex
681 1439 865 1494 multis
908 1439 1164 1496 frumenti
1202 1443 1579 1514 conspergitur
1612 1460 1739 1516 gra-

182 1525 274 1580 nis.
313 1525 377 1580 Et
410 1527 559 1583 sicut
592 1530 768 1585 simila
808 1532 951 1586 inter
985 1533 1182 1588 molam
1220 1547 1506 1606 utramque
1557 1546 1738 1592 conte-

1843 1272 2066 1370 lestibus
2096 1286 2176 1332 est
2207 1281 2605 1352 gazOpbylaciis
2636 1285 3000 1359 inferendum,
3030 1295 3117 1348 ubi
3140 1297 3250 1352 vivi
3293 1299 3434 1370 lapi-

1842 1362 1936 1417 des
1977 1372 2032 1420 et
2084 1366 2239 1437 igniti
2280 1380 2542 1438 perpetuo
2587 1375 2851 1443 rutilant,
2898 1380 2987 1436 ubi
3036 1384 3267 1440 triclinia
3295 1362 3429 1447 auro

1840 1453 2108 1511 radiantia
2145 1469 2429 1515 vernantes
2459 1467 2766 1541 margarita:
2807 1467 3105 1528 luculenter
3142 1490 3426 1536 exornant.

1839 1541 1992 1607 Quod
2042 1545 2294 1601 nimirum
2343 1558 2468 1604 tunc
2515 1551 2881 1612 indubitanter
2929 1560 3257 1632 implebitur,
3301 1584 3424 1625 cum

181 1617 320 1682 ritur,
353 1628 411 1673 ut
437 1634 467 1674 a
499 1619 694 1676 farina:
719 1623 933 1694 siligine
961 1627 1280 1681 cantabrum
1309 1637 1590 1698 separetur
1615 1647 1630 1684 :
1660 1632 1735 1685 ita
1831 1630 2080 1701 jubilzeus
2105 1646 2288 1691 noster
2333 1639 2638 1708 advenerit,
2691 1661 2813 1700 cum
2860 1617 3115 1707 extrema

185 1707 313 1764 velut
359 1710 500 1767 inter
542 1714 700 1782 duas,
740 1715 876 1788 legis
901 1717 1107 1774 scilicet
1137 1728 1193 1774 et
1229 1719 1530 1793 Evangelii,
1569 1723 1739 1780 molas
1768 1729 1814 1788 Β
1843 1738 1948 1777 non
1988 1725 2100 1794 jam
2150 1727 2358 1798 legalis,
2405 1730 2500 1784 sed
2546 1707 2821 1800 judicialis
2866 1707 3422 1814 clangere

182 1808 347 1854 sancta
395 1802 641 1859 Ecclesia
677 1807 984 1878 stringitur,
1026 1818 1085 1864 ut
1125 1809 1320 1866 litterae
1358 1812 1671 1882 superﬁcies
1704 1831 1735 1870 a

185 1891 392 1948 medulla
420 1896 646 1964 spiritus
669 1898 1025 1955 discernatur.
1053 1901 1180 1969 Quae
1205 1903 1452 1960 videlicet
1471 1905 1731 1974 Ecclesia,

185 1990 232 2034 ut
255 1997 433 2039 revera
461 1987 762 2056 spiritualis
789 1990 990 2057 simila,
1021 1992 1145 2046 dum
1174 2008 1271 2063 per
1300 2010 1494 2064 aquam
1525 1998 1731 2068 baptis-

183 2073 320 2128 matis
362 2075 601 2132 adunata
623 2119 639 2144 ,
680 2090 736 2134 et
769 2080 888 2136 oleo
923 2082 1247 2140 Chrismatis
1283 2095 1368 2141 est
1404 2102 1724 2158 conspersa,

183 2160 286 2232 igne
323 2180 535 2236 quoque
588 2171 761 2225 sancti
810 2171 1051 2242 Spiritus
1096 2175 1360 2242 solidata,
1411 2177 1516 2244 sit,
1569 2179 1728 2248 juxta

180 2249 502 2338 Apostolum:
535 2273 556 2307 ‹
592 2256 778 2314 Hostia
817 2259 928 2316 Deo
962 2263 1356 2334 beneplacens,
1396 2275 1451 2322 et
1488 2269 1729 2338 perfecta

184 2337 348 2433 (Rom.
377 2345 517 2416 xu).
550 2348 781 2405 rTbure
828 2360 1045 2420 autem,
1091 2359 1234 2425 quod
1281 2337 1514 2428 positum
1563 2377 1728 2433 super

182 2429 385 2486 similam
433 2435 657 2504 dicitur,
693 2439 934 2509 ejusdem
973 2444 1228 2502 Ecclesiae
1263 2451 1437 2504 oratio
1475 2429 1724 2524 designa-

185 2526 272 2572 tur.
297 2519 440 2578 Sicut
482 2526 538 2580 in
588 2528 910 2603 Apocalypsi
960 2533 1185 2592 Joannis
1230 2541 1560 2608 ostenditur,
1594 2519 1726 2599 cum

184 2610 339 2667 dicit:
387 2634 406 2666 ς
434 2617 570 2685 Quia
614 2623 810 2691 phiala:
859 2625 1032 2696 plena:
1077 2630 1554 2688 odoramentorum
1601 2643 1727 2690 sunt

184 2703 424 2762 orationes
454 2722 771 2769 sanctorum
801 2717 1002 2788 (Apoc.
1037 2736 1064 2774 v
1087 2721 1127 2791 ).
1163 2741 1182 2774 ι

238 2819 374 2878 lianc
419 2825 602 2896 itaque
663 2831 892 2887 similam
943 2834 1054 2890 Deo
1109 2841 1298 2894 beatus
1358 2843 1612 2899 sacerdos
1669 2852 1725 2898 et

182 2921 363 2981 martyr
391 2913 633 2971 Donatus
664 2920 893 2986 obtulit,
925 2933 981 2978 et
1009 2924 1062 2978 in
1099 2927 1488 2982 monimentum
1516 2932 1724 2986 suavis-

181 2999 284 3054 simi
310 3004 486 3060 odoris
519 3010 777 3075 adolevit,
805 3029 928 3067 cum
962 3015 1172 3084 plebem
1203 3019 1481 3088 gentilium
1507 3022 1562 3075 in
1598 3023 1721 3077 uni-

1839 1812 1991 1869 Sicut
2010 1818 2152 1871 enim
2171 1820 2433 1889 septimus
2449 1822 2584 1888 dies,
2613 1824 2685 1878 ita
2712 1833 2764 1880 et
2785 1827 3036 1898 jubilams
3052 1848 3224 1890 annus
3238 1812 3423 1894 feriari

1835 1908 2166 1979 praecipitur,
2195 1928 2293 1984 per
2322 1930 2482 1985 quem
2515 1917 2764 1974 videlicet
2805 1932 3022 1979 aeternae
3049 1927 3170 1982 vita:
3206 1933 3421 2000 requies

1833 1997 2116 2068 ﬁguratur.

1902 2089 2234 2147 Adveniente
2284 2093 2446 2163 igitur
2496 2093 2719 2151 lubilaeo
2772 2100 2896 2154 tuba
2920 2103 3087 2168 cauit,
3116 2114 3170 2160 et
3194 2122 3318 2162 mox
3347 2109 3415 2164 ad

1833 2181 2086 2250 antiquas
2111 2186 2478 2252 possessiones
2508 2202 2636 2242 suas
2661 2191 3032 2261 unusquisque
3080 2198 3370 2253 revertitur
3394 2216 3410 2264 ;

1831 2271 1978 2339 quia,
2008 2273 2476 2344 appropinquante
2505 2277 2748 2345 judicio:
2801 2279 2858 2334 ln
2909 2297 3040 2338 voce
3069 2285 3414 2357 Arcltangeli,

1829 2359 1885 2415 in
1919 2365 2208 2418 novissima
2246 2367 2370 2420 tuba
2404 2365 2454 2438 (I
2507 2365 2659 2422 Thes.
2703 2370 2782 2439 v),
2832 2373 3044 2427 cunctis
3097 2377 3415 2432 mortalibus

1829 2467 2049 2508 suorum
2110 2472 2396 2526 corporum
2461 2461 2730 2527 possessio
2790 2474 3090 2532 reparatur.
3157 2466 3414 2526 Tcstante

1827 2547 2026 2601 etenim
2073 2547 2279 2603 Paulo:
2327 2567 2346 2601 ι
2392 2548 2562 2606 Canet
2591 2551 2748 2615 tuba,
2799 2562 2848 2606 et
2891 2555 3413 2628 mortuigresurgeut

1827 2634 2122 2706 incorrupti
2157 2638 2207 2708 (Ι
2245 2639 2368 2693 Cor.
2406 2649 2517 2712 xv).
2567 2660 2586 2693 ι
2629 2641 2809 2696 Beata:
2837 2643 2940 2697 illae
2971 2645 3182 2710 animae,
3217 2647 3413 2704 fratres

1826 2727 1956 2791 mei.
2008 2744 2128 2798 quae
2180 2738 2325 2795 tunc,
2359 2732 2484 2784 dum
2539 2731 2651 2784 suis
2695 2747 2753 2785 se
2798 2735 3115 2802 corporibus
3159 2735 3407 2802 induunt,

1824 2831 2135 2876 sanctorum
2165 2833 2461 2895 martyrum
2489 2824 2830 2893 participium
2862 2827 3180 2880 sortiuntur.
3231 2827 3404 2896 Beati,

1825 2910 1917 2978 qui
1943 2911 2021 2964 sic
2052 2927 2194 2967 nunc
2218 2913 2282 2966 ad
2312 2921 2626 2966 sanctorum
2671 2915 2961 2968 memorias
3008 2916 3306 2982 excubant,
3351 2928 3410 2972 ut

1826 3015 2014 3054 eorum
2041 3001 2143 3055 sibi
2180 3002 2248 3056 ad
2295 3003 2612 3056 imitandum
2670 3019 2883 3073 semper
2928 3007 3173 3075 exempla
3217 3024 3408 3078 propo-

183 3095 273 3144 me
295 3093 506 3161 spiritus
531 3100 601 3153 ad
632 3073 771 3156 “de;
791 3073 1132 3160 sacrm’nanw
1169 3073 1453 3164 cznverm.
1487 3073 1724 3169 fructus
1747 3073 1796 3140 C
1825 3101 1993 3157 nam;
2025 3092 2116 3160 qui
2146 3093 2224 3147 sic
2250 3108 2433 3147 eorum
2461 3093 2830 3150 solemuitates
2861 3095 3128 3153 laudando
3157 3099 3408 3170 frequen-

180 3176 410 3247 siquidem
456 3187 756 3244 animarum
807 3192 862 3246 ir.
905 3205 1198 3265 conspectu
1243 3200 1337 3254 Dei
1384 3202 1717 3272 fragrantius

179 3269 384 3337 redolet,
415 3289 578 3342 quam
603 3277 706 3332 ulla
733 3283 970 3336 suavitas
996 3285 1154 3358 194,
1172 3269 1584 3344 sacriﬁciorum.
1608 3291 1720 3348 Hoc

179 3360 484 3431 sacriﬁcium,
513 3367 710 3425 fratres
741 3372 868 3437 mei,
917 3389 1038 3428 cum
1084 3378 1244 3432 beato
1290 3380 1494 3435 Donato
1521 3393 1578 3437 et
1619 3399 1719 3440 nos

178 3462 258 3517 pro
277 3456 477 3512 modulo
497 3469 689 3516 nostro
709 3477 922 3532 semper
943 3466 1052 3521 Deo
1083 3470 1392 3526 studeamus
1420 3472 1632 3538 offerre,
1660 3483 1718 3530 ut

178 3553 264 3594 nou
289 3545 445 3602 solum
474 3551 540 3604 de
571 3561 756 3606 nostra
784 3555 957 3610 salute
985 3557 1221 3625 solliciti,
1272 3563 1364 3616 sed
1409 3565 1475 3618 ad
1502 3563 1716 3620 lucran-

180 3628 257 3685 das
299 3637 451 3693 etiam
504 3643 875 3711 proximorum
931 3656 1238 3704 nostrorum
1291 3652 1501 3708 animas
1544 3654 1714 3711 simus

179 3719 370 3779 solerter
393 3728 578 3786 intenti
607 3750 622 3799 ;
665 3745 951 3803 quatenus,
977 3738 1103 3792 dum
1133 3741 1416 3798 cbaritatis
1455 3745 1630 3799 hostia
1658 3747 1713 3802 in

180 3821 254 3864 ara
276 3818 426 3871 nostri
455 3823 690 3889 pectoris
735 3825 1002 3892 adoletur,
1040 3829 1109 3882 ab
1140 3829 1230 3885 illo
1260 3833 1587 3889 sacriﬁcium
1616 3851 1713 3891 no-

177 3905 316 3956 strum
353 3919 619 3965 mereatur
650 3913 702 3967 in
729 3914 952 3969 odorem
997 3919 1283 3974 suavitatis
1306 3922 1498 3991 accipi,
1529 3925 1619 3994 qui
1657 3926 1710 3982 in

176 4001 252 4043 ara
275 3998 435 4053 crucis
463 4016 559 4070 pro
589 4004 762 4059 salute
791 4015 974 4061 nostra
1002 4009 1033 4062 d
1058 4019 1251 4080 gnatus
1291 4020 1376 4066 est
1419 4014 1707 4070 immolari.

231 4102 384 4164 Tanto
431 4125 688 4182 praeterea
736 4119 820 4173 vir
859 4129 1079 4176 sanctus
1129 4122 1273 4178 circa
1326 4140 1452 4180 suos
1496 4139 1708 4198 quoque

177 4191 274 4286 ﬁdei
302 4201 406 4257 zelo
440 4204 696 4272 fervebat,
745 4219 801 4263 ut
829 4212 1052 4280 gentiles
1084 4213 1258 4268 adhuc
1283 4229 1405 4269 eum
1459 4191 1708 4286 parentes

178 4281 451 4374 altiicerent,
494 4303 546 4349 et
591 4297 744 4353 dulce
789 4301 981 4370 pignus
1042 4315 1073 4356 a
1121 4303 1233 4358 suis
1277 4281 1499 4374 prorsus
1541 4307 1706 4363 affec-

179 4371 294 4460 tibus
341 4383 678 4453 abdicarent;
729 4391 822 4444 sed
866 4394 1206 4460 postmodqu
1263 4371 1358 4449 eos
1401 4404 1457 4449 et
1493 4397 1556 4449 ad
1581 4398 1702 4452 fidei

179 4459 452 4526 Christiana:
478 4486 812 4531 sacramenta
838 4459 1109 4548 perduxit,
1137 4489 1190 4534 et
1219 4482 1438 4552 insuper
1467 4485 1533 4538 ad
1564 4502 1708 4540 mar-

179 4552 342 4617 tyriqu
369 4560 465 4614 sibi
487 4579 722 4636 congrua
749 4568 1092 4624 ordinatione
1109 4572 1389 4640 praemisit.
1421 4574 1572 4630 Unde
1597 4576 1708 4630 cla-

179 4650 253 4693 rus
292 4644 380 4701 iste
418 4651 553 4707 inter
592 4655 778 4711 beatos
819 4670 1084 4730 martyres
1114 4658 1236 4729 jure
1269 4667 1568 4719 censendus
1597 4676 1703 4729 est,

179 4734 251 4798 Qui
281 4737 401 4796 lilius
430 4745 581 4800 simul
609 4760 661 4803 et
683 4760 836 4818 pater
855 4761 939 4805 est
966 4763 1284 4824 martyrum.
1320 4755 1484 4811 Filius
1519 4759 1703 4829 utique

181 4834 257 4888 per
281 4839 503 4888 naturam
530 4853 543 4900 ;
577 4847 730 4906 pater
757 4857 853 4910 per
883 4840 1090 4896 collata:
1113 4844 1238 4899 ﬁdei
1277 4847 1532 4912 gratiam,
1576 4865 1702 4906 eos-

181 4927 264 4980 que
301 4933 432 4989 grata
476 4929 837 4987 vicissitudine
864 4935 1048 5002 genuit
1075 4933 1204 4997 Deo,
1245 4952 1272 4988 a
1305 4940 1498 5006 quibus
1524 4939 1699 4998 fuerat

184 5009 356 5072 genitus
375 5020 579 5075 uumdo.
607 5022 754 5077 Beati
774 5025 865 5094 qui
889 5025 943 5079 in
965 5026 1274 5081 haereditate
1299 5036 1512 5084 terrena
1538 5034 1696 5088 talem

186 5106 376 5187 genuere
433 5123 708 5180 parentes,
754 5133 850 5187 per
900 5132 1056 5186 quem
1118 5117 1368 5174 videlicet
1429 5121 1482 5176 in
1551 5135 1696 5184 terra

188 5183 426 5273 viventium
495 5216 842 5272 supernorum
911 5207 1043 5262 ﬁunt
1100 5207 1302 5263 civium
1366 5211 1688 5273 COiliL‘l'CiiCS.

189 5269 352 5332 laetare
376 5297 423 5332 et
451 5298 500 5332 In
527 5269 644 5332 ιἰξιίν
682 5297 904 5332 samum

968 5301 1106 5332 ηιιΛιΙ
1149 5298 1308 5332 Iulo-ra
1353 5304 1594 5332 ηιιη-ηἴκ-οι
1632 5325 1691 5332 ..-

1827 3191 1961 3247 tam,
1994 3194 2051 3237 ut
2083 3193 2259 3238 tamen
2301 3184 2529 3240 vivendo
2557 3186 2626 3240 ab
2654 3200 2843 3240 eorum
2876 3189 3092 3244 tramite
3126 3206 3231 3245 non
3262 3207 3411 3247 rece-

1823 3272 1970 3327 dant.
2018 3272 2245 3328 Sanctos
2273 3274 2416 3327 enim
2443 3284 2710 3346 martyres
2746 3277 3044 3347 sequimur,
3076 3281 3145 3347 si,
3173 3282 3298 3336 dum
3329 3284 3404 3338 illi

1817 3381 2041 3422 suorum
2099 3377 2542 3436 contempserunt
2589 3384 2879 3438 corporum
2929 3374 3210 3441 passiones
3302 3390 3403 3432 nos

1819 3460 1980 3514 etiam
2011 3459 2190 3513 carnis
2220 3469 2420 3512 nostra:
2445 3460 2760 3516 studeamus
2789 3461 3040 3533 frangere
3071 3463 3396 3521 Voluntates.

1891 3549 2049 3621 195
2070 3549 2398 3604 Veneremur
2426 3549 2628 3620 itaque,
2648 3551 2933 3617 fratres,et
2963 3555 3101 3608 votis
3129 3570 3194 3609 ac
3223 3555 3400 3626 dignis

1817 3640 2142 3696 bonoremus
2163 3640 2434 3708 obsequiis
2459 3643 2644 3696 Leatos
2667 3643 2799 3698 istos
2821 3654 3110 3716 martyres,
3136 3647 3397 3714 Donatum

1816 3731 2063 3787 videlicet
2083 3747 2252 3801 arque
2274 3730 2610 3786 llilarianum
2632 3751 2644 3786 :
2668 3749 2764 3802 per
2779 3750 2931 3803 quos,
2961 3747 3212 3804 tanquam
3235 3738 3401 3807 gemi-

1815 3838 1912 3876 nos
1955 3824 2168 3892 superni
2206 3822 2424 3877 luminis
2447 3824 2657 3890 oculos,
2703 3826 3042 3895 omnipotens
3071 3828 3210 3882 Dens
3237 3829 3400 3885 totius

1814 3911 2022 3971 Tusciae
2061 3929 2259 3983 corpus
2305 3913 2470 3968 voluit
2514 3913 2824 3982 illustrare;
2857 3925 2935 3981 ut,
2980 3916 3104 3971 dum
3135 3918 3398 3987 gloriosos

1812 4017 2078 4078 martyres
2103 4021 2246 4060 nunc
2275 4006 2506 4059 amando
2537 4015 2592 4060 et
2623 4007 2881 4061 imitando
2903 4009 3300 4078 prosequimur,
3327 4010 3395 4064 ad

1811 4076 2192 4166 imperatorem
2241 4108 2563 4169 martyrum,
2595 4098 2724 4168 ipsis
2756 4099 3234 4168 intercedentibus,
3273 4118 3397 4172 per-

1808 4191 1994 4244 venire
2031 4206 2359 4254 mcreamur,
2406 4189 2692 4244 Dominum
2731 4200 2974 4246 nostrum
3018 4191 3202 4246 Jesum
3240 4193 3397 4248 Chri-

1808 4288 1972 4343 stum,
2001 4279 2093 4348 qui
2131 4295 2252 4334 cum
2282 4279 2390 4334 Deo
2420 4278 2578 4335 Patre
2603 4290 2658 4334 et
2700 4279 2904 4349 Spiritu
2938 4291 3126 4337 sancto
3167 4283 3299 4337 vivit
3339 4293 3394 4339 et

1808 4379 1998 4442 regnat
2026 4371 2079 4424 iu
2103 4370 2294 4425 smcula
2325 4371 2664 4425 saeculorum.
2689 4370 2884 4424 Amen.

2335 4476 2566 4532 SERMO
2603 4475 2843 4530 XXXIX.

1969 4585 2036 4624 ne
2073 4583 2276 4625 διαειτο
2309 4581 2560 4621 cassnuo
2600 4581 2852 4620 murrae
2892 4568 3011 4639 (xm
3049 4570 3217 4641 sua).

1879 4659 2224 4715 Admirabilis
2270 4666 2325 4710 et
2366 4656 2604 4726 gloriosa
2644 4657 2816 4710 nostri
2847 4657 3174 4728 dispensatio
3198 4658 3392 4715 Condi-

1808 4753 1964 4818 toris,
1997 4752 2195 4806 fratres
2218 4749 2546 4813 cbarissimi,
2573 4747 2645 4800 ita
2676 4764 2894 4802 cursum
2925 4762 3121 4806 nostra:
3151 4753 3395 4808 mortali-

1810 4844 1936 4898 tatis
1982 4840 2236 4907 instituit,
2287 4849 2348 4892 ut
2390 4853 2488 4906 per
2539 4837 2944 4894 succedentium
2992 4840 3401 4902 vicissitudines

1797 4945 2133 5005 temporum,
2182 4933 2412 4988 diversa:
2441 4929 2593 4985 nobis
2619 4928 3030 4988 victoriosorum
3065 4930 3270 4987 Christi
3300 4938 3411 4996 mi.

1806 5026 1958 5082 litum
1995 5023 2315 5084 festivitates
2340 5028 2654 5083 occurram,
2682 5034 2801 5089 qua:
2829 5030 3046 5079 nostros
3088 5021 3304 5084 animos
3333 5033 3424 5094 ad

1807 5133 2048 5174 amorem
2085 5117 2230 5172 illius
2267 5129 2492 5170 summa:
2520 5123 2576 5170 et
2603 5117 2872 5171 continuae
2901 5117 3263 5175 solemnitatis
3319 5140 3440 5196 ac.

1806 5211 2062 5267 cemlant.
2095 5208 2262 5264 Plane
2303 5221 2425 5262 cum
2466 5208 2633 5264 totius
2655 5207 2783 5264 anni
2812 5209 3075 5265 circulum
3104 5209 3360 5281 triumph
3373 5245 3442 5286 δ.

1807 5299 1942 5332 "In":
1993 5297 2154 5332 nsniln
2208 5305 2505 5332 nun-Iumin-
2588 5298 2748 5332 mnrln
2797 5298 3168 5332 nnnd'nm-nmnn
3229 5300 3367 5332 lit...
