3946 5368
455 235 555 291 711

1067 220 1124 276 S.
1158 215 1362 273 PETRI
1402 211 1686 268 DAMIAN
1723 207 1874 262 Ol‘l’.
1907 201 2067 260 PAR!

2172 200 2253 256 Εἰ]
2294 200 2529 258 TOMUS
2569 203 2627 258 ll.
2662 209 2731 244 —’-
2763 201 3148 260 SERMONES.

3615 202 3720 256 7|2

457 347 623 422 polyti
670 342 879 401 scilicet
919 343 973 391 et
1013 330 1258 390 Cassiani
1288 336 1607 397 martyrum,
1644 334 1762 390 quae
1795 328 2050 422 tanquam
2080 328 2127 385 Α
2157 315 2286 422 bar;
2319 313 2460 422 sicut
2628 315 2680 367 in
2714 314 2826 384 ipsa
2859 321 3207 368 sacrosancta
3237 320 3292 366 et
3323 311 3544 383 mystica
3568 330 3716 370 creua

370 431 372 434 ’
459 408 733 512 geminum
778 430 966 486 rutilat
991 427 1222 480 duorum
1260 419 1439 473 lumen
1471 423 1764 469 astrorum.
1795 408 1894 474 Qui
1927 419 2052 507 pro—

460 495 606 587 ;ecto
654 524 795 594 regis
839 516 1027 575 aeterni
1085 507 1443 568 strenuissimi
1491 503 1780 558 bellatores
1824 495 2053 552 diversis

461 620 678 692 quidem
704 588 855 676 locis,
881 607 1112 664 diversis
1134 601 1456 671 subjacuere
1481 592 1794 664 suppliciis;
1828 588 1923 643 scd
1947 600 2052 640 una

458 682 679 780 utrique
728 713 846 762 eral
903 715 1069 757 causa
1112 693 1466 753 certaminis,
1522 688 1647 758 quia
1701 701 1807 739 non
1868 682 2054 750 dispar

463 774 754 871 utrumque
783 796 1121 852 animaverat
1167 784 1435 858 professio
1467 777 1731 834 veritatis.
1767 774 2054 829 Enimvero

462 893 777 956 Cassianus,
805 886 891 942 cui
929 881 1270 954 potissimum
1317 871 1673 929 famulaturus
1724 875 1808 920 est
1853 877 2052 927 sermo,

466 986 560 1041 diu
587 982 803 1052 quidem
834 975 1010 1038 latuit,
1051 971 1146 1026 sed
1173 983 1298 1024 cum
1332 965 1399 1019 ad
1425 973 1704 1018 certamen
1734 963 2053 1052 perventum

461 1082 570 1138 est,
605 1041 744 1140 .quid
779 1063 1108 1126 acrimonia),
1151 1055 1280 1128 quid
1324 1051 1549 1123 saporis,
1580 1048 1707 1119 quid
1725 1041 2056 1100 fortitudinis

465 1135 698 1236 granum
758 1157 960 1226 sinapis
1019 1151 1354 1212 occultaret,
1413 1142 1642 1212 aperuit.
1695 1138 1874 1236 11110,-
1902 1135 2056 1204 juxta

468 1226 708 1313 nominis
735 1250 818 1306 sui
848 1243 1194 1318 praesagium,
1242 1252 1364 1293 cum
1411 1234 1464 1288 in
1509 1228 1776 1302 passionis
1804 1226 1910 1296 pila
1938 1241 2058 1294 per-

469 1354 782 1403 secutorum
818 1315 1068 1393 manibus
1095 1330 1248 1386 tundi
1295 1325 1460 1394 cmpit
1498 1332 1552 1376 et
1581 1320 1766 1385 atteri,
1795 1333 1917 1372 mox
1944 1315 2056 1369 fra-

469 1434 739 1508 grantiam
789 1427 1077 1485 odoriferaz
1121 1418 1423 1481 suavitatis,
1471 1427 1592 1483 quae
1644 1411 1696 1464 in
1751 1424 1807 1462 se
1835 1408 2056 1470 latebat,

472 1501 726 1598 aspersit.
764 1520 920 1577 Casia
955 1515 1221 1587 siquidem
1266 1508 1472 1579 species
1493 1513 1574 1559 est
1599 1501 1912 1563 aromatica,
1941 1513 2060 1598 qua:

473 1588 684 1688 integra
729 1611 946 1684 quidem
996 1605 1194 1662 nullius
1238 1614 1360 1657 esse
1402 1597 1618 1651 videtur
1664 1592 1874 1656 odoris;
1933 1588 2056 1642 trita

398 1723 408 1733 ·
470 1684 656 1762 autem
687 1700 946 1758 naturalis
978 1698 1088 1752 vim
1118 1691 1398 1749 suavitatis
1426 1684 1645 1742 emittit.

543 1798 741 1853 Beatus
782 1795 966 1861 itaque
994 1787 1302 1848 Cassianus,
1335 1790 1392 1836 ut
1421 1788 1694 1850 gestorum
1728 1771 1867 1827 illius
1892 1776 2060 1824 testa-

475 1899 566 1945 tur
611 1886 861 1950 historia,
902 1884 1029 1937 duin
1076 1876 1382 1934 scholarum
1414 1872 1602 1925 doctor
1631 1867 1907 1928 existeret,
1940 1863 2065 1917 bre-

476 1981 742 2049 vibusque
763 1976 905 2032 notis
926 1972 1088 2028 verba
1109 1961 1564 2037 comprehendere
1587 1973 1781 2029 pueros
1801 1956 2062 2018 erudiret,

477 2086 576 2141 pro
599 2048 702 2123 tide
723 2065 925 2121 Christi
947 2065 1012 2117 ad
1041 2059 1391 2130 quaestionem
1414 2054 1676 2108 deductus
1694 2059 1796 2104 est.
1822 2048 2065 2114 Cumque

481 2160 596 2215 zelo
636 2170 931 2212 succensus
972 2151 1095 2206 fidei
1132 2148 1371 2217 judicum
1403 2144 1620 2197 decreta
1672 2143 2062 2200 contenmeret,

479 2259 536 2306 et
561 2246 825 2304 sacrificia
853 2241 1076 2315 profana
1104 2239 1357 2300 calcaret,
1392 2231 1776 2301 discipulorum
1817 2225 2067 2280 manibus

482 2345 550 2401 ad
578 2339 926 2399 cruciandum
949 2335 1177 2390 traditus
1203 2339 1318 2396 est;
1347 2337 1406 2382 ut
1427 2326 1532 2380 illis
1557 2338 1710 2378 versa
1735 2321 1852 2375 vice
1880 2333 2067 2390 pcenas

479 2435 802 2496 exsolveret,
842 2443 976 2499 quos
1023 2428 1135 2496 ipse
1177 2423 1375 2479 dudum
1407 2419 1506 2474 sub
1550 2415 1848 2485 disciplinae
1898 2410 2068 2466 ferula

482 2526 787 2583 terruisset.
820 2520 939 2576 Mox
969 2520 1151 2587 itaque
1185 2510 1512 2569 indumentis
1555 2514 1772 2570 exutus,
1818 2502 2070 2558 manibus

482 2625 604 2688 post
632 2625 778 2685 terga
828 2612 1046 2679 ligatur,
1096 2611 1309 2659 arinato
1353 2599 1508 2671 stylis
1547 2607 1602 2652 et
1640 2593 1837 2650 tabulis
1869 2607 2070 2662 puero-

481 2683 603 2764 rum
658 2683 952 2760 furentium
1004 2698 1219 2769 agmine
1265 2687 1766 2750 circumfunditur;
1827 2683 1919 2753 qui
1974 2698 2073 2735 un-

483 2801 644 2868 dique
698 2802 1053 2865 compunctus
1100 2797 1262 2857 atque
1308 2785 1630 2851 discerptus,
1685 2787 1800 2833 tcto
1843 2788 2073 2843 corpore

483 2889 773 2944 laceratur.
853 2883 1059 2939 Novum
1136 2879 1296 2948 plane
1375 2883 1433 2928 et
1505 2871 1820 2925 inusitatum
1904 2878 2075 2936 genus

485 2977 732 3048 martyrii
759 2975 1022 3044 insignem
1054 2969 1161 3023 Deo
1187 2973 1480 3035 martyrem
1505 2960 1866 3015 consecravit.
1918 2957 2076 3011 Vide-

2157 403 2290 458 dicit
2316 403 2591 473 discipulis
2623 404 2736 459 suis
2768 421 2780 456 :
2821 423 2842 456 ι
2884 403 3035 458 Vado
3064 402 3130 456 ad
3159 417 3281 457 eum
3332 405 3424 473 qui
3464 405 3605 460 misit
3635 425 3722 464 me

2157 495 2353 566 (Joan.
2382 512 2433 550 vi
2452 497 2492 567 ).
2521 515 2539 548 ι
2571 499 2676 552 Sed
2705 498 2832 551 dum
2860 498 3103 552 ascendit
3130 498 3346 564 Bethel,
3381 498 3436 552 id
3461 507 3572 562 est,
3598 499 3719 553 dum

2156 602 2253 657 per
2301 589 2680 644 sacratissime
2727 589 3003 644 Passionis
3039 604 3151 644 sua:
3187 589 3505 659 mysterium
3553 590 3722 645 redire

2157 685 2438 738 contendit
2477 685 2542 738 ad
2583 685 2832 750 Patrem,
2872 684 3023 754 pueri
3066 685 3215 754 parvi
3254 684 3458 754 egressi
3499 684 3564 738 de
3598 685 3722 739 civi-
3798 669 3818 689 ’

2159 783 2291 840 tate,
2323 775 2552 829 illudunt
2582 775 2652 839 ei,
2678 776 2958 830 dicentes:
2984 793 3003 826 ι
3025 775 3272 829 Ascende
3297 774 3471 839 calve,
3499 774 3723 830 ascende

2155 867 2327 921 calve.
2379 885 2398 919 ο
2434 865 2568 933 Quia
2606 865 2800 930 Judaei,
2838 866 2986 922 omni
3027 866 3308 934 gravitatis
3356 875 3411 920 et
3458 867 3726 934 sapientiae

2157 958 2398 1028 pondere
2428 957 2616 1022 vacui,
2653 957 2847 1026 illaque
2878 957 3108 1026 pueritia
3167 956 3376 1026 parvuli
3417 957 3488 1010 de
3518 971 3620 1024 qua
3648 957 3729 1010 di-

2159 1049 2339 1103 citnr:
2380 1066 2398 1098 ‹
2436 1047 2750 1102 Maledictus
2797 1061 2932 1116 puer
2981 1055 3200 1100 centum
3251 1061 3521 1100 annorum
3561 1044 3727 1116 (hui.

2159 1155 2261 1193 va
2288 1139 2306 1209 )
2330 1179 2344 1202 ,
2377 1157 2395 1191 ι
2427 1153 2549 1192 eum
2590 1138 2657 1191 ad
2693 1137 2897 1200 locum,
2931 1135 3020 1205 qui
3062 1135 3262 1189 dicitur
3286 1134 3572 1198 caluaria,
3609 1149 3725 1204 per-

2163 1233 2421 1292 trahunt,
2469 1239 2632 1298 atque
2669 1229 2930 1282 adversus
2956 1241 3082 1281 eum
3127 1225 3387 1296 viperinis
3425 1225 3731 1279 irrisionum

2157 1335 2213 1379 et
2248 1322 2657 1394 opprobriornm
2686 1318 2840 1374 furiis
2872 1319 3248 1381 inardescunt,
3279 1317 3532 1372 calvaria!
3561 1326 3730 1370 autem

2161 1415 2312 1469 locus
2340 1413 2428 1468 ille
2458 1412 2740 1467 dicebatur
2773 1425 2803 1462 a
2837 1407 3072 1463 calvitiis
3109 1405 3439 1476 amputatis,
3473 1407 3599 1475 quia
3632 1405 3733 1460 illic

2163 1502 2466 1560 damnatitii
2498 1499 2754 1556 decollari
2786 1506 3201 1554 consueverant.

2234 1596 2303 1650 Et
2360 1594 2658 1649 notandum
2702 1591 2826 1662 quia
2860 1590 3017 1659 pueri
3046 1588 3251 1657 egressi
3291 1589 3357 1644 de
3397 1587 3618 1642 civitate
3651 1586 3734 1642 di-

2091 1684 2136 1742 B
2169 1693 2404 1741 cuntur:
2439 1683 2725 1752 quoniam,
2757 1681 2899 1736 sicut
2921 1679 3210 1749 Apostolus
3236 1679 3312 1732 ait
3340 1693 3356 1732 τ
3386 1696 3409 1730 ι
3443 1678 3518 1733 Ut
3547 1678 3738 1734 sancti-

2165 1777 2352 1831 ficaret
2381 1789 2476 1846 per
2503 1788 2659 1828 suum
2689 1771 3005 1842 sanguinem
3036 1769 3320 1838 populum,
3350 1777 3507 1822 extra
3533 1778 3737 1839 portam

2165 1881 2357 1936 passus
2392 1873 2477 1920 est
2513 1863 2773 1918 Dominus
2801 1861 2820 1932 (
2847 1859 2980 1914 Heb.
3024 1873 3118 1913 xm
3143 1859 3183 1929 ).
3215 1876 3236 1910 ι
3264 1858 3435 1913 Porro
3474 1857 3619 1927 quod
3656 1873 3740 1912 se-

2166 1957 2369 2026 quitur,
2411 1953 2670 2023 quoniam
2703 1969 2721 2002 ι
2753 1949 2958 2020 egressi
2999 1949 3104 2002 duo
3142 1948 3254 2003 ursi
3293 1949 3361 2003 de
3399 1948 3573 2013 saltu,
3612 1947 3741 2002 dila-

2167 2053 2497 2101 ceraverunt
2533 2059 2601 2098 ex
2636 2042 2717 2097 eis
2755 2039 3110 2110 quadraginta
3147 2039 3282 2093 duos
3317 2054 3540 2108 pueros,
3598 2057 3620 2092 ι
3647 2053 3740 2110 per

2166 2150 2452 2192 numerum
2502 2145 2792 2202 puerorum
2852 2143 3108 2183 numerus
3158 2127 3404 2198 signatur
3454 2142 3737 2181 annorum.

2169 2228 2594 2297 Quadragesimo
2643 2222 2880 2279 secttudo
2935 2221 3132 2291 quippe
3175 2235 3318 2274 anno
3363 2228 3489 2289 post
3535 2219 3743 2274 Domini

2169 2319 2479 2388 passionem
2500 2355 2515 2380 ,
2547 2315 2688 2369 sicut
2717 2312 2954 2367 historiae
2982 2312 3234 2375 tradunt,
3268 2308 3424 2364 Titus
3453 2318 3510 2363 et
3541 2308 3741 2379 Vespa-

2172 2411 2392 2472 sianus,
2426 2407 2530 2461 duo
2562 2418 2716 2474 reges
2745 2403 2812 2457 de
2841 2401 2992 2457 silvis
3030 2401 3300 2471 gentium,
3345 2409 3600 2469 tanquam
3643 2403 3742 2454 duo

2169 2498 2386 2554 feroces
2415 2497 2526 2551 ursi
2549 2534 2563 2561 ,
2594 2495 2662 2550 de
2701 2493 2841 2550 saltu
2879 2491 3118 2548 ferarum
3159 2491 3593 2546 dilaceraverunt
3621 2505 3745 2561 pue-

2174 2604 2306 2652 ros;
2348 2587 2476 2656 quia
2513 2585 2796 2640 venientes
2829 2584 2901 2637 ad
2931 2582 3200 2638 excidium
3239 2581 3620 2648 Hierusalem,
3661 2581 3745 2635 de.

2175 2687 2516 2742 bellaverunt
2550 2684 2602 2737 in
2642 2682 2826 2736 furore
2861 2679 3095 2735 Judteos.
3136 2678 3242 2734 Per
3278 2692 3476 2748 pueros
3512 2692 3648 2748 ergo
3681 2677 3746 2732 si-

2173 2776 2414 2846 gniticati
2469 2783 2596 2830 sunt
2639 2773 2731 2842 qui
2782 2772 3068 2828 Dominum
3113 2770 3548 2836 cruciﬁxerunt;
3596 2771 3745 2840 pueri

2175 2881 2390 2939 quoque
2445 2875 2573 2922 sunt
2613 2865 2706 2936 qui
2745 2865 2806 2919 Β.
2847 2865 3166 2920 Cassianum
3202 2872 3499 2933 martyrem
3532 2863 3744 2918 occide.

2181 2971 2326 3018 runt.
2371 2960 2612 3031 Utraque
2649 2959 2858 3015 scilicet
2897 2973 3003 3012 non
3044 2957 3305 3012 innocens
3339 2956 3576 3026 pueritia
3600 2996 3619 3020 ,
3661 2956 3745 3012 sed

487 3079 580 3124 lUI‘
606 3043 782 3120 allici“
836 3043 951 3117 hch
995 3057 1240 3128 martyrii
1288 3053 1496 3122 δβεείεε
1542 3050 1612 3104 ad
1661 3047 2072 3103 SimiHWdinem
2099 3043 2146 3105 C
2175 3054 2370 3110 artifex
2405 3064 2464 3109 et
2515 3067 2782 3108 venenosa
2833 3050 3056 3105 malitia.
3095 3048 3320 3104 Occisus
3379 3056 3465 3101 est
3500 3047 3746 3103 Christus

488 3153 928 3229 comparandam,
961 3149 1092 3205 nulli
1135 3147 1326 3203 melius
1371 3156 1531 3213 posse
1575 3152 1875 3210 congruere
1911 3151 2073 3206 quam

491 3250 593 3320 ipsi
646 3247 759 3319 regi
813 3254 1110 3314 martyrum
1167 3238 1394 3294 Domino
1465 3232 1754 3290 Salvatori.
1816 3229 1954 3284 Nam
2021 3237 2076 3286 et

491 3342 583 3399 ille
631 3356 663 3394 a
722 3339 836 3394 suis
889 3335 1140 3391 ﬁdelibus
1191 3331 1407 3386 occisus
1455 3335 1577 3390 est,
1637 3323 1834 3379 Judaeis
1885 3320 2074 3376 videli-

493 3441 613 3498 cet,
649 3430 810 3501 196
841 3427 1036 3499 quibus
1064 3434 1332 3496 przecepta
1363 3419 1614 3489 Decalogi
1646 3417 1866 3487 proprio
1899 3414 2070 3484 digito

494 3523 773 3591 descripta
813 3518 1142 3581 tradiderat,
1175 3527 1314 3584 quos
1348 3508 1692 3567 caeremoniis
1747 3506 1862 3561 suis
1906 3503 2074 3559 sacri-

497 3615 852 3682 ticiorumque
883 3609 1078 3665 ritibus
1105 3607 1440 3662 instruxerat
1465 3618 1479 3668 ;
1511 3615 1649 3670 quos
1677 3607 1826 3653 certe
1859 3597 1926 3651 ad
1955 3611 2074 3650 om-

495 3721 620 3760 nem
644 3702 857 3758 vivendi
883 3699 1258 3756 rectitudinem
1279 3735 1294 3762 ,
1323 3705 1578 3764 tanquam
1600 3700 1815 3746 teneros
1839 3687 1938 3743 sub
1961 3688 2075 3741 dis-

496 3797 694 3866 ciplina
734 3809 958 3865 pueros,
988 3791 1389 3846 informaverat.
1431 3787 1581 3842 Sicut
1610 3785 1726 3854 ipse
1751 3799 1847 3854 per
1883 3781 2076 3835 Isaiam

497 3887 680 3941 dicit:
721 3905 738 3936 ι
778 3885 965 3939 Filios
997 3881 1228 3936 enutrivi
1297 3887 1351 3934 et.
1409 3877 1681 3941 exaltavi,
1736 3875 1836 3943 ipsi
1895 3883 2074 3926 autem

498 3984 823 4046 spreverunt
869 3988 955 4027 me
1004 3971 1155 4043 (lsa.
1201 3969 1319 4040 XI).
1370 3989 1388 4021 ι
1424 3968 1556 4022 Nam
1605 3976 1660 4022 et
1707 3966 1780 4020 illi
1825 3963 2077 4038 carnales

506 4066 764 4120 Israelita:
793 4079 1084 4134 puerorum
1115 4063 1332 4117 nomine
1364 4060 1508 4130 digni
1536 4058 1779 4122 fuerant,
1809 4057 1901 4125 qui
1927 4071 2078 4108 man-

499 4158 626 4210 data
685 4155 818 4224 legis
867 4155 1364 4224 prophetarumque
1419 4151 1675 4220 mysteria
1736 4164 1842 4203 non
1920 4145 2074 4200 senili

501 4246 771 4318 gravitate
808 4245 1128 4316 pensabant,
1192 4244 1286 4298 sed
1321 4242 1501 4297 omnia
1537 4238 1976 4310 superficietenus
2011 4251 2078 4290 ac

506 4334 790 4408 pueriliter
820 4334 1225 4404 intelligebant;
1259 4331 1401 4400 quod
1432 4345 1552 4384 cum
1585 4331 1796 4384 diversa
1827 4325 2072 4394 Scriptu-

504 4444 688 4482 rarum
718 4427 888 4498 possit
917 4425 1241 4480 auctoritate
1267 4423 1504 4488 firmari,
1531 4421 1584 4476 id
1609 4429 1816 4474 tantum
1847 4417 2074 4473 suﬂiciat

501 4519 594 4574 hic
624 4531 919 4589 apponere,
965 4516 1125 4586 quod.
1149 4514 1328 4570 Eliseo
1362 4513 1639 4582 prephetze
1677 4509 1870 4580 legitur
1904 4506 2076 4562 conti-

501 4611 664 4682 gisse.
705 4608 840 4663 Nam
888 4622 1013 4663 cum
1062 4605 1379 4660 ascenderet
1439 4616 1535 4671 per
1571 4601 1714 4654 viam
1765 4613 1884 4668 qua:
1931 4595 2078 4650 ducit

505 4699 727 4765 Bethel,
783 4697 936 4768 pueri
988 4696 1140 4766 parvi
1179 4694 1381 4764 egressi
1421 4694 1488 4748 de
1524 4693 1744 4747 civitate
1782 4690 2080 4745 illudebant

501 4791 575 4852 ei,
595 4790 870 4844 dicentes:
899 4805 918 4837 ι
947 4787 1215 4850 Ascende,
1238 4785 1415 4849 calve;
1446 4783 1694 4847 ascende,
1726 4779 1895 4836 calve.
1926 4799 1944 4832 ι
1976 4777 2078 4846 Qui

506 4899 632 4936 cum
667 4883 1012 4952 respexisset,
1049 4881 1182 4935 vidit
1217 4894 1332 4943 eos,
1373 4886 1430 4933 et
1465 4875 1740 4930 maledixit
1777 4875 1856 4929 eis
1889 4873 1943 4928 in
1984 4887 2075 4927 no-

509 4973 658 5026 mine
693 4971 924 5025 Domini.
962 4970 1195 5038 Moxque
1233 4968 1514 5036 Scriptura
1551 4963 1860 5033 subjungit:
1894 4981 1911 5012 ι
1943 4960 2080 5027 Quia

2099 4385 2149 4445 D

2174 3159 2276 3213 pro
2337 3141 2634 3205 Cassiano,
2688 3139 2900 3194 occisus
2944 3146 3032 3193 est
3085 3137 3380 3194 Cassianus
3437 3152 3537 3208 pro
3587 3136 3746 3192 Chri-

2175 3243 2300 3299 sto;
2351 3231 2610 3287 Dominus
2631 3245 2731 3300 pro
2793 3228 2980 3294 servo,
3016 3237 3075 3284 et
3111 3243 3303 3283 servus
3337 3244 3441 3298 pro
3481 3229 3743 3290 Domino;

2175 3323 2387 3379 dicebat
2417 3323 2560 3378 enim
2588 3339 2602 3375 :
2634 3339 2651 3371 ι
2683 3320 2822 3387 Quid
2853 3319 3148 3374 retribuam
3185 3319 3415 3374 Domino
3443 3334 3544 3390 pro
3579 3319 3749 3372 omni-

2175 3417 2309 3479 bus,
2363 3430 2485 3484 quae
2537 3412 2790 3468 retribuit
2836 3412 3012 3466 mihi?
3037 3410 3276 3467 Calicem
3315 3409 3575 3466 salutaris
3611 3410 3748 3466 accio

2174 3508 2353 3576 piam,
2389 3515 2443 3560 et
2482 3521 2676 3561 nomen
2717 3505 2930 3575 Domini
2970 3505 3236 3559 invocabo
3273 3503 3469 3573 (Ρεαι.
3515 3519 3620 3558 cxv
3644 3507 3684 3573 ).
3724 3520 3742 3553 ι

2176 3598 2283 3653 Sed
2313 3597 2400 3652 ille
2428 3597 2562 3651 mori
2593 3597 2844 3666 dignatus
2867 3604 2982 3661 est,
3013 3603 3069 3649 ut
3098 3596 3243 3649 hunc
3271 3594 3338 3649 de
3361 3596 3464 3650 sub
3486 3593 3622 3665 jugo
3649 3593 3748 3648 fer-

2178 3705 2283 3744 reae
2320 3688 2598 3744 servitutis
2630 3688 2922 3753 educeret;
2956 3687 3044 3741 isti
3080 3687 3220 3741 mori
3260 3687 3520 3741 donatum
3547 3695 3666 3751 cst,
3696 3694 3745 3737 ut

2177 3779 2244 3832 ad
2277 3777 2647 3833 haereditatem
2689 3777 2957 3840 filiorum,
2993 3776 3085 3831 cui
3125 3776 3394 3845 ascriptus
3429 3785 3553 3830 crat
3578 3816 3594 3839 ,
3631 3790 3745 3830 cum

2175 3871 2346 3941 gloria
2396 3869 2726 3939 perveniret.
2761 3867 2920 3938 197
2951 3867 3042 3922 Ille
3088 3868 3324 3938 suscepit
3372 3875 3645 3931 mortem,
3691 3875 3747 3919 ιιι

2178 3973 2407 4018 mortem
2455 3963 2511 4017 in
2559 3978 2658 4017 sua
2704 3976 2871 4015 carne
2919 3960 3261 4025 destrueret,
3308 3960 3411 4014 iste
3459 3960 3601 4014 mori
3654 3973 3745 4012 non

2176 4054 2389 4119 timuit,
2442 4062 2502 4106 ut
2548 4053 2614 4106 ad
2660 4061 2939 4106 auctorem
2996 4052 3123 4105 vita:
3161 4050 3420 4120 triumphi
3461 4050 3547 4104 sui
3586 4051 3748 4103 victor

2178 4142 2406 4213 insignia
2445 4148 2767 4212 reportaret.
2799 4140 2896 4194 llle
2919 4149 3298 4209 persecutores
3348 4139 3570 4203 habuit,
3623 4152 3746 4207 quos

2175 4241 2491 4299 creaverat,
2535 4233 2636 4286 iste
2673 4246 2768 4285 eos
2808 4229 3096 4286 carnifices
3157 4229 3382 4300 pertulit
3420 4245 3561 4299 quos
3599 4231 3744 4284 doce-

2176 4325 2288 4380 bat.
2343 4323 2450 4378 Sed
2502 4322 2754 4377 Cliristns
2804 4322 2858 4375 in
2908 4331 3149 4393 martyre
3185 4335 3285 4375 suo
3319 4322 3628 4390 pug-nabat,
3663 4318 3744 4388 qui

2177 4417 2448 4490 pugnandi
2479 4417 2626 4470 vires
2656 4414 3073 4470 administrabat
3101 4431 3114 4478 ;
3150 4415 3202 4467 in
3233 4429 3300 4468 eo
3327 4414 3475 4468 solus
3507 4414 3621 4483 ipse
3644 4412 3746 4465 vin-

2178 4508 2336 4562 cebat
2374 4505 2465 4574 qui
2499 4505 2648 4559 illum
2682 4505 2823 4558 inter
2850 4503 3154 4558 certamina
3185 4502 3500 4558 roborahat.
3537 4501 3670 4554 Nam
3695 4507 3746 4553 et

2181 4604 2294 4651 tota
2325 4593 2648 4649 universalis
2677 4591 2943 4654 Ecclesia,
2975 4594 3234 4646 virtutum
3272 4590 3441 4644 armis
3471 4591 3742 4645 accincta.

2182 4694 2371 4740 contra
2402 4683 2673 4738 diabolum
2705 4698 2803 4752 per
2837 4692 3008 4736 totum
3039 4681 3285 4735 mortalis
3315 4681 3438 4735 vita:
3468 4679 3632 4747 hujus
3658 4694 3742 4734 ex-

2183 4793 2402 4832 cursum
2434 4776 2487 4830 in
2520 4777 2736 4830 Christo
2763 4775 3020 4839 dimicat,
3053 4774 3106 4829 in
3145 4773 3363 4830 Christo
3397 4789 3614 4843 semper
3651 4785 3741 4826 non

2182 4881 2276 4920 sua
2297 4905 2312 4930 ,
2343 4865 2439 4920 sed
2467 4864 2583 4933 ejus
2615 4865 2811 4920 virtute
2841 4863 3154 4932 triumphat.
3187 4862 3337 4918 Hanc
3363 4863 3522 4932 plane
3559 4878 3628 4917 ex
3660 4876 3744 4913 an-

2183 4957 2332 5025 tiquo
2374 4957 2528 5012 hoste
2565 4957 2892 5022 victoriam,
2932 4957 3059 5026 quia
3098 4956 3271 5011 noluit
3308 4955 3596 5028 Synagoga
3622 4995 3637 5022 ,
3666 4970 3743 5008 su-
