3946 5368
211 203 311 256 713

1594 201 1826 256 sanato
1877 179 2115 251 xxxix.

3364 211 3467 268 τη

204 317 255 368 in
276 323 460 368 monte
477 313 751 383 Ephraim,
778 313 1247 382 ascendebantque
1271 312 1476 367 adeam
1503 313 1593 366 ﬁlii
1620 314 1784 367 Israel
1815 321 1861 378 Α
1892 313 2116 384 intelligi
2149 314 2171 365 ἲ
2224 313 2358 370 Nam
2408 331 2530 372 cum
2589 321 3009 378 catechumenus
3063 321 3280 380 lavacro
3328 330 3468 382 sacri

205 407 257 458 in
304 421 467 459 omne
504 405 764 475 judicium
810 406 976 472 (Iud.
1025 405 1137 475 iv).
1191 404 1294 458 Sed
1341 404 1418 458 sic
1469 406 1534 458 ad
1581 406 1787 459 exitum

202 496 437 550 celerius
486 496 819 562 pervenitur,
849 497 936 561 si,
967 497 1090 550 dum
1142 496 1365 550 historia
1419 497 1648 558 texitur,
1692 511 1790 566 per

202 599 387 655 partes
433 587 650 641 interim
681 596 997 655 exponatur.
1039 587 1140 639 Per
1169 585 1430 640 Deboram
1471 601 1635 651 sane,
1670 600 1790 654 qua:

205 677 416 747 loquela
455 678 569 732 sive
595 679 708 747 apis
761 678 1184 747 interpretatur,
1224 678 1503 746 prophetia
1550 694 1653 731 non
1705 679 1787 730 in-

213 771 606 824 convenienter
635 769 917 839 accipitur.
950 769 1080 838 Apis
1107 768 1303 837 quippe
1331 767 1615 829 melliﬁcat,
1645 777 1697 821 et
1725 767 1790 822 de

202 863 489 932 prophetia
538 877 634 930 per
679 860 1020 914 Psalmistam
1065 858 1297 912 dicitur:
1344 879 1360 909 ι
1405 857 1575 923 Quam
1616 857 1788 911 dulcia

202 953 450 1006 faucibus
498 952 633 1006 meis
676 951 890 1019 eloquia
926 962 1046 1014 tua,
1085 951 1338 1011 Domine,
1371 965 1536 1019 super
1578 949 1681 1002 mel
1737 959 1790 1004 et

202 1043 382 1095 favum
412 1041 494 1095 ori
527 1045 674 1096 meo!
707 1035 914 1111 {(Psal.
937 1042 1150 1110 cxvttt.)
1178 1039 1397 1095 Interim
1430 1040 1552 1094 nolo
1583 1055 1677 1094 vos
1708 1039 1786 1092 la-

199 1137 334 1196 teat,
365 1134 724 1194 dilectissimi,
755 1134 880 1203 quia
918 1133 1142 1188 historia
1175 1134 1319 1197 haec,
1360 1149 1522 1202 quam
1557 1144 1792 1186 tractan-

189 1224 325 1290 ‘dam
359 1239 427 1277 ex
457 1225 745 1277 occasione
775 1223 1138 1293 suscepimusl
1167 1223 1408 1292 pluribus
1441 1223 1642 1293 indiget
1670 1238 1790 1275 ver-

197 1315 301 1379 bis,
341 1316 470 1386 quia
505 1315 688 1369 multis
720 1325 802 1369 est
849 1315 1047 1384 repleta
1086 1315 1355 1384 mysteriis
1386 1332 1399 1367 :
1437 1314 1529 1373 sed
1559 1330 1677 1369 eam
1712 1315 1790 1368 id-

194 1405 348 1459 circo
402 1406 504 1459 sub
561 1405 827 1459 brevitate
876 1405 1280 1466 contrahimus,
1333 1413 1391 1457 ut
1445 1404 1786 1458 dilectionem

194 1503 434 1546 vestram
463 1492 792 1562 prolixitatis
824 1493 979 1546 ttedio
1005 1508 1108 1545 non
1134 1508 1438 1561 gravemus.
1464 1492 1785 1548 Considere-

200 1598 324 1635 mus
353 1582 537 1650 itaque
562 1583 648 1636 ubi
683 1582 863 1637 sedem
897 1582 1096 1636 habere
1123 1582 1401 1650 prophetia
1433 1583 1784 1647 describitur,

1893 403 2058 459 fontis
2106 404 2474 478 immergitur,
2528 420 2780 479 tanquam
2821 410 3002 468 Sisara
3033 429 3154 469 cum
3184 431 3281 470 suo
3315 431 3469 473 exer-

1893 497 2035 561 citu,
2085 497 2164 551 sic
2205 500 2565 568 nequissimus
2609 502 2833 571 spiritus
2878 518 2997 558 cum
3047 505 3148 569 his,
3203 521 3321 576 qua:
3367 509 3470 562 sibi

1892 585 2150 651 militant,
2185 587 2335 666 vitiis
2360 589 2611 643 omnibus
2645 605 2864 646 necesse
2903 601 2986 646 est
3013 594 3330 663 perimatur.
3364 595 3472 651 Ile-

1892 677 2108 744 spoudit
2130 687 2307 730 autem
2332 677 2536 732 Barach
2561 679 2627 733 ad
2654 680 2916 736 Deboram
2940 699 2952 734 :
2980 682 3037 736 Si
3063 683 3214 738 venis
3235 699 3470 752 mecum,

1893 769 2115 831 vadam;
2153 767 2198 821 si
2245 767 2482 822 nolueris
2515 771 2720 834 venire,
2751 786 2855 825 non
2884 787 3128 842 pergam.
3170 772 3249 828 Ac
3279 774 3322 828 si
3349 789 3476 828 car--

1893 856 2028 910 nalis
2074 856 2162 911 ille
2208 857 2368 910 Israel
2419 860 2714 928 pr0phetiaz
2757 861 3117 930 respondeat:
3165 860 3274 916 Nisi
3315 861 3473 933 juxta

1892 943 2126 1009 litteras,
2160 955 2214 999 et
2254 948 2409 1015 quasi
2451 948 2748 1002 secundmn
2781 949 3096 1004 muliebrem
3143 951 3475 1009 intellectum

1892 1042 1944 1086 te
1967 1049 2176 1088 mecum
2208 1051 2422 1106 semper
2450 1037 2719 1098 habuero,
2765 1038 3046 1107 spirituale
3073 1052 3346 1096 certamen
3379 1057 3474 1112 ag-

1891 1124 2039 1192 gredi
2063 1140 2168 1177 non
2195 1140 2482 1194 praesumo.
2506 1127 2602 1180 Cui
2627 1126 2832 1180 chora
2860 1146 2874 1181 :
2912 1128 3004 1182 Ibo
3031 1130 3245 1198 quidem
3271 1139 3471 1196 tecum,

1891 1216 1985 1268 sed
2035 1216 2128 1270 tibi
2179 1217 2405 1271 victoria
2454 1233 2562 1271 non
2611 1220 2978 1287 reputabitur,
3018 1222 3143 1292 quia
3171 1223 3224 1276 in
3255 1239 3474 1277 manum

1891 1304 2133 1357 mulieris
2151 1304 2394 1358 tradetur
2417 1305 2622 1359 Sisara.
2641 1307 2796 1361 Velut
2814 1308 2858 1362 si
2878 1319 3118 1364 vetustus
3143 1309 3231 1364 ille
3249 1311 3476 1381 populus

1892 1395 2041 1448 audit
2065 1409 2078 1447 :
2105 1394 2302 1449 Tecum
2335 1397 2550 1466 quidem
2571 1398 2676 1451 erit
2699 1400 2956 1463 exterior,
2989 1408 3046 1452 ut
3067 1401 3326 1469 postulas,
3350 1417 3480 1471 pro-

1891 1485 2103 1554 plictia;
2129 1489 2222 1540 sed
2244 1487 2578 1556 Spiritualem
2602 1503 2667 1542 ex
2695 1490 2916 1558 antiquo
2940 1491 3092 1545 hoste
3121 1493 3474 1564 triumphum,

1891 1591 1998 1630 non
2034 1578 2219 1641 tu,sed
2245 1585 2430 1632 sancta
2453 1579 2632 1647 potius
2645 1580 3186 1637 obtinebitEcclcsia.
3209 1583 3284 1637 Illi
3301 1593 3475 1649 certe,

193 1673 448 1726 videlicet
480 1673 580 1726 sub
607 1673 816 1741 palma,
861 1673 986 1741 quia
1027 1688 1164 1741 quos
1203 1674 1513 1742 prophetica
1544 1673 1783 1728 doctrina
1818 1666 1861 1724 Β
1895 1667 1968 1720 illi
2001 1668 2282 1737 proveniet
2306 1666 2428 1735 jure
2470 1669 2696 1723 victoria
2719 1710 2734 1734 ,
2777 1686 2897 1739 qum
2925 1671 2979 1724 in
3020 1672 3316 1741 Scriptura:
3353 1689 3478 1743 my-

191 1765 307 1816 suis
336 1763 769 1818 institutionibus
793 1766 991 1829 erudit,
1013 1767 1078 1818 ad
1097 1765 1328 1835 palmam
1354 1782 1600 1836 superna:
1622 1781 1782 1821 voca-

195 1851 363 1906 tionis
405 1855 652 1916 adducit,
691 1854 927 1922 dumque
973 1870 1069 1924 per
1113 1870 1232 1909 eam
1279 1857 1526 1910 homines
1573 1857 1786 1910 vivendi

197 1946 450 1997 ordinem
507 1945 754 2010 discunt,
810 1947 1063 2000 vitiorum
1122 1947 1495 2001 rebellantium
1554 1948 1787 2001 victores

195 2035 355 2087 ﬁunt.
385 2035 495 2089 Nec
527 2038 958 2106 praetereundum
989 2039 1130 2107 quod
1161 2039 1302 2092 inter
1326 2039 1492 2093 ﬂama
1523 2051 1574 2093 et
1603 2039 1787 2094 Ilethcl

192 2127 403 2179 sedisse
448 2128 785 2196 perhibetur.
818 2127 988 2182 Rama
1029 2129 1293 2198 siquidem
1339 2130 1571 2194 excelsa,
1607 2129 1786 2183 Bethel

190 2219 383 2272 domus
420 2219 530 2282 Dei,
569 2220 838 2288 sicutjam
872 2222 1127 2289 diximus,
1175 2223 1581 2293 interpretatur.
1621 2225 1787 2278 Recte

192 2307 360 2375 igitur
387 2309 671 2379 prophetia
703 2310 843 2364 inter
878 2310 1046 2364 Rama
1082 2324 1138 2365 et
1184 2311 1366 2367 Bethel
1413 2314 1660 2367 habitare
1689 2314 1787 2368 de—

195 2398 492 2462 scribitur;
517 2399 642 2467 quia
670 2400 916 2469 quisquis
943 2401 1274 2470 propheticis
1300 2403 1478 2456 studet
1505 2402 1786 2472 invigilare

194 2489 480 2553 doctrinis,
514 2491 760 2559 quisquis
802 2507 1082 2546 sacrarmn
1123 2482 1526 2563 Scripturarum
1575 2497 1786 2549 sint-ere

193 2589 352 2632 vacat
378 2580 632 2650 eloquiis,
660 2582 738 2636 sic
769 2583 821 2635 in
850 2584 1009 2636 domo
1041 2583 1129 2637 Dei
1161 2599 1257 2653 per
1285 2583 1610 2638 desiderium
1636 2601 1787 2641 mcu-

196 2671 260 2722 tis
295 2671 586 2736 inhabitat,
623 2681 680 2726 ut
725 2688 829 2727 non
873 2673 1085 2726 inﬁrma
1129 2683 1183 2728 et
1233 2686 1648 2737 momentanca,
1690 2675 1785 2729 sed

192 2763 406 2816 excelsa
441 2765 619 2832 potius
680 2775 844 2834 atque
872 2767 1115 2820 cmlestia
1147 2781 1364 2835 semper
1394 2767 1651 2836 iuquirat.

261 2852 391 2908 Ilaec
416 2861 630 2908 vocavit
662 2856 728 2910 ad
756 2872 813 2911 se
837 2857 1064 2911 Barach.
1093 2857 1262 2912 Porro
1285 2857 1494 2912 Barach
1522 2859 1774 2928 interpre-

193 2953 340 2997 tatur
387 2947 704 2999 coruscutio.
758 2945 1074 3002 Coruscatio
1123 2957 1304 3001 autem
1360 2949 1521 3004 habet
1568 2950 1783 3017 quidem

1891 1757 2098 1821 steriis,
2133 1758 2259 1810 dum
2290 1759 2588 1827 spiritualis
2614 1759 2979 1829 intelligentia:
3008 1762 3292 1816 medullam
3327 1779 3478 1833 qums

1889 1846 1983 1909 rit,
2005 1845 2304 1900 occidentis
2326 1847 2520 1901 littera:
2543 1847 2726 1916 paleas
2745 1865 3072 1920 magnopere
3095 1868 3198 1906 non
3217 1854 3473 1908 attendit.

1959 1934 2266 1989 Commisso
2315 1936 2496 2004 itaque
2537 1938 2676 1992 bello
2724 1941 2940 1994 tandem
2997 1941 3135 2012 fugit
3181 1944 3369 1998 Sisara
3421 1945 3478 2000 in

1889 2024 2107 2076 domum
2140 2023 2328 2088 labet,
2379 2026 2693 2097 alienigenae
2740 2028 2986 2084 videlicet
3036 2031 3296 2085 mulieris.
3345 2032 3479 2102 Qua:

1889 2114 2134 2183 profecto
2158 2116 2361 2172 sitienti
2393 2127 2566 2172 utrem
2591 2119 2745 2174 lactis
2769 2121 2982 2189 aperuit
3007 2132 3059 2176 et
3080 2131 3264 2192 polum
3290 2124 3474 2189 dedit;

1888 2206 2082 2260 deinde
2110 2206 2320 2260 clavum
2352 2209 2403 2262 in
2433 2210 2718 2263 cerebrum
2756 2211 2871 2280 ejus
2901 2226 2998 2281 per
3025 2221 3238 2284 tempus
3267 2223 3478 2269 utrum-

1888 2311 1993 2364 que
2023 2296 2242 2362 deﬁxit,
2291 2298 2478 2367 sicque
2512 2298 2564 2351 in
2603 2300 2837 2354 hominis
2877 2304 3056 2372 specie
3093 2319 3480 2374 pervcrsorunt

1887 2387 2126 2441 carnium
2160 2397 2322 2457 caput
2344 2391 2614 2446 diabolmn
2640 2391 2931 2447 interfecit.
2960 2392 3098 2460 Quid
3126 2397 3269 2450 enim
3300 2396 3476 2462 Jahel,

1887 2495 2007 2548 quae.
2055 2481 2289 2534 ascensio
2339 2481 2741 2552 interpretatur,
2797 2485 2898 2538 nisi
2945 2499 3192 2541 sanctam
3230 2489 3479 2560 designat

1891 2570 2210 2638 Ecclesium,
2242 2587 2342 2642 per
2368 2589 2532 2642 quam
2563 2574 2814 2630 videlicet
2853 2577 3022 2632 solam
3059 2578 3336 2634 beatitudo
3365 2595 3476 2635 ca:-

1887 2653 2039 2722 Iest'is
2069 2665 2418 2719 ostenditur?
2457 2665 2610 2721 Unde
2651 2677 2707 2721 et
2744 2665 3027 2739 Synagoga
3061 2669 3126 2724 de
3157 2669 3345 2725 eadem
3375 2670 3479 2727 Ec-

1885 2751 2050 2814 clesia
2081 2754 2212 2807 dicit
2239 2755 2290 2808 in
2317 2755 2588 2811 Catiticis:
2629 2777 2646 2808 ι
2675 2757 2803 2824 Qua:
2824 2767 2907 2812 est
2935 2759 3057 2823 ista,
3085 2774 3203 2828 quae
3233 2760 3478 2815 ascendit

1887 2846 1952 2898 de
1981 2845 2197 2899 deserto
2228 2846 2437 2903 deliciis
2467 2847 2691 2902 aﬁluens
2711 2888 2726 2912 ,
2771 2847 2954 2902 innixa
3006 2865 3170 2919 super
3215 2849 3476 2907 dilectum

1888 2937 2083 2989 suum?
2116 2955 2134 2987 ι
2182 2935 2356 3005 (Cum.
2403 2939 2546 3008 vtu.)
2589 2938 2715 2993 Ilzec
2775 2939 2968 2996 mulier
3001 2941 3302 3012 alienigena
3351 2942 3475 3008 fuit,

194 3034 396 3101 lucem,
433 3038 525 3089 sed
560 3053 664 3090 non
702 3037 902 3091 diutius
933 3047 1359 3106 permanentem.
1397 3038 1514 3092 Mox
1547 3041 1691 3093 enim
1725 3050 1782 3100 Ut

1893 3027 2016 3096 quia
2063 3041 2248 3082 sant-1a
2284 3027 2527 3083 Ecclesia
2567 3029 2633 3084 de
2676 3025 2976 3101 gentilitate
3020 3035 3308 3102 processit.
3349 3033 3478 3092 Ilaec

191 3125 375 3179 lucere
407 3125 617 3195 incipit,
651 3127 797 3182 illico
831 3130 1031 3183 deﬁcit.
1057 3129 1264 3184 Barach
1297 3130 1464 3198 igitur
1487 3130 1588 3184 iste
1614 3129 1784 3186 lsvae-

192 3215 328 3268 litici
370 3217 548 3286 populi
585 3217 812 3289 ﬁguram
847 3227 1010 3281 tenet,
1043 3219 1133 3288 qui
1162 3221 1370 3288 primus
1391 3221 1631 3275 omnium
1661 3236 1786 3290 pro-

195 3305 428 3374 plieticis
477 3307 778 3362 instructus
825 3309 1094 3372 oraculis,
1129 3309 1520 3378 aliquantulum
1566 3313 1784 3379 quidem

191 3397 243 3447 in
296 3406 522 3465 accepta
563 3397 680 3466 lege
727 3396 960 3462 refulsit,
1007 3398 1102 3453 sed
1138 3399 1288 3453 brevi
1342 3409 1584 3468 tempore
1629 3416 1784 3456 coru-

193 3487 387 3540 scavit.
427 3487 484 3540 In
516 3487 630 3558 lege
669 3488 866 3557 quippe
892 3530 907 3554 ,
952 3492 1017 3543 de
1058 3506 1162 3559 qua
1209 3491 1412 3546 dictum
1444 3501 1565 3544 est:
1623 3511 1640 3542 ι
1673 3492 1782 3547 Lu-

188 3591 357 3630 cerna
408 3577 634 3646 pedibus
681 3579 814 3632 meis
863 3578 1086 3633 verbum
1142 3589 1331 3645 tuum,
1404 3581 1666 3646 Domine,
1731 3595 1786 3637 et

194 3666 376 3722 lumen
429 3668 639 3722 semitis
687 3669 823 3722 meis
865 3669 1036 3738 (Psal.
1067 3671 1309 3740 cxvut),
1344 3690 1362 3722 ι
1393 3672 1646 3743 antiquus
1695 3672 1782 3727 ille

189 3759 425 3829 populus
469 3759 649 3814 lucere
687 3760 882 3830 erepit,
928 3761 1022 3814 sed
1070 3762 1249 3815 desiit.
1284 3763 1581 3817 Coruscum
1629 3765 1783 3832 quasi

188 3849 354 3902 clarae
381 3849 510 3902 vita:
535 3849 776 3920 protulit,
806 3851 898 3904 sed
928 3852 979 3904 in
1022 3852 1213 3906 lucidis
1239 3854 1495 3922 operibus
1527 3871 1629 3908 non
1665 3871 1784 3923 per-

190 3938 416 3992 mansit.
451 3937 584 3993 Nam
616 3940 742 3994 dum
787 3941 1069 3996 dicerent:
1109 3961 1126 3992 ‹
1157 3942 1382 4008 Omnia,
1421 3961 1538 4012 qua:
1583 3959 1786 4013 prasce-

190 4027 335 4095 perit
359 4027 518 4082 nobis
546 4028 825 4093 Dominus,
848 4037 902 4083 et
928 4029 1211 4085 audiemus
1231 4039 1284 4085 et
1309 4030 1588 4098 faciemus,
1616 4053 1634 4084 ι
1657 4047 1785 4086 ecce

188 4117 348 4185 quasi
380 4117 473 4170 lux
507 4119 901 4174 coruscationis
931 4119 1092 4190 198
1116 4129 1338 4184 exorta;
1380 4122 1474 4176 sed
1519 4123 1645 4176 dum
1697 4137 1782 4176 rc-

191 4220 354 4279 pente
383 4220 680 4265 curvarent
711 4227 883 4282 genua
923 4223 1050 4268 ante
1094 4212 1257 4280 Baal,
1307 4229 1434 4268 ecce
1479 4217 1784 4270 coruscatio

190 4301 481 4355 videbatur
509 4302 801 4357 exstincta.
845 4303 992 4357 Dixit
1020 4318 1151 4374 ergo
1190 4303 1401 4358 Debora
1432 4305 1498 4358 ad
1531 4305 1738 4361 Barach
1765 4324 1778 4359 :

196 4408 212 4438 ‹
244 4389 515 4460 Praecepit
549 4392 645 4446 tibi
678 4391 938 4448 Dominus
981 4393 1120 4448 Deus
1164 4394 1327 4448 Israel
1355 4412 1367 4447 :
1419 4394 1568 4450 Tolle
1602 4405 1777 4451 tecum

192 4483 377 4535 decem
410 4483 578 4536 millia
604 4493 985 4553 pugnatorum,
1012 4495 1066 4540 et
1092 4486 1226 4539 vade
1269 4486 1322 4539 in
1365 4495 1599 4541 montem
1638 4488 1781 4542 Tha-

193 4570 311 4624 bor.
361 4573 475 4643 Ego
504 4582 690 4628 autem
733 4574 994 4629 adducam
1024 4575 1093 4628 ad
1140 4585 1191 4630 te
1229 4577 1280 4631 in
1323 4577 1496 4631 locum
1527 4580 1782 4632 torrentis

193 4659 353 4716 Cison
383 4662 630 4719 Sisaram
669 4665 965 4736 principem
1002 4665 1273 4721 exercitus
1300 4665 1456 4721 Jabin
1475 4707 1490 4732 ,
1515 4677 1568 4720 et
1591 4681 1784 4723 currus

197 4751 311 4819 ejus
321 4769 650 4826 omnemque
665 4756 1086 4823 multitudinem,
1107 4760 1426 4826 tradamque
1441 4771 1534 4814 eos
1549 4760 1601 4813 in
1622 4775 1780 4815 manu

201 4854 285 4898 tua
315 4847 462 4916 (Iud.
495 4849 595 4918 ιν).
628 4868 646 4899 ι
678 4847 956 4920 Tanquam
991 4851 1034 4904 si
1063 4867 1158 4920 per
1185 4852 1554 4922 propheticam
1585 4855 1782 4910 doctri-

199 4951 318 4992 nam
355 4941 527 5010 priori
574 4942 768 5011 populo
799 4942 943 4998 Deus
973 4945 1314 5014 omnipotens
1345 4943 1490 5000 dicat
1519 4964 1532 5000 :
1588 4949 1781 5004 Decem

200 5045 459 5105 praecepta
492 5034 628 5104 legis
653 5050 886 5101 assume,
914 5045 969 5091 et
995 5037 1249 5091 virtutum
1281 5036 1496 5092 culmen
1527 5045 1778 5108 ascende,

199 5123 375 5194 sicque
419 5125 780 5196 reproborum
827 5127 1117 5196 principem
1162 5145 1223 5184 ac
1278 5125 1445 5182 totius
1481 5129 1780 5199 iniquitatis

196 5223 489 5278 auctorem,
524 5228 615 5268 me
645 5215 736 5268 tibi
767 5216 908 5271 vires
931 5216 1377 5277 administrante,
1408 5231 1712 5284 prosterno.

257 5301 364 5360 Nec
394 5305 836 5368 prmtereundum
879 5305 1022 5368 quod
1048 5308 1301 5368 princeps
1338 5303 1431 5360 ille
1461 5309 1665 5366 militia:
1693 5313 1781 5368 Si-

1887 3115 2252 3173 lsraelitarum
2283 3121 2490 3175 hostem
2516 3121 2666 3189 prius
2688 3121 2826 3176 lacte
2853 3123 3078 3192 potavit,
3100 3133 3285 3193 postea
3306 3125 3477 3196 pilum

1885 3211 2047 3279 capiti
2087 3210 2203 3278 ejus
2249 3211 2454 3275 inlisit;
2501 3212 2625 3280 quia
2659 3212 2879 3268 humani
2910 3213 3127 3284 generis
3157 3215 3472 3281 inimicum,

1884 3314 2042 3367 quem
2075 3311 2260 3352 sancta
2294 3298 2445 3368 prius
2471 3299 2713 3355 Ecclesia
2739 3301 3029 3357 carnaliter
3051 3304 3282 3359 vivendo
3305 3304 3477 3361 Iacta-

1884 3390 1998 3453 vit,
2029 3390 2371 3458 postmodum
2404 3389 2762 3458 spiritualiter
2792 3394 3199 3460 conversando,
3234 3396 3471 3464 quodam

1887 3480 2134 3533 acumine
2181 3494 2242 3532 ac
2273 3481 2468 3534 virzute
2497 3481 2674 3535 erucis
2700 3482 2979 3537 exstinxit.
3013 3482 3124 3538 Nisi
3154 3485 3298 3539 enim
3332 3485 3474 3540 insa-

1887 3568 2365 3623 tiabilisbomicida
2389 3571 2745 3638 perditionem
2761 3572 2980 3628 humani
3004 3576 3219 3644 generis
3241 3576 3475 3648 incaltlo-

1886 3663 1977 3715 bili
2010 3677 2234 3732 prorsus
2261 3663 2519 3717 aviditate
2550 3665 2760 3729 sitiret,
2790 3667 2856 3720 de
2887 3665 2978 3720 illo
3002 3676 3152 3721 certe
3189 3666 3473 3737 Scriptura

1886 3769 1991 3808 non
2016 3754 2257 3808 diceret:
2292 3774 2308 3804 ‹
2338 3754 2668 3810 Absorbebit
2688 3755 2931 3820 fluvium.
2955 3766 3134 3816 etnon
3160 3758 3471 3826 mirabitur,

1885 3853 1941 3898 et
1971 3845 2130 3898 habet
2161 3843 2412 3898 ﬁduciam
2458 3845 2599 3913 quod
2657 3844 2844 3900 inﬁda!
2875 3845 3130 3902 Iordanis
3169 3846 3220 3900 in
3265 3861 3327 3902 os
3355 3846 3474 3916 ejus

1887 3934 2004 4005 (Job
2038 3937 2146 4004 st).
2183 3955 2200 3987 ι
2249 3933 2358 3989 Lac
2402 3951 2532 3989 vero
2576 3933 2783 3991 fructus
2809 3945 2892 3990 est
2919 3938 3118 4002 carnis,
3165 3946 3219 3991 ct
3251 3937 3504 3996 blandi-,

1887 4037 2064 4081 menta
2093 4027 2328 4082 carnalis
2358 4028 2622 4099 signiﬁcat
2650 4028 2959 4098 voluptatis.

1957 4117 2207 4183 Quandiu
2240 4133 2370 4188 ergo
2398 4119 2613 4190 gentilis
2650 4120 2877 4190 populus
2901 4118 3056 4188 juxta
3093 4121 3266 4193 legem
3294 4124 3475 4180 carnis

1886 4209 2202 4280 voluptuose
2245 4212 2378 4264 vixit
2403 4253 2416 4276 ,
2462 4221 2717 4282 tauquam
2750 4214 2866 4276 lac,
2914 4215 2986 4267 ita
3017 4215 3138 4269 vita:
3169 4215 3329 4287 199
3362 4233 3472 4271 sua:

1887 4301 2164 4355 mollitiem
2196 4303 2434 4366 sitienti,
2487 4315 2715 4356 tnortem
2747 4311 2990 4358 nostram
3033 4304 3244 4358 diabolo
3288 4306 3474 4374 propi-

1888 4393 2054 4446 navit.
2088 4392 2154 4446 At
2185 4402 2472 4462 postquam
2519 4395 2618 4448 sub
2645 4393 2870 4460 spiritus
2917 4407 2975 4446 se
3017 4393 3300 4462 disciplina
3338 4409 3472 4448 cun-

1888 4483 2128 4545 strinxit,
2153 4483 2366 4538 invicta:
2398 4497 2518 4535 mox
2547 4482 2724 4537 crucis
2752 4497 2902 4536 arma
2929 4483 3210 4554 corripuit,
3235 4483 3477 4536 hostem-

1889 4589 1993 4644 que
2023 4573 2210 4628 salutis
2256 4573 2539 4636 humanae,
2591 4586 2752 4640 quem
2782 4573 2981 4626 dudum
3011 4572 3303 4642 voluptatis
3335 4573 3479 4627 lacte

1889 4674 2192 4736 potaverat,
2224 4679 2368 4718 nunc
2404 4663 2740 4733 pmnilentite
2768 4664 2972 4717 munita
3014 4662 3298 4742 praesidio,
3336 4661 3482 4732 ligno

1893 4755 2183 4814 transﬁxit.
2220 4755 2310 4809 Sic
2342 4756 2530 4823 itaque
2570 4765 2732 4823 quem
2779 4752 3096 4820 israelitica
3135 4751 3286 4825 plebs
3329 4765 3488 4820 snpe-

1891 4862 2015 4902 rare
2040 4862 2151 4904 non
2180 4843 2377 4916 potuit,
2410 4845 2698 4915 peregrina
2747 4843 2969 4911 mulier,
3026 4855 3145 4915 hoc
3179 4847 3260 4895 est
3286 4838 3498 4908 gentilis

1889 4938 2152 5006 Ecclesia,
2180 4937 2294 4993 solo
2318 4935 2501 4990 crucis
2531 4936 2676 5005 ligno
2703 4937 3061 5009 prostravit“

1959 5029 2097 5085 Ilinc
2140 5039 2221 5085 est
2259 5027 2402 5095 quod
2432 5035 2488 5080 et
2535 5025 2624 5081 hic
2668 5025 3122 5108 invictissimus
3151 5013 3341 5081 Christi
3370 5013 3520 5070 miles

1886 5125 1947 5179 Β.
1974 5120 2266 5178 Cassianus
2291 5119 2434 5172 inter
2461 5117 2784 5188 gravissima
2813 5132 3166 5196 ρωηιιιιυιιι
3189 5121 3398 5196 suarum
3421 5113 3532 5158 tor-

1886 5225 2068 5273 menta
2117 5211 2359 5282 superari
2398 5227 2504 5262 non
2549 5209 2762 5278 potuit,
2793 5210 2922 5280 quia
2991 5192 3153 5288 ηδε,
3195 5192 3539 5288 ευιῐμῐεηθξ

1882 5307 2051 5363 lorica
2081 5299 2460 5365 circumdedit,
2493 5316 2598 5355 non
2631 5299 2782 5368 galea
2813 5282 3105 5368 cristag;
3155 5285 3415 5368 protexit.
3449 5282 3547 5337 sed
