  <div class='ocr_page' id='page_1' title='image "/cluster/home/n/w/nwhite01/storage/ocr_20150623/144/hvd.32044010574010/363.png"; bbox 0 0 3978 5328; ppageno 0'>
   <div class='ocr_carea' id='block_1_1' title="bbox 536 297 641 362">
    <p class='ocr_par' dir='ltr' id='par_1_1' title="bbox 536 297 641 362">
     <span class='ocr_line' id='line_1_1' title="bbox 536 297 641 362; baseline -0.01 -10"><span class='ocrx_word' id='word_1_1' title='bbox 536 297 641 362; x_wconf 64' lang='grc' dir='ltr'><strong>7ιέ</strong></span> 
     </span>
    </p>
   </div>
   <div class='ocr_carea' id='block_1_2' title="bbox 1141 296 3744 360">
    <p class='ocr_par' dir='ltr' id='par_1_2' title="bbox 1141 296 3744 360">
     <span class='ocr_line' id='line_1_2' title="bbox 1141 296 3744 360; baseline 0.002 -7"><span class='ocrx_word' id='word_1_2' title='bbox 1141 297 1196 354; x_wconf 81' lang='lat' dir='ltr'><strong>S.</strong></span> <span class='ocrx_word' id='word_1_3' title='bbox 1229 297 1434 352; x_wconf 79' lang='lat' dir='ltr'><strong>PETRI</strong></span> <span class='ocrx_word' id='word_1_4' title='bbox 1465 297 1740 353; x_wconf 76' lang='lat' dir='ltr'><strong>DAMIANI</strong></span> <span class='ocrx_word' id='word_1_5' title='bbox 1785 297 1936 355; x_wconf 82' lang='lat' dir='ltr'><strong>OPP.</strong></span> <span class='ocrx_word' id='word_1_6' title='bbox 1963 296 2142 351; x_wconf 74' lang='lat' dir='ltr'><strong>PARS</strong></span> <span class='ocrx_word' id='word_1_7' title='bbox 2183 297 2312 354; x_wconf 70' lang='grc' dir='ltr'><strong>εει]</strong></span> <span class='ocrx_word' id='word_1_8' title='bbox 2368 299 2601 357; x_wconf 78' lang='lat' dir='ltr'><strong>TOMUS</strong></span> <span class='ocrx_word' id='word_1_9' title='bbox 2642 298 2705 355; x_wconf 86' lang='lat' dir='ltr'><strong>Il.</strong></span> <span class='ocrx_word' id='word_1_10' title='bbox 2747 329 2815 340; x_wconf 86' lang='lat'><strong>-—</strong></span> <span class='ocrx_word' id='word_1_11' title='bbox 2854 297 3235 354; x_wconf 71' lang='lat' dir='ltr'><strong>SERMONES.</strong></span> <span class='ocrx_word' id='word_1_12' title='bbox 3657 305 3744 360; x_wconf 75' lang='grc' dir='ltr'><strong>ιιι</strong></span> 
     </span>
    </p>
   </div>
   <div class='ocr_carea' id='block_1_3' title="bbox 533 411 3744 490">
    <p class='ocr_par' dir='ltr' id='par_1_3' title="bbox 533 411 3744 490">
     <span class='ocr_line' id='line_1_3' title="bbox 533 411 3744 490; baseline -0.001 -18"><span class='ocrx_word' id='word_1_13' title='bbox 533 418 667 472; x_wconf 74' lang='lat' dir='ltr'><strong>bella</strong></span> <span class='ocrx_word' id='word_1_14' title='bbox 697 414 1067 486; x_wconf 58' lang='lat' dir='ltr'><strong>congrediens,</strong></span> <span class='ocrx_word' id='word_1_15' title='bbox 1101 411 1440 468; x_wconf 72' lang='lat' dir='ltr'><strong>Philisthzrus</strong></span> <span class='ocrx_word' id='word_1_16' title='bbox 1472 413 1766 484; x_wconf 79' lang='lat' dir='ltr'><strong>sacrilegus</strong></span> <span class='ocrx_word' id='word_1_17' title='bbox 1796 414 2098 484; x_wconf 84' lang='lat' dir='ltr'><strong>ignorabat,</strong></span> <span class='ocrx_word' id='word_1_18' title='bbox 2131 420 2176 477; x_wconf 80' lang='grc' dir='ltr'><strong>Α</strong></span> <span class='ocrx_word' id='word_1_19' title='bbox 2204 431 2452 480; x_wconf 86' lang='lat' dir='ltr'><strong>crucem,</strong></span> <span class='ocrx_word' id='word_1_20' title='bbox 2498 424 2551 470; x_wconf 91' lang='lat' dir='ltr'><strong>et</strong></span> <span class='ocrx_word' id='word_1_21' title='bbox 2593 414 2961 484; x_wconf 80' lang='lat' dir='ltr'><strong>unusquisque</strong></span> <span class='ocrx_word' id='word_1_22' title='bbox 2999 423 3237 467; x_wconf 90' lang='lat' dir='ltr'><strong>nostrum</strong></span> <span class='ocrx_word' id='word_1_23' title='bbox 3281 413 3502 469; x_wconf 88' lang='lat' dir='ltr'><strong>solerter</strong></span> <span class='ocrx_word' id='word_1_24' title='bbox 3531 417 3744 490; x_wconf 76' lang='lat' dir='ltr'><strong>invigilet</strong></span> 
     </span>
    </p>
   </div>
   <div class='ocr_carea' id='block_1_4' title="bbox 534 501 2104 576">
    <p class='ocr_par' dir='ltr' id='par_1_4' title="bbox 534 501 2104 576">
     <span class='ocr_line' id='line_1_4' title="bbox 534 501 2104 576; baseline -0.001 -16"><span class='ocrx_word' id='word_1_25' title='bbox 534 517 696 576; x_wconf 88' lang='lat' dir='ltr'><strong>atque</strong></span> <span class='ocrx_word' id='word_1_26' title='bbox 743 505 943 559; x_wconf 84' lang='lat' dir='ltr'><strong>idcirco</strong></span> <span class='ocrx_word' id='word_1_27' title='bbox 989 519 1109 556; x_wconf 89' lang='lat' dir='ltr'><strong>mox</strong></span> <span class='ocrx_word' id='word_1_28' title='bbox 1149 502 1201 556; x_wconf 85' lang='lat' dir='ltr'><strong>in</strong></span> <span class='ocrx_word' id='word_1_29' title='bbox 1251 501 1426 556; x_wconf 76' lang='lat' dir='ltr'><strong>ft&#39;Ottle</strong></span> <span class='ocrx_word' id='word_1_30' title='bbox 1477 518 1763 573; x_wconf 86' lang='lat' dir='ltr'><strong>percussus</strong></span> <span class='ocrx_word' id='word_1_31' title='bbox 1797 503 2002 557; x_wconf 89' lang='lat' dir='ltr'><strong>interiit</strong></span> <span class='ocrx_word' id='word_1_32' title='bbox 2043 503 2104 573; x_wconf 83' lang='lat' dir='ltr'><strong>(I</strong></span> 
     </span>
    </p>
   </div>
   <div class='ocr_carea' id='block_1_5' title="bbox 535 585 2104 666">
    <p class='ocr_par' dir='ltr' id='par_1_5' title="bbox 535 585 2104 666">
     <span class='ocr_line' id='line_1_5' title="bbox 535 585 2104 666; baseline -0.003 -15"><span class='ocrx_word' id='word_1_33' title='bbox 535 597 660 666; x_wconf 76' lang='lat' dir='ltr'><strong>Reg.</strong></span> <span class='ocrx_word' id='word_1_34' title='bbox 691 585 854 662; x_wconf 80' lang='lat' dir='ltr'><strong>xvu),</strong></span> <span class='ocrx_word' id='word_1_35' title='bbox 883 595 971 648; x_wconf 93' lang='lat' dir='ltr'><strong>ubi</strong></span> <span class='ocrx_word' id='word_1_36' title='bbox 998 594 1208 648; x_wconf 88' lang='lat' dir='ltr'><strong>scilicet</strong></span> <span class='ocrx_word' id='word_1_37' title='bbox 1233 594 1355 648; x_wconf 66' lang='lat' dir='ltr'><strong>vitae</strong></span> <span class='ocrx_word' id='word_1_38' title='bbox 1379 593 1478 648; x_wconf 85' lang='lat' dir='ltr'><strong>sibi</strong></span> <span class='ocrx_word' id='word_1_39' title='bbox 1510 593 1849 664; x_wconf 78' lang='lat' dir='ltr'><strong>signaculum</strong></span> <span class='ocrx_word' id='word_1_40' title='bbox 1877 609 1982 647; x_wconf 90' lang='lat' dir='ltr'><strong>non</strong></span> <span class='ocrx_word' id='word_1_41' title='bbox 2005 595 2104 648; x_wconf 81' lang='lat' dir='ltr'><strong>im-</strong></span> 
     </span>
    </p>
   </div>
   <div class='ocr_carea' id='block_1_6' title="bbox 528 683 2105 758">
    <p class='ocr_par' dir='ltr' id='par_1_6' title="bbox 528 683 2105 758">
     <span class='ocr_line' id='line_1_6' title="bbox 528 683 2105 758; baseline -0.003 -15"><span class='ocrx_word' id='word_1_42' title='bbox 528 687 749 758; x_wconf 87' lang='lat' dir='ltr'><strong>pressit.</strong></span> <span class='ocrx_word' id='word_1_43' title='bbox 784 685 897 740; x_wconf 86' lang='lat' dir='ltr'><strong>Hoc</strong></span> <span class='ocrx_word' id='word_1_44' title='bbox 924 685 1136 756; x_wconf 90' lang='lat' dir='ltr'><strong>signum</strong></span> <span class='ocrx_word' id='word_1_45' title='bbox 1169 684 1359 738; x_wconf 90' lang='lat' dir='ltr'><strong>salutis</strong></span> <span class='ocrx_word' id='word_1_46' title='bbox 1385 684 1436 737; x_wconf 88' lang='lat' dir='ltr'><strong>in</strong></span> <span class='ocrx_word' id='word_1_47' title='bbox 1467 683 1641 737; x_wconf 84' lang='lat' dir='ltr'><strong>fronte</strong></span> <span class='ocrx_word' id='word_1_48' title='bbox 1669 683 1991 753; x_wconf 91' lang='lat' dir='ltr'><strong>depingitur,</strong></span> <span class='ocrx_word' id='word_1_49' title='bbox 2019 684 2105 738; x_wconf 91' lang='lat' dir='ltr'><strong>ubi</strong></span> 
     </span>
    </p>
   </div>
   <div class='ocr_carea' id='block_1_7' title="bbox 530 773 2106 844">
    <p class='ocr_par' dir='ltr' id='par_1_7' title="bbox 530 773 2106 844">
     <span class='ocr_line' id='line_1_7' title="bbox 530 773 2106 844; baseline -0.001 -14"><span class='ocrx_word' id='word_1_50' title='bbox 530 777 781 832; x_wconf 85' lang='lat' dir='ltr'><strong>videlicet</strong></span> <span class='ocrx_word' id='word_1_51' title='bbox 819 776 1072 832; x_wconf 82' lang='lat' dir='ltr'><strong>sacerdos</strong></span> <span class='ocrx_word' id='word_1_52' title='bbox 1099 789 1342 830; x_wconf 91' lang='lat' dir='ltr'><strong>summus</strong></span> <span class='ocrx_word' id='word_1_53' title='bbox 1373 775 1424 827; x_wconf 91' lang='lat' dir='ltr'><strong>in</strong></span> <span class='ocrx_word' id='word_1_54' title='bbox 1453 773 1571 844; x_wconf 83' lang='lat' dir='ltr'><strong>lege</strong></span> <span class='ocrx_word' id='word_1_55' title='bbox 1599 773 1715 827; x_wconf 84' lang='lat' dir='ltr'><strong>auri</strong></span> <span class='ocrx_word' id='word_1_56' title='bbox 1753 773 2006 828; x_wconf 86' lang='lat' dir='ltr'><strong>laminam</strong></span> <span class='ocrx_word' id='word_1_57' title='bbox 2053 774 2106 828; x_wconf 92' lang='lat' dir='ltr'><strong>in</strong></span> 
     </span>
    </p>
   </div>
   <div class='ocr_carea' id='block_1_8' title="bbox 530 861 2105 938">
    <p class='ocr_par' dir='ltr' id='par_1_8' title="bbox 530 861 2105 938">
     <span class='ocr_line' id='line_1_8' title="bbox 530 861 2105 938; baseline -0.003 -17"><span class='ocrx_word' id='word_1_58' title='bbox 530 867 754 938; x_wconf 76' lang='lat' dir='ltr'><strong>gloriam</strong></span> <span class='ocrx_word' id='word_1_59' title='bbox 778 877 832 921; x_wconf 91' lang='lat' dir='ltr'><strong>et</strong></span> <span class='ocrx_word' id='word_1_60' title='bbox 856 867 1104 921; x_wconf 83' lang='lat' dir='ltr'><strong>decorem</strong></span> <span class='ocrx_word' id='word_1_61' title='bbox 1130 879 1330 935; x_wconf 89' lang='lat' dir='ltr'><strong>ponere</strong></span> <span class='ocrx_word' id='word_1_62' title='bbox 1353 861 1645 932; x_wconf 75' lang='lat' dir='ltr'><strong>jubebatur</strong></span> <span class='ocrx_word' id='word_1_63' title='bbox 1668 862 1862 932; x_wconf 73' lang='lat' dir='ltr'><strong>(Exod.</strong></span> <span class='ocrx_word' id='word_1_64' title='bbox 1888 863 2105 931; x_wconf 82' lang='lat' dir='ltr'><strong>xxvm),</strong></span> 
     </span>
    </p>
   </div>
   <div class='ocr_carea' id='block_1_9' title="bbox 530 954 2107 1032">
    <p class='ocr_par' dir='ltr' id='par_1_9' title="bbox 530 954 2107 1032">
     <span class='ocr_line' id='line_1_9' title="bbox 530 954 2107 1032; baseline -0.006 -13"><span class='ocrx_word' id='word_1_65' title='bbox 530 961 585 1020; x_wconf 87' lang='lat' dir='ltr'><strong>in</strong></span> <span class='ocrx_word' id='word_1_66' title='bbox 613 975 718 1032; x_wconf 87' lang='lat' dir='ltr'><strong>qua</strong></span> <span class='ocrx_word' id='word_1_67' title='bbox 754 959 960 1014; x_wconf 84' lang='lat' dir='ltr'><strong>scilicet</strong></span> <span class='ocrx_word' id='word_1_68' title='bbox 998 958 1193 1012; x_wconf 85' lang='lat' dir='ltr'><strong>lamina</strong></span> <span class='ocrx_word' id='word_1_69' title='bbox 1232 956 1360 1011; x_wconf 87' lang='lat' dir='ltr'><strong>illud</strong></span> <span class='ocrx_word' id='word_1_70' title='bbox 1406 956 1700 1028; x_wconf 89' lang='lat' dir='ltr'><strong>gloriosum</strong></span> <span class='ocrx_word' id='word_1_71' title='bbox 1741 965 1796 1010; x_wconf 90' lang='lat' dir='ltr'><strong>et</strong></span> <span class='ocrx_word' id='word_1_72' title='bbox 1839 954 2107 1010; x_wconf 74' lang='lat' dir='ltr'><strong>ineffabile</strong></span> 
     </span>
    </p>
   </div>
   <div class='ocr_carea' id='block_1_10' title="bbox 533 1046 2106 1120">
    <p class='ocr_par' dir='ltr' id='par_1_10' title="bbox 533 1046 2106 1120">
     <span class='ocr_line' id='line_1_10' title="bbox 533 1046 2106 1120; baseline -0.008 -10"><span class='ocrx_word' id='word_1_73' title='bbox 533 1070 729 1110; x_wconf 81' lang='lat' dir='ltr'><strong>nomen</strong></span> <span class='ocrx_word' id='word_1_74' title='bbox 773 1051 982 1108; x_wconf 88' lang='lat' dir='ltr'><strong>Domini</strong></span> <span class='ocrx_word' id='word_1_75' title='bbox 1033 1057 1518 1120; x_wconf 86' lang='lat' dir='ltr'><strong>tetragrammaton</strong></span> <span class='ocrx_word' id='word_1_76' title='bbox 1560 1049 1846 1103; x_wconf 80' lang='lat' dir='ltr'><strong>videbatur</strong></span> <span class='ocrx_word' id='word_1_77' title='bbox 1891 1046 2106 1102; x_wconf 89' lang='lat' dir='ltr'><strong>exscul-</strong></span> 
     </span>
    </p>
   </div>
   <div class='ocr_carea' id='block_1_11' title="bbox 527 1137 2109 1213">
    <p class='ocr_par' dir='ltr' id='par_1_11' title="bbox 527 1137 2109 1213">
     <span class='ocr_line' id='line_1_11' title="bbox 527 1137 2109 1213; baseline -0.005 -14"><span class='ocrx_word' id='word_1_78' title='bbox 527 1154 702 1213; x_wconf 86' lang='lat' dir='ltr'><strong>ptum.</strong></span> <span class='ocrx_word' id='word_1_79' title='bbox 736 1142 891 1210; x_wconf 87' lang='lat' dir='ltr'><strong>Quod</strong></span> <span class='ocrx_word' id='word_1_80' title='bbox 916 1141 1172 1196; x_wconf 85' lang='lat' dir='ltr'><strong>nimirum</strong></span> <span class='ocrx_word' id='word_1_81' title='bbox 1199 1139 1327 1208; x_wconf 92' lang='lat' dir='ltr'><strong>quid</strong></span> <span class='ocrx_word' id='word_1_82' title='bbox 1371 1139 1512 1193; x_wconf 86' lang='lat' dir='ltr'><strong>aliud</strong></span> <span class='ocrx_word' id='word_1_83' title='bbox 1539 1153 1701 1207; x_wconf 90' lang='lat' dir='ltr'><strong>quam</strong></span> <span class='ocrx_word' id='word_1_84' title='bbox 1725 1151 1941 1192; x_wconf 88' lang='lat' dir='ltr'><strong>crucem</strong></span> <span class='ocrx_word' id='word_1_85' title='bbox 1966 1137 2109 1191; x_wconf 89' lang='lat' dir='ltr'><strong>vide-</strong></span> 
     </span>
    </p>
   </div>
   <div class='ocr_carea' id='block_1_12' title="bbox 531 1227 2109 1304">
    <p class='ocr_par' dir='ltr' id='par_1_12' title="bbox 531 1227 2109 1304">
     <span class='ocr_line' id='line_1_12' title="bbox 531 1227 2109 1304; baseline -0.007 -14"><span class='ocrx_word' id='word_1_86' title='bbox 531 1238 690 1304; x_wconf 82' lang='lat' dir='ltr'><strong>batur</strong></span> <span class='ocrx_word' id='word_1_87' title='bbox 718 1233 1023 1302; x_wconf 81' lang='lat' dir='ltr'><strong>exprimere</strong></span> <span class='ocrx_word' id='word_1_88' title='bbox 1057 1228 1394 1285; x_wconf 87' lang='lat' dir='ltr'><strong>Salvatoris?</strong></span> <span class='ocrx_word' id='word_1_89' title='bbox 1435 1227 1587 1283; x_wconf 87' lang='lat' dir='ltr'><strong>Sicut</strong></span> <span class='ocrx_word' id='word_1_90' title='bbox 1625 1227 1767 1282; x_wconf 90' lang='lat' dir='ltr'><strong>enim</strong></span> <span class='ocrx_word' id='word_1_91' title='bbox 1805 1242 1939 1280; x_wconf 77' lang='lat' dir='ltr'><strong>crux</strong></span> <span class='ocrx_word' id='word_1_92' title='bbox 1975 1241 2109 1295; x_wconf 77' lang='lat' dir='ltr'><strong>qua-</strong></span> 
     </span>
    </p>
   </div>
   <div class='ocr_carea' id='block_1_13' title="bbox 535 1317 2107 1389">
    <p class='ocr_par' dir='ltr' id='par_1_13' title="bbox 535 1317 2107 1389">
     <span class='ocr_line' id='line_1_13' title="bbox 535 1317 2107 1389; baseline -0.004 -10"><span class='ocrx_word' id='word_1_93' title='bbox 535 1337 658 1380; x_wconf 92' lang='lat' dir='ltr'><strong>tuor</strong></span> <span class='ocrx_word' id='word_1_94' title='bbox 684 1325 845 1379; x_wconf 87' lang='lat' dir='ltr'><strong>habet</strong></span> <span class='ocrx_word' id='word_1_95' title='bbox 865 1337 1090 1389; x_wconf 84' lang='lat' dir='ltr'><strong>cornua,</strong></span> <span class='ocrx_word' id='word_1_96' title='bbox 1120 1329 1176 1376; x_wconf 90' lang='lat' dir='ltr'><strong>et</strong></span> <span class='ocrx_word' id='word_1_97' title='bbox 1199 1320 1270 1376; x_wconf 89' lang='lat' dir='ltr'><strong>ita</strong></span> <span class='ocrx_word' id='word_1_98' title='bbox 1295 1335 1488 1376; x_wconf 83' lang='lat' dir='ltr'><strong>nomen</strong></span> <span class='ocrx_word' id='word_1_99' title='bbox 1514 1319 1638 1374; x_wconf 91' lang='lat' dir='ltr'><strong>illud</strong></span> <span class='ocrx_word' id='word_1_100' title='bbox 1664 1327 1895 1389; x_wconf 82' lang='lat' dir='ltr'><strong>quatuor</strong></span> <span class='ocrx_word' id='word_1_101' title='bbox 1914 1317 2107 1372; x_wconf 81' lang='lat' dir='ltr'><strong>litteris</strong></span> 
     </span>
    </p>
   </div>
   <div class='ocr_carea' id='block_1_14' title="bbox 527 1421 1454 1483">
    <p class='ocr_par' dir='ltr' id='par_1_14' title="bbox 527 1421 1454 1483">
     <span class='ocr_line' id='line_1_14' title="bbox 527 1421 1454 1483; baseline -0.02 -7"><span class='ocrx_word' id='word_1_102' title='bbox 527 1421 754 1482; x_wconf 74' lang='lat' dir='ltr'><strong>,constat</strong></span> <span class='ocrx_word' id='word_1_103' title='bbox 1452 1480 1454 1483; x_wconf 22' lang='grc' dir='ltr'><strong>Ι</strong></span> 
     </span>
    </p>
   </div>
   <div class='ocr_carea' id='block_1_15' title="bbox 605 1496 2106 1574">
    <p class='ocr_par' dir='ltr' id='par_1_15' title="bbox 605 1496 2106 1574">
     <span class='ocr_line' id='line_1_15' title="bbox 605 1496 2106 1574; baseline -0.005 -16"><span class='ocrx_word' id='word_1_104' title='bbox 605 1505 748 1559; x_wconf 92' lang='lat' dir='ltr'><strong>Crux</strong></span> <span class='ocrx_word' id='word_1_105' title='bbox 781 1518 911 1574; x_wconf 87' lang='lat' dir='ltr'><strong>ergo</strong></span> <span class='ocrx_word' id='word_1_106' title='bbox 953 1500 1117 1558; x_wconf 86' lang='lat' dir='ltr'><strong>decor</strong></span> <span class='ocrx_word' id='word_1_107' title='bbox 1163 1509 1218 1555; x_wconf 88' lang='lat' dir='ltr'><strong>et</strong></span> <span class='ocrx_word' id='word_1_108' title='bbox 1265 1500 1433 1570; x_wconf 82' lang='lat' dir='ltr'><strong>gloria</strong></span> <span class='ocrx_word' id='word_1_109' title='bbox 1479 1498 1827 1556; x_wconf 85' lang='lat' dir='ltr'><strong>sacerdotalis</strong></span> <span class='ocrx_word' id='word_1_110' title='bbox 1855 1497 2013 1554; x_wconf 81' lang='lat' dir='ltr'><strong>ofﬁcii</strong></span> <span class='ocrx_word' id='word_1_111' title='bbox 2052 1496 2106 1551; x_wconf 91' lang='lat' dir='ltr'><strong>in</strong></span> 
     </span>
    </p>
   </div>
   <div class='ocr_carea' id='block_1_16' title="bbox 531 1589 2109 1668">
    <p class='ocr_par' dir='ltr' id='par_1_16' title="bbox 531 1589 2109 1668">
     <span class='ocr_line' id='line_1_16' title="bbox 531 1589 2109 1668; baseline -0.004 -20"><span class='ocrx_word' id='word_1_112' title='bbox 531 1595 710 1668; x_wconf 60' lang='lat' dir='ltr'><strong>fronte</strong></span> <span class='ocrx_word' id='word_1_113' title='bbox 736 1593 986 1664; x_wconf 86' lang='lat' dir='ltr'><strong>ponitur,</strong></span> <span class='ocrx_word' id='word_1_114' title='bbox 1018 1599 1076 1644; x_wconf 89' lang='lat' dir='ltr'><strong>ut</strong></span> <span class='ocrx_word' id='word_1_115' title='bbox 1105 1589 1504 1661; x_wconf 86' lang='lat' dir='ltr'><strong>superliminari</strong></span> <span class='ocrx_word' id='word_1_116' title='bbox 1541 1592 1731 1644; x_wconf 87' lang='lat' dir='ltr'><strong>domus</strong></span> <span class='ocrx_word' id='word_1_117' title='bbox 1759 1589 1879 1659; x_wconf 84' lang='lat' dir='ltr'><strong>agni</strong></span> <span class='ocrx_word' id='word_1_118' title='bbox 1919 1602 2109 1642; x_wconf 86' lang='lat' dir='ltr'><strong>cruore</strong></span> 
     </span>
    </p>
   </div>
   <div class='ocr_carea' id='block_1_17' title="bbox 529 1677 2104 1766">
    <p class='ocr_par' dir='ltr' id='par_1_17' title="bbox 529 1677 2104 1766">
     <span class='ocr_line' id='line_1_17' title="bbox 529 1677 2104 1766; baseline -0.006 -26"><span class='ocrx_word' id='word_1_119' title='bbox 529 1683 773 1766; x_wconf 73' lang='lat' dir='ltr'><strong>perfuso.</strong></span> <span class='ocrx_word' id='word_1_120' title='bbox 804 1681 1132 1738; x_wconf 82' lang='lat' dir='ltr'><strong>transeuntis</strong></span> <span class='ocrx_word' id='word_1_121' title='bbox 1161 1680 1334 1751; x_wconf 80' lang='lat' dir='ltr'><strong>angeli</strong></span> <span class='ocrx_word' id='word_1_122' title='bbox 1363 1679 1570 1752; x_wconf 79' lang='lat' dir='ltr'><strong>gladius</strong></span> <span class='ocrx_word' id='word_1_123' title='bbox 1604 1679 1864 1733; x_wconf 88' lang='lat' dir='ltr'><strong>evadatur</strong></span> <span class='ocrx_word' id='word_1_124' title='bbox 1898 1677 2104 1748; x_wconf 77' lang='lat' dir='ltr'><strong>(Exod.</strong></span> 
     </span>
    </p>
   </div>
   <div class='ocr_carea' id='block_1_18' title="bbox 2207 502 3743 576">
    <p class='ocr_par' dir='ltr' id='par_1_18' title="bbox 2207 502 3743 576">
     <span class='ocr_line' id='line_1_18' title="bbox 2207 502 3743 576; baseline 0.003 -16"><span class='ocrx_word' id='word_1_125' title='bbox 2207 522 2424 576; x_wconf 81' lang='lat' dir='ltr'><strong>pravam</strong></span> <span class='ocrx_word' id='word_1_126' title='bbox 2471 507 2522 560; x_wconf 92' lang='lat' dir='ltr'><strong>in</strong></span> <span class='ocrx_word' id='word_1_127' title='bbox 2569 520 2626 560; x_wconf 91' lang='lat' dir='ltr'><strong>se</strong></span> <span class='ocrx_word' id='word_1_128' title='bbox 2669 504 2963 574; x_wconf 76' lang='lat' dir='ltr'><strong>reprimere</strong></span> <span class='ocrx_word' id='word_1_129' title='bbox 3006 505 3352 558; x_wconf 88' lang='lat' dir='ltr'><strong>voluntatem.</strong></span> <span class='ocrx_word' id='word_1_130' title='bbox 3399 502 3619 576; x_wconf 83' lang='lat' dir='ltr'><strong>Signum</strong></span> <span class='ocrx_word' id='word_1_131' title='bbox 3665 511 3743 565; x_wconf 85' lang='lat' dir='ltr'><strong>hot</strong></span> 
     </span>
    </p>
   </div>
   <div class='ocr_carea' id='block_1_19' title="bbox 2206 595 3749 666">
    <p class='ocr_par' dir='ltr' id='par_1_19' title="bbox 2206 595 3749 666">
     <span class='ocr_line' id='line_1_19' title="bbox 2206 595 3749 666; baseline 0.004 -18"><span class='ocrx_word' id='word_1_132' title='bbox 2206 597 2326 652; x_wconf 77' lang='lat' dir='ltr'><strong>vita:</strong></span> <span class='ocrx_word' id='word_1_133' title='bbox 2354 611 2458 650; x_wconf 89' lang='lat' dir='ltr'><strong>non</strong></span> <span class='ocrx_word' id='word_1_134' title='bbox 2489 596 2852 666; x_wconf 92' lang='lat' dir='ltr'><strong>exprimamus</strong></span> <span class='ocrx_word' id='word_1_135' title='bbox 2881 595 3250 648; x_wconf 84' lang='lat' dir='ltr'><strong>tantummodo</strong></span> <span class='ocrx_word' id='word_1_136' title='bbox 3277 595 3333 649; x_wconf 82' lang='lat' dir='ltr'><strong>in</strong></span> <span class='ocrx_word' id='word_1_137' title='bbox 3365 595 3540 651; x_wconf 83' lang='lat' dir='ltr'><strong>fronte</strong></span> <span class='ocrx_word' id='word_1_138' title='bbox 3565 601 3749 664; x_wconf 86' lang='lat' dir='ltr'><strong>carnis,</strong></span> 
     </span>
    </p>
   </div>
   <div class='ocr_carea' id='block_1_20' title="bbox 2205 683 3753 753">
    <p class='ocr_par' dir='ltr' id='par_1_20' title="bbox 2205 683 3753 753">
     <span class='ocr_line' id='line_1_20' title="bbox 2205 683 3753 753; baseline 0 -13"><span class='ocrx_word' id='word_1_139' title='bbox 2205 685 2298 740; x_wconf 85' lang='lat' dir='ltr'><strong>sed</strong></span> <span class='ocrx_word' id='word_1_140' title='bbox 2341 688 2692 740; x_wconf 88' lang='lat' dir='ltr'><strong>recondamus</strong></span> <span class='ocrx_word' id='word_1_141' title='bbox 2733 685 2951 753; x_wconf 89' lang='lat' dir='ltr'><strong>insuper</strong></span> <span class='ocrx_word' id='word_1_142' title='bbox 2980 683 3184 737; x_wconf 90' lang='lat' dir='ltr'><strong>intimis</strong></span> <span class='ocrx_word' id='word_1_143' title='bbox 3213 683 3505 738; x_wconf 81' lang='lat' dir='ltr'><strong>visceribus</strong></span> <span class='ocrx_word' id='word_1_144' title='bbox 3533 696 3686 740; x_wconf 71' lang='lat' dir='ltr'><strong>casta:</strong></span> <span class='ocrx_word' id='word_1_145' title='bbox 3708 697 3753 741; x_wconf 73' lang='lat' dir='ltr'><strong>et</strong></span> 
     </span>
    </p>
   </div>
   <div class='ocr_carea' id='block_1_21' title="bbox 2205 772 3756 843">
    <p class='ocr_par' dir='ltr' id='par_1_21' title="bbox 2205 772 3756 843">
     <span class='ocr_line' id='line_1_21' title="bbox 2205 772 3756 843; baseline 0.001 -15"><span class='ocrx_word' id='word_1_146' title='bbox 2205 776 2397 829; x_wconf 75' lang='lat' dir='ltr'><strong>sobria:</strong></span> <span class='ocrx_word' id='word_1_147' title='bbox 2418 775 2731 837; x_wconf 86' lang='lat' dir='ltr'><strong>voluntatis,</strong></span> <span class='ocrx_word' id='word_1_148' title='bbox 2759 773 3042 843; x_wconf 90' lang='lat' dir='ltr'><strong>implentes</strong></span> <span class='ocrx_word' id='word_1_149' title='bbox 3066 772 3195 826; x_wconf 88' lang='lat' dir='ltr'><strong>illud</strong></span> <span class='ocrx_word' id='word_1_150' title='bbox 3219 774 3360 841; x_wconf 91' lang='lat' dir='ltr'><strong>quod</strong></span> <span class='ocrx_word' id='word_1_151' title='bbox 3382 789 3590 843; x_wconf 66' lang='lat' dir='ltr'><strong>sponsae</strong></span> <span class='ocrx_word' id='word_1_152' title='bbox 3613 790 3756 843; x_wconf 86' lang='lat' dir='ltr'><strong>spon-</strong></span> 
     </span>
    </p>
   </div>
   <div class='ocr_carea' id='block_1_22' title="bbox 2205 864 3753 935">
    <p class='ocr_par' dir='ltr' id='par_1_22' title="bbox 2205 864 3753 935">
     <span class='ocr_line' id='line_1_22' title="bbox 2205 864 3753 935; baseline -0.002 -13"><span class='ocrx_word' id='word_1_153' title='bbox 2205 881 2297 922; x_wconf 83' lang='lat' dir='ltr'><strong>sus</strong></span> <span class='ocrx_word' id='word_1_154' title='bbox 2318 865 2470 932; x_wconf 84' lang='lat' dir='ltr'><strong>jubet</strong></span> <span class='ocrx_word' id='word_1_155' title='bbox 2495 866 2546 920; x_wconf 92' lang='lat' dir='ltr'><strong>in</strong></span> <span class='ocrx_word' id='word_1_156' title='bbox 2575 864 2812 921; x_wconf 89' lang='lat' dir='ltr'><strong>Canticis</strong></span> <span class='ocrx_word' id='word_1_157' title='bbox 2839 882 2850 916; x_wconf 92' lang='lat'><strong>:</strong></span> <span class='ocrx_word' id='word_1_158' title='bbox 2900 882 2917 916; x_wconf 84' lang='lat' dir='ltr'><strong>t</strong></span> <span class='ocrx_word' id='word_1_159' title='bbox 2962 864 3108 918; x_wconf 87' lang='lat' dir='ltr'><strong>Pone</strong></span> <span class='ocrx_word' id='word_1_160' title='bbox 3134 877 3251 929; x_wconf 92' lang='lat' dir='ltr'><strong>me,</strong></span> <span class='ocrx_word' id='word_1_161' title='bbox 3280 865 3476 933; x_wconf 89' lang='lat' dir='ltr'><strong>inquit,</strong></span> <span class='ocrx_word' id='word_1_162' title='bbox 3502 874 3562 918; x_wconf 92' lang='lat' dir='ltr'><strong>ut</strong></span> <span class='ocrx_word' id='word_1_163' title='bbox 3592 866 3753 935; x_wconf 86' lang='lat' dir='ltr'><strong>signa-</strong></span> 
     </span>
    </p>
   </div>
   <div class='ocr_carea' id='block_1_23' title="bbox 2206 951 3754 1022">
    <p class='ocr_par' dir='ltr' id='par_1_23' title="bbox 2206 951 3754 1022">
     <span class='ocr_line' id='line_1_23' title="bbox 2206 951 3754 1022; baseline -0.001 -14"><span class='ocrx_word' id='word_1_164' title='bbox 2206 953 2383 1008; x_wconf 90' lang='lat' dir='ltr'><strong>culum</strong></span> <span class='ocrx_word' id='word_1_165' title='bbox 2426 968 2587 1022; x_wconf 89' lang='lat' dir='ltr'><strong>super</strong></span> <span class='ocrx_word' id='word_1_166' title='bbox 2630 967 2726 1008; x_wconf 90' lang='lat' dir='ltr'><strong>cor</strong></span> <span class='ocrx_word' id='word_1_167' title='bbox 2767 961 2953 1016; x_wconf 91' lang='lat' dir='ltr'><strong>tuum,</strong></span> <span class='ocrx_word' id='word_1_168' title='bbox 2983 960 3042 1005; x_wconf 90' lang='lat' dir='ltr'><strong>ut</strong></span> <span class='ocrx_word' id='word_1_169' title='bbox 3072 951 3404 1019; x_wconf 86' lang='lat' dir='ltr'><strong>signaculum</strong></span> <span class='ocrx_word' id='word_1_170' title='bbox 3451 968 3612 1022; x_wconf 89' lang='lat' dir='ltr'><strong>super</strong></span> <span class='ocrx_word' id='word_1_171' title='bbox 3649 953 3754 1006; x_wconf 83' lang='lat' dir='ltr'><strong>bra-</strong></span> 
     </span>
    </p>
   </div>
   <div class='ocr_carea' id='block_1_24' title="bbox 2206 1042 3754 1115">
    <p class='ocr_par' dir='ltr' id='par_1_24' title="bbox 2206 1042 3754 1115">
     <span class='ocr_line' id='line_1_24' title="bbox 2206 1042 3754 1115; baseline -0.001 -17"><span class='ocrx_word' id='word_1_172' title='bbox 2206 1044 2384 1098; x_wconf 92' lang='lat' dir='ltr'><strong>chium</strong></span> <span class='ocrx_word' id='word_1_173' title='bbox 2412 1052 2561 1098; x_wconf 91' lang='lat' dir='ltr'><strong>tuum</strong></span> <span class='ocrx_word' id='word_1_174' title='bbox 2591 1042 2768 1115; x_wconf 87' lang='lat' dir='ltr'><strong>(Cant.</strong></span> <span class='ocrx_word' id='word_1_175' title='bbox 2791 1043 2929 1112; x_wconf 81' lang='lat' dir='ltr'><strong>vni).</strong></span> <span class='ocrx_word' id='word_1_176' title='bbox 2961 1062 2979 1094; x_wconf 79' lang='grc' dir='ltr'><strong>ι</strong></span> <span class='ocrx_word' id='word_1_177' title='bbox 3007 1043 3354 1112; x_wconf 87' lang='lat' dir='ltr'><strong>Perspicuum</strong></span> <span class='ocrx_word' id='word_1_178' title='bbox 3383 1052 3469 1097; x_wconf 90' lang='lat' dir='ltr'><strong>est</strong></span> <span class='ocrx_word' id='word_1_179' title='bbox 3487 1043 3610 1112; x_wconf 84' lang='lat' dir='ltr'><strong>quia</strong></span> <span class='ocrx_word' id='word_1_180' title='bbox 3633 1045 3754 1113; x_wconf 88' lang='lat' dir='ltr'><strong>quod</strong></span> 
     </span>
    </p>
   </div>
   <div class='ocr_carea' id='block_1_25' title="bbox 2207 1133 3756 1206">
    <p class='ocr_par' dir='ltr' id='par_1_25' title="bbox 2207 1133 3756 1206">
     <span class='ocr_line' id='line_1_25' title="bbox 2207 1133 3756 1206; baseline -0.002 -15"><span class='ocrx_word' id='word_1_181' title='bbox 2207 1152 2302 1191; x_wconf 83' lang='lat' dir='ltr'><strong>cor</strong></span> <span class='ocrx_word' id='word_1_182' title='bbox 2343 1136 2562 1206; x_wconf 79' lang='lat' dir='ltr'><strong>cogitat,</strong></span> <span class='ocrx_word' id='word_1_183' title='bbox 2605 1135 2886 1191; x_wconf 87' lang='lat' dir='ltr'><strong>brachium</strong></span> <span class='ocrx_word' id='word_1_184' title='bbox 2913 1143 3184 1204; x_wconf 87' lang='lat' dir='ltr'><strong>operatur.</strong></span> <span class='ocrx_word' id='word_1_185' title='bbox 3221 1133 3313 1187; x_wconf 90' lang='lat' dir='ltr'><strong>llle</strong></span> <span class='ocrx_word' id='word_1_186' title='bbox 3344 1149 3474 1204; x_wconf 87' lang='lat' dir='ltr'><strong>ergo</strong></span> <span class='ocrx_word' id='word_1_187' title='bbox 3503 1133 3756 1188; x_wconf 90' lang='lat' dir='ltr'><strong>Christum</strong></span> 
     </span>
    </p>
   </div>
   <div class='ocr_carea' id='block_1_26' title="bbox 2206 1220 3757 1296">
    <p class='ocr_par' dir='ltr' id='par_1_26' title="bbox 2206 1220 3757 1296">
     <span class='ocr_line' id='line_1_26' title="bbox 2206 1220 3757 1296; baseline -0.003 -15"><span class='ocrx_word' id='word_1_188' title='bbox 2206 1241 2368 1296; x_wconf 87' lang='lat' dir='ltr'><strong>super</strong></span> <span class='ocrx_word' id='word_1_189' title='bbox 2408 1241 2503 1281; x_wconf 81' lang='lat' dir='ltr'><strong>cor</strong></span> <span class='ocrx_word' id='word_1_190' title='bbox 2544 1240 2701 1280; x_wconf 89' lang='lat' dir='ltr'><strong>suum</strong></span> <span class='ocrx_word' id='word_1_191' title='bbox 2736 1224 2891 1294; x_wconf 88' lang='lat' dir='ltr'><strong>quasi</strong></span> <span class='ocrx_word' id='word_1_192' title='bbox 2948 1220 3280 1295; x_wconf 86' lang='lat' dir='ltr'><strong>signaculum</strong></span> <span class='ocrx_word' id='word_1_193' title='bbox 3310 1225 3502 1294; x_wconf 91' lang='lat' dir='ltr'><strong>ponit,</strong></span> <span class='ocrx_word' id='word_1_194' title='bbox 3541 1223 3629 1292; x_wconf 90' lang='lat' dir='ltr'><strong>qui</strong></span> <span class='ocrx_word' id='word_1_195' title='bbox 3653 1239 3757 1278; x_wconf 87' lang='lat' dir='ltr'><strong>eum</strong></span> 
     </span>
    </p>
   </div>
   <div class='ocr_carea' id='block_1_27' title="bbox 2206 1313 3756 1384">
    <p class='ocr_par' dir='ltr' id='par_1_27' title="bbox 2206 1313 3756 1384">
     <span class='ocr_line' id='line_1_27' title="bbox 2206 1313 3756 1384; baseline -0.003 -15"><span class='ocrx_word' id='word_1_196' title='bbox 2206 1314 2514 1370; x_wconf 86' lang='lat' dir='ltr'><strong>medullitus</strong></span> <span class='ocrx_word' id='word_1_197' title='bbox 2542 1314 2732 1384; x_wconf 88' lang='lat' dir='ltr'><strong>diligit,</strong></span> <span class='ocrx_word' id='word_1_198' title='bbox 2761 1315 2853 1384; x_wconf 90' lang='lat' dir='ltr'><strong>qui</strong></span> <span class='ocrx_word' id='word_1_199' title='bbox 2879 1313 2944 1368; x_wconf 90' lang='lat' dir='ltr'><strong>ad</strong></span> <span class='ocrx_word' id='word_1_200' title='bbox 2971 1329 3094 1368; x_wconf 91' lang='lat' dir='ltr'><strong>eum</strong></span> <span class='ocrx_word' id='word_1_201' title='bbox 3124 1313 3392 1368; x_wconf 78' lang='lat' dir='ltr'><strong>ferventer</strong></span> <span class='ocrx_word' id='word_1_202' title='bbox 3417 1313 3652 1376; x_wconf 80' lang='lat' dir='ltr'><strong>anhelat,</strong></span> <span class='ocrx_word' id='word_1_203' title='bbox 3680 1315 3756 1381; x_wconf 90' lang='lat' dir='ltr'><strong>qui</strong></span> 
     </span>
    </p>
   </div>
   <div class='ocr_carea' id='block_1_28' title="bbox 2205 1402 3760 1474">
    <p class='ocr_par' dir='ltr' id='par_1_28' title="bbox 2205 1402 3760 1474">
     <span class='ocr_line' id='line_1_28' title="bbox 2205 1402 3760 1474; baseline -0.001 -16"><span class='ocrx_word' id='word_1_204' title='bbox 2205 1419 2328 1458; x_wconf 89' lang='lat' dir='ltr'><strong>eum</strong></span> <span class='ocrx_word' id='word_1_205' title='bbox 2361 1404 2520 1459; x_wconf 83' lang='lat' dir='ltr'><strong>anxie</strong></span> <span class='ocrx_word' id='word_1_206' title='bbox 2548 1403 2776 1474; x_wconf 78' lang='lat' dir='ltr'><strong>ﬂagitat,</strong></span> <span class='ocrx_word' id='word_1_207' title='bbox 2807 1403 2900 1474; x_wconf 90' lang='lat' dir='ltr'><strong>qui</strong></span> <span class='ocrx_word' id='word_1_208' title='bbox 2930 1403 2980 1456; x_wconf 91' lang='lat' dir='ltr'><strong>in</strong></span> <span class='ocrx_word' id='word_1_209' title='bbox 3013 1402 3129 1471; x_wconf 90' lang='lat' dir='ltr'><strong>ejus</strong></span> <span class='ocrx_word' id='word_1_210' title='bbox 3155 1404 3418 1458; x_wconf 89' lang='lat' dir='ltr'><strong>desiderio</strong></span> <span class='ocrx_word' id='word_1_211' title='bbox 3435 1404 3636 1474; x_wconf 82' lang='lat' dir='ltr'><strong>jugiter</strong></span> <span class='ocrx_word' id='word_1_212' title='bbox 3658 1418 3760 1471; x_wconf 81' lang='lat' dir='ltr'><strong>per-</strong></span> 
     </span>
    </p>
   </div>
   <div class='ocr_carea' id='block_1_29' title="bbox 2207 1491 3762 1563">
    <p class='ocr_par' dir='ltr' id='par_1_29' title="bbox 2207 1491 3762 1563">
     <span class='ocr_line' id='line_1_29' title="bbox 2207 1491 3762 1563; baseline -0.001 -17"><span class='ocrx_word' id='word_1_213' title='bbox 2207 1500 2438 1546; x_wconf 85' lang='lat' dir='ltr'><strong>severat.</strong></span> <span class='ocrx_word' id='word_1_214' title='bbox 2480 1492 2573 1548; x_wconf 90' lang='lat' dir='ltr'><strong>llle</strong></span> <span class='ocrx_word' id='word_1_215' title='bbox 2601 1507 2730 1549; x_wconf 89' lang='lat' dir='ltr'><strong>vero</strong></span> <span class='ocrx_word' id='word_1_216' title='bbox 2758 1507 2920 1563; x_wconf 85' lang='lat' dir='ltr'><strong>super</strong></span> <span class='ocrx_word' id='word_1_217' title='bbox 2955 1491 3232 1548; x_wconf 87' lang='lat' dir='ltr'><strong>brachium</strong></span> <span class='ocrx_word' id='word_1_218' title='bbox 3261 1508 3418 1546; x_wconf 90' lang='lat' dir='ltr'><strong>suum</strong></span> <span class='ocrx_word' id='word_1_219' title='bbox 3450 1494 3602 1563; x_wconf 83' lang='lat' dir='ltr'><strong>ponit</strong></span> <span class='ocrx_word' id='word_1_220' title='bbox 3626 1493 3762 1548; x_wconf 81' lang='lat' dir='ltr'><strong>Citri—</strong></span> 
     </span>
    </p>
   </div>
   <div class='ocr_carea' id='block_1_30' title="bbox 2208 1583 3760 1656">
    <p class='ocr_par' dir='ltr' id='par_1_30' title="bbox 2208 1583 3760 1656">
     <span class='ocr_line' id='line_1_30' title="bbox 2208 1583 3760 1656; baseline 0.001 -17"><span class='ocrx_word' id='word_1_221' title='bbox 2208 1593 2381 1650; x_wconf 86' lang='lat' dir='ltr'><strong>stum,</strong></span> <span class='ocrx_word' id='word_1_222' title='bbox 2427 1584 2522 1655; x_wconf 90' lang='lat' dir='ltr'><strong>qui</strong></span> <span class='ocrx_word' id='word_1_223' title='bbox 2567 1584 2902 1640; x_wconf 83' lang='lat' dir='ltr'><strong>extrinsecus</strong></span> <span class='ocrx_word' id='word_1_224' title='bbox 2948 1600 3162 1656; x_wconf 77' lang='lat' dir='ltr'><strong>quoque</strong></span> <span class='ocrx_word' id='word_1_225' title='bbox 3196 1583 3311 1653; x_wconf 83' lang='lat' dir='ltr'><strong>ejus</strong></span> <span class='ocrx_word' id='word_1_226' title='bbox 3341 1586 3613 1640; x_wconf 83' lang='lat' dir='ltr'><strong>mandatis</strong></span> <span class='ocrx_word' id='word_1_227' title='bbox 3653 1586 3760 1640; x_wconf 77' lang='lat' dir='ltr'><strong>insi-</strong></span> 
     </span>
    </p>
   </div>
   <div class='ocr_carea' id='block_1_31' title="bbox 2209 1675 3762 1746">
    <p class='ocr_par' dir='ltr' id='par_1_31' title="bbox 2209 1675 3762 1746">
     <span class='ocr_line' id='line_1_31' title="bbox 2209 1675 3762 1746; baseline -0.003 -14"><span class='ocrx_word' id='word_1_228' title='bbox 2209 1685 2378 1741; x_wconf 90' lang='lat' dir='ltr'><strong>stens,</strong></span> <span class='ocrx_word' id='word_1_229' title='bbox 2415 1690 2574 1746; x_wconf 88' lang='lat' dir='ltr'><strong>quem</strong></span> <span class='ocrx_word' id='word_1_230' title='bbox 2604 1676 2658 1730; x_wconf 92' lang='lat' dir='ltr'><strong>in</strong></span> <span class='ocrx_word' id='word_1_231' title='bbox 2687 1675 2985 1731; x_wconf 85' lang='lat' dir='ltr'><strong>visceribus</strong></span> <span class='ocrx_word' id='word_1_232' title='bbox 3013 1676 3192 1730; x_wconf 92' lang='lat' dir='ltr'><strong>cordis</strong></span> <span class='ocrx_word' id='word_1_233' title='bbox 3221 1676 3493 1740; x_wconf 90' lang='lat' dir='ltr'><strong>occultat,</strong></span> <span class='ocrx_word' id='word_1_234' title='bbox 3533 1675 3686 1729; x_wconf 88' lang='lat' dir='ltr'><strong>etiam</strong></span> <span class='ocrx_word' id='word_1_235' title='bbox 3717 1675 3762 1727; x_wconf 87' lang='lat' dir='ltr'><strong>in</strong></span> 
     </span>
    </p>
   </div>
   <div class='ocr_carea' id='block_1_32' title="bbox 535 1763 3762 1844">
    <p class='ocr_par' dir='ltr' id='par_1_32' title="bbox 535 1763 3762 1844">
     <span class='ocr_line' id='line_1_32' title="bbox 535 1763 3762 1844; baseline -0.006 -15"><span class='ocrx_word' id='word_1_236' title='bbox 535 1772 670 1844; x_wconf 86' lang='lat' dir='ltr'><strong>xu).</strong></span> <span class='ocrx_word' id='word_1_237' title='bbox 722 1772 956 1826; x_wconf 85' lang='lat' dir='ltr'><strong>Econtra</strong></span> <span class='ocrx_word' id='word_1_238' title='bbox 999 1770 1051 1824; x_wconf 91' lang='lat' dir='ltr'><strong>in</strong></span> <span class='ocrx_word' id='word_1_239' title='bbox 1091 1770 1194 1825; x_wconf 87' lang='lat' dir='ltr'><strong>hac</strong></span> <span class='ocrx_word' id='word_1_240' title='bbox 1234 1770 1479 1840; x_wconf 90' lang='lat' dir='ltr'><strong>corporis</strong></span> <span class='ocrx_word' id='word_1_241' title='bbox 1506 1778 1660 1840; x_wconf 90' lang='lat' dir='ltr'><strong>parte</strong></span> <span class='ocrx_word' id='word_1_242' title='bbox 1691 1783 1785 1823; x_wconf 89' lang='lat' dir='ltr'><strong>rex</strong></span> <span class='ocrx_word' id='word_1_243' title='bbox 1817 1769 1905 1823; x_wconf 90' lang='lat' dir='ltr'><strong>ille</strong></span> <span class='ocrx_word' id='word_1_244' title='bbox 1948 1767 2105 1823; x_wconf 87' lang='lat' dir='ltr'><strong>Ozias</strong></span> <span class='ocrx_word' id='word_1_245' title='bbox 2135 1763 2182 1824; x_wconf 87' lang='lat' dir='ltr'><strong>B</strong></span> <span class='ocrx_word' id='word_1_246' title='bbox 2211 1765 2523 1836; x_wconf 85' lang='lat' dir='ltr'><strong>operatione</strong></span> <span class='ocrx_word' id='word_1_247' title='bbox 2545 1765 2900 1820; x_wconf 86' lang='lat' dir='ltr'><strong>demonstrat.</strong></span> <span class='ocrx_word' id='word_1_248' title='bbox 2925 1763 3060 1818; x_wconf 82' lang='lat' dir='ltr'><strong>Nam</strong></span> <span class='ocrx_word' id='word_1_249' title='bbox 3081 1771 3135 1818; x_wconf 90' lang='lat' dir='ltr'><strong>et</strong></span> <span class='ocrx_word' id='word_1_250' title='bbox 3160 1778 3259 1818; x_wconf 90' lang='lat' dir='ltr'><strong>nos</strong></span> <span class='ocrx_word' id='word_1_251' title='bbox 3280 1764 3334 1818; x_wconf 87' lang='lat' dir='ltr'><strong>in</strong></span> <span class='ocrx_word' id='word_1_252' title='bbox 3357 1763 3598 1833; x_wconf 82' lang='lat' dir='ltr'><strong>quolibet</strong></span> <span class='ocrx_word' id='word_1_253' title='bbox 3619 1778 3762 1816; x_wconf 85' lang='lat' dir='ltr'><strong>mem-</strong></span> 
     </span>
    </p>
   </div>
   <div class='ocr_carea' id='block_1_33' title="bbox 529 1857 2109 1934">
    <p class='ocr_par' dir='ltr' id='par_1_33' title="bbox 529 1857 2109 1934">
     <span class='ocr_line' id='line_1_33' title="bbox 529 1857 2109 1934; baseline -0.003 -17"><span class='ocrx_word' id='word_1_254' title='bbox 529 1862 680 1934; x_wconf 78' lang='lat' dir='ltr'><strong>lepra</strong></span> <span class='ocrx_word' id='word_1_255' title='bbox 709 1876 994 1933; x_wconf 89' lang='lat' dir='ltr'><strong>percussus</strong></span> <span class='ocrx_word' id='word_1_256' title='bbox 1027 1870 1111 1916; x_wconf 85' lang='lat' dir='ltr'><strong>est</strong></span> <span class='ocrx_word' id='word_1_257' title='bbox 1159 1859 1245 1932; x_wconf 89' lang='lat' dir='ltr'><strong>(II</strong></span> <span class='ocrx_word' id='word_1_258' title='bbox 1285 1859 1419 1914; x_wconf 88' lang='lat' dir='ltr'><strong>Par.</strong></span> <span class='ocrx_word' id='word_1_259' title='bbox 1451 1861 1623 1930; x_wconf 80' lang='lat' dir='ltr'><strong>xxvr),</strong></span> <span class='ocrx_word' id='word_1_260' title='bbox 1652 1857 1808 1928; x_wconf 83' lang='lat' dir='ltr'><strong>juxta</strong></span> <span class='ocrx_word' id='word_1_261' title='bbox 1829 1858 2109 1928; x_wconf 73' lang='lat' dir='ltr'><strong>Propheta:</strong></span> 
     </span>
    </p>
   </div>
   <div class='ocr_carea' id='block_1_34' title="bbox 533 1947 2108 2020">
    <p class='ocr_par' dir='ltr' id='par_1_34' title="bbox 533 1947 2108 2020">
     <span class='ocr_line' id='line_1_34' title="bbox 533 1947 2108 2020; baseline -0.002 -17"><span class='ocrx_word' id='word_1_262' title='bbox 533 1967 721 2007; x_wconf 87' lang='lat' dir='ltr'><strong>vocem</strong></span> <span class='ocrx_word' id='word_1_263' title='bbox 770 1950 1035 2005; x_wconf 88' lang='lat' dir='ltr'><strong>dicentis:</strong></span> <span class='ocrx_word' id='word_1_264' title='bbox 1088 1968 1106 2002; x_wconf 70' lang='grc' dir='ltr'><strong>ι</strong></span> <span class='ocrx_word' id='word_1_265' title='bbox 1157 1948 1322 2018; x_wconf 80' lang='lat' dir='ltr'><strong>imple</strong></span> <span class='ocrx_word' id='word_1_266' title='bbox 1368 1948 1533 2004; x_wconf 80' lang='lat' dir='ltr'><strong>facies</strong></span> <span class='ocrx_word' id='word_1_267' title='bbox 1579 1963 1763 2004; x_wconf 92' lang='lat' dir='ltr'><strong>eorum</strong></span> <span class='ocrx_word' id='word_1_268' title='bbox 1817 1947 2108 2020; x_wconf 83' lang='lat' dir='ltr'><strong>ignominia</strong></span> 
     </span>
    </p>
   </div>
   <div class='ocr_carea' id='block_1_35' title="bbox 534 2038 2112 2114">
    <p class='ocr_par' dir='ltr' id='par_1_35' title="bbox 534 2038 2112 2114">
     <span class='ocr_line' id='line_1_35' title="bbox 534 2038 2112 2114; baseline -0.001 -20"><span class='ocrx_word' id='word_1_269' title='bbox 534 2041 707 2114; x_wconf 74' lang='lat' dir='ltr'><strong>(Psal.</strong></span> <span class='ocrx_word' id='word_1_270' title='bbox 734 2040 966 2110; x_wconf 78' lang='lat' dir='ltr'><strong>Lxxxu),</strong></span> <span class='ocrx_word' id='word_1_271' title='bbox 989 2059 1006 2092; x_wconf 82' lang='grc' dir='ltr'><strong>ι</strong></span> <span class='ocrx_word' id='word_1_272' title='bbox 1052 2040 1141 2109; x_wconf 91' lang='lat' dir='ltr'><strong>qui</strong></span> <span class='ocrx_word' id='word_1_273' title='bbox 1170 2040 1295 2094; x_wconf 90' lang='lat' dir='ltr'><strong>dum</strong></span> <span class='ocrx_word' id='word_1_274' title='bbox 1327 2038 1492 2108; x_wconf 86' lang='lat' dir='ltr'><strong>regali</strong></span> <span class='ocrx_word' id='word_1_275' title='bbox 1531 2038 1764 2093; x_wconf 88' lang='lat' dir='ltr'><strong>culmine</strong></span> <span class='ocrx_word' id='word_1_276' title='bbox 1792 2046 2112 2108; x_wconf 87' lang='lat' dir='ltr'><strong>arroganter</strong></span> 
     </span>
    </p>
   </div>
   <div class='ocr_carea' id='block_1_36' title="bbox 524 2127 2111 2198">
    <p class='ocr_par' dir='ltr' id='par_1_36' title="bbox 524 2127 2111 2198">
     <span class='ocr_line' id='line_1_36' title="bbox 524 2127 2111 2198; baseline -0.004 -12"><span class='ocrx_word' id='word_1_277' title='bbox 524 2131 812 2195; x_wconf 67' lang='lat' dir='ltr'><strong>intumuit,</strong></span> <span class='ocrx_word' id='word_1_278' title='bbox 838 2128 1177 2185; x_wconf 86' lang='lat' dir='ltr'><strong>sacriﬁcandi</strong></span> <span class='ocrx_word' id='word_1_279' title='bbox 1207 2128 1506 2194; x_wconf 88' lang='lat' dir='ltr'><strong>licentiam,</strong></span> <span class='ocrx_word' id='word_1_280' title='bbox 1529 2142 1648 2198; x_wconf 82' lang='lat' dir='ltr'><strong>quae</strong></span> <span class='ocrx_word' id='word_1_281' title='bbox 1668 2127 1795 2182; x_wconf 90' lang='lat' dir='ltr'><strong>solis</strong></span> <span class='ocrx_word' id='word_1_282' title='bbox 1818 2127 2111 2182; x_wconf 87' lang='lat' dir='ltr'><strong>debebatur</strong></span> 
     </span>
    </p>
   </div>
   <div class='ocr_carea' id='block_1_37' title="bbox 536 2217 1498 2289">
    <p class='ocr_par' dir='ltr' id='par_1_37' title="bbox 536 2217 1498 2289">
     <span class='ocr_line' id='line_1_37' title="bbox 536 2217 1498 2289; baseline -0.004 -13"><span class='ocrx_word' id='word_1_283' title='bbox 536 2220 929 2284; x_wconf 86' lang='lat' dir='ltr'><strong>sacerdotibus,</strong></span> <span class='ocrx_word' id='word_1_284' title='bbox 955 2219 1170 2274; x_wconf 87' lang='lat' dir='ltr'><strong>sibimet</strong></span> <span class='ocrx_word' id='word_1_285' title='bbox 1199 2217 1498 2289; x_wconf 65' lang='lat' dir='ltr'><strong>usurpavit.</strong></span> 
     </span>
    </p>
   </div>
   <div class='ocr_carea' id='block_1_38' title="bbox 609 2307 2110 2380">
    <p class='ocr_par' dir='ltr' id='par_1_38' title="bbox 609 2307 2110 2380">
     <span class='ocr_line' id='line_1_38' title="bbox 609 2307 2110 2380; baseline 0.001 -18"><span class='ocrx_word' id='word_1_286' title='bbox 609 2308 722 2364; x_wconf 89' lang='lat' dir='ltr'><strong>lloc</strong></span> <span class='ocrx_word' id='word_1_287' title='bbox 759 2309 968 2379; x_wconf 89' lang='lat' dir='ltr'><strong>signum</strong></span> <span class='ocrx_word' id='word_1_288' title='bbox 1014 2307 1179 2362; x_wconf 85' lang='lat' dir='ltr'><strong>David</strong></span> <span class='ocrx_word' id='word_1_289' title='bbox 1215 2308 1266 2362; x_wconf 92' lang='lat' dir='ltr'><strong>in</strong></span> <span class='ocrx_word' id='word_1_290' title='bbox 1293 2309 1502 2378; x_wconf 89' lang='lat' dir='ltr'><strong>.spiritu</strong></span> <span class='ocrx_word' id='word_1_291' title='bbox 1546 2309 1850 2380; x_wconf 68' lang='lat' dir='ltr'><strong>prmvidens</strong></span> <span class='ocrx_word' id='word_1_292' title='bbox 1878 2309 2110 2380; x_wconf 84' lang='lat' dir='ltr'><strong>gratula-</strong></span> 
     </span>
    </p>
   </div>
   <div class='ocr_carea' id='block_1_39' title="bbox 541 2399 2110 2471">
    <p class='ocr_par' dir='ltr' id='par_1_39' title="bbox 541 2399 2110 2471">
     <span class='ocr_line' id='line_1_39' title="bbox 541 2399 2110 2471; baseline -0.001 -16"><span class='ocrx_word' id='word_1_293' title='bbox 541 2401 755 2456; x_wconf 88' lang='lat' dir='ltr'><strong>bundus</strong></span> <span class='ocrx_word' id='word_1_294' title='bbox 799 2400 1016 2455; x_wconf 87' lang='lat' dir='ltr'><strong>aiebat:</strong></span> <span class='ocrx_word' id='word_1_295' title='bbox 1071 2419 1089 2452; x_wconf 83' lang='lat' dir='ltr'><strong>t</strong></span> <span class='ocrx_word' id='word_1_296' title='bbox 1139 2399 1417 2471; x_wconf 85' lang='lat' dir='ltr'><strong>Signatum</strong></span> <span class='ocrx_word' id='word_1_297' title='bbox 1466 2408 1550 2455; x_wconf 87' lang='lat' dir='ltr'><strong>est</strong></span> <span class='ocrx_word' id='word_1_298' title='bbox 1595 2416 1756 2470; x_wconf 88' lang='lat' dir='ltr'><strong>super</strong></span> <span class='ocrx_word' id='word_1_299' title='bbox 1793 2416 1890 2455; x_wconf 90' lang='lat' dir='ltr'><strong>nos</strong></span> <span class='ocrx_word' id='word_1_300' title='bbox 1933 2400 2110 2455; x_wconf 90' lang='lat' dir='ltr'><strong>lumen</strong></span> 
     </span>
    </p>
   </div>
   <div class='ocr_carea' id='block_1_40' title="bbox 537 2479 2112 2562">
    <p class='ocr_par' dir='ltr' id='par_1_40' title="bbox 537 2479 2112 2562">
     <span class='ocr_line' id='line_1_40' title="bbox 537 2479 2112 2562; baseline 0.001 -19"><span class='ocrx_word' id='word_1_301' title='bbox 537 2491 721 2545; x_wconf 87' lang='lat' dir='ltr'><strong>vultus</strong></span> <span class='ocrx_word' id='word_1_302' title='bbox 752 2491 852 2556; x_wconf 86' lang='lat' dir='ltr'><strong>tui,</strong></span> <span class='ocrx_word' id='word_1_303' title='bbox 891 2488 1146 2554; x_wconf 87' lang='lat' dir='ltr'><strong>Domine;</strong></span> <span class='ocrx_word' id='word_1_304' title='bbox 1197 2508 1216 2543; x_wconf 77' lang='grc' dir='ltr'><strong>ι</strong></span> <span class='ocrx_word' id='word_1_305' title='bbox 1259 2490 1483 2559; x_wconf 88' lang='lat' dir='ltr'><strong>ideoque</strong></span> <span class='ocrx_word' id='word_1_306' title='bbox 1512 2491 1821 2562; x_wconf 75' lang='lat' dir='ltr'><strong>sulijungit:</strong></span> <span class='ocrx_word' id='word_1_307' title='bbox 1859 2509 1876 2542; x_wconf 84' lang='lat' dir='ltr'><strong>t</strong></span> <span class='ocrx_word' id='word_1_308' title='bbox 1909 2479 2112 2546; x_wconf 87' lang='lat' dir='ltr'><strong>Dedisti</strong></span> 
     </span>
    </p>
   </div>
   <div class='ocr_carea' id='block_1_41' title="bbox 555 2579 2109 2653">
    <p class='ocr_par' dir='ltr' id='par_1_41' title="bbox 555 2579 2109 2653">
     <span class='ocr_line' id='line_1_41' title="bbox 555 2579 2109 2653; baseline -0.001 -17"><span class='ocrx_word' id='word_1_309' title='bbox 555 2581 777 2636; x_wconf 80' lang='lat' dir='ltr'><strong>:etitiam</strong></span> <span class='ocrx_word' id='word_1_310' title='bbox 805 2581 857 2636; x_wconf 91' lang='lat' dir='ltr'><strong>in</strong></span> <span class='ocrx_word' id='word_1_311' title='bbox 886 2581 1049 2636; x_wconf 89' lang='lat' dir='ltr'><strong>corde</strong></span> <span class='ocrx_word' id='word_1_312' title='bbox 1078 2595 1198 2636; x_wconf 91' lang='lat' dir='ltr'><strong>meo</strong></span> <span class='ocrx_word' id='word_1_313' title='bbox 1222 2579 1394 2653; x_wconf 73' lang='lat' dir='ltr'><strong>(Psal.</strong></span> <span class='ocrx_word' id='word_1_314' title='bbox 1423 2585 1517 2650; x_wconf 89' lang='lat' dir='ltr'><strong>tv).</strong></span> <span class='ocrx_word' id='word_1_315' title='bbox 1548 2600 1567 2635; x_wconf 81' lang='grc' dir='ltr'><strong>ι</strong></span> <span class='ocrx_word' id='word_1_316' title='bbox 1597 2582 1766 2649; x_wconf 85' lang='lat' dir='ltr'><strong>Quam</strong></span> <span class='ocrx_word' id='word_1_317' title='bbox 1793 2581 2109 2651; x_wconf 85' lang='lat' dir='ltr'><strong>pretiosum,</strong></span> 
     </span>
    </p>
   </div>
   <div class='ocr_carea' id='block_1_42' title="bbox 537 2669 2110 2741">
    <p class='ocr_par' dir='ltr' id='par_1_42' title="bbox 537 2669 2110 2741">
     <span class='ocr_line' id='line_1_42' title="bbox 537 2669 2110 2741; baseline 0 -20"><span class='ocrx_word' id='word_1_318' title='bbox 537 2686 810 2740; x_wconf 86' lang='lat' dir='ltr'><strong>quamque</strong></span> <span class='ocrx_word' id='word_1_319' title='bbox 840 2669 1126 2724; x_wconf 90' lang='lat' dir='ltr'><strong>miriﬁcum</strong></span> <span class='ocrx_word' id='word_1_320' title='bbox 1156 2671 1334 2725; x_wconf 88' lang='lat' dir='ltr'><strong>crucis</strong></span> <span class='ocrx_word' id='word_1_321' title='bbox 1360 2670 1570 2741; x_wconf 90' lang='lat' dir='ltr'><strong>signum</strong></span> <span class='ocrx_word' id='word_1_322' title='bbox 1607 2680 1712 2735; x_wconf 85' lang='lat' dir='ltr'><strong>est,</strong></span> <span class='ocrx_word' id='word_1_323' title='bbox 1749 2669 1947 2724; x_wconf 71' lang='lat' dir='ltr'><strong>{ratzes</strong></span> <span class='ocrx_word' id='word_1_324' title='bbox 1974 2669 2110 2736; x_wconf 90' lang='lat' dir='ltr'><strong>mei,</strong></span> 
     </span>
    </p>
   </div>
   <div class='ocr_carea' id='block_1_43' title="bbox 526 2761 2114 2832">
    <p class='ocr_par' dir='ltr' id='par_1_43' title="bbox 526 2761 2114 2832">
     <span class='ocr_line' id='line_1_43' title="bbox 526 2761 2114 2832; baseline -0.001 -17"><span class='ocrx_word' id='word_1_325' title='bbox 526 2763 685 2832; x_wconf 4' lang='lat' dir='ltr'><strong>(quod</strong></span> <span class='ocrx_word' id='word_1_326' title='bbox 714 2770 770 2816; x_wconf 89' lang='lat' dir='ltr'><strong>et</strong></span> <span class='ocrx_word' id='word_1_327' title='bbox 796 2762 1058 2832; x_wconf 89' lang='lat' dir='ltr'><strong>superbos</strong></span> <span class='ocrx_word' id='word_1_328' title='bbox 1087 2775 1328 2831; x_wconf 88' lang='lat' dir='ltr'><strong>quosque</strong></span> <span class='ocrx_word' id='word_1_329' title='bbox 1360 2776 1481 2816; x_wconf 87' lang='lat' dir='ltr'><strong>cum</strong></span> <span class='ocrx_word' id='word_1_330' title='bbox 1518 2761 1634 2832; x_wconf 91' lang='lat' dir='ltr'><strong>ipso</strong></span> <span class='ocrx_word' id='word_1_331' title='bbox 1664 2773 1884 2816; x_wconf 72' lang='lat' dir='ltr'><strong>auctore</strong></span> <span class='ocrx_word' id='word_1_332' title='bbox 1927 2773 2114 2829; x_wconf 59' lang='lat' dir='ltr'><strong>super-</strong></span> 
     </span>
    </p>
   </div>
   <div class='ocr_carea' id='block_1_44' title="bbox 533 2849 2111 2920">
    <p class='ocr_par' dir='ltr' id='par_1_44' title="bbox 533 2849 2111 2920">
     <span class='ocr_line' id='line_1_44' title="bbox 533 2849 2111 2920; baseline -0.003 -14"><span class='ocrx_word' id='word_1_333' title='bbox 533 2851 638 2907; x_wconf 83' lang='lat' dir='ltr'><strong>biae</strong></span> <span class='ocrx_word' id='word_1_334' title='bbox 667 2849 952 2915; x_wconf 89' lang='lat' dir='ltr'><strong>destruxit,</strong></span> <span class='ocrx_word' id='word_1_335' title='bbox 984 2859 1039 2906; x_wconf 90' lang='lat' dir='ltr'><strong>et</strong></span> <span class='ocrx_word' id='word_1_336' title='bbox 1067 2865 1163 2920; x_wconf 91' lang='lat' dir='ltr'><strong>pro</strong></span> <span class='ocrx_word' id='word_1_337' title='bbox 1191 2850 1406 2906; x_wconf 85' lang='lat' dir='ltr'><strong>Christo</strong></span> <span class='ocrx_word' id='word_1_338' title='bbox 1429 2859 1700 2909; x_wconf 89' lang='lat' dir='ltr'><strong>certantes</strong></span> <span class='ocrx_word' id='word_1_339' title='bbox 1721 2851 1773 2904; x_wconf 92' lang='lat' dir='ltr'><strong>in</strong></span> <span class='ocrx_word' id='word_1_340' title='bbox 1799 2860 2111 2917; x_wconf 76' lang='lat' dir='ltr'><strong>provectum</strong></span> 
     </span>
    </p>
   </div>
   <div class='ocr_carea' id='block_1_45' title="bbox 534 2941 2111 3013">
    <p class='ocr_par' dir='ltr' id='par_1_45' title="bbox 534 2941 2111 3013">
     <span class='ocr_line' id='line_1_45' title="bbox 534 2941 2111 3013; baseline 0 -17"><span class='ocrx_word' id='word_1_341' title='bbox 534 2942 720 3012; x_wconf 66' lang='lat' dir='ltr'><strong>gloriae</strong></span> <span class='ocrx_word' id='word_1_342' title='bbox 750 2942 1088 3013; x_wconf 90' lang='lat' dir='ltr'><strong>triumphalis</strong></span> <span class='ocrx_word' id='word_1_343' title='bbox 1133 2942 1367 2996; x_wconf 89' lang='lat' dir='ltr'><strong>attollit!</strong></span> <span class='ocrx_word' id='word_1_344' title='bbox 1413 2962 1430 2992; x_wconf 75' lang='grc' dir='ltr'><strong>ι</strong></span> <span class='ocrx_word' id='word_1_345' title='bbox 1464 2943 1624 3008; x_wconf 85' lang='lat' dir='ltr'><strong>Ecce,</strong></span> <span class='ocrx_word' id='word_1_346' title='bbox 1655 2942 1827 3012; x_wconf 89' lang='lat' dir='ltr'><strong>inquit</strong></span> <span class='ocrx_word' id='word_1_347' title='bbox 1861 2941 2111 3005; x_wconf 81' lang='lat' dir='ltr'><strong>Simeoa,</strong></span> 
     </span>
    </p>
   </div>
   <div class='ocr_carea' id='block_1_46' title="bbox 533 3033 2113 3105">
    <p class='ocr_par' dir='ltr' id='par_1_46' title="bbox 533 3033 2113 3105">
     <span class='ocr_line' id='line_1_46' title="bbox 533 3033 2113 3105; baseline 0 -19"><span class='ocrx_word' id='word_1_348' title='bbox 533 3035 746 3105; x_wconf 88' lang='lat' dir='ltr'><strong>positus</strong></span> <span class='ocrx_word' id='word_1_349' title='bbox 773 3042 856 3088; x_wconf 89' lang='lat' dir='ltr'><strong>est</strong></span> <span class='ocrx_word' id='word_1_350' title='bbox 883 3033 972 3088; x_wconf 90' lang='lat' dir='ltr'><strong>hic</strong></span> <span class='ocrx_word' id='word_1_351' title='bbox 994 3033 1046 3087; x_wconf 92' lang='lat' dir='ltr'><strong>in</strong></span> <span class='ocrx_word' id='word_1_352' title='bbox 1071 3033 1304 3095; x_wconf 86' lang='lat' dir='ltr'><strong>ruinam,</strong></span> <span class='ocrx_word' id='word_1_353' title='bbox 1337 3045 1392 3089; x_wconf 83' lang='lat' dir='ltr'><strong>et</strong></span> <span class='ocrx_word' id='word_1_354' title='bbox 1420 3035 1471 3088; x_wconf 90' lang='lat' dir='ltr'><strong>in</strong></span> <span class='ocrx_word' id='word_1_355' title='bbox 1497 3035 1951 3090; x_wconf 85' lang='lat' dir='ltr'><strong>resurrectionem</strong></span> <span class='ocrx_word' id='word_1_356' title='bbox 1977 3033 2113 3088; x_wconf 80' lang='lat' dir='ltr'><strong>mul-</strong></span> 
     </span>
    </p>
   </div>
   <div class='ocr_carea' id='block_1_47' title="bbox 2209 1853 3763 1926">
    <p class='ocr_par' dir='ltr' id='par_1_47' title="bbox 2209 1853 3763 1926">
     <span class='ocr_line' id='line_1_47' title="bbox 2209 1853 3763 1926; baseline -0.005 -14"><span class='ocrx_word' id='word_1_357' title='bbox 2209 1856 2307 1912; x_wconf 92' lang='lat' dir='ltr'><strong>bro</strong></span> <span class='ocrx_word' id='word_1_358' title='bbox 2335 1865 2520 1911; x_wconf 88' lang='lat' dir='ltr'><strong>nostro</strong></span> <span class='ocrx_word' id='word_1_359' title='bbox 2549 1855 2759 1926; x_wconf 88' lang='lat' dir='ltr'><strong>signum</strong></span> <span class='ocrx_word' id='word_1_360' title='bbox 2791 1854 3060 1926; x_wconf 88' lang='lat' dir='ltr'><strong>ponimus,</strong></span> <span class='ocrx_word' id='word_1_361' title='bbox 3085 1861 3144 1908; x_wconf 93' lang='lat' dir='ltr'><strong>ut</strong></span> <span class='ocrx_word' id='word_1_362' title='bbox 3168 1854 3264 1919; x_wconf 90' lang='lat' dir='ltr'><strong>rei,</strong></span> <span class='ocrx_word' id='word_1_363' title='bbox 3297 1869 3416 1924; x_wconf 69' lang='lat' dir='ltr'><strong>quze</strong></span> <span class='ocrx_word' id='word_1_364' title='bbox 3442 1853 3600 1908; x_wconf 90' lang='lat' dir='ltr'><strong>nobis</strong></span> <span class='ocrx_word' id='word_1_365' title='bbox 3619 1854 3763 1906; x_wconf 84' lang='lat' dir='ltr'><strong>chara</strong></span> 
     </span>
    </p>
   </div>
   <div class='ocr_carea' id='block_1_48' title="bbox 2208 1941 3763 2015">
    <p class='ocr_par' dir='ltr' id='par_1_48' title="bbox 2208 1941 3763 2015">
     <span class='ocr_line' id='line_1_48' title="bbox 2208 1941 3763 2015; baseline -0.005 -13"><span class='ocrx_word' id='word_1_366' title='bbox 2208 1955 2313 2013; x_wconf 88' lang='lat' dir='ltr'><strong>est,</strong></span> <span class='ocrx_word' id='word_1_367' title='bbox 2346 1947 2662 2001; x_wconf 87' lang='lat' dir='ltr'><strong>memoriam</strong></span> <span class='ocrx_word' id='word_1_368' title='bbox 2689 1959 2795 2000; x_wconf 89' lang='lat' dir='ltr'><strong>non</strong></span> <span class='ocrx_word' id='word_1_369' title='bbox 2825 1945 3136 2015; x_wconf 90' lang='lat' dir='ltr'><strong>perdamus.</strong></span> <span class='ocrx_word' id='word_1_370' title='bbox 3168 1943 3441 1998; x_wconf 75' lang='lat' dir='ltr'><strong>llabeatur</strong></span> <span class='ocrx_word' id='word_1_371' title='bbox 3465 1959 3599 2012; x_wconf 90' lang='lat' dir='ltr'><strong>ergo</strong></span> <span class='ocrx_word' id='word_1_372' title='bbox 3625 1941 3763 1997; x_wconf 87' lang='lat' dir='ltr'><strong>Chri-</strong></span> 
     </span>
    </p>
   </div>
   <div class='ocr_carea' id='block_1_49' title="bbox 2210 2015 3762 2106">
    <p class='ocr_par' dir='ltr' id='par_1_49' title="bbox 2210 2015 3762 2106">
     <span class='ocr_line' id='line_1_49' title="bbox 2210 2015 3762 2106; baseline -0.007 -13"><span class='ocrx_word' id='word_1_373' title='bbox 2210 2045 2324 2093; x_wconf 90' lang='lat' dir='ltr'><strong>stus</strong></span> <span class='ocrx_word' id='word_1_374' title='bbox 2348 2036 2400 2091; x_wconf 95' lang='lat' dir='ltr'><strong>in</strong></span> <span class='ocrx_word' id='word_1_375' title='bbox 2424 2036 2606 2102; x_wconf 89' lang='lat' dir='ltr'><strong>corde,</strong></span> <span class='ocrx_word' id='word_1_376' title='bbox 2641 2035 2904 2090; x_wconf 88' lang='lat' dir='ltr'><strong>habeatur</strong></span> <span class='ocrx_word' id='word_1_377' title='bbox 2928 2043 2984 2089; x_wconf 91' lang='lat' dir='ltr'><strong>et</strong></span> <span class='ocrx_word' id='word_1_378' title='bbox 3013 2015 3392 2106; x_wconf 39' lang='lat' dir='ltr'><strong>inOpeoratione</strong></span> <span class='ocrx_word' id='word_1_379' title='bbox 3421 2031 3762 2103; x_wconf 86' lang='lat' dir='ltr'><strong>signaculum,</strong></span> 
     </span>
    </p>
   </div>
   <div class='ocr_carea' id='block_1_50' title="bbox 2208 2123 3766 2198">
    <p class='ocr_par' dir='ltr' id='par_1_50' title="bbox 2208 2123 3766 2198">
     <span class='ocr_line' id='line_1_50' title="bbox 2208 2123 3766 2198; baseline -0.007 -13"><span class='ocrx_word' id='word_1_380' title='bbox 2208 2137 2268 2185; x_wconf 90' lang='lat' dir='ltr'><strong>ut</strong></span> <span class='ocrx_word' id='word_1_381' title='bbox 2292 2130 2407 2198; x_wconf 87' lang='lat' dir='ltr'><strong>ejus</strong></span> <span class='ocrx_word' id='word_1_382' title='bbox 2443 2129 2497 2184; x_wconf 93' lang='lat' dir='ltr'><strong>in</strong></span> <span class='ocrx_word' id='word_1_383' title='bbox 2530 2128 2685 2183; x_wconf 92' lang='lat' dir='ltr'><strong>nobis</strong></span> <span class='ocrx_word' id='word_1_384' title='bbox 2715 2142 2927 2198; x_wconf 89' lang='lat' dir='ltr'><strong>semper</strong></span> <span class='ocrx_word' id='word_1_385' title='bbox 2950 2126 3070 2182; x_wconf 85' lang='lat' dir='ltr'><strong>viva</strong></span> <span class='ocrx_word' id='word_1_386' title='bbox 3100 2126 3382 2189; x_wconf 87' lang='lat' dir='ltr'><strong>memoria,</strong></span> <span class='ocrx_word' id='word_1_387' title='bbox 3411 2132 3465 2178; x_wconf 90' lang='lat' dir='ltr'><strong>et</strong></span> <span class='ocrx_word' id='word_1_388' title='bbox 3496 2123 3766 2190; x_wconf 70' lang='lat' dir='ltr'><strong>subrepto-</strong></span> 
     </span>
    </p>
   </div>
   <div class='ocr_carea' id='block_1_51' title="bbox 2211 2213 3764 2289">
    <p class='ocr_par' dir='ltr' id='par_1_51' title="bbox 2211 2213 3764 2289">
     <span class='ocr_line' id='line_1_51' title="bbox 2211 2213 3764 2289; baseline -0.005 -15"><span class='ocrx_word' id='word_1_389' title='bbox 2211 2219 2342 2274; x_wconf 91' lang='lat' dir='ltr'><strong>tiutu</strong></span> <span class='ocrx_word' id='word_1_390' title='bbox 2372 2217 2760 2289; x_wconf 84' lang='lat' dir='ltr'><strong>cogitationum</strong></span> <span class='ocrx_word' id='word_1_391' title='bbox 2785 2231 2951 2288; x_wconf 86' lang='lat' dir='ltr'><strong>prava</strong></span> <span class='ocrx_word' id='word_1_392' title='bbox 3003 2225 3337 2285; x_wconf 89' lang='lat' dir='ltr'><strong>compescat,</strong></span> <span class='ocrx_word' id='word_1_393' title='bbox 3367 2224 3424 2268; x_wconf 89' lang='lat' dir='ltr'><strong>et</strong></span> <span class='ocrx_word' id='word_1_394' title='bbox 3452 2214 3510 2267; x_wconf 83' lang='lat' dir='ltr'><strong>in</strong></span> <span class='ocrx_word' id='word_1_395' title='bbox 3544 2213 3629 2267; x_wconf 91' lang='lat' dir='ltr'><strong>his</strong></span> <span class='ocrx_word' id='word_1_396' title='bbox 3664 2225 3764 2282; x_wconf 75' lang='lat' dir='ltr'><strong>quae</strong></span> 
     </span>
    </p>
   </div>
   <div class='ocr_carea' id='block_1_52' title="bbox 2209 2306 3766 2379">
    <p class='ocr_par' dir='ltr' id='par_1_52' title="bbox 2209 2306 3766 2379">
     <span class='ocr_line' id='line_1_52' title="bbox 2209 2306 3766 2379; baseline -0.008 -12"><span class='ocrx_word' id='word_1_397' title='bbox 2209 2311 2543 2367; x_wconf 78' lang='lat' dir='ltr'><strong>extrinsecus</strong></span> <span class='ocrx_word' id='word_1_398' title='bbox 2569 2308 2797 2379; x_wconf 83' lang='lat' dir='ltr'><strong>agimus,</strong></span> <span class='ocrx_word' id='word_1_399' title='bbox 2823 2307 3078 2363; x_wconf 80' lang='lat' dir='ltr'><strong>Cruciﬁxi</strong></span> <span class='ocrx_word' id='word_1_400' title='bbox 3110 2308 3481 2362; x_wconf 87' lang='lat' dir='ltr'><strong>characterem</strong></span> <span class='ocrx_word' id='word_1_401' title='bbox 3512 2306 3766 2358; x_wconf 85' lang='lat' dir='ltr'><strong>evidenter</strong></span> 
     </span>
    </p>
   </div>
   <div class='ocr_carea' id='block_1_53' title="bbox 2210 2391 3764 2464">
    <p class='ocr_par' dir='ltr' id='par_1_53' title="bbox 2210 2391 3764 2464">
     <span class='ocr_line' id='line_1_53' title="bbox 2210 2391 3764 2464; baseline -0.007 -9"><span class='ocrx_word' id='word_1_402' title='bbox 2210 2401 2482 2456; x_wconf 85' lang='lat' dir='ltr'><strong>exhibeat.</strong></span> <span class='ocrx_word' id='word_1_403' title='bbox 2528 2399 2816 2453; x_wconf 88' lang='lat' dir='ltr'><strong>Enimvero</strong></span> <span class='ocrx_word' id='word_1_404' title='bbox 2863 2397 2907 2452; x_wconf 91' lang='lat' dir='ltr'><strong>si</strong></span> <span class='ocrx_word' id='word_1_405' title='bbox 2957 2397 3113 2453; x_wconf 89' lang='lat' dir='ltr'><strong>nobis</strong></span> <span class='ocrx_word' id='word_1_406' title='bbox 3157 2395 3406 2451; x_wconf 86' lang='lat' dir='ltr'><strong>Christus</strong></span> <span class='ocrx_word' id='word_1_407' title='bbox 3451 2391 3764 2464; x_wconf 83' lang='lat' dir='ltr'><strong>signaculum</strong></span> 
     </span>
    </p>
   </div>
   <div class='ocr_carea' id='block_1_54' title="bbox 2213 2484 3764 2557">
    <p class='ocr_par' dir='ltr' id='par_1_54' title="bbox 2213 2484 3764 2557">
     <span class='ocr_line' id='line_1_54' title="bbox 2213 2484 3764 2557; baseline -0.008 -13"><span class='ocrx_word' id='word_1_408' title='bbox 2213 2489 2395 2555; x_wconf 78' lang='lat' dir='ltr'><strong>fuerit,</strong></span> <span class='ocrx_word' id='word_1_409' title='bbox 2420 2499 2473 2542; x_wconf 90' lang='lat' dir='ltr'><strong>et</strong></span> <span class='ocrx_word' id='word_1_410' title='bbox 2493 2487 2604 2557; x_wconf 87' lang='lat' dir='ltr'><strong>ipse</strong></span> <span class='ocrx_word' id='word_1_411' title='bbox 2624 2501 2722 2541; x_wconf 90' lang='lat' dir='ltr'><strong>nos</strong></span> <span class='ocrx_word' id='word_1_412' title='bbox 2750 2487 2851 2540; x_wconf 89' lang='lat' dir='ltr'><strong>sibi</strong></span> <span class='ocrx_word' id='word_1_413' title='bbox 2881 2495 3028 2556; x_wconf 87' lang='lat' dir='ltr'><strong>grata</strong></span> <span class='ocrx_word' id='word_1_414' title='bbox 3054 2485 3420 2540; x_wconf 82' lang='lat' dir='ltr'><strong>vicissitudine</strong></span> <span class='ocrx_word' id='word_1_415' title='bbox 3447 2484 3764 2553; x_wconf 85' lang='lat' dir='ltr'><strong>signaculum</strong></span> 
     </span>
    </p>
   </div>
   <div class='ocr_carea' id='block_1_55' title="bbox 2211 2574 3766 2651">
    <p class='ocr_par' dir='ltr' id='par_1_55' title="bbox 2211 2574 3766 2651">
     <span class='ocr_line' id='line_1_55' title="bbox 2211 2574 3766 2651; baseline -0.007 -15"><span class='ocrx_word' id='word_1_416' title='bbox 2211 2580 2384 2651; x_wconf 82' lang='lat' dir='ltr'><strong>ponit.</strong></span> <span class='ocrx_word' id='word_1_417' title='bbox 2413 2577 2573 2632; x_wconf 78' lang='lat' dir='ltr'><strong>Juxta</strong></span> <span class='ocrx_word' id='word_1_418' title='bbox 2599 2577 2741 2646; x_wconf 87' lang='lat' dir='ltr'><strong>quod</strong></span> <span class='ocrx_word' id='word_1_419' title='bbox 2769 2577 3066 2631; x_wconf 86' lang='lat' dir='ltr'><strong>Zorobabel</strong></span> <span class='ocrx_word' id='word_1_420' title='bbox 3095 2577 3216 2631; x_wconf 89' lang='lat' dir='ltr'><strong>duci</strong></span> <span class='ocrx_word' id='word_1_421' title='bbox 3254 2574 3452 2630; x_wconf 66' lang='lat' dir='ltr'><strong>Iudaeae</strong></span> <span class='ocrx_word' id='word_1_422' title='bbox 3483 2575 3766 2644; x_wconf 85' lang='lat' dir='ltr'><strong>pollicetur,</strong></span> 
     </span>
    </p>
   </div>
   <div class='ocr_carea' id='block_1_56' title="bbox 2213 2665 3768 2738">
    <p class='ocr_par' dir='ltr' id='par_1_56' title="bbox 2213 2665 3768 2738">
     <span class='ocr_line' id='line_1_56' title="bbox 2213 2665 3768 2738; baseline -0.008 -12"><span class='ocrx_word' id='word_1_423' title='bbox 2213 2672 2437 2726; x_wconf 88' lang='lat' dir='ltr'><strong>dicens:</strong></span> <span class='ocrx_word' id='word_1_424' title='bbox 2475 2689 2493 2722; x_wconf 72' lang='grc' dir='ltr'><strong>ι</strong></span> <span class='ocrx_word' id='word_1_425' title='bbox 2521 2669 2578 2724; x_wconf 92' lang='lat' dir='ltr'><strong>ln</strong></span> <span class='ocrx_word' id='word_1_426' title='bbox 2607 2669 2696 2722; x_wconf 91' lang='lat' dir='ltr'><strong>illa</strong></span> <span class='ocrx_word' id='word_1_427' title='bbox 2723 2668 2809 2722; x_wconf 91' lang='lat' dir='ltr'><strong>die</strong></span> <span class='ocrx_word' id='word_1_428' title='bbox 2837 2668 3124 2738; x_wconf 85' lang='lat' dir='ltr'><strong>suscipiam</strong></span> <span class='ocrx_word' id='word_1_429' title='bbox 3157 2676 3244 2733; x_wconf 90' lang='lat' dir='ltr'><strong>te,</strong></span> <span class='ocrx_word' id='word_1_430' title='bbox 3287 2665 3592 2722; x_wconf 84' lang='lat' dir='ltr'><strong>Zorobabel</strong></span> <span class='ocrx_word' id='word_1_431' title='bbox 3636 2678 3768 2719; x_wconf 82' lang='lat' dir='ltr'><strong>serve</strong></span> 
     </span>
    </p>
   </div>
   <div class='ocr_carea' id='block_1_57' title="bbox 2213 2756 3766 2829">
    <p class='ocr_par' dir='ltr' id='par_1_57' title="bbox 2213 2756 3766 2829">
     <span class='ocr_line' id='line_1_57' title="bbox 2213 2756 3766 2829; baseline -0.006 -14"><span class='ocrx_word' id='word_1_432' title='bbox 2213 2775 2383 2826; x_wconf 89' lang='lat' dir='ltr'><strong>meus,</strong></span> <span class='ocrx_word' id='word_1_433' title='bbox 2432 2765 2486 2814; x_wconf 83' lang='lat' dir='ltr'><strong>et</strong></span> <span class='ocrx_word' id='word_1_434' title='bbox 2525 2773 2719 2829; x_wconf 90' lang='lat' dir='ltr'><strong>ponam</strong></span> <span class='ocrx_word' id='word_1_435' title='bbox 2751 2767 2801 2813; x_wconf 89' lang='lat' dir='ltr'><strong>te</strong></span> <span class='ocrx_word' id='word_1_436' title='bbox 2830 2757 2971 2812; x_wconf 85' lang='lat' dir='ltr'><strong>sicut</strong></span> <span class='ocrx_word' id='word_1_437' title='bbox 3015 2756 3346 2828; x_wconf 87' lang='lat' dir='ltr'><strong>signaculum</strong></span> <span class='ocrx_word' id='word_1_438' title='bbox 3394 2757 3446 2810; x_wconf 91' lang='lat' dir='ltr'><strong>in</strong></span> <span class='ocrx_word' id='word_1_439' title='bbox 3496 2764 3766 2825; x_wconf 77' lang='lat' dir='ltr'><strong>conspectu</strong></span> 
     </span>
    </p>
   </div>
   <div class='ocr_carea' id='block_1_58' title="bbox 2214 2847 3768 2925">
    <p class='ocr_par' dir='ltr' id='par_1_58' title="bbox 2214 2847 3768 2925">
     <span class='ocr_line' id='line_1_58' title="bbox 2214 2847 3768 2925; baseline -0.01 -13"><span class='ocrx_word' id='word_1_440' title='bbox 2214 2871 2335 2912; x_wconf 90' lang='lat' dir='ltr'><strong>meo</strong></span> <span class='ocrx_word' id='word_1_441' title='bbox 2380 2853 2532 2925; x_wconf 81' lang='lat' dir='ltr'><strong>(Agg.</strong></span> <span class='ocrx_word' id='word_1_442' title='bbox 2583 2851 2664 2924; x_wconf 92' lang='grc' dir='ltr'><strong>ιι).</strong></span> <span class='ocrx_word' id='word_1_443' title='bbox 2714 2870 2732 2904; x_wconf 76' lang='grc' dir='ltr'><strong>ι</strong></span> <span class='ocrx_word' id='word_1_444' title='bbox 2782 2850 2839 2905; x_wconf 88' lang='lat' dir='ltr'><strong>In</strong></span> <span class='ocrx_word' id='word_1_445' title='bbox 2884 2859 3170 2920; x_wconf 90' lang='lat' dir='ltr'><strong>conspectu</strong></span> <span class='ocrx_word' id='word_1_446' title='bbox 3201 2864 3431 2917; x_wconf 87' lang='lat' dir='ltr'><strong>namque</strong></span> <span class='ocrx_word' id='word_1_447' title='bbox 3475 2848 3574 2904; x_wconf 90' lang='lat' dir='ltr'><strong>Dei</strong></span> <span class='ocrx_word' id='word_1_448' title='bbox 3613 2847 3768 2916; x_wconf 77' lang='lat' dir='ltr'><strong>justus</strong></span> 
     </span>
    </p>
   </div>
   <div class='ocr_carea' id='block_1_59' title="bbox 2215 2941 3770 3018">
    <p class='ocr_par' dir='ltr' id='par_1_59' title="bbox 2215 2941 3770 3018">
     <span class='ocr_line' id='line_1_59' title="bbox 2215 2941 3770 3018; baseline -0.006 -16"><span class='ocrx_word' id='word_1_449' title='bbox 2215 2948 2355 3002; x_wconf 89' lang='lat' dir='ltr'><strong>sicut</strong></span> <span class='ocrx_word' id='word_1_450' title='bbox 2379 2946 2713 3018; x_wconf 83' lang='lat' dir='ltr'><strong>signaculum</strong></span> <span class='ocrx_word' id='word_1_451' title='bbox 2741 2947 2979 3016; x_wconf 90' lang='lat' dir='ltr'><strong>ponitur,</strong></span> <span class='ocrx_word' id='word_1_452' title='bbox 3014 2946 3140 3015; x_wconf 82' lang='lat' dir='ltr'><strong>quia</strong></span> <span class='ocrx_word' id='word_1_453' title='bbox 3179 2961 3275 3015; x_wconf 90' lang='lat' dir='ltr'><strong>per</strong></span> <span class='ocrx_word' id='word_1_454' title='bbox 3311 2944 3558 3000; x_wconf 89' lang='lat' dir='ltr'><strong>continui</strong></span> <span class='ocrx_word' id='word_1_455' title='bbox 3592 2941 3770 2996; x_wconf 79' lang='lat' dir='ltr'><strong>amoris</strong></span> 
     </span>
    </p>
   </div>
   <div class='ocr_carea' id='block_1_60' title="bbox 2217 3036 3767 3108">
    <p class='ocr_par' dir='ltr' id='par_1_60' title="bbox 2217 3036 3767 3108">
     <span class='ocr_line' id='line_1_60' title="bbox 2217 3036 3767 3108; baseline 0 -18"><span class='ocrx_word' id='word_1_456' title='bbox 2217 3038 2443 3108; x_wconf 85' lang='lat' dir='ltr'><strong>gratiam</strong></span> <span class='ocrx_word' id='word_1_457' title='bbox 2473 3038 2530 3092; x_wconf 83' lang='lat' dir='ltr'><strong>in</strong></span> <span class='ocrx_word' id='word_1_458' title='bbox 2551 3037 2669 3108; x_wconf 78' lang='lat' dir='ltr'><strong>ejus</strong></span> <span class='ocrx_word' id='word_1_459' title='bbox 2692 3039 2946 3091; x_wconf 84' lang='lat' dir='ltr'><strong>memoria</strong></span> <span class='ocrx_word' id='word_1_460' title='bbox 2975 3051 3188 3107; x_wconf 89' lang='lat' dir='ltr'><strong>semper</strong></span> <span class='ocrx_word' id='word_1_461' title='bbox 3207 3036 3453 3091; x_wconf 84' lang='lat' dir='ltr'><strong>habetur.</strong></span> <span class='ocrx_word' id='word_1_462' title='bbox 3482 3038 3557 3088; x_wconf 81' lang='lat' dir='ltr'><strong>At</strong></span> <span class='ocrx_word' id='word_1_463' title='bbox 3583 3041 3767 3090; x_wconf 78' lang='lat' dir='ltr'><strong>contra.</strong></span> 
     </span>
    </p>
   </div>
   <div class='ocr_carea' id='block_1_61' title="bbox 527 3111 2111 3200">
    <p class='ocr_par' dir='ltr' id='par_1_61' title="bbox 527 3112 2111 3191">
     <span class='ocr_line' id='line_1_61' title="bbox 527 3112 2111 3191; baseline -0.001 -15"><span class='ocrx_word' id='word_1_464' title='bbox 527 3112 718 3190; x_wconf 25' lang='lat' dir='ltr'><strong>iterum</strong></span> <span class='ocrx_word' id='word_1_465' title='bbox 769 3120 821 3173; x_wconf 88' lang='lat' dir='ltr'><strong>in</strong></span> <span class='ocrx_word' id='word_1_466' title='bbox 844 3120 1014 3175; x_wconf 77' lang='lat' dir='ltr'><strong>.lsrael</strong></span> <span class='ocrx_word' id='word_1_467' title='bbox 1057 3120 1208 3190; x_wconf 85' lang='lat' dir='ltr'><strong>(Luc.</strong></span> <span class='ocrx_word' id='word_1_468' title='bbox 1243 3121 1324 3190; x_wconf 88' lang='grc' dir='ltr'><strong>ιι).</strong></span> <span class='ocrx_word' id='word_1_469' title='bbox 1359 3139 1378 3173; x_wconf 82' lang='grc' dir='ltr'><strong>ι</strong></span> <span class='ocrx_word' id='word_1_470' title='bbox 1417 3121 1736 3187; x_wconf 87' lang='lat' dir='ltr'><strong>Pretiosum,</strong></span> <span class='ocrx_word' id='word_1_471' title='bbox 1769 3123 2013 3191; x_wconf 76' lang='lat' dir='ltr'><strong>inquam,</strong></span> <span class='ocrx_word' id='word_1_472' title='bbox 2039 3122 2111 3177; x_wconf 88' lang='lat' dir='ltr'><strong>si-</strong></span> 
     </span>
    </p>
   </div>
   <div class='ocr_carea' id='block_1_62' title="bbox 2212 3111 3768 3200">
    <p class='ocr_par' dir='ltr' id='par_1_62' title="bbox 2215 3123 3768 3200">
     <span class='ocr_line' id='line_1_62' title="bbox 2215 3123 3768 3200; baseline -0.007 -16"><span class='ocrx_word' id='word_1_473' title='bbox 2215 3131 2281 3184; x_wconf 89' lang='lat' dir='ltr'><strong>de</strong></span> <span class='ocrx_word' id='word_1_474' title='bbox 2312 3129 2474 3199; x_wconf 88' lang='lat' dir='ltr'><strong>impio</strong></span> <span class='ocrx_word' id='word_1_475' title='bbox 2517 3144 2642 3200; x_wconf 82' lang='lat' dir='ltr'><strong>rege</strong></span> <span class='ocrx_word' id='word_1_476' title='bbox 2671 3127 2926 3184; x_wconf 82' lang='lat' dir='ltr'><strong>Jechonia</strong></span> <span class='ocrx_word' id='word_1_477' title='bbox 2945 3168 2959 3192; x_wconf 96' lang='lat'><strong>,</strong></span> <span class='ocrx_word' id='word_1_478' title='bbox 2981 3128 3097 3196; x_wconf 88' lang='lat' dir='ltr'><strong>qui,</strong></span> <span class='ocrx_word' id='word_1_479' title='bbox 3127 3127 3377 3196; x_wconf 86' lang='lat' dir='ltr'><strong>quoniam</strong></span> <span class='ocrx_word' id='word_1_480' title='bbox 3408 3124 3505 3178; x_wconf 88' lang='lat' dir='ltr'><strong>Dei</strong></span> <span class='ocrx_word' id='word_1_481' title='bbox 3547 3123 3768 3190; x_wconf 86' lang='lat' dir='ltr'><strong>omnipo-</strong></span> 
     </span>
    </p>
   </div>
   <div class='ocr_carea' id='block_1_63' title="bbox 531 3211 2112 3283">
    <p class='ocr_par' dir='ltr' id='par_1_63' title="bbox 531 3211 2112 3283">
     <span class='ocr_line' id='line_1_63' title="bbox 531 3211 2112 3283; baseline 0 -17"><span class='ocrx_word' id='word_1_482' title='bbox 531 3227 700 3283; x_wconf 81' lang='lat' dir='ltr'><strong>gnum</strong></span> <span class='ocrx_word' id='word_1_483' title='bbox 728 3211 921 3273; x_wconf 86' lang='lat' dir='ltr'><strong>crucis,</strong></span> <span class='ocrx_word' id='word_1_484' title='bbox 957 3211 1074 3275; x_wconf 87' lang='lat' dir='ltr'><strong>sed,</strong></span> <span class='ocrx_word' id='word_1_485' title='bbox 1103 3220 1262 3281; x_wconf 89' lang='lat' dir='ltr'><strong>prout</strong></span> <span class='ocrx_word' id='word_1_486' title='bbox 1289 3221 1558 3282; x_wconf 86' lang='lat' dir='ltr'><strong>gestamus</strong></span> <span class='ocrx_word' id='word_1_487' title='bbox 1594 3212 1647 3267; x_wconf 92' lang='lat' dir='ltr'><strong>in</strong></span> <span class='ocrx_word' id='word_1_488' title='bbox 1682 3211 1880 3279; x_wconf 85' lang='lat' dir='ltr'><strong>fronte,</strong></span> <span class='ocrx_word' id='word_1_489' title='bbox 1909 3213 2112 3266; x_wconf 79' lang='lat' dir='ltr'><strong>utinam</strong></span> 
     </span>
    </p>
   </div>
   <div class='ocr_carea' id='block_1_64' title="bbox 535 3301 2116 3374">
    <p class='ocr_par' dir='ltr' id='par_1_64' title="bbox 535 3301 2116 3374">
     <span class='ocr_line' id='line_1_64' title="bbox 535 3301 2116 3374; baseline 0.002 -17"><span class='ocrx_word' id='word_1_490' title='bbox 535 3313 814 3374; x_wconf 89' lang='lat' dir='ltr'><strong>portemus</strong></span> <span class='ocrx_word' id='word_1_491' title='bbox 837 3301 889 3356; x_wconf 92' lang='lat' dir='ltr'><strong>in</strong></span> <span class='ocrx_word' id='word_1_492' title='bbox 916 3301 1097 3358; x_wconf 91' lang='lat' dir='ltr'><strong>corde.</strong></span> <span class='ocrx_word' id='word_1_493' title='bbox 1124 3301 1216 3356; x_wconf 88' lang='lat' dir='ltr'><strong>Ille</strong></span> <span class='ocrx_word' id='word_1_494' title='bbox 1242 3303 1386 3357; x_wconf 88' lang='lat' dir='ltr'><strong>enim</strong></span> <span class='ocrx_word' id='word_1_495' title='bbox 1409 3304 1558 3358; x_wconf 92' lang='lat' dir='ltr'><strong>cordi</strong></span> <span class='ocrx_word' id='word_1_496' title='bbox 1583 3318 1679 3359; x_wconf 89' lang='lat' dir='ltr'><strong>suo</strong></span> <span class='ocrx_word' id='word_1_497' title='bbox 1703 3304 1912 3372; x_wconf 86' lang='lat' dir='ltr'><strong>signum</strong></span> <span class='ocrx_word' id='word_1_498' title='bbox 1940 3305 2116 3360; x_wconf 85' lang='lat' dir='ltr'><strong>crucis</strong></span> 
     </span>
    </p>
   </div>
   <div class='ocr_carea' id='block_1_65' title="bbox 530 3389 2113 3464">
    <p class='ocr_par' dir='ltr' id='par_1_65' title="bbox 530 3389 2113 3464">
     <span class='ocr_line' id='line_1_65' title="bbox 530 3389 2113 3464; baseline 0.002 -18"><span class='ocrx_word' id='word_1_499' title='bbox 530 3389 803 3450; x_wconf 35' lang='lat' dir='ltr'><strong>&#39;veraciter</strong></span> <span class='ocrx_word' id='word_1_500' title='bbox 847 3392 1010 3448; x_wconf 88' lang='lat' dir='ltr'><strong>habet</strong></span> <span class='ocrx_word' id='word_1_501' title='bbox 1059 3391 1418 3463; x_wconf 86' lang='lat' dir='ltr'><strong>impressum,</strong></span> <span class='ocrx_word' id='word_1_502' title='bbox 1451 3394 1541 3462; x_wconf 90' lang='lat' dir='ltr'><strong>qui</strong></span> <span class='ocrx_word' id='word_1_503' title='bbox 1581 3392 1889 3459; x_wconf 88' lang='lat' dir='ltr'><strong>Christum,</strong></span> <span class='ocrx_word' id='word_1_504' title='bbox 1940 3399 2032 3464; x_wconf 90' lang='lat' dir='ltr'><strong>qui</strong></span> <span class='ocrx_word' id='word_1_505' title='bbox 2063 3396 2113 3450; x_wconf 91' lang='lat' dir='ltr'><strong>in</strong></span> 
     </span>
    </p>
   </div>
   <div class='ocr_carea' id='block_1_66' title="bbox 534 3484 2117 3556">
    <p class='ocr_par' dir='ltr' id='par_1_66' title="bbox 534 3484 2117 3556">
     <span class='ocr_line' id='line_1_66' title="bbox 534 3484 2117 3556; baseline 0.001 -16"><span class='ocrx_word' id='word_1_506' title='bbox 534 3501 697 3541; x_wconf 86' lang='lat' dir='ltr'><strong>cruce</strong></span> <span class='ocrx_word' id='word_1_507' title='bbox 743 3499 1037 3555; x_wconf 86' lang='lat' dir='ltr'><strong>suspensus</strong></span> <span class='ocrx_word' id='word_1_508' title='bbox 1081 3493 1194 3547; x_wconf 91' lang='lat' dir='ltr'><strong>est,</strong></span> <span class='ocrx_word' id='word_1_509' title='bbox 1240 3484 1432 3556; x_wconf 82' lang='lat' dir='ltr'><strong>diligit,</strong></span> <span class='ocrx_word' id='word_1_510' title='bbox 1464 3485 1556 3555; x_wconf 90' lang='lat' dir='ltr'><strong>qui</strong></span> <span class='ocrx_word' id='word_1_511' title='bbox 1605 3500 1728 3540; x_wconf 91' lang='lat' dir='ltr'><strong>eum</strong></span> <span class='ocrx_word' id='word_1_512' title='bbox 1777 3494 1890 3541; x_wconf 91' lang='lat' dir='ltr'><strong>toto</strong></span> <span class='ocrx_word' id='word_1_513' title='bbox 1935 3487 2117 3542; x_wconf 85' lang='lat' dir='ltr'><strong>cordis</strong></span> 
     </span>
    </p>
   </div>
   <div class='ocr_carea' id='block_1_67' title="bbox 527 3577 2116 3650">
    <p class='ocr_par' dir='ltr' id='par_1_67' title="bbox 527 3577 2116 3650">
     <span class='ocr_line' id='line_1_67' title="bbox 527 3577 2116 3650; baseline 0.001 -16"><span class='ocrx_word' id='word_1_514' title='bbox 527 3593 722 3650; x_wconf 15' lang='lat' dir='ltr'><strong>(amore</strong></span> <span class='ocrx_word' id='word_1_515' title='bbox 745 3577 1148 3647; x_wconf 82' lang='lat' dir='ltr'><strong>complectitur,</strong></span> <span class='ocrx_word' id='word_1_516' title='bbox 1181 3577 1271 3647; x_wconf 90' lang='lat' dir='ltr'><strong>qui</strong></span> <span class='ocrx_word' id='word_1_517' title='bbox 1311 3587 1460 3634; x_wconf 90' lang='lat' dir='ltr'><strong>certe</strong></span> <span class='ocrx_word' id='word_1_518' title='bbox 1487 3579 1539 3633; x_wconf 92' lang='lat' dir='ltr'><strong>in</strong></span> <span class='ocrx_word' id='word_1_519' title='bbox 1570 3594 1634 3633; x_wconf 91' lang='lat' dir='ltr'><strong>eo</strong></span> <span class='ocrx_word' id='word_1_520' title='bbox 1666 3580 1790 3634; x_wconf 91' lang='lat' dir='ltr'><strong>totis</strong></span> <span class='ocrx_word' id='word_1_521' title='bbox 1819 3580 2116 3636; x_wconf 87' lang='lat' dir='ltr'><strong>visceribus</strong></span> 
     </span>
    </p>
   </div>
   <div class='ocr_carea' id='block_1_68' title="bbox 535 3668 2115 3740">
    <p class='ocr_par' dir='ltr' id='par_1_68' title="bbox 535 3668 2115 3740">
     <span class='ocr_line' id='line_1_68' title="bbox 535 3668 2115 3740; baseline 0.001 -18"><span class='ocrx_word' id='word_1_522' title='bbox 535 3669 860 3734; x_wconf 78' lang='lat' dir='ltr'><strong>delectatur,</strong></span> <span class='ocrx_word' id='word_1_523' title='bbox 888 3668 978 3736; x_wconf 89' lang='lat' dir='ltr'><strong>qui</strong></span> <span class='ocrx_word' id='word_1_524' title='bbox 1008 3683 1234 3738; x_wconf 65' lang='lat' dir='ltr'><strong>quaeque</strong></span> <span class='ocrx_word' id='word_1_525' title='bbox 1257 3669 1325 3724; x_wconf 89' lang='lat' dir='ltr'><strong>ab</strong></span> <span class='ocrx_word' id='word_1_526' title='bbox 1352 3683 1417 3723; x_wconf 90' lang='lat' dir='ltr'><strong>eo</strong></span> <span class='ocrx_word' id='word_1_527' title='bbox 1443 3669 1716 3738; x_wconf 88' lang='lat' dir='ltr'><strong>prohibita</strong></span> <span class='ocrx_word' id='word_1_528' title='bbox 1745 3670 1970 3740; x_wconf 79' lang='lat' dir='ltr'><strong>reSpuit,</strong></span> <span class='ocrx_word' id='word_1_529' title='bbox 1996 3684 2115 3740; x_wconf 72' lang='lat' dir='ltr'><strong>qua:</strong></span> 
     </span>
    </p>
   </div>
   <div class='ocr_carea' id='block_1_69' title="bbox 531 3756 2115 3826">
    <p class='ocr_par' dir='ltr' id='par_1_69' title="bbox 531 3756 2115 3826">
     <span class='ocr_line' id='line_1_69' title="bbox 531 3756 2115 3826; baseline -0.001 -10"><span class='ocrx_word' id='word_1_530' title='bbox 531 3769 664 3826; x_wconf 76' lang='lat' dir='ltr'><strong>sunt</strong></span> <span class='ocrx_word' id='word_1_531' title='bbox 690 3759 962 3825; x_wconf 89' lang='lat' dir='ltr'><strong>mandata,</strong></span> <span class='ocrx_word' id='word_1_532' title='bbox 994 3773 1116 3814; x_wconf 91' lang='lat' dir='ltr'><strong>cum</strong></span> <span class='ocrx_word' id='word_1_533' title='bbox 1157 3756 1342 3814; x_wconf 80' lang='lat' dir='ltr'><strong>amere</strong></span> <span class='ocrx_word' id='word_1_534' title='bbox 1378 3759 1631 3814; x_wconf 89' lang='lat' dir='ltr'><strong>custodit.</strong></span> <span class='ocrx_word' id='word_1_535' title='bbox 1673 3757 1809 3813; x_wconf 89' lang='lat' dir='ltr'><strong>Sunt</strong></span> <span class='ocrx_word' id='word_1_536' title='bbox 1834 3760 1977 3814; x_wconf 91' lang='lat' dir='ltr'><strong>enim</strong></span> <span class='ocrx_word' id='word_1_537' title='bbox 2010 3759 2115 3814; x_wconf 90' lang='lat' dir='ltr'><strong>ini-</strong></span> 
     </span>
    </p>
   </div>
   <div class='ocr_carea' id='block_1_70' title="bbox 544 3849 2116 3921">
    <p class='ocr_par' dir='ltr' id='par_1_70' title="bbox 544 3849 2116 3921">
     <span class='ocr_line' id='line_1_70' title="bbox 544 3849 2116 3921; baseline 0.001 -16"><span class='ocrx_word' id='word_1_538' title='bbox 544 3851 670 3906; x_wconf 88' lang='lat' dir='ltr'><strong>tnici</strong></span> <span class='ocrx_word' id='word_1_539' title='bbox 695 3851 875 3906; x_wconf 91' lang='lat' dir='ltr'><strong>erucis</strong></span> <span class='ocrx_word' id='word_1_540' title='bbox 895 3850 1096 3905; x_wconf 86' lang='lat' dir='ltr'><strong>Christi</strong></span> <span class='ocrx_word' id='word_1_541' title='bbox 1125 3865 1375 3919; x_wconf 90' lang='lat' dir='ltr'><strong>quorum,</strong></span> <span class='ocrx_word' id='word_1_542' title='bbox 1397 3859 1457 3905; x_wconf 92' lang='lat' dir='ltr'><strong>ut</strong></span> <span class='ocrx_word' id='word_1_543' title='bbox 1480 3850 1770 3921; x_wconf 84' lang='lat' dir='ltr'><strong>Apostolus</strong></span> <span class='ocrx_word' id='word_1_544' title='bbox 1796 3851 1899 3905; x_wconf 90' lang='lat' dir='ltr'><strong>ait:</strong></span> <span class='ocrx_word' id='word_1_545' title='bbox 1933 3869 1950 3902; x_wconf 84' lang='lat' dir='ltr'><strong>t</strong></span> <span class='ocrx_word' id='word_1_546' title='bbox 1969 3849 2116 3906; x_wconf 86' lang='lat' dir='ltr'><strong>Finis</strong></span> 
     </span>
    </p>
   </div>
   <div class='ocr_carea' id='block_1_71' title="bbox 529 3938 2114 4018">
    <p class='ocr_par' dir='ltr' id='par_1_71' title="bbox 529 3938 2114 4018">
     <span class='ocr_line' id='line_1_71' title="bbox 529 3938 2114 4018; baseline 0.001 -25"><span class='ocrx_word' id='word_1_547' title='bbox 529 3939 813 4018; x_wconf 63' lang='lat' dir='ltr'><strong>interitus,</strong></span> <span class='ocrx_word' id='word_1_548' title='bbox 842 3950 897 3995; x_wconf 85' lang='lat' dir='ltr'><strong>et</strong></span> <span class='ocrx_word' id='word_1_549' title='bbox 924 3939 1090 4010; x_wconf 85' lang='lat' dir='ltr'><strong>gloria</strong></span> <span class='ocrx_word' id='word_1_550' title='bbox 1131 3939 1183 3993; x_wconf 91' lang='lat' dir='ltr'><strong>in</strong></span> <span class='ocrx_word' id='word_1_551' title='bbox 1211 3938 1536 4003; x_wconf 74' lang='lat' dir='ltr'><strong>confusione</strong></span> <span class='ocrx_word' id='word_1_552' title='bbox 1578 3941 1838 4010; x_wconf 89' lang='lat' dir='ltr'><strong>ipsorum,</strong></span> <span class='ocrx_word' id='word_1_553' title='bbox 1881 3940 1970 4009; x_wconf 87' lang='lat' dir='ltr'><strong>qui</strong></span> <span class='ocrx_word' id='word_1_554' title='bbox 2005 3948 2114 3994; x_wconf 87' lang='lat' dir='ltr'><strong>ter-</strong></span> 
     </span>
    </p>
   </div>
   <div class='ocr_carea' id='block_1_72' title="bbox 540 4027 2115 4100">
    <p class='ocr_par' dir='ltr' id='par_1_72' title="bbox 540 4027 2115 4100">
     <span class='ocr_line' id='line_1_72' title="bbox 540 4027 2115 4100; baseline 0 -16"><span class='ocrx_word' id='word_1_555' title='bbox 540 4046 670 4084; x_wconf 89' lang='lat' dir='ltr'><strong>rena</strong></span> <span class='ocrx_word' id='word_1_556' title='bbox 691 4030 903 4099; x_wconf 90' lang='lat' dir='ltr'><strong>sapiunt</strong></span> <span class='ocrx_word' id='word_1_557' title='bbox 925 4027 1091 4100; x_wconf 78' lang='lat' dir='ltr'><strong>(Phil.</strong></span> <span class='ocrx_word' id='word_1_558' title='bbox 1107 4030 1210 4091; x_wconf 74' lang='lat' dir='ltr'><strong>tu).</strong></span> <span class='ocrx_word' id='word_1_559' title='bbox 1234 4050 1251 4082; x_wconf 75' lang='grc' dir='ltr'><strong>ι</strong></span> <span class='ocrx_word' id='word_1_560' title='bbox 1282 4029 1420 4085; x_wconf 90' lang='lat' dir='ltr'><strong>Sunt</strong></span> <span class='ocrx_word' id='word_1_561' title='bbox 1441 4040 1492 4086; x_wconf 90' lang='lat' dir='ltr'><strong>et</strong></span> <span class='ocrx_word' id='word_1_562' title='bbox 1511 4032 1669 4086; x_wconf 86' lang='lat' dir='ltr'><strong>amici</strong></span> <span class='ocrx_word' id='word_1_563' title='bbox 1693 4032 1869 4086; x_wconf 86' lang='lat' dir='ltr'><strong>crucis</strong></span> <span class='ocrx_word' id='word_1_564' title='bbox 1891 4031 2115 4096; x_wconf 88' lang='lat' dir='ltr'><strong>Christi,</strong></span> 
     </span>
    </p>
   </div>
   <div class='ocr_carea' id='block_1_73' title="bbox 543 4122 2118 4191">
    <p class='ocr_par' dir='ltr' id='par_1_73' title="bbox 543 4122 2118 4191">
     <span class='ocr_line' id='line_1_73' title="bbox 543 4122 2118 4191; baseline 0.003 -17"><span class='ocrx_word' id='word_1_565' title='bbox 543 4138 772 4191; x_wconf 89' lang='lat' dir='ltr'><strong>quorum</strong></span> <span class='ocrx_word' id='word_1_566' title='bbox 821 4122 1070 4177; x_wconf 83' lang='lat' dir='ltr'><strong>videlicet</strong></span> <span class='ocrx_word' id='word_1_567' title='bbox 1112 4123 1449 4178; x_wconf 88' lang='lat' dir='ltr'><strong>conversatio</strong></span> <span class='ocrx_word' id='word_1_568' title='bbox 1489 4125 1542 4178; x_wconf 92' lang='lat' dir='ltr'><strong>in</strong></span> <span class='ocrx_word' id='word_1_569' title='bbox 1582 4125 1736 4180; x_wconf 72' lang='lat' dir='ltr'><strong>ctelis</strong></span> <span class='ocrx_word' id='word_1_570' title='bbox 1778 4134 1878 4180; x_wconf 90' lang='lat' dir='ltr'><strong>est.</strong></span> <span class='ocrx_word' id='word_1_571' title='bbox 1919 4125 1974 4179; x_wconf 86' lang='grc' dir='ltr'><strong>ιιι</strong></span> <span class='ocrx_word' id='word_1_572' title='bbox 2008 4135 2118 4180; x_wconf 90' lang='lat' dir='ltr'><strong>tre-</strong></span> 
     </span>
    </p>
   </div>
   <div class='ocr_carea' id='block_1_74' title="bbox 532 4211 2118 4286">
    <p class='ocr_par' dir='ltr' id='par_1_74' title="bbox 532 4211 2118 4286">
     <span class='ocr_line' id='line_1_74' title="bbox 532 4211 2118 4286; baseline 0.003 -20"><span class='ocrx_word' id='word_1_573' title='bbox 532 4211 741 4275; x_wconf 80' lang='lat' dir='ltr'><strong>mendo</strong></span> <span class='ocrx_word' id='word_1_574' title='bbox 773 4225 964 4282; x_wconf 88' lang='lat' dir='ltr'><strong>nempe</strong></span> <span class='ocrx_word' id='word_1_575' title='bbox 991 4212 1195 4282; x_wconf 89' lang='lat' dir='ltr'><strong>judicio</strong></span> <span class='ocrx_word' id='word_1_576' title='bbox 1241 4213 1383 4270; x_wconf 87' lang='lat' dir='ltr'><strong>inter</strong></span> <span class='ocrx_word' id='word_1_577' title='bbox 1425 4215 1676 4271; x_wconf 88' lang='lat' dir='ltr'><strong>sinistros</strong></span> <span class='ocrx_word' id='word_1_578' title='bbox 1721 4215 1844 4281; x_wconf 90' lang='lat' dir='ltr'><strong>erit,</strong></span> <span class='ocrx_word' id='word_1_579' title='bbox 1873 4216 2118 4286; x_wconf 90' lang='lat' dir='ltr'><strong>quisquis</strong></span> 
     </span>
    </p>
   </div>
   <div class='ocr_carea' id='block_1_75' title="bbox 531 4300 2117 4377">
    <p class='ocr_par' dir='ltr' id='par_1_75' title="bbox 531 4300 2117 4377">
     <span class='ocr_line' id='line_1_75' title="bbox 531 4300 2117 4377; baseline 0.004 -23"><span class='ocrx_word' id='word_1_580' title='bbox 531 4301 724 4377; x_wconf 41' lang='lat' dir='ltr'><strong>‘vitalis</strong></span> <span class='ocrx_word' id='word_1_581' title='bbox 749 4300 910 4369; x_wconf 86' lang='lat' dir='ltr'><strong>hujus</strong></span> <span class='ocrx_word' id='word_1_582' title='bbox 935 4301 1070 4370; x_wconf 85' lang='lat' dir='ltr'><strong>signi</strong></span> <span class='ocrx_word' id='word_1_583' title='bbox 1098 4303 1466 4358; x_wconf 86' lang='lat' dir='ltr'><strong>characterem</strong></span> <span class='ocrx_word' id='word_1_584' title='bbox 1499 4319 1604 4360; x_wconf 91' lang='lat' dir='ltr'><strong>non</strong></span> <span class='ocrx_word' id='word_1_585' title='bbox 1639 4305 1876 4360; x_wconf 86' lang='lat' dir='ltr'><strong>habebit.</strong></span> <span class='ocrx_word' id='word_1_586' title='bbox 1910 4305 2017 4362; x_wconf 79' lang='lat' dir='ltr'><strong>Nec</strong></span> <span class='ocrx_word' id='word_1_587' title='bbox 2049 4306 2117 4361; x_wconf 91' lang='lat' dir='ltr'><strong>ab</strong></span> 
     </span>
    </p>
   </div>
   <div class='ocr_carea' id='block_1_76' title="bbox 542 4394 2113 4468">
    <p class='ocr_par' dir='ltr' id='par_1_76' title="bbox 542 4394 2113 4468">
     <span class='ocr_line' id='line_1_76' title="bbox 542 4394 2113 4468; baseline 0.002 -20"><span class='ocrx_word' id='word_1_588' title='bbox 542 4411 630 4460; x_wconf 85' lang='lat' dir='ltr'><strong>eo,</strong></span> <span class='ocrx_word' id='word_1_589' title='bbox 656 4394 746 4465; x_wconf 87' lang='lat' dir='ltr'><strong>qui</strong></span> <span class='ocrx_word' id='word_1_590' title='bbox 776 4394 1067 4450; x_wconf 89' lang='lat' dir='ltr'><strong>cruciﬁxus</strong></span> <span class='ocrx_word' id='word_1_591' title='bbox 1092 4403 1206 4461; x_wconf 87' lang='lat' dir='ltr'><strong>est,</strong></span> <span class='ocrx_word' id='word_1_592' title='bbox 1243 4394 1424 4465; x_wconf 90' lang='lat' dir='ltr'><strong>judice</strong></span> <span class='ocrx_word' id='word_1_593' title='bbox 1460 4395 1659 4452; x_wconf 80' lang='lat' dir='ltr'><strong>referet</strong></span> <span class='ocrx_word' id='word_1_594' title='bbox 1684 4397 1960 4468; x_wconf 69' lang='lat' dir='ltr'><strong>prtemimn</strong></span> <span class='ocrx_word' id='word_1_595' title='bbox 1979 4438 1994 4464; x_wconf 93' lang='lat'><strong>,</strong></span> <span class='ocrx_word' id='word_1_596' title='bbox 2023 4399 2113 4466; x_wconf 90' lang='lat' dir='ltr'><strong>qui</strong></span> 
     </span>
    </p>
   </div>
   <div class='ocr_carea' id='block_1_77' title="bbox 543 4484 2116 4557">
    <p class='ocr_par' dir='ltr' id='par_1_77' title="bbox 543 4484 2116 4557">
     <span class='ocr_line' id='line_1_77' title="bbox 543 4484 2116 4557; baseline 0.004 -19"><span class='ocrx_word' id='word_1_597' title='bbox 543 4485 643 4540; x_wconf 82' lang='lat' dir='ltr'><strong>sibi</strong></span> <span class='ocrx_word' id='word_1_598' title='bbox 678 4485 857 4539; x_wconf 86' lang='lat' dir='ltr'><strong>crucis</strong></span> <span class='ocrx_word' id='word_1_599' title='bbox 885 4484 1094 4555; x_wconf 89' lang='lat' dir='ltr'><strong>insigne</strong></span> <span class='ocrx_word' id='word_1_600' title='bbox 1117 4499 1220 4539; x_wconf 91' lang='lat' dir='ltr'><strong>non</strong></span> <span class='ocrx_word' id='word_1_601' title='bbox 1247 4486 1494 4542; x_wconf 91' lang='lat' dir='ltr'><strong>ostendet</strong></span> <span class='ocrx_word' id='word_1_602' title='bbox 1523 4485 1861 4557; x_wconf 86' lang='lat' dir='ltr'><strong>impressum.</strong></span> <span class='ocrx_word' id='word_1_603' title='bbox 1894 4487 1950 4542; x_wconf 84' lang='grc' dir='ltr'><strong>ιη</strong></span> <span class='ocrx_word' id='word_1_604' title='bbox 1979 4487 2116 4544; x_wconf 88' lang='lat' dir='ltr'><strong>libro</strong></span> 
     </span>
    </p>
   </div>
   <div class='ocr_carea' id='block_1_78' title="bbox 543 4573 2116 4644">
    <p class='ocr_par' dir='ltr' id='par_1_78' title="bbox 543 4573 2116 4644">
     <span class='ocr_line' id='line_1_78' title="bbox 543 4573 2116 4644; baseline 0.003 -17"><span class='ocrx_word' id='word_1_605' title='bbox 543 4574 742 4644; x_wconf 88' lang='lat' dir='ltr'><strong>quippe</strong></span> <span class='ocrx_word' id='word_1_606' title='bbox 770 4573 1066 4628; x_wconf 80' lang='lat' dir='ltr'><strong>Ezechielis</strong></span> <span class='ocrx_word' id='word_1_607' title='bbox 1090 4573 1192 4628; x_wconf 92' lang='lat' dir='ltr'><strong>hoc</strong></span> <span class='ocrx_word' id='word_1_608' title='bbox 1226 4573 1438 4644; x_wconf 86' lang='lat' dir='ltr'><strong>signum</strong></span> <span class='ocrx_word' id='word_1_609' title='bbox 1481 4575 1740 4632; x_wconf 89' lang='lat' dir='ltr'><strong>Dominus</strong></span> <span class='ocrx_word' id='word_1_610' title='bbox 1768 4576 1821 4630; x_wconf 92' lang='lat' dir='ltr'><strong>in</strong></span> <span class='ocrx_word' id='word_1_611' title='bbox 1851 4574 2116 4632; x_wconf 82' lang='lat' dir='ltr'><strong>frontibus</strong></span> 
     </span>
    </p>
   </div>
   <div class='ocr_carea' id='block_1_79' title="bbox 543 4665 2117 4740">
    <p class='ocr_par' dir='ltr' id='par_1_79' title="bbox 543 4665 2117 4740">
     <span class='ocr_line' id='line_1_79' title="bbox 543 4665 2117 4740; baseline 0.003 -18"><span class='ocrx_word' id='word_1_612' title='bbox 543 4666 874 4737; x_wconf 78' lang='lat' dir='ltr'><strong>gementium</strong></span> <span class='ocrx_word' id='word_1_613' title='bbox 901 4677 956 4720; x_wconf 89' lang='lat' dir='ltr'><strong>et</strong></span> <span class='ocrx_word' id='word_1_614' title='bbox 985 4665 1278 4722; x_wconf 90' lang='lat' dir='ltr'><strong>dolentium</strong></span> <span class='ocrx_word' id='word_1_615' title='bbox 1323 4668 1567 4739; x_wconf 71' lang='lat' dir='ltr'><strong>pra-cipit</strong></span> <span class='ocrx_word' id='word_1_616' title='bbox 1607 4669 1839 4740; x_wconf 89' lang='lat' dir='ltr'><strong>imprimi</strong></span> <span class='ocrx_word' id='word_1_617' title='bbox 1875 4687 1889 4723; x_wconf 94' lang='lat'><strong>:</strong></span> <span class='ocrx_word' id='word_1_618' title='bbox 1923 4669 2117 4727; x_wconf 87' lang='lat' dir='ltr'><strong>deinde</strong></span> 
     </span>
    </p>
   </div>
   <div class='ocr_carea' id='block_1_80' title="bbox 547 4761 2116 4838">
    <p class='ocr_par' dir='ltr' id='par_1_80' title="bbox 547 4761 2116 4838">
     <span class='ocr_line' id='line_1_80' title="bbox 547 4761 2116 4838; baseline 0.005 -24"><span class='ocrx_word' id='word_1_619' title='bbox 547 4770 770 4814; x_wconf 75' lang='lat' dir='ltr'><strong>caeteros</strong></span> <span class='ocrx_word' id='word_1_620' title='bbox 812 4774 1019 4822; x_wconf 90' lang='lat' dir='ltr'><strong>omnes,</strong></span> <span class='ocrx_word' id='word_1_621' title='bbox 1053 4761 1142 4829; x_wconf 90' lang='lat' dir='ltr'><strong>qui</strong></span> <span class='ocrx_word' id='word_1_622' title='bbox 1166 4761 1336 4832; x_wconf 75' lang='lat'><strong>200</strong></span> <span class='ocrx_word' id='word_1_623' title='bbox 1371 4764 1574 4833; x_wconf 86' lang='lat' dir='ltr'><strong>absque</strong></span> <span class='ocrx_word' id='word_1_624' title='bbox 1603 4765 1705 4821; x_wconf 88' lang='lat' dir='ltr'><strong>hoc</strong></span> <span class='ocrx_word' id='word_1_625' title='bbox 1733 4767 1887 4838; x_wconf 87' lang='lat' dir='ltr'><strong>signo</strong></span> <span class='ocrx_word' id='word_1_626' title='bbox 1915 4767 2116 4837; x_wconf 83' lang='lat' dir='ltr'><strong>reperti</strong></span> 
     </span>
    </p>
   </div>
   <div class='ocr_carea' id='block_1_81' title="bbox 545 4848 2116 4930">
    <p class='ocr_par' dir='ltr' id='par_1_81' title="bbox 545 4848 2116 4930">
     <span class='ocr_line' id='line_1_81' title="bbox 545 4848 2116 4930; baseline 0.008 -28"><span class='ocrx_word' id='word_1_627' title='bbox 545 4861 692 4914; x_wconf 82' lang='lat' dir='ltr'><strong>sunt,</strong></span> <span class='ocrx_word' id='word_1_628' title='bbox 723 4848 876 4918; x_wconf 83' lang='lat' dir='ltr'><strong>jubet</strong></span> <span class='ocrx_word' id='word_1_629' title='bbox 912 4850 1082 4904; x_wconf 89' lang='lat' dir='ltr'><strong>occidi</strong></span> <span class='ocrx_word' id='word_1_630' title='bbox 1115 4849 1330 4921; x_wconf 68' lang='lat' dir='ltr'><strong>(Ezech.</strong></span> <span class='ocrx_word' id='word_1_631' title='bbox 1361 4855 1460 4922; x_wconf 76' lang='grc' dir='ltr'><strong>ιιι).</strong></span> <span class='ocrx_word' id='word_1_632' title='bbox 1486 4853 1618 4908; x_wconf 84' lang='lat' dir='ltr'><strong>Nam</strong></span> <span class='ocrx_word' id='word_1_633' title='bbox 1646 4856 1691 4910; x_wconf 92' lang='lat' dir='ltr'><strong>si</strong></span> <span class='ocrx_word' id='word_1_634' title='bbox 1717 4857 1996 4930; x_wconf 83' lang='lat' dir='ltr'><strong>diligenter</strong></span> <span class='ocrx_word' id='word_1_635' title='bbox 2030 4860 2116 4914; x_wconf 88' lang='lat' dir='ltr'><strong>in-</strong></span> 
     </span>
    </p>
   </div>
   <div class='ocr_carea' id='block_1_82' title="bbox 547 4940 2116 4994">
    <p class='ocr_par' dir='ltr' id='par_1_82' title="bbox 547 4940 2116 4994">
     <span class='ocr_line' id='line_1_82' title="bbox 547 4940 2116 4994; baseline 0.001 -2"><span class='ocrx_word' id='word_1_636' title='bbox 547 4940 805 4994; x_wconf 74' lang='lat' dir='ltr'><strong>suit-imus</strong></span> <span class='ocrx_word' id='word_1_637' title='bbox 824 4979 838 4994; x_wconf 95' lang='lat'><strong>.</strong></span> <span class='ocrx_word' id='word_1_638' title='bbox 871 4941 985 4994; x_wconf 85' lang='lat' dir='ltr'><strong>insa</strong></span> <span class='ocrx_word' id='word_1_639' title='bbox 1028 4956 1241 4994; x_wconf 87' lang='lat' dir='ltr'><strong>unooue</strong></span> <span class='ocrx_word' id='word_1_640' title='bbox 1267 4945 1516 4994; x_wconf 86' lang='lat' dir='ltr'><strong>mandata</strong></span> <span class='ocrx_word' id='word_1_641' title='bbox 1547 4948 1745 4994; x_wconf 65' lang='lat' dir='ltr'><strong>veteris</strong></span> <span class='ocrx_word' id='word_1_642' title='bbox 1773 4949 2116 4994; x_wconf 68' lang='lat' dir='ltr'><strong>instrnmpnti</strong></span> 
     </span>
    </p>
   </div>
   <div class='ocr_carea' id='block_1_83' title="bbox 2217 3217 3771 3289">
    <p class='ocr_par' dir='ltr' id='par_1_83' title="bbox 2217 3217 3771 3289">
     <span class='ocr_line' id='line_1_83' title="bbox 2217 3217 3771 3289; baseline -0.009 -12"><span class='ocrx_word' id='word_1_643' title='bbox 2217 3223 2380 3278; x_wconf 89' lang='lat' dir='ltr'><strong>tentis</strong></span> <span class='ocrx_word' id='word_1_644' title='bbox 2408 3223 2693 3276; x_wconf 89' lang='lat' dir='ltr'><strong>immemor</strong></span> <span class='ocrx_word' id='word_1_645' title='bbox 2715 3230 2854 3285; x_wconf 88' lang='lat' dir='ltr'><strong>erat,</strong></span> <span class='ocrx_word' id='word_1_646' title='bbox 2882 3220 2934 3274; x_wconf 91' lang='lat' dir='ltr'><strong>in</strong></span> <span class='ocrx_word' id='word_1_647' title='bbox 2963 3217 3077 3288; x_wconf 77' lang='lat' dir='ltr'><strong>ejus</strong></span> <span class='ocrx_word' id='word_1_648' title='bbox 3105 3227 3159 3273; x_wconf 91' lang='lat' dir='ltr'><strong>et</strong></span> <span class='ocrx_word' id='word_1_649' title='bbox 3188 3218 3299 3289; x_wconf 90' lang='lat' dir='ltr'><strong>ipse</strong></span> <span class='ocrx_word' id='word_1_650' title='bbox 3340 3232 3445 3270; x_wconf 87' lang='lat' dir='ltr'><strong>non</strong></span> <span class='ocrx_word' id='word_1_651' title='bbox 3479 3217 3771 3271; x_wconf 82' lang='lat' dir='ltr'><strong>merebatur</strong></span> 
     </span>
    </p>
   </div>
   <div class='ocr_carea' id='block_1_84' title="bbox 2213 3304 3770 3379">
    <p class='ocr_par' dir='ltr' id='par_1_84' title="bbox 2213 3304 3770 3379">
     <span class='ocr_line' id='line_1_84' title="bbox 2213 3304 3770 3379; baseline -0.008 -12"><span class='ocrx_word' id='word_1_652' title='bbox 2213 3327 2334 3368; x_wconf 81' lang='lat' dir='ltr'><strong>esse</strong></span> <span class='ocrx_word' id='word_1_653' title='bbox 2360 3313 2652 3367; x_wconf 81' lang='lat' dir='ltr'><strong>memoria:</strong></span> <span class='ocrx_word' id='word_1_654' title='bbox 2687 3330 2704 3364; x_wconf 73' lang='grc' dir='ltr'><strong>ι</strong></span> <span class='ocrx_word' id='word_1_655' title='bbox 2738 3310 2794 3365; x_wconf 91' lang='lat' dir='ltr'><strong>Si</strong></span> <span class='ocrx_word' id='word_1_656' title='bbox 2823 3311 3008 3374; x_wconf 79' lang='lat' dir='ltr'><strong>fuerit,</strong></span> <span class='ocrx_word' id='word_1_657' title='bbox 3031 3309 3227 3379; x_wconf 88' lang='lat' dir='ltr'><strong>inquit,</strong></span> <span class='ocrx_word' id='word_1_658' title='bbox 3247 3308 3543 3364; x_wconf 85' lang='lat' dir='ltr'><strong>Jechouias</strong></span> <span class='ocrx_word' id='word_1_659' title='bbox 3563 3304 3770 3360; x_wconf 82' lang='lat' dir='ltr'><strong>annulus</strong></span> 
     </span>
    </p>
   </div>
   <div class='ocr_carea' id='block_1_85' title="bbox 2215 3398 3765 3468">
    <p class='ocr_par' dir='ltr' id='par_1_85' title="bbox 2215 3398 3765 3468">
     <span class='ocr_line' id='line_1_85' title="bbox 2215 3398 3765 3468; baseline -0.009 -7"><span class='ocrx_word' id='word_1_660' title='bbox 2215 3405 2403 3461; x_wconf 87' lang='lat' dir='ltr'><strong>dexter</strong></span> <span class='ocrx_word' id='word_1_661' title='bbox 2427 3405 2480 3458; x_wconf 89' lang='lat' dir='ltr'><strong>in</strong></span> <span class='ocrx_word' id='word_1_662' title='bbox 2510 3419 2665 3456; x_wconf 87' lang='lat' dir='ltr'><strong>manu</strong></span> <span class='ocrx_word' id='word_1_663' title='bbox 2695 3419 2834 3465; x_wconf 89' lang='lat' dir='ltr'><strong>mea,</strong></span> <span class='ocrx_word' id='word_1_664' title='bbox 2865 3403 2989 3458; x_wconf 88' lang='lat' dir='ltr'><strong>ittde</strong></span> <span class='ocrx_word' id='word_1_665' title='bbox 3009 3401 3235 3457; x_wconf 84' lang='lat' dir='ltr'><strong>evellam</strong></span> <span class='ocrx_word' id='word_1_666' title='bbox 3259 3417 3382 3455; x_wconf 88' lang='lat' dir='ltr'><strong>eum</strong></span> <span class='ocrx_word' id='word_1_667' title='bbox 3411 3400 3550 3468; x_wconf 83' lang='lat' dir='ltr'><strong>(Jer.</strong></span> <span class='ocrx_word' id='word_1_668' title='bbox 3583 3398 3725 3467; x_wconf 67' lang='grc' dir='ltr'><strong>χιιι).</strong></span> <span class='ocrx_word' id='word_1_669' title='bbox 3750 3415 3765 3446; x_wconf 82' lang='grc' dir='ltr'><strong>ι</strong></span> 
     </span>
    </p>
   </div>
   <div class='ocr_carea' id='block_1_86' title="bbox 2284 3491 3772 3563">
    <p class='ocr_par' dir='ltr' id='par_1_86' title="bbox 2284 3491 3772 3563">
     <span class='ocr_line' id='line_1_86' title="bbox 2284 3491 3772 3563; baseline -0.008 -13"><span class='ocrx_word' id='word_1_670' title='bbox 2284 3495 2454 3562; x_wconf 86' lang='lat' dir='ltr'><strong>Quam</strong></span> <span class='ocrx_word' id='word_1_671' title='bbox 2479 3493 2782 3549; x_wconf 88' lang='lat' dir='ltr'><strong>inviolabile</strong></span> <span class='ocrx_word' id='word_1_672' title='bbox 2805 3495 3125 3563; x_wconf 84' lang='lat' dir='ltr'><strong>ﬁrmumque</strong></span> <span class='ocrx_word' id='word_1_673' title='bbox 3144 3491 3477 3561; x_wconf 81' lang='lat' dir='ltr'><strong>signaculum</strong></span> <span class='ocrx_word' id='word_1_674' title='bbox 3500 3491 3563 3544; x_wconf 89' lang='grc' dir='ltr'><strong>Β.</strong></span> <span class='ocrx_word' id='word_1_675' title='bbox 3587 3499 3772 3556; x_wconf 77' lang='lat' dir='ltr'><strong>martyr</strong></span> 
     </span>
    </p>
   </div>
   <div class='ocr_carea' id='block_1_87' title="bbox 2217 3580 3770 3656">
    <p class='ocr_par' dir='ltr' id='par_1_87' title="bbox 2217 3580 3770 3656">
     <span class='ocr_line' id='line_1_87' title="bbox 2217 3580 3770 3656; baseline -0.009 -14"><span class='ocrx_word' id='word_1_676' title='bbox 2217 3587 2510 3642; x_wconf 85' lang='lat' dir='ltr'><strong>Cassianus</strong></span> <span class='ocrx_word' id='word_1_677' title='bbox 2556 3586 2607 3640; x_wconf 90' lang='lat' dir='ltr'><strong>in</strong></span> <span class='ocrx_word' id='word_1_678' title='bbox 2636 3595 2852 3656; x_wconf 87' lang='lat' dir='ltr'><strong>pectore</strong></span> <span class='ocrx_word' id='word_1_679' title='bbox 2881 3600 2976 3640; x_wconf 90' lang='lat' dir='ltr'><strong>suo</strong></span> <span class='ocrx_word' id='word_1_680' title='bbox 3002 3595 3255 3654; x_wconf 89' lang='lat' dir='ltr'><strong>posuerat</strong></span> <span class='ocrx_word' id='word_1_681' title='bbox 3280 3583 3585 3646; x_wconf 81' lang='lat' dir='ltr'><strong>Christum,</strong></span> <span class='ocrx_word' id='word_1_682' title='bbox 3614 3580 3698 3651; x_wconf 90' lang='lat' dir='ltr'><strong>qui</strong></span> <span class='ocrx_word' id='word_1_683' title='bbox 3727 3580 3770 3629; x_wconf 88' lang='lat' dir='ltr'><strong>in</strong></span> 
     </span>
    </p>
   </div>
   <div class='ocr_carea' id='block_1_88' title="bbox 2216 3668 3773 3741">
    <p class='ocr_par' dir='ltr' id='par_1_88' title="bbox 2216 3668 3773 3741">
     <span class='ocr_line' id='line_1_88' title="bbox 2216 3668 3773 3741; baseline -0.006 -11"><span class='ocrx_word' id='word_1_684' title='bbox 2216 3685 2381 3730; x_wconf 69' lang='lat' dir='ltr'><strong>tanta:</strong></span> <span class='ocrx_word' id='word_1_685' title='bbox 2410 3675 2532 3728; x_wconf 90' lang='lat' dir='ltr'><strong>ﬁdei</strong></span> <span class='ocrx_word' id='word_1_686' title='bbox 2570 3674 2873 3729; x_wconf 87' lang='lat' dir='ltr'><strong>constantia</strong></span> <span class='ocrx_word' id='word_1_687' title='bbox 2924 3673 3212 3728; x_wconf 89' lang='lat' dir='ltr'><strong>immobilis</strong></span> <span class='ocrx_word' id='word_1_688' title='bbox 3259 3670 3648 3741; x_wconf 86' lang='lat' dir='ltr'><strong>permanebat!</strong></span> <span class='ocrx_word' id='word_1_689' title='bbox 3685 3668 3773 3722; x_wconf 88' lang='lat' dir='ltr'><strong>illi-</strong></span> 
     </span>
    </p>
   </div>
   <div class='ocr_carea' id='block_1_89' title="bbox 2215 3759 3773 3836">
    <p class='ocr_par' dir='ltr' id='par_1_89' title="bbox 2215 3759 3773 3836">
     <span class='ocr_line' id='line_1_89' title="bbox 2215 3759 3773 3836; baseline -0.006 -16"><span class='ocrx_word' id='word_1_690' title='bbox 2215 3767 2417 3821; x_wconf 88' lang='lat' dir='ltr'><strong>duntur</strong></span> <span class='ocrx_word' id='word_1_691' title='bbox 2442 3765 2610 3836; x_wconf 69' lang='lat' dir='ltr'><strong>plaga:</strong></span> <span class='ocrx_word' id='word_1_692' title='bbox 2634 3765 2941 3830; x_wconf 88' lang='lat' dir='ltr'><strong>verberum,</strong></span> <span class='ocrx_word' id='word_1_693' title='bbox 2973 3762 3282 3833; x_wconf 82' lang='lat' dir='ltr'><strong>inﬂiguntur</strong></span> <span class='ocrx_word' id='word_1_694' title='bbox 3303 3762 3524 3817; x_wconf 88' lang='lat' dir='ltr'><strong>vulnera</strong></span> <span class='ocrx_word' id='word_1_695' title='bbox 3549 3759 3773 3828; x_wconf 88' lang='lat' dir='ltr'><strong>punctio-</strong></span> 
     </span>
    </p>
   </div>
   <div class='ocr_carea' id='block_1_90' title="bbox 2217 3841 3771 3923">
    <p class='ocr_par' dir='ltr' id='par_1_90' title="bbox 2217 3841 3771 3923">
     <span class='ocr_line' id='line_1_90' title="bbox 2217 3841 3771 3923; baseline -0.008 -12"><span class='ocrx_word' id='word_1_696' title='bbox 2217 3873 2366 3921; x_wconf 92' lang='lat' dir='ltr'><strong>num,</strong></span> <span class='ocrx_word' id='word_1_697' title='bbox 2397 3841 2775 3923; x_wconf 87' lang='lat' dir='ltr'><strong>intorquentur</strong></span> <span class='ocrx_word' id='word_1_698' title='bbox 2804 3854 3109 3908; x_wconf 89' lang='lat' dir='ltr'><strong>irrisionutn</strong></span> <span class='ocrx_word' id='word_1_699' title='bbox 3136 3851 3336 3922; x_wconf 85' lang='lat' dir='ltr'><strong>jacula,</strong></span> <span class='ocrx_word' id='word_1_700' title='bbox 3366 3851 3585 3906; x_wconf 86' lang='lat' dir='ltr'><strong>vincula</strong></span> <span class='ocrx_word' id='word_1_701' title='bbox 3622 3847 3771 3904; x_wconf 45' lang='lat' dir='ltr'><strong>mani‘</strong></span> 
     </span>
    </p>
   </div>
   <div class='ocr_carea' id='block_1_91' title="bbox 2219 3939 3775 4013">
    <p class='ocr_par' dir='ltr' id='par_1_91' title="bbox 2219 3939 3775 4013">
     <span class='ocr_line' id='line_1_91' title="bbox 2219 3939 3775 4013; baseline -0.01 -10"><span class='ocrx_word' id='word_1_702' title='bbox 2219 3949 2316 4003; x_wconf 89' lang='lat' dir='ltr'><strong>bus</strong></span> <span class='ocrx_word' id='word_1_703' title='bbox 2342 3947 2707 4000; x_wconf 87' lang='lat' dir='ltr'><strong>innectuntur.</strong></span> <span class='ocrx_word' id='word_1_704' title='bbox 2744 3944 2963 3999; x_wconf 84' lang='lat' dir='ltr'><strong>Accedit</strong></span> <span class='ocrx_word' id='word_1_705' title='bbox 2988 3953 3041 3998; x_wconf 90' lang='lat' dir='ltr'><strong>et</strong></span> <span class='ocrx_word' id='word_1_706' title='bbox 3069 3943 3284 3997; x_wconf 89' lang='lat' dir='ltr'><strong>nuditas</strong></span> <span class='ocrx_word' id='word_1_707' title='bbox 3308 3942 3576 4013; x_wconf 88' lang='lat' dir='ltr'><strong>corporis,</strong></span> <span class='ocrx_word' id='word_1_708' title='bbox 3615 3939 3702 3994; x_wconf 89' lang='lat' dir='ltr'><strong>sed</strong></span> <span class='ocrx_word' id='word_1_709' title='bbox 3729 3944 3775 3990; x_wconf 88' lang='lat' dir='ltr'><strong>et</strong></span> 
     </span>
    </p>
   </div>
   <div class='ocr_carea' id='block_1_92' title="bbox 2215 4038 3775 4113">
    <p class='ocr_par' dir='ltr' id='par_1_92' title="bbox 2215 4038 3775 4113">
     <span class='ocr_line' id='line_1_92' title="bbox 2215 4038 3775 4113; baseline -0.006 -16"><span class='ocrx_word' id='word_1_710' title='bbox 2215 4041 2580 4113; x_wconf 86' lang='lat' dir='ltr'><strong>spectaculum</strong></span> <span class='ocrx_word' id='word_1_711' title='bbox 2629 4041 3144 4096; x_wconf 88' lang='lat' dir='ltr'><strong>circumlatrantium</strong></span> <span class='ocrx_word' id='word_1_712' title='bbox 3190 4041 3424 4108; x_wconf 88' lang='lat' dir='ltr'><strong>undique</strong></span> <span class='ocrx_word' id='word_1_713' title='bbox 3463 4038 3775 4092; x_wconf 87' lang='lat' dir='ltr'><strong>derisorum.</strong></span> 
     </span>
    </p>
   </div>
   <div class='ocr_carea' id='block_1_93' title="bbox 2217 4129 3776 4204">
    <p class='ocr_par' dir='ltr' id='par_1_93' title="bbox 2217 4129 3776 4204">
     <span class='ocr_line' id='line_1_93' title="bbox 2217 4129 3776 4204; baseline -0.006 -15"><span class='ocrx_word' id='word_1_714' title='bbox 2217 4135 2363 4190; x_wconf 86' lang='lat' dir='ltr'><strong>Inter</strong></span> <span class='ocrx_word' id='word_1_715' title='bbox 2409 4135 2508 4189; x_wconf 91' lang='lat' dir='ltr'><strong>hos</strong></span> <span class='ocrx_word' id='word_1_716' title='bbox 2535 4132 2887 4204; x_wconf 87' lang='lat' dir='ltr'><strong>procellarum</strong></span> <span class='ocrx_word' id='word_1_717' title='bbox 2937 4132 3270 4186; x_wconf 61' lang='lat' dir='ltr'><strong>saevientium</strong></span> <span class='ocrx_word' id='word_1_718' title='bbox 3326 4131 3602 4196; x_wconf 82' lang='lat' dir='ltr'><strong>turbines,</strong></span> <span class='ocrx_word' id='word_1_719' title='bbox 3652 4129 3776 4184; x_wconf 86' lang='lat' dir='ltr'><strong>inter</strong></span> 
     </span>
    </p>
   </div>
   <div class='ocr_carea' id='block_1_94' title="bbox 2220 4221 3776 4292">
    <p class='ocr_par' dir='ltr' id='par_1_94' title="bbox 2220 4221 3776 4292">
     <span class='ocr_line' id='line_1_94' title="bbox 2220 4221 3776 4292; baseline -0.006 -14"><span class='ocrx_word' id='word_1_720' title='bbox 2220 4225 2352 4278; x_wconf 87' lang='lat' dir='ltr'><strong>istas</strong></span> <span class='ocrx_word' id='word_1_721' title='bbox 2393 4223 2623 4292; x_wconf 89' lang='lat' dir='ltr'><strong>denique</strong></span> <span class='ocrx_word' id='word_1_722' title='bbox 2663 4222 3114 4277; x_wconf 88' lang='lat' dir='ltr'><strong>crebrescentitun</strong></span> <span class='ocrx_word' id='word_1_723' title='bbox 3153 4221 3474 4291; x_wconf 89' lang='lat' dir='ltr'><strong>grandinutu</strong></span> <span class='ocrx_word' id='word_1_724' title='bbox 3509 4225 3776 4286; x_wconf 82' lang='lat' dir='ltr'><strong>tempesta-</strong></span> 
     </span>
    </p>
   </div>
   <div class='ocr_carea' id='block_1_95' title="bbox 2222 4308 3773 4381">
    <p class='ocr_par' dir='ltr' id='par_1_95' title="bbox 2222 4308 3773 4381">
     <span class='ocr_line' id='line_1_95' title="bbox 2222 4308 3773 4381; baseline -0.007 -12"><span class='ocrx_word' id='word_1_725' title='bbox 2222 4324 2324 4381; x_wconf 79' lang='lat' dir='ltr'><strong>tes,</strong></span> <span class='ocrx_word' id='word_1_726' title='bbox 2355 4323 2463 4369; x_wconf 90' lang='lat' dir='ltr'><strong>stat</strong></span> <span class='ocrx_word' id='word_1_727' title='bbox 2501 4312 2653 4368; x_wconf 87' lang='lat' dir='ltr'><strong>ﬁrma</strong></span> <span class='ocrx_word' id='word_1_728' title='bbox 2682 4312 2928 4368; x_wconf 88' lang='lat' dir='ltr'><strong>colunma</strong></span> <span class='ocrx_word' id='word_1_729' title='bbox 2964 4309 3058 4366; x_wconf 86' lang='lat' dir='ltr'><strong>Dei</strong></span> <span class='ocrx_word' id='word_1_730' title='bbox 3084 4325 3305 4381; x_wconf 90' lang='lat' dir='ltr'><strong>prorsus</strong></span> <span class='ocrx_word' id='word_1_731' title='bbox 3335 4311 3644 4365; x_wconf 88' lang='lat' dir='ltr'><strong>immobilis.</strong></span> <span class='ocrx_word' id='word_1_732' title='bbox 3673 4308 3773 4361; x_wconf 68' lang='lat' dir='ltr'><strong>Non</strong></span> 
     </span>
    </p>
   </div>
   <div class='ocr_carea' id='block_1_96' title="bbox 2221 4403 3774 4475">
    <p class='ocr_par' dir='ltr' id='par_1_96' title="bbox 2221 4403 3774 4475">
     <span class='ocr_line' id='line_1_96' title="bbox 2221 4403 3774 4475; baseline -0.006 -15"><span class='ocrx_word' id='word_1_733' title='bbox 2221 4405 2557 4469; x_wconf 89' lang='lat' dir='ltr'><strong>concutitur,</strong></span> <span class='ocrx_word' id='word_1_734' title='bbox 2605 4420 2711 4460; x_wconf 89' lang='lat' dir='ltr'><strong>non</strong></span> <span class='ocrx_word' id='word_1_735' title='bbox 2744 4414 3067 4475; x_wconf 86' lang='lat' dir='ltr'><strong>quassatur;</strong></span> <span class='ocrx_word' id='word_1_736' title='bbox 3097 4403 3192 4458; x_wconf 90' lang='lat' dir='ltr'><strong>sed</strong></span> <span class='ocrx_word' id='word_1_737' title='bbox 3223 4403 3411 4474; x_wconf 85' lang='lat' dir='ltr'><strong>lapidi,</strong></span> <span class='ocrx_word' id='word_1_738' title='bbox 3443 4418 3608 4473; x_wconf 86' lang='lat' dir='ltr'><strong>super</strong></span> <span class='ocrx_word' id='word_1_739' title='bbox 3633 4413 3774 4470; x_wconf 86' lang='lat' dir='ltr'><strong>quem</strong></span> 
     </span>
    </p>
   </div>
   <div class='ocr_carea' id='block_1_97' title="bbox 2222 4492 3776 4566">
    <p class='ocr_par' dir='ltr' id='par_1_97' title="bbox 2222 4492 3776 4566">
     <span class='ocr_line' id='line_1_97' title="bbox 2222 4492 3776 4566; baseline -0.005 -15"><span class='ocrx_word' id='word_1_740' title='bbox 2222 4497 2439 4552; x_wconf 81' lang='lat' dir='ltr'><strong>fundata</strong></span> <span class='ocrx_word' id='word_1_741' title='bbox 2485 4505 2598 4559; x_wconf 85' lang='lat' dir='ltr'><strong>est,</strong></span> <span class='ocrx_word' id='word_1_742' title='bbox 2648 4505 2793 4551; x_wconf 87' lang='lat' dir='ltr'><strong>recta</strong></span> <span class='ocrx_word' id='word_1_743' title='bbox 2830 4511 3044 4566; x_wconf 90' lang='lat' dir='ltr'><strong>semper</strong></span> <span class='ocrx_word' id='word_1_744' title='bbox 3071 4505 3126 4550; x_wconf 91' lang='lat' dir='ltr'><strong>et</strong></span> <span class='ocrx_word' id='word_1_745' title='bbox 3168 4494 3323 4548; x_wconf 85' lang='lat' dir='ltr'><strong>ﬁrma</strong></span> <span class='ocrx_word' id='word_1_746' title='bbox 3363 4502 3675 4550; x_wconf 89' lang='lat' dir='ltr'><strong>constanter</strong></span> <span class='ocrx_word' id='word_1_747' title='bbox 3709 4492 3776 4544; x_wconf 79' lang='lat' dir='ltr'><strong>iu-</strong></span> 
     </span>
    </p>
   </div>
   <div class='ocr_carea' id='block_1_98' title="bbox 2223 4582 3776 4654">
    <p class='ocr_par' dir='ltr' id='par_1_98' title="bbox 2223 4582 3776 4654">
     <span class='ocr_line' id='line_1_98' title="bbox 2223 4582 3776 4654; baseline -0.003 -13"><span class='ocrx_word' id='word_1_748' title='bbox 2223 4587 2434 4642; x_wconf 88' lang='lat' dir='ltr'><strong>nititur.</strong></span> <span class='ocrx_word' id='word_1_749' title='bbox 2483 4587 2710 4641; x_wconf 89' lang='lat' dir='ltr'><strong>Dicebat</strong></span> <span class='ocrx_word' id='word_1_750' title='bbox 2745 4586 2927 4640; x_wconf 89' lang='lat' dir='ltr'><strong>enim:</strong></span> <span class='ocrx_word' id='word_1_751' title='bbox 2966 4603 2984 4636; x_wconf 82' lang='lat' dir='ltr'><strong>t</strong></span> <span class='ocrx_word' id='word_1_752' title='bbox 3028 4585 3161 4652; x_wconf 87' lang='lat' dir='ltr'><strong>Quis</strong></span> <span class='ocrx_word' id='word_1_753' title='bbox 3189 4601 3274 4640; x_wconf 89' lang='lat' dir='ltr'><strong>me</strong></span> <span class='ocrx_word' id='word_1_754' title='bbox 3307 4584 3582 4654; x_wconf 84' lang='lat' dir='ltr'><strong>separabit</strong></span> <span class='ocrx_word' id='word_1_755' title='bbox 3608 4599 3638 4638; x_wconf 82' lang='lat' dir='ltr'><strong>a</strong></span> <span class='ocrx_word' id='word_1_756' title='bbox 3666 4582 3776 4637; x_wconf 78' lang='lat' dir='ltr'><strong>cha-</strong></span> 
     </span>
    </p>
   </div>
   <div class='ocr_carea' id='block_1_99' title="bbox 2224 4676 3778 4748">
    <p class='ocr_par' dir='ltr' id='par_1_99' title="bbox 2224 4676 3778 4748">
     <span class='ocr_line' id='line_1_99' title="bbox 2224 4676 3778 4748; baseline -0.003 -17"><span class='ocrx_word' id='word_1_757' title='bbox 2224 4678 2383 4732; x_wconf 89' lang='lat' dir='ltr'><strong>ritate</strong></span> <span class='ocrx_word' id='word_1_758' title='bbox 2425 4677 2668 4734; x_wconf 76' lang='lat' dir='ltr'><strong>Christi?</strong></span> <span class='ocrx_word' id='word_1_759' title='bbox 2705 4676 3015 4732; x_wconf 81' lang='lat' dir='ltr'><strong>tribulatio?</strong></span> <span class='ocrx_word' id='word_1_760' title='bbox 3049 4693 3117 4732; x_wconf 89' lang='lat' dir='ltr'><strong>an</strong></span> <span class='ocrx_word' id='word_1_761' title='bbox 3160 4678 3456 4748; x_wconf 80' lang='lat' dir='ltr'><strong>angustia?</strong></span> <span class='ocrx_word' id='word_1_762' title='bbox 3505 4692 3570 4730; x_wconf 84' lang='lat' dir='ltr'><strong>an</strong></span> <span class='ocrx_word' id='word_1_763' title='bbox 3617 4685 3778 4745; x_wconf 83' lang='lat' dir='ltr'><strong>perse-</strong></span> 
     </span>
    </p>
   </div>
   <div class='ocr_carea' id='block_1_100' title="bbox 2223 4764 3776 4838">
    <p class='ocr_par' dir='ltr' id='par_1_100' title="bbox 2223 4764 3776 4838">
     <span class='ocr_line' id='line_1_100' title="bbox 2223 4764 3776 4838; baseline -0.006 -16"><span class='ocrx_word' id='word_1_764' title='bbox 2223 4767 2411 4822; x_wconf 87' lang='lat' dir='ltr'><strong>cutio?</strong></span> <span class='ocrx_word' id='word_1_765' title='bbox 2449 4782 2514 4821; x_wconf 90' lang='lat' dir='ltr'><strong>an</strong></span> <span class='ocrx_word' id='word_1_766' title='bbox 2561 4766 2774 4822; x_wconf 82' lang='lat' dir='ltr'><strong>fames?</strong></span> <span class='ocrx_word' id='word_1_767' title='bbox 2811 4782 2880 4822; x_wconf 93' lang='lat' dir='ltr'><strong>an</strong></span> <span class='ocrx_word' id='word_1_768' title='bbox 2926 4767 3189 4821; x_wconf 75' lang='lat' dir='ltr'><strong>auditas?</strong></span> <span class='ocrx_word' id='word_1_769' title='bbox 3226 4783 3295 4822; x_wconf 89' lang='lat' dir='ltr'><strong>an</strong></span> <span class='ocrx_word' id='word_1_770' title='bbox 3343 4764 3681 4838; x_wconf 78' lang='lat' dir='ltr'><strong>perieulum?</strong></span> <span class='ocrx_word' id='word_1_771' title='bbox 3717 4775 3776 4814; x_wconf 83' lang='lat' dir='ltr'><strong>an</strong></span> 
     </span>
    </p>
   </div>
   <div class='ocr_carea' id='block_1_101' title="bbox 2223 4851 3778 4929">
    <p class='ocr_par' dir='ltr' id='par_1_101' title="bbox 2223 4851 3778 4929">
     <span class='ocr_line' id='line_1_101' title="bbox 2223 4851 3778 4929; baseline -0.006 -17"><span class='ocrx_word' id='word_1_772' title='bbox 2223 4859 2472 4928; x_wconf 82' lang='lat' dir='ltr'><strong>gladius?</strong></span> <span class='ocrx_word' id='word_1_773' title='bbox 2498 4876 2520 4912; x_wconf 69' lang='grc' dir='ltr'><strong>ι</strong></span> <span class='ocrx_word' id='word_1_774' title='bbox 2567 4857 2744 4929; x_wconf 82' lang='lat' dir='ltr'><strong>(Rom.</strong></span> <span class='ocrx_word' id='word_1_775' title='bbox 2776 4857 2916 4928; x_wconf 79' lang='lat' dir='ltr'><strong>vui.)</strong></span> <span class='ocrx_word' id='word_1_776' title='bbox 2942 4857 3018 4912; x_wconf 89' lang='lat' dir='ltr'><strong>llli</strong></span> <span class='ocrx_word' id='word_1_777' title='bbox 3044 4856 3366 4913; x_wconf 78' lang='lat' dir='ltr'><strong>frendebant</strong></span> <span class='ocrx_word' id='word_1_778' title='bbox 3389 4857 3663 4917; x_wconf 83' lang='lat' dir='ltr'><strong>dentibus;</strong></span> <span class='ocrx_word' id='word_1_779' title='bbox 3688 4851 3778 4907; x_wconf 85' lang='lat' dir='ltr'><strong>istc</strong></span> 
     </span>
    </p>
   </div>
   <div class='ocr_carea' id='block_1_102' title="bbox 2221 4940 3775 4994">
    <p class='ocr_par' dir='ltr' id='par_1_102' title="bbox 2221 4940 3775 4994">
     <span class='ocr_line' id='line_1_102' title="bbox 2221 4940 3775 4994; baseline 0 0"><span class='ocrx_word' id='word_1_780' title='bbox 2221 4951 2368 4994; x_wconf 66' lang='lat' dir='ltr'><strong>mitis</strong></span> <span class='ocrx_word' id='word_1_781' title='bbox 2399 4950 2530 4994; x_wconf 73' lang='lat' dir='ltr'><strong>Auni</strong></span> <span class='ocrx_word' id='word_1_782' title='bbox 2559 4950 2740 4994; x_wconf 79' lang='lat' dir='ltr'><strong>mundi</strong></span> <span class='ocrx_word' id='word_1_783' title='bbox 2767 4960 2986 4994; x_wconf 60' lang='lat' dir='ltr'><strong>narrata</strong></span> <span class='ocrx_word' id='word_1_784' title='bbox 3018 4948 3255 4994; x_wconf 64' lang='lat' dir='ltr'><strong>tollentis</strong></span> <span class='ocrx_word' id='word_1_785' title='bbox 3291 4946 3604 4994; x_wconf 75' lang='lat' dir='ltr'><strong>natienliam</strong></span> <span class='ocrx_word' id='word_1_786' title='bbox 3641 4940 3775 4994; x_wconf 73' lang='lat' dir='ltr'><strong>coal-</strong></span> 
     </span>
    </p>
   </div>
  </div>
