  <div class='ocr_page' id='page_1' title='image "/cluster/home/n/w/nwhite01/storage/ocr_20150623/144/hvd.32044010574010/364.png"; bbox 0 0 3978 5328; ppageno 0'>
   <div class='ocr_carea' id='block_1_1' title="bbox 205 223 314 277">
    <p class='ocr_par' dir='ltr' id='par_1_1' title="bbox 205 223 314 277">
     <span class='ocr_line' id='line_1_1' title="bbox 205 223 314 277; baseline -0.009 0"><span class='ocrx_word' id='word_1_1' title='bbox 205 223 314 277; x_wconf 74' lang='grc'><strong>717</strong></span> 
     </span>
    </p>
   </div>
   <div class='ocr_carea' id='block_1_2' title="bbox 1633 214 2003 273">
    <p class='ocr_par' dir='ltr' id='par_1_2' title="bbox 1633 214 2003 273">
     <span class='ocr_line' id='line_1_2' title="bbox 1633 214 2003 273; baseline 0.011 -3"><span class='ocrx_word' id='word_1_2' title='bbox 1633 214 1865 273; x_wconf 63' lang='lat' dir='ltr'><strong>SERHO</strong></span> <span class='ocrx_word' id='word_1_3' title='bbox 1893 217 2003 273; x_wconf 77' lang='lat' dir='ltr'><strong>XL.</strong></span> 
     </span>
    </p>
   </div>
   <div class='ocr_carea' id='block_1_3' title="bbox 3353 257 3464 317">
    <p class='ocr_par' dir='ltr' id='par_1_3' title="bbox 3353 257 3464 317">
     <span class='ocr_line' id='line_1_3' title="bbox 3353 257 3464 317; baseline 0.036 -4"><span class='ocrx_word' id='word_1_4' title='bbox 3353 257 3464 317; x_wconf 66' lang='grc' dir='ltr'>ἠε</span> 
     </span>
    </p>
   </div>
   <div class='ocr_carea' id='block_1_4' title="bbox 192 333 3460 439">
    <p class='ocr_par' dir='ltr' id='par_1_4' title="bbox 192 333 3460 439">
     <span class='ocr_line' id='line_1_4' title="bbox 192 333 3460 439; baseline 0.014 -56"><span class='ocrx_word' id='word_1_5' title='bbox 192 343 521 400; x_wconf 80' lang='lat' dir='ltr'><strong>puerorum,</strong></span> <span class='ocrx_word' id='word_1_6' title='bbox 571 338 631 385; x_wconf 91' lang='lat' dir='ltr'><strong>ut</strong></span> <span class='ocrx_word' id='word_1_7' title='bbox 668 339 978 388; x_wconf 85' lang='lat' dir='ltr'><strong>sanctorum</strong></span> <span class='ocrx_word' id='word_1_8' title='bbox 1029 333 1182 391; x_wconf 84' lang='lat' dir='ltr'><strong>fieret</strong></span> <span class='ocrx_word' id='word_1_9' title='bbox 1223 337 1404 393; x_wconf 83' lang='lat' dir='ltr'><strong>socius</strong></span> <span class='ocrx_word' id='word_1_10' title='bbox 1442 337 1774 409; x_wconf 74' lang='lat' dir='ltr'><strong>angelorum.</strong></span> <span class='ocrx_word' id='word_1_11' title='bbox 1805 348 1856 410; x_wconf 73' lang='grc' dir='ltr'><strong>Α</strong></span> <span class='ocrx_word' id='word_1_12' title='bbox 1882 355 2195 417; x_wconf 91' lang='lat' dir='ltr'><strong>potuerunt,</strong></span> <span class='ocrx_word' id='word_1_13' title='bbox 2242 349 2400 408; x_wconf 72' lang='lat' dir='ltr'><strong>latri</strong></span> <span class='ocrx_word' id='word_1_14' title='bbox 2445 367 2574 413; x_wconf 83' lang='lat' dir='ltr'><strong>vero</strong></span> <span class='ocrx_word' id='word_1_15' title='bbox 2610 358 2869 417; x_wconf 65' lang='lat' dir='ltr'><strong>caelorum</strong></span> <span class='ocrx_word' id='word_1_16' title='bbox 2919 363 3114 434; x_wconf 85' lang='lat' dir='ltr'><strong>palatia</strong></span> <span class='ocrx_word' id='word_1_17' title='bbox 3155 376 3460 439; x_wconf 80' lang='lat' dir='ltr'><strong>penetranti</strong></span> 
     </span>
    </p>
   </div>
   <div class='ocr_carea' id='block_1_5' title="bbox 194 419 1778 500">
    <p class='ocr_par' dir='ltr' id='par_1_5' title="bbox 194 419 1778 500">
     <span class='ocr_line' id='line_1_5' title="bbox 194 419 1778 500; baseline 0.009 -28"><span class='ocrx_word' id='word_1_18' title='bbox 194 419 558 490; x_wconf 85' lang='lat' dir='ltr'><strong>Postponebat</strong></span> <span class='ocrx_word' id='word_1_19' title='bbox 584 421 953 492; x_wconf 74' lang='lat' dir='ltr'><strong>magisterium</strong></span> <span class='ocrx_word' id='word_1_20' title='bbox 988 423 1196 481; x_wconf 88' lang='lat' dir='ltr'><strong>litteras</strong></span> <span class='ocrx_word' id='word_1_21' title='bbox 1221 426 1500 494; x_wconf 87' lang='lat' dir='ltr'><strong>edocendi,</strong></span> <span class='ocrx_word' id='word_1_22' title='bbox 1526 438 1688 500; x_wconf 90' lang='lat' dir='ltr'><strong>atque</strong></span> <span class='ocrx_word' id='word_1_23' title='bbox 1711 431 1778 487; x_wconf 89' lang='lat' dir='ltr'><strong>ad</strong></span> 
     </span>
    </p>
   </div>
   <div class='ocr_carea' id='block_1_6' title="bbox 191 507 1778 583">
    <p class='ocr_par' dir='ltr' id='par_1_6' title="bbox 191 507 1778 583">
     <span class='ocr_line' id='line_1_6' title="bbox 191 507 1778 583; baseline 0.008 -20"><span class='ocrx_word' id='word_1_24' title='bbox 191 507 322 563; x_wconf 90' lang='lat' dir='ltr'><strong>illud</strong></span> <span class='ocrx_word' id='word_1_25' title='bbox 354 524 522 564; x_wconf 87' lang='lat' dir='ltr'><strong>unum</strong></span> <span class='ocrx_word' id='word_1_26' title='bbox 547 508 803 565; x_wconf 73' lang='lat' dir='ltr'><strong>alacriter</strong></span> <span class='ocrx_word' id='word_1_27' title='bbox 827 515 1157 582; x_wconf 76' lang='lat' dir='ltr'><strong>properabat</strong></span> <span class='ocrx_word' id='word_1_28' title='bbox 1196 516 1454 583; x_wconf 82' lang='lat' dir='ltr'><strong>Verbum,</strong></span> <span class='ocrx_word' id='word_1_29' title='bbox 1502 520 1590 573; x_wconf 89' lang='lat' dir='ltr'><strong>cui</strong></span> <span class='ocrx_word' id='word_1_30' title='bbox 1637 520 1778 575; x_wconf 88' lang='lat' dir='ltr'><strong>mili-</strong></span> 
     </span>
    </p>
   </div>
   <div class='ocr_carea' id='block_1_7' title="bbox 192 603 1774 672">
    <p class='ocr_par' dir='ltr' id='par_1_7' title="bbox 192 603 1774 672">
     <span class='ocr_line' id='line_1_7' title="bbox 192 603 1774 672; baseline 0.007 -17"><span class='ocrx_word' id='word_1_31' title='bbox 192 611 307 655; x_wconf 86' lang='lat' dir='ltr'><strong>tant</strong></span> <span class='ocrx_word' id='word_1_32' title='bbox 329 609 527 657; x_wconf 88' lang='lat' dir='ltr'><strong>cuncta</strong></span> <span class='ocrx_word' id='word_1_33' title='bbox 548 616 644 672; x_wconf 90' lang='lat' dir='ltr'><strong>per</strong></span> <span class='ocrx_word' id='word_1_34' title='bbox 657 603 842 657; x_wconf 90' lang='lat' dir='ltr'><strong>orbem</strong></span> <span class='ocrx_word' id='word_1_35' title='bbox 866 603 1139 660; x_wconf 75' lang='lat' dir='ltr'><strong>volumina</strong></span> <span class='ocrx_word' id='word_1_36' title='bbox 1160 606 1484 672; x_wconf 86' lang='lat' dir='ltr'><strong>litterarum,</strong></span> <span class='ocrx_word' id='word_1_37' title='bbox 1499 610 1774 667; x_wconf 80' lang='lat' dir='ltr'><strong>Christum</strong></span> 
     </span>
    </p>
   </div>
   <div class='ocr_carea' id='block_1_8' title="bbox 189 693 1776 763">
    <p class='ocr_par' dir='ltr' id='par_1_8' title="bbox 189 693 1776 763">
     <span class='ocr_line' id='line_1_8' title="bbox 189 693 1776 763; baseline 0.007 -18"><span class='ocrx_word' id='word_1_38' title='bbox 189 693 479 746; x_wconf 81' lang='lat' dir='ltr'><strong>Demittunt</strong></span> <span class='ocrx_word' id='word_1_39' title='bbox 526 702 794 757; x_wconf 89' lang='lat' dir='ltr'><strong>nostrum,</strong></span> <span class='ocrx_word' id='word_1_40' title='bbox 825 695 918 763; x_wconf 87' lang='lat' dir='ltr'><strong>qui</strong></span> <span class='ocrx_word' id='word_1_41' title='bbox 954 710 1076 750; x_wconf 92' lang='lat' dir='ltr'><strong>cum</strong></span> <span class='ocrx_word' id='word_1_42' title='bbox 1113 696 1224 752; x_wconf 86' lang='lat' dir='ltr'><strong>Deo</strong></span> <span class='ocrx_word' id='word_1_43' title='bbox 1265 697 1426 752; x_wconf 88' lang='lat' dir='ltr'><strong>Patre</strong></span> <span class='ocrx_word' id='word_1_44' title='bbox 1468 699 1522 754; x_wconf 90' lang='lat' dir='ltr'><strong>in</strong></span> <span class='ocrx_word' id='word_1_45' title='bbox 1570 702 1776 757; x_wconf 88' lang='lat' dir='ltr'><strong>unitate</strong></span> 
     </span>
    </p>
   </div>
   <div class='ocr_carea' id='block_1_9' title="bbox 187 782 1770 854">
    <p class='ocr_par' dir='ltr' id='par_1_9' title="bbox 187 782 1770 854">
     <span class='ocr_line' id='line_1_9' title="bbox 187 782 1770 854; baseline 0.007 -20"><span class='ocrx_word' id='word_1_46' title='bbox 187 782 424 850; x_wconf 74' lang='lat' dir='ltr'><strong>Spiritus</strong></span> <span class='ocrx_word' id='word_1_47' title='bbox 451 783 652 849; x_wconf 80' lang='lat' dir='ltr'><strong>sancti,</strong></span> <span class='ocrx_word' id='word_1_48' title='bbox 683 783 813 838; x_wconf 89' lang='lat' dir='ltr'><strong>vivit</strong></span> <span class='ocrx_word' id='word_1_49' title='bbox 841 794 896 839; x_wconf 91' lang='lat' dir='ltr'><strong>et</strong></span> <span class='ocrx_word' id='word_1_50' title='bbox 919 794 1108 854; x_wconf 87' lang='lat' dir='ltr'><strong>regnat</strong></span> <span class='ocrx_word' id='word_1_51' title='bbox 1135 787 1187 840; x_wconf 87' lang='lat' dir='ltr'><strong>in</strong></span> <span class='ocrx_word' id='word_1_52' title='bbox 1213 788 1405 842; x_wconf 75' lang='lat' dir='ltr'><strong>saecula</strong></span> <span class='ocrx_word' id='word_1_53' title='bbox 1431 790 1770 846; x_wconf 60' lang='lat' dir='ltr'><strong>wculorum.</strong></span> 
     </span>
    </p>
   </div>
   <div class='ocr_carea' id='block_1_10' title="bbox 186 874 381 928">
    <p class='ocr_par' dir='ltr' id='par_1_10' title="bbox 186 874 381 928">
     <span class='ocr_line' id='line_1_10' title="bbox 186 874 381 928; baseline -0.005 -1"><span class='ocrx_word' id='word_1_54' title='bbox 186 874 381 928; x_wconf 78' lang='lat' dir='ltr'><strong>Amen.</strong></span> 
     </span>
    </p>
   </div>
   <div class='ocr_carea' id='block_1_11' title="bbox 754 967 1199 1026">
    <p class='ocr_par' dir='ltr' id='par_1_11' title="bbox 754 967 1199 1026">
     <span class='ocr_line' id='line_1_11' title="bbox 754 967 1199 1026; baseline 0.009 -4"><span class='ocrx_word' id='word_1_55' title='bbox 754 969 776 990; x_wconf 80' lang='lat'><strong><em>‘</em></strong></span> <span class='ocrx_word' id='word_1_56' title='bbox 815 967 1047 1026; x_wconf 72' lang='lat' dir='ltr'><strong>SERMO</strong></span> <span class='ocrx_word' id='word_1_57' title='bbox 1084 971 1199 1026; x_wconf 79' lang='lat' dir='ltr'><strong>XL.</strong></span> 
     </span>
    </p>
   </div>
   <div class='ocr_carea' id='block_1_12' title="bbox 181 1067 1772 1139">
    <p class='ocr_par' dir='ltr' id='par_1_12' title="bbox 181 1067 1772 1139">
     <span class='ocr_line' id='line_1_12' title="bbox 181 1067 1772 1139; baseline 0.006 -29"><span class='ocrx_word' id='word_1_58' title='bbox 181 1071 233 1110; x_wconf 79' lang='lat' dir='ltr'><strong>ut</strong></span> <span class='ocrx_word' id='word_1_59' title='bbox 260 1070 627 1113; x_wconf 71' lang='lat' dir='ltr'><strong>ASSIIIP‘HON!</strong></span> <span class='ocrx_word' id='word_1_60' title='bbox 655 1075 981 1115; x_wconf 68' lang='lat' dir='ltr'><strong>asartssmaz</strong></span> <span class='ocrx_word' id='word_1_61' title='bbox 1007 1078 1185 1118; x_wconf 63' lang='lat' dir='ltr'><strong>IARIE</strong></span> <span class='ocrx_word' id='word_1_62' title='bbox 1213 1080 1465 1121; x_wconf 78' lang='lat' dir='ltr'><strong>vtnsms.</strong></span> <span class='ocrx_word' id='word_1_63' title='bbox 1503 1067 1593 1136; x_wconf 90' lang='lat' dir='ltr'><strong>(xv</strong></span> <span class='ocrx_word' id='word_1_64' title='bbox 1620 1067 1772 1139; x_wconf 67' lang='lat' dir='ltr'><strong>auc.)</strong></span> 
     </span>
    </p>
   </div>
   <div class='ocr_carea' id='block_1_13' title="bbox 250 1148 1773 1222">
    <p class='ocr_par' dir='ltr' id='par_1_13' title="bbox 250 1148 1773 1222">
     <span class='ocr_line' id='line_1_13' title="bbox 250 1148 1773 1222; baseline 0.007 -21"><span class='ocrx_word' id='word_1_65' title='bbox 250 1148 352 1203; x_wconf 77' lang='lat' dir='ltr'><strong>Hic</strong></span> <span class='ocrx_word' id='word_1_66' title='bbox 393 1158 565 1203; x_wconf 84' lang='lat' dir='ltr'><strong>totum</strong></span> <span class='ocrx_word' id='word_1_67' title='bbox 609 1150 864 1206; x_wconf 89' lang='lat' dir='ltr'><strong>decurrat</strong></span> <span class='ocrx_word' id='word_1_68' title='bbox 907 1153 1201 1222; x_wconf 89' lang='lat' dir='ltr'><strong>ingenium,</strong></span> <span class='ocrx_word' id='word_1_69' title='bbox 1247 1166 1303 1212; x_wconf 93' lang='lat' dir='ltr'><strong>et</strong></span> <span class='ocrx_word' id='word_1_70' title='bbox 1350 1173 1549 1213; x_wconf 89' lang='lat' dir='ltr'><strong>aureus</strong></span> <span class='ocrx_word' id='word_1_71' title='bbox 1594 1174 1773 1213; x_wconf 84' lang='lat' dir='ltr'><strong>sermo</strong></span> 
     </span>
    </p>
   </div>
   <div class='ocr_carea' id='block_1_14' title="bbox 180 1239 1772 1310">
    <p class='ocr_par' dir='ltr' id='par_1_14' title="bbox 180 1239 1772 1310">
     <span class='ocr_line' id='line_1_14' title="bbox 180 1239 1772 1310; baseline 0.008 -18"><span class='ocrx_word' id='word_1_72' title='bbox 180 1248 290 1294; x_wconf 89' lang='lat' dir='ltr'><strong>tota</strong></span> <span class='ocrx_word' id='word_1_73' title='bbox 325 1239 565 1294; x_wconf 88' lang='lat' dir='ltr'><strong>reluceat</strong></span> <span class='ocrx_word' id='word_1_74' title='bbox 593 1241 892 1310; x_wconf 87' lang='lat' dir='ltr'><strong>majestate.</strong></span> <span class='ocrx_word' id='word_1_75' title='bbox 938 1245 1250 1299; x_wconf 84' lang='lat' dir='ltr'><strong>Voluntaria</strong></span> <span class='ocrx_word' id='word_1_76' title='bbox 1276 1247 1383 1300; x_wconf 86' lang='lat' dir='ltr'><strong>oris</strong></span> <span class='ocrx_word' id='word_1_77' title='bbox 1409 1249 1575 1303; x_wconf 92' lang='lat' dir='ltr'><strong>nostri</strong></span> <span class='ocrx_word' id='word_1_78' title='bbox 1606 1248 1772 1304; x_wconf 86' lang='lat' dir='ltr'><strong>bene-</strong></span> 
     </span>
    </p>
   </div>
   <div class='ocr_carea' id='block_1_15' title="bbox 177 1329 1766 1406">
    <p class='ocr_par' dir='ltr' id='par_1_15' title="bbox 177 1329 1766 1406">
     <span class='ocr_line' id='line_1_15' title="bbox 177 1329 1766 1406; baseline 0.008 -26"><span class='ocrx_word' id='word_1_79' title='bbox 177 1329 374 1398; x_wconf 89' lang='lat' dir='ltr'><strong>placita</strong></span> <span class='ocrx_word' id='word_1_80' title='bbox 398 1329 571 1399; x_wconf 71' lang='lat' dir='ltr'><strong>(Paul.</strong></span> <span class='ocrx_word' id='word_1_81' title='bbox 601 1333 793 1398; x_wconf 69' lang='lat' dir='ltr'><strong>cum)</strong></span> <span class='ocrx_word' id='word_1_82' title='bbox 820 1331 982 1388; x_wconf 80' lang='lat' dir='ltr'><strong>faciat</strong></span> <span class='ocrx_word' id='word_1_83' title='bbox 1009 1335 1108 1388; x_wconf 89' lang='lat' dir='ltr'><strong>sibi</strong></span> <span class='ocrx_word' id='word_1_84' title='bbox 1136 1336 1370 1406; x_wconf 86' lang='lat' dir='ltr'><strong>genitrix</strong></span> <span class='ocrx_word' id='word_1_85' title='bbox 1399 1338 1516 1402; x_wconf 86' lang='lat' dir='ltr'><strong>Dei,</strong></span> <span class='ocrx_word' id='word_1_86' title='bbox 1551 1339 1766 1393; x_wconf 86' lang='lat' dir='ltr'><strong>domina</strong></span> 
     </span>
    </p>
   </div>
   <div class='ocr_carea' id='block_1_16' title="bbox 181 1419 1771 1508">
    <p class='ocr_par' dir='ltr' id='par_1_16' title="bbox 181 1419 1771 1508">
     <span class='ocr_line' id='line_1_16' title="bbox 181 1419 1771 1508; baseline 0.008 -36"><span class='ocrx_word' id='word_1_87' title='bbox 181 1419 394 1482; x_wconf 85' lang='lat' dir='ltr'><strong>mundi,</strong></span> <span class='ocrx_word' id='word_1_88' title='bbox 430 1420 553 1474; x_wconf 75' lang='grc' dir='ltr'><strong>οωιί</strong></span> <span class='ocrx_word' id='word_1_89' title='bbox 588 1422 793 1492; x_wconf 89' lang='lat' dir='ltr'><strong>regina.</strong></span> <span class='ocrx_word' id='word_1_90' title='bbox 835 1422 952 1491; x_wconf 88' lang='lat' dir='ltr'><strong>Ipsa</strong></span> <span class='ocrx_word' id='word_1_91' title='bbox 984 1439 1201 1480; x_wconf 84' lang='lat' dir='ltr'><strong>sensum</strong></span> <span class='ocrx_word' id='word_1_92' title='bbox 1231 1439 1404 1508; x_wconf 79' lang='lat' dir='ltr'><strong>acuat.</strong></span> <span class='ocrx_word' id='word_1_93' title='bbox 1438 1429 1636 1500; x_wconf 80' lang='lat' dir='ltr'><strong>dirigat</strong></span> <span class='ocrx_word' id='word_1_94' title='bbox 1659 1439 1771 1501; x_wconf 82' lang='lat' dir='ltr'><strong>sty-</strong></span> 
     </span>
    </p>
   </div>
   <div class='ocr_carea' id='block_1_17' title="bbox 176 1507 1770 1588">
    <p class='ocr_par' dir='ltr' id='par_1_17' title="bbox 176 1507 1770 1588">
     <span class='ocr_line' id='line_1_17' title="bbox 176 1507 1770 1588; baseline 0.011 -30"><span class='ocrx_word' id='word_1_95' title='bbox 176 1507 312 1566; x_wconf 90' lang='lat' dir='ltr'><strong>lum.</strong></span> <span class='ocrx_word' id='word_1_96' title='bbox 353 1509 673 1578; x_wconf 84' lang='lat' dir='ltr'><strong>ct-linguam</strong></span> <span class='ocrx_word' id='word_1_97' title='bbox 718 1513 969 1582; x_wconf 82' lang='lat' dir='ltr'><strong>pauperis</strong></span> <span class='ocrx_word' id='word_1_98' title='bbox 1011 1517 1305 1570; x_wconf 88' lang='lat' dir='ltr'><strong>venustiori</strong></span> <span class='ocrx_word' id='word_1_99' title='bbox 1348 1507 1623 1588; x_wconf 86' lang='lat' dir='ltr'><strong>respergat</strong></span> <span class='ocrx_word' id='word_1_100' title='bbox 1658 1520 1770 1574; x_wconf 88' lang='lat' dir='ltr'><strong>elo-</strong></span> 
     </span>
    </p>
   </div>
   <div class='ocr_carea' id='block_1_18' title="bbox 176 1597 1768 1673">
    <p class='ocr_par' dir='ltr' id='par_1_18' title="bbox 176 1597 1768 1673">
     <span class='ocr_line' id='line_1_18' title="bbox 176 1597 1768 1673; baseline 0.011 -25"><span class='ocrx_word' id='word_1_101' title='bbox 176 1598 325 1665; x_wconf 86' lang='lat' dir='ltr'><strong>quio.</strong></span> <span class='ocrx_word' id='word_1_102' title='bbox 365 1597 603 1654; x_wconf 89' lang='lat' dir='ltr'><strong>lllustret</strong></span> <span class='ocrx_word' id='word_1_103' title='bbox 637 1600 813 1656; x_wconf 87' lang='lat' dir='ltr'><strong>lucem</strong></span> <span class='ocrx_word' id='word_1_104' title='bbox 857 1603 997 1659; x_wconf 90' lang='lat' dir='ltr'><strong>hanc</strong></span> <span class='ocrx_word' id='word_1_105' title='bbox 1044 1604 1246 1661; x_wconf 90' lang='lat' dir='ltr'><strong>lumine</strong></span> <span class='ocrx_word' id='word_1_106' title='bbox 1289 1607 1525 1673; x_wconf 85' lang='lat' dir='ltr'><strong>clariori,</strong></span> <span class='ocrx_word' id='word_1_107' title='bbox 1572 1619 1628 1664; x_wconf 92' lang='lat' dir='ltr'><strong>et</strong></span> <span class='ocrx_word' id='word_1_108' title='bbox 1670 1627 1768 1666; x_wconf 92' lang='lat' dir='ltr'><strong>suo</strong></span> 
     </span>
    </p>
   </div>
   <div class='ocr_carea' id='block_1_19' title="bbox 1879 438 3464 534">
    <p class='ocr_par' dir='ltr' id='par_1_19' title="bbox 1879 438 3464 534">
     <span class='ocr_line' id='line_1_19' title="bbox 1879 438 3464 534; baseline 0.018 -41"><span class='ocrx_word' id='word_1_109' title='bbox 1879 438 2048 496; x_wconf 86' lang='lat' dir='ltr'><strong>Filius</strong></span> <span class='ocrx_word' id='word_1_110' title='bbox 2089 441 2224 513; x_wconf 90' lang='lat' dir='ltr'><strong>ipse,</strong></span> <span class='ocrx_word' id='word_1_111' title='bbox 2263 460 2405 500; x_wconf 86' lang='lat' dir='ltr'><strong>cum</strong></span> <span class='ocrx_word' id='word_1_112' title='bbox 2442 456 2556 504; x_wconf 81' lang='lat' dir='ltr'><strong>tota</strong></span> <span class='ocrx_word' id='word_1_113' title='bbox 2594 452 2743 506; x_wconf 90' lang='lat' dir='ltr'><strong>curia</strong></span> <span class='ocrx_word' id='word_1_114' title='bbox 2800 464 2910 510; x_wconf 87' lang='lat' dir='ltr'><strong>tam</strong></span> <span class='ocrx_word' id='word_1_115' title='bbox 2961 438 3269 528; x_wconf 74' lang='lat' dir='ltr'><strong>angelorum</strong></span> <span class='ocrx_word' id='word_1_116' title='bbox 3299 479 3464 534; x_wconf 87' lang='lat' dir='ltr'><strong>quam</strong></span> 
     </span>
    </p>
   </div>
   <div class='ocr_carea' id='block_1_20' title="bbox 1871 527 3463 612">
    <p class='ocr_par' dir='ltr' id='par_1_20' title="bbox 1871 527 3463 612">
     <span class='ocr_line' id='line_1_20' title="bbox 1871 527 3463 612; baseline 0.019 -30"><span class='ocrx_word' id='word_1_117' title='bbox 1871 527 2142 598; x_wconf 87' lang='lat' dir='ltr'><strong>justorum</strong></span> <span class='ocrx_word' id='word_1_118' title='bbox 2191 535 2504 593; x_wconf 92' lang='lat' dir='ltr'><strong>solemniter</strong></span> <span class='ocrx_word' id='word_1_119' title='bbox 2546 554 2876 610; x_wconf 86' lang='lat' dir='ltr'><strong>occurrens,</strong></span> <span class='ocrx_word' id='word_1_120' title='bbox 2935 527 3114 604; x_wconf 46' lang='lat' dir='ltr'><strong>evenit</strong></span> <span class='ocrx_word' id='word_1_121' title='bbox 3165 554 3234 608; x_wconf 90' lang='lat' dir='ltr'><strong>ad</strong></span> <span class='ocrx_word' id='word_1_122' title='bbox 3289 527 3463 612; x_wconf 63' lang='lat' dir='ltr'><strong>beata:</strong></span> 
     </span>
    </p>
   </div>
   <div class='ocr_carea' id='block_1_21' title="bbox 1877 622 3462 712">
    <p class='ocr_par' dir='ltr' id='par_1_21' title="bbox 1877 622 3462 712">
     <span class='ocr_line' id='line_1_21' title="bbox 1877 622 3462 712; baseline 0.018 -38"><span class='ocrx_word' id='word_1_123' title='bbox 1877 622 2257 678; x_wconf 78' lang='lat' dir='ltr'><strong>consisterium</strong></span> <span class='ocrx_word' id='word_1_124' title='bbox 2299 628 2576 692; x_wconf 82' lang='lat' dir='ltr'><strong>sessionis,</strong></span> <span class='ocrx_word' id='word_1_125' title='bbox 2625 641 2681 685; x_wconf 90' lang='lat' dir='ltr'><strong>et</strong></span> <span class='ocrx_word' id='word_1_126' title='bbox 2722 634 2798 686; x_wconf 88' lang='lat' dir='ltr'><strong>ait</strong></span> <span class='ocrx_word' id='word_1_127' title='bbox 2838 653 2850 689; x_wconf 93' lang='lat'>:</span> <span class='ocrx_word' id='word_1_128' title='bbox 2894 655 2913 688; x_wconf 71' lang='grc' dir='ltr'>ι</span> <span class='ocrx_word' id='word_1_129' title='bbox 2947 637 3081 693; x_wconf 84' lang='lat' dir='ltr'><strong>Tota</strong></span> <span class='ocrx_word' id='word_1_130' title='bbox 3113 641 3335 711; x_wconf 85' lang='lat' dir='ltr'><strong>pulchra</strong></span> <span class='ocrx_word' id='word_1_131' title='bbox 3380 662 3462 712; x_wconf 88' lang='lat' dir='ltr'><strong>es,</strong></span> 
     </span>
    </p>
   </div>
   <div class='ocr_carea' id='block_1_22' title="bbox 1877 711 3458 807">
    <p class='ocr_par' dir='ltr' id='par_1_22' title="bbox 1877 711 3458 807">
     <span class='ocr_line' id='line_1_22' title="bbox 1877 711 3458 807; baseline 0.018 -46"><span class='ocrx_word' id='word_1_132' title='bbox 1877 711 2048 765; x_wconf 90' lang='lat' dir='ltr'><strong>amica</strong></span> <span class='ocrx_word' id='word_1_133' title='bbox 2081 729 2220 778; x_wconf 88' lang='lat' dir='ltr'><strong>mea,</strong></span> <span class='ocrx_word' id='word_1_134' title='bbox 2263 724 2316 770; x_wconf 90' lang='lat' dir='ltr'><strong>et</strong></span> <span class='ocrx_word' id='word_1_135' title='bbox 2366 720 2574 775; x_wconf 83' lang='lat' dir='ltr'><strong>macula</strong></span> <span class='ocrx_word' id='word_1_136' title='bbox 2619 739 2724 777; x_wconf 89' lang='lat' dir='ltr'><strong>non</strong></span> <span class='ocrx_word' id='word_1_137' title='bbox 2773 736 2854 780; x_wconf 87' lang='lat' dir='ltr'><strong>cst</strong></span> <span class='ocrx_word' id='word_1_138' title='bbox 2896 728 2948 782; x_wconf 91' lang='lat' dir='ltr'><strong>in</strong></span> <span class='ocrx_word' id='word_1_139' title='bbox 2991 738 3044 785; x_wconf 90' lang='lat' dir='ltr'><strong>te</strong></span> <span class='ocrx_word' id='word_1_140' title='bbox 3083 731 3261 802; x_wconf 84' lang='lat' dir='ltr'><strong>(Cant.</strong></span> <span class='ocrx_word' id='word_1_141' title='bbox 3304 739 3400 807; x_wconf 84' lang='lat' dir='ltr'><strong>tv).</strong></span> <span class='ocrx_word' id='word_1_142' title='bbox 3440 763 3458 789; x_wconf 76' lang='grc' dir='ltr'><strong><em>ο</em></strong></span> 
     </span>
    </p>
   </div>
   <div class='ocr_carea' id='block_1_23' title="bbox 1876 797 3464 885">
    <p class='ocr_par' dir='ltr' id='par_1_23' title="bbox 1876 797 3464 885">
     <span class='ocr_line' id='line_1_23' title="bbox 1876 797 3464 885; baseline 0.023 -36"><span class='ocrx_word' id='word_1_143' title='bbox 1876 797 2008 852; x_wconf 87' lang='lat' dir='ltr'><strong>Tota</strong></span> <span class='ocrx_word' id='word_1_144' title='bbox 2039 801 2284 870; x_wconf 88' lang='lat' dir='ltr'><strong>pulchra,</strong></span> <span class='ocrx_word' id='word_1_145' title='bbox 2315 809 2441 875; x_wconf 86' lang='lat' dir='ltr'><strong>quia</strong></span> <span class='ocrx_word' id='word_1_146' title='bbox 2484 819 2594 865; x_wconf 86' lang='lat' dir='ltr'><strong>tota</strong></span> <span class='ocrx_word' id='word_1_147' title='bbox 2632 813 2910 884; x_wconf 84' lang='lat' dir='ltr'><strong>deificata;</strong></span> <span class='ocrx_word' id='word_1_148' title='bbox 2962 823 3174 878; x_wconf 87' lang='lat' dir='ltr'><strong>macula</strong></span> <span class='ocrx_word' id='word_1_149' title='bbox 3223 841 3330 882; x_wconf 92' lang='lat' dir='ltr'><strong>non</strong></span> <span class='ocrx_word' id='word_1_150' title='bbox 3376 839 3464 885; x_wconf 86' lang='lat' dir='ltr'><strong>cst</strong></span> 
     </span>
    </p>
   </div>
   <div class='ocr_carea' id='block_1_24' title="bbox 1877 885 3461 985">
    <p class='ocr_par' dir='ltr' id='par_1_24' title="bbox 1877 885 3461 985">
     <span class='ocr_line' id='line_1_24' title="bbox 1877 885 3461 985; baseline 0.02 -45"><span class='ocrx_word' id='word_1_151' title='bbox 1877 885 1931 940; x_wconf 89' lang='lat' dir='ltr'><strong>in</strong></span> <span class='ocrx_word' id='word_1_152' title='bbox 1959 897 2033 952; x_wconf 90' lang='lat' dir='ltr'><strong>te,</strong></span> <span class='ocrx_word' id='word_1_153' title='bbox 2064 891 2188 960; x_wconf 90' lang='lat' dir='ltr'><strong>quia</strong></span> <span class='ocrx_word' id='word_1_154' title='bbox 2222 892 2457 963; x_wconf 82' lang='lat' dir='ltr'><strong>Spiritus</strong></span> <span class='ocrx_word' id='word_1_155' title='bbox 2488 912 2704 956; x_wconf 88' lang='lat' dir='ltr'><strong>sanctus</strong></span> <span class='ocrx_word' id='word_1_156' title='bbox 2736 909 3048 974; x_wconf 78' lang='lat' dir='ltr'><strong>supervenit</strong></span> <span class='ocrx_word' id='word_1_157' title='bbox 3089 912 3142 966; x_wconf 91' lang='lat' dir='ltr'><strong>in</strong></span> <span class='ocrx_word' id='word_1_158' title='bbox 3185 921 3256 980; x_wconf 90' lang='lat' dir='ltr'><strong>te,</strong></span> <span class='ocrx_word' id='word_1_159' title='bbox 3288 917 3377 985; x_wconf 87' lang='lat' dir='ltr'><strong>qui</strong></span> <span class='ocrx_word' id='word_1_160' title='bbox 3409 927 3461 971; x_wconf 91' lang='lat' dir='ltr'><strong>tc</strong></span> 
     </span>
    </p>
   </div>
   <div class='ocr_carea' id='block_1_25' title="bbox 1875 979 3457 1063">
    <p class='ocr_par' dir='ltr' id='par_1_25' title="bbox 1875 979 3457 1063">
     <span class='ocr_line' id='line_1_25' title="bbox 1875 979 3457 1063; baseline 0.022 -34"><span class='ocrx_word' id='word_1_161' title='bbox 1875 979 2176 1035; x_wconf 84' lang='lat' dir='ltr'><strong>mandavit.</strong></span> <span class='ocrx_word' id='word_1_162' title='bbox 2213 982 2319 1038; x_wconf 89' lang='lat' dir='ltr'><strong>Sed</strong></span> <span class='ocrx_word' id='word_1_163' title='bbox 2355 995 2410 1039; x_wconf 91' lang='lat' dir='ltr'><strong>et</strong></span> <span class='ocrx_word' id='word_1_164' title='bbox 2438 988 2602 1058; x_wconf 82' lang='lat' dir='ltr'><strong>Virgo</strong></span> <span class='ocrx_word' id='word_1_165' title='bbox 2629 994 2882 1059; x_wconf 88' lang='lat' dir='ltr'><strong>gratiosis</strong></span> <span class='ocrx_word' id='word_1_166' title='bbox 2907 1001 3177 1058; x_wconf 88' lang='lat' dir='ltr'><strong>cumulata</strong></span> <span class='ocrx_word' id='word_1_167' title='bbox 3215 979 3457 1063; x_wconf 76' lang='lat' dir='ltr'><strong>muneri-</strong></span> 
     </span>
    </p>
   </div>
   <div class='ocr_carea' id='block_1_26' title="bbox 1873 1253 3460 1332">
    <p class='ocr_par' dir='ltr' id='par_1_26' title="bbox 1873 1253 3460 1332">
     <span class='ocr_line' id='line_1_26' title="bbox 1873 1253 3460 1332; baseline 0.019 -29"><span class='ocrx_word' id='word_1_168' title='bbox 1873 1266 2091 1307; x_wconf 90' lang='lat' dir='ltr'><strong>manum</strong></span> <span class='ocrx_word' id='word_1_169' title='bbox 2122 1253 2400 1312; x_wconf 78' lang='lat' dir='ltr'><strong>dexteram</strong></span> <span class='ocrx_word' id='word_1_170' title='bbox 2426 1276 2620 1325; x_wconf 88' lang='lat' dir='ltr'><strong>meam,</strong></span> <span class='ocrx_word' id='word_1_171' title='bbox 2648 1276 2702 1319; x_wconf 86' lang='lat' dir='ltr'><strong>et</strong></span> <span class='ocrx_word' id='word_1_172' title='bbox 2732 1265 2786 1320; x_wconf 93' lang='lat' dir='ltr'><strong>in</strong></span> <span class='ocrx_word' id='word_1_173' title='bbox 2811 1268 3085 1328; x_wconf 84' lang='lat' dir='ltr'><strong>voluntate</strong></span> <span class='ocrx_word' id='word_1_174' title='bbox 3116 1285 3205 1330; x_wconf 90' lang='lat' dir='ltr'><strong>tua</strong></span> <span class='ocrx_word' id='word_1_175' title='bbox 3233 1277 3460 1332; x_wconf 88' lang='lat' dir='ltr'><strong>deduxi-</strong></span> 
     </span>
    </p>
   </div>
   <div class='ocr_carea' id='block_1_27' title="bbox 1872 1342 3452 1442">
    <p class='ocr_par' dir='ltr' id='par_1_27' title="bbox 1872 1342 3452 1442">
     <span class='ocr_line' id='line_1_27' title="bbox 1872 1342 3452 1442; baseline 0.018 -46"><span class='ocrx_word' id='word_1_176' title='bbox 1872 1342 1940 1396; x_wconf 88' lang='lat' dir='ltr'><strong>sti</strong></span> <span class='ocrx_word' id='word_1_177' title='bbox 1970 1358 2074 1406; x_wconf 90' lang='lat' dir='ltr'><strong>me,</strong></span> <span class='ocrx_word' id='word_1_178' title='bbox 2119 1354 2174 1399; x_wconf 90' lang='lat' dir='ltr'><strong>et</strong></span> <span class='ocrx_word' id='word_1_179' title='bbox 2213 1361 2334 1402; x_wconf 90' lang='lat' dir='ltr'><strong>cum</strong></span> <span class='ocrx_word' id='word_1_180' title='bbox 2365 1351 2536 1420; x_wconf 90' lang='lat' dir='ltr'><strong>gloria</strong></span> <span class='ocrx_word' id='word_1_181' title='bbox 2565 1359 2846 1426; x_wconf 77' lang='lat' dir='ltr'><strong>suscepisti</strong></span> <span class='ocrx_word' id='word_1_182' title='bbox 2876 1377 2963 1416; x_wconf 92' lang='lat' dir='ltr'><strong>me</strong></span> <span class='ocrx_word' id='word_1_183' title='bbox 2993 1363 3166 1432; x_wconf 77' lang='lat' dir='ltr'><strong>(Psal.</strong></span> <span class='ocrx_word' id='word_1_184' title='bbox 3209 1371 3401 1442; x_wconf 76' lang='lat' dir='ltr'><strong>Lxxn).</strong></span> <span class='ocrx_word' id='word_1_185' title='bbox 3431 1391 3452 1424; x_wconf 70' lang='grc' dir='ltr'><strong>ι</strong></span> 
     </span>
    </p>
   </div>
   <div class='ocr_carea' id='block_1_28' title="bbox 1871 1428 3440 1526">
    <p class='ocr_par' dir='ltr' id='par_1_28' title="bbox 1871 1428 3440 1526">
     <span class='ocr_line' id='line_1_28' title="bbox 1871 1428 3440 1526; baseline 0.022 -43"><span class='ocrx_word' id='word_1_186' title='bbox 1871 1428 2007 1485; x_wconf 83' lang='lat' dir='ltr'><strong>Nota</strong></span> <span class='ocrx_word' id='word_1_187' title='bbox 2048 1428 2337 1491; x_wconf 74' lang='lat' dir='ltr'><strong>verborum</strong></span> <span class='ocrx_word' id='word_1_188' title='bbox 2387 1442 2707 1508; x_wconf 81' lang='lat' dir='ltr'><strong>positionem</strong></span> <span class='ocrx_word' id='word_1_189' title='bbox 2760 1428 3028 1506; x_wconf 78' lang='lat' dir='ltr'><strong>differenti</strong></span> <span class='ocrx_word' id='word_1_190' title='bbox 3077 1428 3440 1526; x_wconf 50' lang='lat' dir='ltr'><strong>graduum&#39;di</strong></span> 
     </span>
    </p>
   </div>
   <div class='ocr_carea' id='block_1_29' title="bbox 1869 1521 3458 1608">
    <p class='ocr_par' dir='ltr' id='par_1_29' title="bbox 1869 1521 3458 1608">
     <span class='ocr_line' id='line_1_29' title="bbox 1869 1521 3458 1608; baseline 0.018 -33"><span class='ocrx_word' id='word_1_191' title='bbox 1869 1521 2155 1579; x_wconf 89' lang='lat' dir='ltr'><strong>stinctione</strong></span> <span class='ocrx_word' id='word_1_192' title='bbox 2183 1525 2470 1596; x_wconf 79' lang='lat' dir='ltr'><strong>signatam.</strong></span> <span class='ocrx_word' id='word_1_193' title='bbox 2511 1531 2775 1598; x_wconf 85' lang='lat' dir='ltr'><strong>Tenuisti,</strong></span> <span class='ocrx_word' id='word_1_194' title='bbox 2801 1536 2996 1608; x_wconf 90' lang='lat' dir='ltr'><strong>inquit,</strong></span> <span class='ocrx_word' id='word_1_195' title='bbox 3030 1521 3248 1600; x_wconf 71' lang='lat' dir='ltr'><strong>umnam</strong></span> <span class='ocrx_word' id='word_1_196' title='bbox 3271 1549 3458 1604; x_wconf 83' lang='lat' dir='ltr'><strong>dexte-</strong></span> 
     </span>
    </p>
   </div>
   <div class='ocr_carea' id='block_1_30' title="bbox 1869 1618 3456 1702">
    <p class='ocr_par' dir='ltr' id='par_1_30' title="bbox 1869 1618 3456 1702">
     <span class='ocr_line' id='line_1_30' title="bbox 1869 1618 3456 1702; baseline 0.02 -38"><span class='ocrx_word' id='word_1_197' title='bbox 1869 1626 1986 1666; x_wconf 90' lang='lat' dir='ltr'><strong>ram</strong></span> <span class='ocrx_word' id='word_1_198' title='bbox 2014 1628 2207 1676; x_wconf 87' lang='lat' dir='ltr'><strong>meam,</strong></span> <span class='ocrx_word' id='word_1_199' title='bbox 2245 1618 2369 1686; x_wconf 86' lang='lat' dir='ltr'><strong>quia</strong></span> <span class='ocrx_word' id='word_1_200' title='bbox 2389 1629 2447 1674; x_wconf 85' lang='lat' dir='ltr'><strong>et</strong></span> <span class='ocrx_word' id='word_1_201' title='bbox 2475 1621 2518 1675; x_wconf 91' lang='lat' dir='ltr'><strong>si</strong></span> <span class='ocrx_word' id='word_1_202' title='bbox 2549 1622 2678 1679; x_wconf 67' lang='lat' dir='ltr'><strong>lteva</strong></span> <span class='ocrx_word' id='word_1_203' title='bbox 2711 1634 2797 1681; x_wconf 88' lang='lat' dir='ltr'><strong>tua</strong></span> <span class='ocrx_word' id='word_1_204' title='bbox 2832 1631 2931 1686; x_wconf 87' lang='lat' dir='ltr'><strong>sub</strong></span> <span class='ocrx_word' id='word_1_205' title='bbox 2955 1633 3132 1702; x_wconf 85' lang='lat' dir='ltr'><strong>capite</strong></span> <span class='ocrx_word' id='word_1_206' title='bbox 3159 1651 3300 1702; x_wconf 83' lang='lat' dir='ltr'><strong>meo,</strong></span> <span class='ocrx_word' id='word_1_207' title='bbox 3325 1641 3456 1696; x_wconf 67' lang='lat' dir='ltr'><strong>Cox-</strong></span> 
     </span>
    </p>
   </div>
   <div class='ocr_carea' id='block_1_31' title="bbox 174 1690 3455 1787">
    <p class='ocr_par' dir='ltr' id='par_1_31' title="bbox 174 1690 3455 1787">
     <span class='ocr_line' id='line_1_31' title="bbox 174 1690 3455 1787; baseline 0.013 -44"><span class='ocrx_word' id='word_1_208' title='bbox 174 1690 465 1743; x_wconf 78' lang='lat' dir='ltr'><strong>conventui</strong></span> <span class='ocrx_word' id='word_1_209' title='bbox 495 1705 647 1744; x_wconf 87' lang='lat' dir='ltr'><strong>suam</strong></span> <span class='ocrx_word' id='word_1_210' title='bbox 676 1693 1021 1760; x_wconf 65' lang='lat' dir='ltr'><strong>praesentiam</strong></span> <span class='ocrx_word' id='word_1_211' title='bbox 1047 1695 1249 1752; x_wconf 89' lang='lat' dir='ltr'><strong>donare</strong></span> <span class='ocrx_word' id='word_1_212' title='bbox 1269 1697 1538 1768; x_wconf 87' lang='lat' dir='ltr'><strong>dignetur.</strong></span> <span class='ocrx_word' id='word_1_213' title='bbox 1579 1699 1762 1756; x_wconf 89' lang='lat' dir='ltr'><strong>Subli-</strong></span> <span class='ocrx_word' id='word_1_214' title='bbox 1796 1696 1841 1755; x_wconf 85' lang='lat' dir='ltr'><strong>B</strong></span> <span class='ocrx_word' id='word_1_215' title='bbox 1870 1709 1982 1756; x_wconf 89' lang='lat' dir='ltr'><strong>tera</strong></span> <span class='ocrx_word' id='word_1_216' title='bbox 2014 1711 2105 1758; x_wconf 90' lang='lat' dir='ltr'><strong>tua</strong></span> <span class='ocrx_word' id='word_1_217' title='bbox 2135 1704 2249 1774; x_wconf 89' lang='lat' dir='ltr'><strong>jam</strong></span> <span class='ocrx_word' id='word_1_218' title='bbox 2289 1712 2627 1780; x_wconf 82' lang='lat' dir='ltr'><strong>amplexatur</strong></span> <span class='ocrx_word' id='word_1_219' title='bbox 2673 1732 2780 1772; x_wconf 81' lang='lat' dir='ltr'><strong>me.</strong></span> <span class='ocrx_word' id='word_1_220' title='bbox 2831 1719 2899 1773; x_wconf 87' lang='lat' dir='ltr'><strong>Et</strong></span> <span class='ocrx_word' id='word_1_221' title='bbox 2945 1722 2998 1776; x_wconf 92' lang='lat' dir='ltr'><strong>in</strong></span> <span class='ocrx_word' id='word_1_222' title='bbox 3051 1726 3325 1785; x_wconf 83' lang='lat' dir='ltr'><strong>voluntate</strong></span> <span class='ocrx_word' id='word_1_223' title='bbox 3366 1741 3455 1787; x_wconf 85' lang='lat' dir='ltr'><strong>tua</strong></span> 
     </span>
    </p>
   </div>
   <div class='ocr_carea' id='block_1_32' title="bbox 175 1779 1763 1862">
    <p class='ocr_par' dir='ltr' id='par_1_32' title="bbox 175 1779 1763 1862">
     <span class='ocr_line' id='line_1_32' title="bbox 175 1779 1763 1862; baseline 0.011 -30"><span class='ocrx_word' id='word_1_224' title='bbox 175 1779 278 1834; x_wconf 87' lang='lat' dir='ltr'><strong>mis</strong></span> <span class='ocrx_word' id='word_1_225' title='bbox 304 1779 410 1834; x_wconf 85' lang='lat' dir='ltr'><strong>ista</strong></span> <span class='ocrx_word' id='word_1_226' title='bbox 443 1779 577 1844; x_wconf 90' lang='lat' dir='ltr'><strong>dies,</strong></span> <span class='ocrx_word' id='word_1_227' title='bbox 623 1791 680 1835; x_wconf 92' lang='lat' dir='ltr'><strong>et</strong></span> <span class='ocrx_word' id='word_1_228' title='bbox 727 1783 1088 1853; x_wconf 86' lang='lat' dir='ltr'><strong>splendidiore</strong></span> <span class='ocrx_word' id='word_1_229' title='bbox 1137 1788 1250 1844; x_wconf 91' lang='lat' dir='ltr'><strong>sole</strong></span> <span class='ocrx_word' id='word_1_230' title='bbox 1295 1790 1654 1862; x_wconf 86' lang='lat' dir='ltr'><strong>refulgurans,</strong></span> <span class='ocrx_word' id='word_1_231' title='bbox 1709 1795 1763 1850; x_wconf 88' lang='lat' dir='ltr'><strong>in</strong></span> 
     </span>
    </p>
   </div>
   <div class='ocr_carea' id='block_1_33' title="bbox 173 1871 1762 1951">
    <p class='ocr_par' dir='ltr' id='par_1_33' title="bbox 173 1871 1762 1951">
     <span class='ocr_line' id='line_1_33' title="bbox 173 1871 1762 1951; baseline 0.011 -29"><span class='ocrx_word' id='word_1_232' title='bbox 173 1884 277 1938; x_wconf 88' lang='lat' dir='ltr'><strong>qua</strong></span> <span class='ocrx_word' id='word_1_233' title='bbox 307 1871 474 1942; x_wconf 82' lang='lat' dir='ltr'><strong>Virgo</strong></span> <span class='ocrx_word' id='word_1_234' title='bbox 502 1873 697 1940; x_wconf 80' lang='lat' dir='ltr'><strong>regalis</strong></span> <span class='ocrx_word' id='word_1_235' title='bbox 731 1875 798 1928; x_wconf 88' lang='lat' dir='ltr'><strong>ad</strong></span> <span class='ocrx_word' id='word_1_236' title='bbox 833 1877 1086 1931; x_wconf 89' lang='lat' dir='ltr'><strong>thronum</strong></span> <span class='ocrx_word' id='word_1_237' title='bbox 1130 1877 1224 1933; x_wconf 88' lang='lat' dir='ltr'><strong>Dei</strong></span> <span class='ocrx_word' id='word_1_238' title='bbox 1271 1879 1448 1936; x_wconf 83' lang='lat' dir='ltr'><strong>Patris</strong></span> <span class='ocrx_word' id='word_1_239' title='bbox 1492 1885 1762 1951; x_wconf 86' lang='lat' dir='ltr'><strong>evehitur,</strong></span> 
     </span>
    </p>
   </div>
   <div class='ocr_carea' id='block_1_34' title="bbox 173 1960 1762 2038">
    <p class='ocr_par' dir='ltr' id='par_1_34' title="bbox 173 1960 1762 2038">
     <span class='ocr_line' id='line_1_34' title="bbox 173 1960 1762 2038; baseline 0.011 -25"><span class='ocrx_word' id='word_1_240' title='bbox 173 1969 222 2014; x_wconf 86' lang='lat' dir='ltr'><strong>et</strong></span> <span class='ocrx_word' id='word_1_241' title='bbox 255 1960 310 2013; x_wconf 92' lang='lat' dir='ltr'><strong>in</strong></span> <span class='ocrx_word' id='word_1_242' title='bbox 342 1960 514 2030; x_wconf 89' lang='lat' dir='ltr'><strong>ipsius</strong></span> <span class='ocrx_word' id='word_1_243' title='bbox 542 1961 822 2019; x_wconf 88' lang='lat' dir='ltr'><strong>Trinitatis</strong></span> <span class='ocrx_word' id='word_1_244' title='bbox 853 1966 980 2021; x_wconf 89' lang='lat' dir='ltr'><strong>sede</strong></span> <span class='ocrx_word' id='word_1_245' title='bbox 1012 1969 1270 2038; x_wconf 89' lang='lat' dir='ltr'><strong>reposita,</strong></span> <span class='ocrx_word' id='word_1_246' title='bbox 1302 1981 1551 2026; x_wconf 89' lang='lat' dir='ltr'><strong>naturam</strong></span> <span class='ocrx_word' id='word_1_247' title='bbox 1591 1976 1762 2030; x_wconf 82' lang='lat' dir='ltr'><strong>etiam</strong></span> 
     </span>
    </p>
   </div>
   <div class='ocr_carea' id='block_1_35' title="bbox 171 2049 1762 2132">
    <p class='ocr_par' dir='ltr' id='par_1_35' title="bbox 171 2049 1762 2132">
     <span class='ocr_line' id='line_1_35' title="bbox 171 2049 1762 2132; baseline 0.013 -30"><span class='ocrx_word' id='word_1_248' title='bbox 171 2049 471 2118; x_wconf 81' lang='lat' dir='ltr'><strong>angelicam</strong></span> <span class='ocrx_word' id='word_1_249' title='bbox 507 2051 761 2107; x_wconf 89' lang='lat' dir='ltr'><strong>sollicitat</strong></span> <span class='ocrx_word' id='word_1_250' title='bbox 795 2056 859 2109; x_wconf 92' lang='lat' dir='ltr'><strong>ad</strong></span> <span class='ocrx_word' id='word_1_251' title='bbox 889 2056 1199 2113; x_wconf 89' lang='lat' dir='ltr'><strong>videndum.</strong></span> <span class='ocrx_word' id='word_1_252' title='bbox 1233 2061 1364 2115; x_wconf 88' lang='lat' dir='ltr'><strong>Tota</strong></span> <span class='ocrx_word' id='word_1_253' title='bbox 1391 2066 1762 2132; x_wconf 86' lang='lat' dir='ltr'><strong>conglomera-</strong></span> 
     </span>
    </p>
   </div>
   <div class='ocr_carea' id='block_1_36' title="bbox 169 2143 1761 2225">
    <p class='ocr_par' dir='ltr' id='par_1_36' title="bbox 169 2143 1761 2225">
     <span class='ocr_line' id='line_1_36' title="bbox 169 2143 1761 2225; baseline 0.014 -32"><span class='ocrx_word' id='word_1_254' title='bbox 169 2153 257 2195; x_wconf 93' lang='lat' dir='ltr'><strong>tur</strong></span> <span class='ocrx_word' id='word_1_255' title='bbox 281 2143 596 2214; x_wconf 79' lang='lat' dir='ltr'><strong>angelorum</strong></span> <span class='ocrx_word' id='word_1_256' title='bbox 625 2143 952 2215; x_wconf 89' lang='lat' dir='ltr'><strong>frequentia,</strong></span> <span class='ocrx_word' id='word_1_257' title='bbox 982 2158 1042 2204; x_wconf 92' lang='lat' dir='ltr'><strong>ut</strong></span> <span class='ocrx_word' id='word_1_258' title='bbox 1068 2152 1248 2207; x_wconf 85' lang='lat' dir='ltr'><strong>videat</strong></span> <span class='ocrx_word' id='word_1_259' title='bbox 1288 2155 1529 2225; x_wconf 80' lang='lat' dir='ltr'><strong>reginam</strong></span> <span class='ocrx_word' id='word_1_260' title='bbox 1565 2161 1761 2214; x_wconf 89' lang='lat' dir='ltr'><strong>seden-</strong></span> 
     </span>
    </p>
   </div>
   <div class='ocr_carea' id='block_1_37' title="bbox 169 2234 1760 2308">
    <p class='ocr_par' dir='ltr' id='par_1_37' title="bbox 169 2234 1760 2308">
     <span class='ocr_line' id='line_1_37' title="bbox 169 2234 1760 2308; baseline 0.014 -25"><span class='ocrx_word' id='word_1_261' title='bbox 169 2241 274 2284; x_wconf 88' lang='lat' dir='ltr'><strong>tem</strong></span> <span class='ocrx_word' id='word_1_262' title='bbox 305 2246 338 2285; x_wconf 88' lang='lat' dir='ltr'><strong>a</strong></span> <span class='ocrx_word' id='word_1_263' title='bbox 368 2234 576 2289; x_wconf 80' lang='lat' dir='ltr'><strong>dextris</strong></span> <span class='ocrx_word' id='word_1_264' title='bbox 601 2235 809 2290; x_wconf 91' lang='lat' dir='ltr'><strong>Domini</strong></span> <span class='ocrx_word' id='word_1_265' title='bbox 840 2238 1123 2307; x_wconf 78' lang='lat' dir='ltr'><strong>virtutum,</strong></span> <span class='ocrx_word' id='word_1_266' title='bbox 1173 2243 1226 2298; x_wconf 92' lang='lat' dir='ltr'><strong>in</strong></span> <span class='ocrx_word' id='word_1_267' title='bbox 1270 2247 1466 2301; x_wconf 80' lang='lat' dir='ltr'><strong>vestitu</strong></span> <span class='ocrx_word' id='word_1_268' title='bbox 1499 2250 1760 2308; x_wconf 89' lang='lat' dir='ltr'><strong>deaurato</strong></span> 
     </span>
    </p>
   </div>
   <div class='ocr_carea' id='block_1_38' title="bbox 168 2319 1761 2406">
    <p class='ocr_par' dir='ltr' id='par_1_38' title="bbox 168 2319 1761 2406">
     <span class='ocr_line' id='line_1_38' title="bbox 168 2319 1761 2406; baseline 0.016 -33"><span class='ocrx_word' id='word_1_269' title='bbox 168 2319 340 2390; x_wconf 76' lang='lat' dir='ltr'><strong>(Psal.</strong></span> <span class='ocrx_word' id='word_1_270' title='bbox 391 2326 562 2394; x_wconf 86' lang='lat' dir='ltr'><strong>xuv),</strong></span> <span class='ocrx_word' id='word_1_271' title='bbox 610 2326 662 2380; x_wconf 91' lang='lat' dir='ltr'><strong>in</strong></span> <span class='ocrx_word' id='word_1_272' title='bbox 708 2343 936 2399; x_wconf 88' lang='lat' dir='ltr'><strong>corpore</strong></span> <span class='ocrx_word' id='word_1_273' title='bbox 979 2347 1195 2404; x_wconf 81' lang='lat' dir='ltr'><strong>semper</strong></span> <span class='ocrx_word' id='word_1_274' title='bbox 1237 2338 1608 2406; x_wconf 89' lang='lat' dir='ltr'><strong>immaculato,</strong></span> <span class='ocrx_word' id='word_1_275' title='bbox 1657 2344 1761 2398; x_wconf 79' lang='lat' dir='ltr'><strong>cir-</strong></span> 
     </span>
    </p>
   </div>
   <div class='ocr_carea' id='block_1_39' title="bbox 166 2413 1760 2497">
    <p class='ocr_par' dir='ltr' id='par_1_39' title="bbox 166 2413 1760 2497">
     <span class='ocr_line' id='line_1_39' title="bbox 166 2413 1760 2497; baseline 0.015 -32"><span class='ocrx_word' id='word_1_276' title='bbox 166 2413 473 2466; x_wconf 83' lang='lat' dir='ltr'><strong>cumdatam</strong></span> <span class='ocrx_word' id='word_1_277' title='bbox 512 2414 793 2483; x_wconf 84' lang='lat' dir='ltr'><strong>varietate,</strong></span> <span class='ocrx_word' id='word_1_278' title='bbox 842 2420 1101 2477; x_wconf 89' lang='lat' dir='ltr'><strong>virtutum</strong></span> <span class='ocrx_word' id='word_1_279' title='bbox 1137 2425 1536 2497; x_wconf 89' lang='lat' dir='ltr'><strong>multiplicitate</strong></span> <span class='ocrx_word' id='word_1_280' title='bbox 1574 2433 1760 2488; x_wconf 85' lang='lat' dir='ltr'><strong>distin-</strong></span> 
     </span>
    </p>
   </div>
   <div class='ocr_carea' id='block_1_40' title="bbox 163 2509 330 2556">
    <p class='ocr_par' dir='ltr' id='par_1_40' title="bbox 163 2509 330 2556">
     <span class='ocr_line' id='line_1_40' title="bbox 163 2509 330 2556; baseline 0 -1"><span class='ocrx_word' id='word_1_281' title='bbox 163 2509 330 2556; x_wconf 83' lang='lat' dir='ltr'><strong>ctam.</strong></span> 
     </span>
    </p>
   </div>
   <div class='ocr_carea' id='block_1_41' title="bbox 230 2591 1751 2670">
    <p class='ocr_par' dir='ltr' id='par_1_41' title="bbox 230 2591 1751 2670">
     <span class='ocr_line' id='line_1_41' title="bbox 230 2591 1751 2670; baseline 0.015 -25"><span class='ocrx_word' id='word_1_282' title='bbox 230 2591 360 2647; x_wconf 70' lang='lat' dir='ltr'><strong>llaec</strong></span> <span class='ocrx_word' id='word_1_283' title='bbox 383 2602 469 2648; x_wconf 88' lang='lat' dir='ltr'><strong>est</strong></span> <span class='ocrx_word' id='word_1_284' title='bbox 488 2594 580 2649; x_wconf 87' lang='lat' dir='ltr'><strong>illa</strong></span> <span class='ocrx_word' id='word_1_285' title='bbox 607 2597 721 2653; x_wconf 90' lang='lat' dir='ltr'><strong>dies</strong></span> <span class='ocrx_word' id='word_1_286' title='bbox 759 2615 878 2670; x_wconf 75' lang='lat' dir='ltr'><strong>qua:</strong></span> <span class='ocrx_word' id='word_1_287' title='bbox 899 2602 1158 2658; x_wconf 58' lang='lat' dir='ltr'><strong>caelorum</strong></span> <span class='ocrx_word' id='word_1_288' title='bbox 1182 2605 1423 2662; x_wconf 76' lang='lat' dir='ltr'><strong>officinas</strong></span> <span class='ocrx_word' id='word_1_289' title='bbox 1445 2610 1751 2668; x_wconf 89' lang='lat' dir='ltr'><strong>sublimiori</strong></span> 
     </span>
    </p>
   </div>
   <div class='ocr_carea' id='block_1_42' title="bbox 160 2681 1750 2769">
    <p class='ocr_par' dir='ltr' id='par_1_42' title="bbox 160 2681 1750 2769">
     <span class='ocr_line' id='line_1_42' title="bbox 160 2681 1750 2769; baseline 0.016 -36"><span class='ocrx_word' id='word_1_290' title='bbox 160 2681 360 2752; x_wconf 74' lang='lat' dir='ltr'><strong>gaudio</strong></span> <span class='ocrx_word' id='word_1_291' title='bbox 383 2685 700 2753; x_wconf 89' lang='lat' dir='ltr'><strong>cumulavit,</strong></span> <span class='ocrx_word' id='word_1_292' title='bbox 733 2705 913 2745; x_wconf 90' lang='lat' dir='ltr'><strong>annua</strong></span> <span class='ocrx_word' id='word_1_293' title='bbox 953 2693 1173 2759; x_wconf 86' lang='lat' dir='ltr'><strong>mundo,</strong></span> <span class='ocrx_word' id='word_1_294' title='bbox 1217 2698 1424 2768; x_wconf 72' lang='lat' dir='ltr'><strong>angelis</strong></span> <span class='ocrx_word' id='word_1_295' title='bbox 1473 2703 1750 2769; x_wconf 88' lang='lat' dir='ltr'><strong>continua,</strong></span> 
     </span>
    </p>
   </div>
   <div class='ocr_carea' id='block_1_43' title="bbox 160 2774 1752 2857">
    <p class='ocr_par' dir='ltr' id='par_1_43' title="bbox 160 2774 1752 2857">
     <span class='ocr_line' id='line_1_43' title="bbox 160 2774 1752 2857; baseline 0.015 -31"><span class='ocrx_word' id='word_1_296' title='bbox 160 2774 484 2831; x_wconf 80' lang='lat' dir='ltr'><strong>continuans</strong></span> <span class='ocrx_word' id='word_1_297' title='bbox 531 2779 777 2836; x_wconf 87' lang='lat' dir='ltr'><strong>homines</strong></span> <span class='ocrx_word' id='word_1_298' title='bbox 818 2784 1040 2854; x_wconf 89' lang='lat' dir='ltr'><strong>angelis,</strong></span> <span class='ocrx_word' id='word_1_299' title='bbox 1083 2795 1136 2840; x_wconf 92' lang='lat' dir='ltr'><strong>et</strong></span> <span class='ocrx_word' id='word_1_300' title='bbox 1176 2790 1396 2857; x_wconf 88' lang='lat' dir='ltr'><strong>angelos</strong></span> <span class='ocrx_word' id='word_1_301' title='bbox 1443 2793 1752 2851; x_wconf 84' lang='lat' dir='ltr'><strong>hominibus</strong></span> 
     </span>
    </p>
   </div>
   <div class='ocr_carea' id='block_1_44' title="bbox 160 2864 1750 2946">
    <p class='ocr_par' dir='ltr' id='par_1_44' title="bbox 160 2864 1750 2946">
     <span class='ocr_line' id='line_1_44' title="bbox 160 2864 1750 2946; baseline 0.015 -28"><span class='ocrx_word' id='word_1_302' title='bbox 160 2864 303 2920; x_wconf 77' lang='lat' dir='ltr'><strong>felici</strong></span> <span class='ocrx_word' id='word_1_303' title='bbox 341 2866 702 2926; x_wconf 72' lang='lat' dir='ltr'><strong>fmderatione</strong></span> <span class='ocrx_word' id='word_1_304' title='bbox 744 2874 1104 2946; x_wconf 65' lang='lat' dir='ltr'><strong>coniungens.</strong></span> <span class='ocrx_word' id='word_1_305' title='bbox 1161 2878 1378 2936; x_wconf 82' lang='lat' dir='ltr'><strong>Intuere</strong></span> <span class='ocrx_word' id='word_1_306' title='bbox 1422 2886 1750 2944; x_wconf 88' lang='lat' dir='ltr'><strong>mentalibus</strong></span> 
     </span>
    </p>
   </div>
   <div class='ocr_carea' id='block_1_45' title="bbox 157 2958 1744 3047">
    <p class='ocr_par' dir='ltr' id='par_1_45' title="bbox 157 2958 1744 3047">
     <span class='ocr_line' id='line_1_45' title="bbox 157 2958 1744 3047; baseline 0.016 -37"><span class='ocrx_word' id='word_1_307' title='bbox 157 2958 326 3012; x_wconf 85' lang='lat' dir='ltr'><strong>oculis</strong></span> <span class='ocrx_word' id='word_1_308' title='bbox 364 2959 563 3014; x_wconf 83' lang='lat' dir='ltr'><strong>Filium</strong></span> <span class='ocrx_word' id='word_1_309' title='bbox 600 2966 1008 3031; x_wconf 85' lang='lat' dir='ltr'><strong>ascendentem,</strong></span> <span class='ocrx_word' id='word_1_310' title='bbox 1040 2978 1095 3023; x_wconf 86' lang='lat' dir='ltr'><strong>et</strong></span> <span class='ocrx_word' id='word_1_311' title='bbox 1122 2968 1350 3026; x_wconf 84' lang='lat' dir='ltr'><strong>Matrem</strong></span> <span class='ocrx_word' id='word_1_312' title='bbox 1389 2988 1744 3047; x_wconf 86' lang='lat' dir='ltr'><strong>assumptam,</strong></span> 
     </span>
    </p>
   </div>
   <div class='ocr_carea' id='block_1_46' title="bbox 156 3048 1818 3126">
    <p class='ocr_par' dir='ltr' id='par_1_46' title="bbox 156 3048 1818 3126">
     <span class='ocr_line' id='line_1_46' title="bbox 156 3048 1818 3126; baseline 0.017 -27"><span class='ocrx_word' id='word_1_313' title='bbox 156 3055 206 3100; x_wconf 92' lang='lat' dir='ltr'><strong>ct</strong></span> <span class='ocrx_word' id='word_1_314' title='bbox 246 3048 458 3103; x_wconf 84' lang='lat' dir='ltr'><strong>videbis</strong></span> <span class='ocrx_word' id='word_1_315' title='bbox 503 3050 706 3123; x_wconf 84' lang='lat' dir='ltr'><strong>aliquid</strong></span> <span class='ocrx_word' id='word_1_316' title='bbox 745 3058 1100 3115; x_wconf 78' lang='lat' dir='ltr'><strong>excellentius</strong></span> <span class='ocrx_word' id='word_1_317' title='bbox 1143 3061 1196 3115; x_wconf 93' lang='lat' dir='ltr'><strong>in</strong></span> <span class='ocrx_word' id='word_1_318' title='bbox 1245 3064 1579 3124; x_wconf 83' lang='lat' dir='ltr'><strong>Ascensione</strong></span> <span class='ocrx_word' id='word_1_319' title='bbox 1625 3071 1744 3126; x_wconf 84' lang='lat' dir='ltr'><strong>Filii</strong></span> <span class='ocrx_word' id='word_1_320' title='bbox 1776 3053 1818 3112; x_wconf 70' lang='grc' dir='ltr'>Ο</span> 
     </span>
    </p>
   </div>
   <div class='ocr_carea' id='block_1_47' title="bbox 154 3137 1750 3225">
    <p class='ocr_par' dir='ltr' id='par_1_47' title="bbox 154 3137 1750 3225">
     <span class='ocr_line' id='line_1_47' title="bbox 154 3137 1750 3225; baseline 0.016 -35"><span class='ocrx_word' id='word_1_321' title='bbox 154 3137 419 3204; x_wconf 77' lang='lat' dir='ltr'><strong>exhiberi,</strong></span> <span class='ocrx_word' id='word_1_322' title='bbox 449 3150 510 3196; x_wconf 88' lang='lat' dir='ltr'><strong>ct</strong></span> <span class='ocrx_word' id='word_1_323' title='bbox 541 3144 745 3214; x_wconf 89' lang='lat' dir='ltr'><strong>aliquid</strong></span> <span class='ocrx_word' id='word_1_324' title='bbox 780 3147 1068 3218; x_wconf 86' lang='lat' dir='ltr'><strong>gloriosius</strong></span> <span class='ocrx_word' id='word_1_325' title='bbox 1106 3153 1158 3206; x_wconf 89' lang='lat' dir='ltr'><strong>in</strong></span> <span class='ocrx_word' id='word_1_326' title='bbox 1196 3152 1578 3225; x_wconf 85' lang='lat' dir='ltr'><strong>Assumptione</strong></span> <span class='ocrx_word' id='word_1_327' title='bbox 1627 3160 1750 3215; x_wconf 86' lang='lat' dir='ltr'><strong>Vir-</strong></span> 
     </span>
    </p>
   </div>
   <div class='ocr_carea' id='block_1_48' title="bbox 151 3227 1744 3305">
    <p class='ocr_par' dir='ltr' id='par_1_48' title="bbox 151 3227 1744 3305">
     <span class='ocr_line' id='line_1_48' title="bbox 151 3227 1744 3305; baseline 0.017 -26"><span class='ocrx_word' id='word_1_328' title='bbox 151 3227 292 3298; x_wconf 82' lang='lat' dir='ltr'><strong>ginis</strong></span> <span class='ocrx_word' id='word_1_329' title='bbox 336 3230 718 3288; x_wconf 90' lang='lat' dir='ltr'><strong>demonstrari.</strong></span> <span class='ocrx_word' id='word_1_330' title='bbox 762 3236 1024 3295; x_wconf 86' lang='lat' dir='ltr'><strong>Ascendit</strong></span> <span class='ocrx_word' id='word_1_331' title='bbox 1053 3242 1198 3296; x_wconf 86' lang='lat' dir='ltr'><strong>enim</strong></span> <span class='ocrx_word' id='word_1_332' title='bbox 1237 3244 1487 3301; x_wconf 82' lang='lat' dir='ltr'><strong>Salvator</strong></span> <span class='ocrx_word' id='word_1_333' title='bbox 1532 3250 1585 3303; x_wconf 86' lang='lat' dir='ltr'><strong>in</strong></span> <span class='ocrx_word' id='word_1_334' title='bbox 1634 3265 1744 3305; x_wconf 82' lang='lat' dir='ltr'><strong>cae-</strong></span> 
     </span>
    </p>
   </div>
   <div class='ocr_carea' id='block_1_49' title="bbox 148 3316 1744 3406">
    <p class='ocr_par' dir='ltr' id='par_1_49' title="bbox 148 3316 1744 3406">
     <span class='ocr_line' id='line_1_49' title="bbox 148 3316 1744 3406; baseline 0.018 -35"><span class='ocrx_word' id='word_1_335' title='bbox 148 3316 256 3372; x_wconf 89' lang='lat' dir='ltr'><strong>lum</strong></span> <span class='ocrx_word' id='word_1_336' title='bbox 282 3325 626 3391; x_wconf 74' lang='lat' dir='ltr'><strong>potestativzc</strong></span> <span class='ocrx_word' id='word_1_337' title='bbox 655 3327 873 3384; x_wconf 91' lang='lat' dir='ltr'><strong>virtutis</strong></span> <span class='ocrx_word' id='word_1_338' title='bbox 906 3330 1154 3402; x_wconf 88' lang='lat' dir='ltr'><strong>imperio,</strong></span> <span class='ocrx_word' id='word_1_339' title='bbox 1187 3337 1327 3392; x_wconf 82' lang='lat' dir='ltr'><strong>sicut</strong></span> <span class='ocrx_word' id='word_1_340' title='bbox 1363 3340 1642 3406; x_wconf 85' lang='lat' dir='ltr'><strong>Dominus,</strong></span> <span class='ocrx_word' id='word_1_341' title='bbox 1688 3353 1744 3398; x_wconf 86' lang='lat' dir='ltr'><strong>et</strong></span> 
     </span>
    </p>
   </div>
   <div class='ocr_carea' id='block_1_50' title="bbox 148 3409 1741 3496">
    <p class='ocr_par' dir='ltr' id='par_1_50' title="bbox 148 3409 1741 3496">
     <span class='ocr_line' id='line_1_50' title="bbox 148 3409 1741 3496; baseline 0.016 -34"><span class='ocrx_word' id='word_1_342' title='bbox 148 3409 394 3476; x_wconf 86' lang='lat' dir='ltr'><strong>Creator,</strong></span> <span class='ocrx_word' id='word_1_343' title='bbox 435 3415 748 3485; x_wconf 83' lang='lat' dir='ltr'><strong>angelorum</strong></span> <span class='ocrx_word' id='word_1_344' title='bbox 769 3420 1058 3477; x_wconf 86' lang='lat' dir='ltr'><strong>comitatus</strong></span> <span class='ocrx_word' id='word_1_345' title='bbox 1086 3425 1368 3496; x_wconf 87' lang='lat' dir='ltr'><strong>obsequio,</strong></span> <span class='ocrx_word' id='word_1_346' title='bbox 1402 3446 1508 3484; x_wconf 84' lang='lat' dir='ltr'><strong>non</strong></span> <span class='ocrx_word' id='word_1_347' title='bbox 1541 3435 1741 3488; x_wconf 68' lang='lat' dir='ltr'><strong>auxilio</strong></span> 
     </span>
    </p>
   </div>
   <div class='ocr_carea' id='block_1_51' title="bbox 146 3500 1738 3597">
    <p class='ocr_par' dir='ltr' id='par_1_51' title="bbox 146 3500 1738 3597">
     <span class='ocr_line' id='line_1_51' title="bbox 146 3500 1738 3597; baseline 0.018 -44"><span class='ocrx_word' id='word_1_348' title='bbox 146 3500 330 3558; x_wconf 90' lang='lat' dir='ltr'><strong>fultus.</strong></span> <span class='ocrx_word' id='word_1_349' title='bbox 367 3505 659 3577; x_wconf 83' lang='lat' dir='ltr'><strong>Assutnpta</strong></span> <span class='ocrx_word' id='word_1_350' title='bbox 700 3520 779 3565; x_wconf 89' lang='lat' dir='ltr'><strong>est</strong></span> <span class='ocrx_word' id='word_1_351' title='bbox 811 3513 978 3569; x_wconf 77' lang='lat' dir='ltr'><strong>Maria</strong></span> <span class='ocrx_word' id='word_1_352' title='bbox 1029 3517 1084 3570; x_wconf 92' lang='lat' dir='ltr'><strong>in</strong></span> <span class='ocrx_word' id='word_1_353' title='bbox 1139 3520 1357 3587; x_wconf 68' lang='lat' dir='ltr'><strong>emtum,</strong></span> <span class='ocrx_word' id='word_1_354' title='bbox 1407 3525 1501 3578; x_wconf 89' lang='lat' dir='ltr'><strong>sed</strong></span> <span class='ocrx_word' id='word_1_355' title='bbox 1551 3529 1738 3597; x_wconf 70' lang='lat' dir='ltr'><strong>gratia:</strong></span> 
     </span>
    </p>
   </div>
   <div class='ocr_carea' id='block_1_52' title="bbox 144 3595 1736 3673">
    <p class='ocr_par' dir='ltr' id='par_1_52' title="bbox 144 3595 1736 3673">
     <span class='ocr_line' id='line_1_52' title="bbox 144 3595 1736 3673; baseline 0.017 -27"><span class='ocrx_word' id='word_1_356' title='bbox 144 3595 483 3653; x_wconf 86' lang='lat' dir='ltr'><strong>sublevantis</strong></span> <span class='ocrx_word' id='word_1_357' title='bbox 531 3599 770 3668; x_wconf 85' lang='lat' dir='ltr'><strong>judicio,</strong></span> <span class='ocrx_word' id='word_1_358' title='bbox 816 3607 1204 3665; x_wconf 85' lang='lat' dir='ltr'><strong>comitantibus</strong></span> <span class='ocrx_word' id='word_1_359' title='bbox 1243 3621 1300 3666; x_wconf 92' lang='lat' dir='ltr'><strong>et</strong></span> <span class='ocrx_word' id='word_1_360' title='bbox 1354 3595 1736 3673; x_wconf 78' lang='lat' dir='ltr'><strong>auxiliantibus</strong></span> 
     </span>
    </p>
   </div>
   <div class='ocr_carea' id='block_1_53' title="bbox 143 3685 1736 3768">
    <p class='ocr_par' dir='ltr' id='par_1_53' title="bbox 143 3685 1736 3768">
     <span class='ocr_line' id='line_1_53' title="bbox 143 3685 1736 3768; baseline 0.018 -32"><span class='ocrx_word' id='word_1_361' title='bbox 143 3685 370 3755; x_wconf 81' lang='lat' dir='ltr'><strong>angelis,</strong></span> <span class='ocrx_word' id='word_1_362' title='bbox 403 3703 566 3757; x_wconf 90' lang='lat' dir='ltr'><strong>quam</strong></span> <span class='ocrx_word' id='word_1_363' title='bbox 606 3692 920 3749; x_wconf 87' lang='lat' dir='ltr'><strong>sublevabat</strong></span> <span class='ocrx_word' id='word_1_364' title='bbox 953 3700 1147 3768; x_wconf 86' lang='lat' dir='ltr'><strong>gratia,</strong></span> <span class='ocrx_word' id='word_1_365' title='bbox 1196 3718 1298 3757; x_wconf 91' lang='lat' dir='ltr'><strong>non</strong></span> <span class='ocrx_word' id='word_1_366' title='bbox 1347 3714 1558 3760; x_wconf 88' lang='lat' dir='ltr'><strong>natura.</strong></span> <span class='ocrx_word' id='word_1_367' title='bbox 1611 3709 1736 3764; x_wconf 83' lang='lat' dir='ltr'><strong>Ideo</strong></span> 
     </span>
    </p>
   </div>
   <div class='ocr_carea' id='block_1_54' title="bbox 141 3771 1730 3862">
    <p class='ocr_par' dir='ltr' id='par_1_54' title="bbox 141 3771 1730 3862">
     <span class='ocr_line' id='line_1_54' title="bbox 141 3771 1730 3862; baseline 0.018 -37"><span class='ocrx_word' id='word_1_368' title='bbox 141 3771 255 3827; x_wconf 86' lang='lat' dir='ltr'><strong>dies</strong></span> <span class='ocrx_word' id='word_1_369' title='bbox 313 3776 432 3830; x_wconf 57' lang='lat' dir='ltr'><strong>haec</strong></span> <span class='ocrx_word' id='word_1_370' title='bbox 475 3778 806 3850; x_wconf 82' lang='lat' dir='ltr'><strong>Assumptio,</strong></span> <span class='ocrx_word' id='word_1_371' title='bbox 854 3784 1117 3844; x_wconf 76' lang='lat' dir='ltr'><strong>Ascensio</strong></span> <span class='ocrx_word' id='word_1_372' title='bbox 1169 3791 1256 3845; x_wconf 89' lang='lat' dir='ltr'><strong>illa</strong></span> <span class='ocrx_word' id='word_1_373' title='bbox 1305 3805 1556 3862; x_wconf 83' lang='lat' dir='ltr'><strong>vocatur;</strong></span> <span class='ocrx_word' id='word_1_374' title='bbox 1608 3813 1730 3853; x_wconf 88' lang='lat' dir='ltr'><strong>cum</strong></span> 
     </span>
    </p>
   </div>
   <div class='ocr_carea' id='block_1_55' title="bbox 139 3860 1728 3957">
    <p class='ocr_par' dir='ltr' id='par_1_55' title="bbox 139 3860 1728 3957">
     <span class='ocr_line' id='line_1_55' title="bbox 139 3860 1728 3957; baseline 0.021 -46"><span class='ocrx_word' id='word_1_375' title='bbox 139 3860 282 3916; x_wconf 83' lang='lat' dir='ltr'><strong>aliud</strong></span> <span class='ocrx_word' id='word_1_376' title='bbox 308 3864 380 3917; x_wconf 87' lang='lat' dir='ltr'><strong>sit</strong></span> <span class='ocrx_word' id='word_1_377' title='bbox 403 3869 666 3935; x_wconf 85' lang='lat' dir='ltr'><strong>potentia,</strong></span> <span class='ocrx_word' id='word_1_378' title='bbox 698 3871 840 3925; x_wconf 77' lang='lat' dir='ltr'><strong>aliud</strong></span> <span class='ocrx_word' id='word_1_379' title='bbox 875 3876 1267 3942; x_wconf 82' lang='lat' dir='ltr'><strong>misericordia.</strong></span> <span class='ocrx_word' id='word_1_380' title='bbox 1310 3885 1592 3957; x_wconf 86' lang='lat' dir='ltr'><strong>solumque</strong></span> <span class='ocrx_word' id='word_1_381' title='bbox 1630 3891 1728 3944; x_wconf 87' lang='lat' dir='ltr'><strong>soli</strong></span> 
     </span>
    </p>
   </div>
   <div class='ocr_carea' id='block_1_56' title="bbox 137 3952 1732 4053">
    <p class='ocr_par' dir='ltr' id='par_1_56' title="bbox 137 3952 1732 4053">
     <span class='ocr_line' id='line_1_56' title="bbox 137 3952 1732 4053; baseline 0.021 -49"><span class='ocrx_word' id='word_1_382' title='bbox 137 3952 203 4006; x_wconf 87' lang='lat' dir='ltr'><strong>sit</strong></span> <span class='ocrx_word' id='word_1_383' title='bbox 237 3955 579 4029; x_wconf 84' lang='lat' dir='ltr'><strong>privilegium</strong></span> <span class='ocrx_word' id='word_1_384' title='bbox 609 3960 850 4019; x_wconf 78' lang='lat' dir='ltr'><strong>Creatori</strong></span> <span class='ocrx_word' id='word_1_385' title='bbox 889 3978 1136 4024; x_wconf 88' lang='lat' dir='ltr'><strong>naturam</strong></span> <span class='ocrx_word' id='word_1_386' title='bbox 1169 3989 1347 4030; x_wconf 89' lang='lat' dir='ltr'><strong>rerum</strong></span> <span class='ocrx_word' id='word_1_387' title='bbox 1387 3983 1602 4049; x_wconf 85' lang='lat' dir='ltr'><strong>prOpria</strong></span> <span class='ocrx_word' id='word_1_388' title='bbox 1633 3998 1732 4053; x_wconf 84' lang='lat' dir='ltr'><strong>po-</strong></span> 
     </span>
    </p>
   </div>
   <div class='ocr_carea' id='block_1_57' title="bbox 139 4051 1728 4143">
    <p class='ocr_par' dir='ltr' id='par_1_57' title="bbox 139 4051 1728 4143">
     <span class='ocr_line' id='line_1_57' title="bbox 139 4051 1728 4143; baseline 0.021 -47"><span class='ocrx_word' id='word_1_389' title='bbox 139 4051 328 4100; x_wconf 68' lang='lat' dir='ltr'><strong>testate</strong></span> <span class='ocrx_word' id='word_1_390' title='bbox 356 4052 696 4122; x_wconf 85' lang='lat' dir='ltr'><strong>supergredi.</strong></span> <span class='ocrx_word' id='word_1_391' title='bbox 736 4053 849 4110; x_wconf 84' lang='lat' dir='ltr'><strong>Hoc</strong></span> <span class='ocrx_word' id='word_1_392' title='bbox 890 4067 972 4112; x_wconf 88' lang='lat' dir='ltr'><strong>est</strong></span> <span class='ocrx_word' id='word_1_393' title='bbox 1006 4060 1134 4116; x_wconf 89' lang='lat' dir='ltr'><strong>illud</strong></span> <span class='ocrx_word' id='word_1_394' title='bbox 1172 4066 1550 4135; x_wconf 81' lang='lat' dir='ltr'><strong>excellentius,</strong></span> <span class='ocrx_word' id='word_1_395' title='bbox 1587 4051 1728 4143; x_wconf 87' lang='lat' dir='ltr'><strong>quod</strong></span> 
     </span>
    </p>
   </div>
   <div class='ocr_carea' id='block_1_58' title="bbox 134 4139 1725 4225">
    <p class='ocr_par' dir='ltr' id='par_1_58' title="bbox 134 4139 1725 4225">
     <span class='ocr_line' id='line_1_58' title="bbox 134 4139 1725 4225; baseline 0.02 -35"><span class='ocrx_word' id='word_1_396' title='bbox 134 4139 232 4192; x_wconf 86' lang='lat' dir='ltr'><strong>sibi</strong></span> <span class='ocrx_word' id='word_1_397' title='bbox 286 4141 527 4198; x_wconf 89' lang='lat' dir='ltr'><strong>vindicat</strong></span> <span class='ocrx_word' id='word_1_398' title='bbox 567 4160 732 4216; x_wconf 90' lang='lat' dir='ltr'><strong>super</strong></span> <span class='ocrx_word' id='word_1_399' title='bbox 772 4159 1078 4208; x_wconf 89' lang='lat' dir='ltr'><strong>creaturam</strong></span> <span class='ocrx_word' id='word_1_400' title='bbox 1124 4155 1382 4225; x_wconf 89' lang='lat' dir='ltr'><strong>Creator,</strong></span> <span class='ocrx_word' id='word_1_401' title='bbox 1429 4163 1519 4219; x_wconf 91' lang='lat' dir='ltr'><strong>ubi</strong></span> <span class='ocrx_word' id='word_1_402' title='bbox 1562 4169 1725 4222; x_wconf 88' lang='lat' dir='ltr'><strong>etiam</strong></span> 
     </span>
    </p>
   </div>
   <div class='ocr_carea' id='block_1_59' title="bbox 135 4231 1724 4328">
    <p class='ocr_par' dir='ltr' id='par_1_59' title="bbox 135 4231 1724 4328">
     <span class='ocr_line' id='line_1_59' title="bbox 135 4231 1724 4328; baseline 0.023 -49"><span class='ocrx_word' id='word_1_403' title='bbox 135 4231 578 4298; x_wconf 85' lang='lat' dir='ltr'><strong>superabundans</strong></span> <span class='ocrx_word' id='word_1_404' title='bbox 601 4245 660 4290; x_wconf 86' lang='lat' dir='ltr'><strong>et</strong></span> <span class='ocrx_word' id='word_1_405' title='bbox 702 4239 993 4309; x_wconf 87' lang='lat' dir='ltr'><strong>singularis</strong></span> <span class='ocrx_word' id='word_1_406' title='bbox 1021 4247 1191 4316; x_wconf 89' lang='lat' dir='ltr'><strong>gratia</strong></span> <span class='ocrx_word' id='word_1_407' title='bbox 1214 4264 1319 4305; x_wconf 91' lang='lat' dir='ltr'><strong>non</strong></span> <span class='ocrx_word' id='word_1_408' title='bbox 1357 4253 1554 4310; x_wconf 86' lang='lat' dir='ltr'><strong>audeat</strong></span> <span class='ocrx_word' id='word_1_409' title='bbox 1580 4260 1724 4328; x_wconf 79' lang='lat' dir='ltr'><strong>aspi-</strong></span> 
     </span>
    </p>
   </div>
   <div class='ocr_carea' id='block_1_60' title="bbox 135 4334 270 4376">
    <p class='ocr_par' dir='ltr' id='par_1_60' title="bbox 135 4334 270 4376">
     <span class='ocr_line' id='line_1_60' title="bbox 135 4334 270 4376; baseline 0 -4"><span class='ocrx_word' id='word_1_410' title='bbox 135 4334 270 4376; x_wconf 84' lang='lat' dir='ltr'><strong>rare.</strong></span> 
     </span>
    </p>
   </div>
   <div class='ocr_carea' id='block_1_61' title="bbox 195 4412 1804 4510">
    <p class='ocr_par' dir='ltr' id='par_1_61' title="bbox 195 4412 1804 4510">
     <span class='ocr_line' id='line_1_61' title="bbox 195 4412 1804 4510; baseline 0.018 -42"><span class='ocrx_word' id='word_1_411' title='bbox 195 4412 304 4470; x_wconf 87' lang='lat' dir='ltr'><strong>Sed</strong></span> <span class='ocrx_word' id='word_1_412' title='bbox 347 4417 394 4472; x_wconf 89' lang='lat' dir='ltr'><strong>si</strong></span> <span class='ocrx_word' id='word_1_413' title='bbox 437 4419 726 4492; x_wconf 85' lang='lat' dir='ltr'><strong>diligenter</strong></span> <span class='ocrx_word' id='word_1_414' title='bbox 757 4429 1099 4487; x_wconf 89' lang='lat' dir='ltr'><strong>attendamus</strong></span> <span class='ocrx_word' id='word_1_415' title='bbox 1147 4433 1532 4494; x_wconf 81' lang='lat' dir='ltr'><strong>Ascensionem</strong></span> <span class='ocrx_word' id='word_1_416' title='bbox 1575 4442 1716 4510; x_wconf 86' lang='lat' dir='ltr'><strong>Filii,</strong></span> <span class='ocrx_word' id='word_1_417' title='bbox 1752 4416 1804 4475; x_wconf 79' lang='lat' dir='ltr'><strong>D</strong></span> 
     </span>
    </p>
   </div>
   <div class='ocr_carea' id='block_1_62' title="bbox 130 4505 1718 4598">
    <p class='ocr_par' dir='ltr' id='par_1_62' title="bbox 130 4505 1718 4598">
     <span class='ocr_line' id='line_1_62' title="bbox 130 4505 1718 4598; baseline 0.021 -41"><span class='ocrx_word' id='word_1_418' title='bbox 130 4513 181 4558; x_wconf 87' lang='lat' dir='ltr'><strong>et</strong></span> <span class='ocrx_word' id='word_1_419' title='bbox 222 4505 410 4563; x_wconf 74' lang='lat' dir='ltr'><strong>Matris</strong></span> <span class='ocrx_word' id='word_1_420' title='bbox 450 4511 913 4584; x_wconf 84' lang='lat' dir='ltr'><strong>Assumptionem,</strong></span> <span class='ocrx_word' id='word_1_421' title='bbox 969 4521 1310 4582; x_wconf 88' lang='lat' dir='ltr'><strong>inveniemus</strong></span> <span class='ocrx_word' id='word_1_422' title='bbox 1348 4531 1591 4598; x_wconf 76' lang='lat' dir='ltr'><strong>profecto</strong></span> <span class='ocrx_word' id='word_1_423' title='bbox 1621 4536 1718 4590; x_wconf 88' lang='lat' dir='ltr'><strong>ali-</strong></span> 
     </span>
    </p>
   </div>
   <div class='ocr_carea' id='block_1_63' title="bbox 131 4597 1713 4684">
    <p class='ocr_par' dir='ltr' id='par_1_63' title="bbox 131 4597 1713 4684">
     <span class='ocr_line' id='line_1_63' title="bbox 131 4597 1713 4684; baseline 0.023 -37"><span class='ocrx_word' id='word_1_424' title='bbox 131 4597 250 4662; x_wconf 84' lang='lat' dir='ltr'><strong>quid</strong></span> <span class='ocrx_word' id='word_1_425' title='bbox 295 4603 442 4669; x_wconf 87' lang='lat' dir='ltr'><strong>quod</strong></span> <span class='ocrx_word' id='word_1_426' title='bbox 489 4619 588 4659; x_wconf 86' lang='lat' dir='ltr'><strong>nos</strong></span> <span class='ocrx_word' id='word_1_427' title='bbox 633 4607 906 4666; x_wconf 84' lang='lat' dir='ltr'><strong>invenisse</strong></span> <span class='ocrx_word' id='word_1_428' title='bbox 953 4597 1356 4684; x_wconf 65' lang='lat' dir='ltr'><strong>gaudebimus.</strong></span> <span class='ocrx_word' id='word_1_429' title='bbox 1385 4622 1713 4683; x_wconf 83' lang='lat' dir='ltr'><strong>Ascendenti</strong></span> 
     </span>
    </p>
   </div>
   <div class='ocr_carea' id='block_1_64' title="bbox 128 4686 1710 4772">
    <p class='ocr_par' dir='ltr' id='par_1_64' title="bbox 128 4686 1710 4772">
     <span class='ocr_line' id='line_1_64' title="bbox 128 4686 1710 4772; baseline 0.024 -38"><span class='ocrx_word' id='word_1_430' title='bbox 128 4686 316 4756; x_wconf 88' lang='lat' dir='ltr'><strong>quippe</strong></span> <span class='ocrx_word' id='word_1_431' title='bbox 333 4690 561 4748; x_wconf 91' lang='lat' dir='ltr'><strong>Domino</strong></span> <span class='ocrx_word' id='word_1_432' title='bbox 577 4710 796 4764; x_wconf 89' lang='lat' dir='ltr'><strong>egressa</strong></span> <span class='ocrx_word' id='word_1_433' title='bbox 809 4710 893 4754; x_wconf 89' lang='lat' dir='ltr'><strong>est</strong></span> <span class='ocrx_word' id='word_1_434' title='bbox 912 4702 1122 4758; x_wconf 85' lang='lat' dir='ltr'><strong>obviam</strong></span> <span class='ocrx_word' id='word_1_435' title='bbox 1139 4709 1314 4764; x_wconf 89' lang='lat' dir='ltr'><strong>omnis</strong></span> <span class='ocrx_word' id='word_1_436' title='bbox 1331 4710 1418 4765; x_wconf 89' lang='lat' dir='ltr'><strong>illa</strong></span> <span class='ocrx_word' id='word_1_437' title='bbox 1433 4712 1710 4772; x_wconf 89' lang='lat' dir='ltr'><strong>beatorum</strong></span> 
     </span>
    </p>
   </div>
   <div class='ocr_carea' id='block_1_65' title="bbox 127 4779 1710 4879">
    <p class='ocr_par' dir='ltr' id='par_1_65' title="bbox 127 4779 1710 4879">
     <span class='ocr_line' id='line_1_65' title="bbox 127 4779 1710 4879; baseline 0.025 -52"><span class='ocrx_word' id='word_1_438' title='bbox 127 4779 402 4844; x_wconf 78' lang='lat' dir='ltr'><strong>spirituum</strong></span> <span class='ocrx_word' id='word_1_439' title='bbox 427 4785 662 4854; x_wconf 90' lang='lat' dir='ltr'><strong>gloriosa</strong></span> <span class='ocrx_word' id='word_1_440' title='bbox 689 4791 920 4848; x_wconf 90' lang='lat' dir='ltr'><strong>societas</strong></span> <span class='ocrx_word' id='word_1_441' title='bbox 937 4835 950 4860; x_wconf 91' lang='lat'><strong>,</strong></span> <span class='ocrx_word' id='word_1_442' title='bbox 978 4798 1192 4864; x_wconf 87' lang='lat' dir='ltr'><strong>quando</strong></span> <span class='ocrx_word' id='word_1_443' title='bbox 1218 4812 1424 4858; x_wconf 74' lang='lat' dir='ltr'><strong>natura:</strong></span> <span class='ocrx_word' id='word_1_444' title='bbox 1445 4811 1710 4879; x_wconf 84' lang='lat' dir='ltr'><strong>superiori</strong></span> 
     </span>
    </p>
   </div>
   <div class='ocr_carea' id='block_1_66' title="bbox 126 4871 1710 4958">
    <p class='ocr_par' dir='ltr' id='par_1_66' title="bbox 126 4871 1710 4958">
     <span class='ocr_line' id='line_1_66' title="bbox 126 4871 1710 4958; baseline 0.022 -36"><span class='ocrx_word' id='word_1_445' title='bbox 126 4871 355 4934; x_wconf 73' lang='lat' dir='ltr'><strong>pnctulit</strong></span> <span class='ocrx_word' id='word_1_446' title='bbox 389 4873 742 4944; x_wconf 88' lang='lat' dir='ltr'><strong>inferiorem,</strong></span> <span class='ocrx_word' id='word_1_447' title='bbox 789 4883 950 4958; x_wconf 75' lang='lat'><strong>202</strong></span> <span class='ocrx_word' id='word_1_448' title='bbox 983 4895 1037 4940; x_wconf 89' lang='lat' dir='ltr'><strong>et</strong></span> <span class='ocrx_word' id='word_1_449' title='bbox 1069 4889 1465 4951; x_wconf 87' lang='lat' dir='ltr'><strong>inconvertibili</strong></span> <span class='ocrx_word' id='word_1_450' title='bbox 1513 4871 1710 4956; x_wconf 70' lang='lat' dir='ltr'><strong>sacra-</strong></span> 
     </span>
    </p>
   </div>
   <div class='ocr_carea' id='block_1_67' title="bbox 126 4970 1711 5048">
    <p class='ocr_par' dir='ltr' id='par_1_67' title="bbox 126 4970 1711 5048">
     <span class='ocr_line' id='line_1_67' title="bbox 126 4970 1711 5048; baseline 0.024 -39"><span class='ocrx_word' id='word_1_451' title='bbox 126 4970 298 5017; x_wconf 83' lang='lat' dir='ltr'><strong>mento</strong></span> <span class='ocrx_word' id='word_1_452' title='bbox 333 4978 653 5034; x_wconf 87' lang='lat' dir='ltr'><strong>susceptum</strong></span> <span class='ocrx_word' id='word_1_453' title='bbox 694 4970 964 5030; x_wconf 89' lang='lat' dir='ltr'><strong>hominem</strong></span> <span class='ocrx_word' id='word_1_454' title='bbox 998 4975 1051 5030; x_wconf 91' lang='lat' dir='ltr'><strong>in</strong></span> <span class='ocrx_word' id='word_1_455' title='bbox 1090 4985 1200 5048; x_wconf 82' lang='lat' dir='ltr'><strong>ipsa</strong></span> <span class='ocrx_word' id='word_1_456' title='bbox 1231 4983 1533 5042; x_wconf 76' lang='lat' dir='ltr'><strong>divinitatis</strong></span> <span class='ocrx_word' id='word_1_457' title='bbox 1561 4982 1711 5048; x_wconf 54' lang='lat' dir='ltr'><strong>claué</strong></span> 
     </span>
    </p>
   </div>
   <div class='ocr_carea' id='block_1_68' title="bbox 125 5052 1762 5146">
    <p class='ocr_par' dir='ltr' id='par_1_68' title="bbox 125 5052 1762 5146">
     <span class='ocr_line' id='line_1_68' title="bbox 125 5052 1762 5146; baseline 0.024 -44"><span class='ocrx_word' id='word_1_458' title='bbox 125 5052 184 5104; x_wconf 84' lang='lat' dir='ltr'><strong>sit</strong></span> <span class='ocrx_word' id='word_1_459' title='bbox 217 5053 519 5114; x_wconf 89' lang='lat' dir='ltr'><strong>identitate.</strong></span> <span class='ocrx_word' id='word_1_460' title='bbox 564 5058 991 5121; x_wconf 88' lang='lat' dir='ltr'><strong>Occurrentihus</strong></span> <span class='ocrx_word' id='word_1_461' title='bbox 1028 5079 1208 5128; x_wconf 91' lang='lat' dir='ltr'><strong>autem</strong></span> <span class='ocrx_word' id='word_1_462' title='bbox 1237 5077 1463 5146; x_wconf 88' lang='lat' dir='ltr'><strong>angelis,</strong></span> <span class='ocrx_word' id='word_1_463' title='bbox 1505 5081 1705 5140; x_wconf 83' lang='lat' dir='ltr'><strong>electo-</strong></span> <span class='ocrx_word' id='word_1_464' title='bbox 1753 5085 1762 5108; x_wconf 74' lang='grc'>⁵</span> 
     </span>
    </p>
   </div>
   <div class='ocr_carea' id='block_1_69' title="bbox 124 5151 1763 5237">
    <p class='ocr_par' dir='ltr' id='par_1_69' title="bbox 124 5151 1763 5237">
     <span class='ocr_line' id='line_1_69' title="bbox 124 5151 1763 5237; baseline 0.027 -45"><span class='ocrx_word' id='word_1_465' title='bbox 124 5156 230 5200; x_wconf 82' lang='lat' dir='ltr'><strong>rum</strong></span> <span class='ocrx_word' id='word_1_466' title='bbox 273 5151 509 5216; x_wconf 85' lang='lat' dir='ltr'><strong>animas,</strong></span> <span class='ocrx_word' id='word_1_467' title='bbox 553 5166 696 5219; x_wconf 84' lang='lat' dir='ltr'><strong>quas</strong></span> <span class='ocrx_word' id='word_1_468' title='bbox 723 5169 900 5213; x_wconf 87' lang='lat' dir='ltr'><strong>secum</strong></span> <span class='ocrx_word' id='word_1_469' title='bbox 936 5161 1220 5230; x_wconf 81' lang='lat' dir='ltr'><strong>educebat,</strong></span> <span class='ocrx_word' id='word_1_470' title='bbox 1252 5168 1515 5237; x_wconf 83' lang='lat' dir='ltr'><strong>adjunxit,</strong></span> <span class='ocrx_word' id='word_1_471' title='bbox 1550 5184 1603 5229; x_wconf 91' lang='lat' dir='ltr'><strong>ct</strong></span> <span class='ocrx_word' id='word_1_472' title='bbox 1628 5179 1705 5235; x_wconf 90' lang='lat' dir='ltr'><strong>sic</strong></span> <span class='ocrx_word' id='word_1_473' title='bbox 1757 5175 1763 5201; x_wconf 79' lang='grc'><strong><em>³</em></strong></span> 
     </span>
    </p>
   </div>
   <div class='ocr_carea' id='block_1_70' title="bbox 123 5242 1760 5328">
    <p class='ocr_par' dir='ltr' id='par_1_70' title="bbox 123 5242 1760 5328">
     <span class='ocr_line' id='line_1_70' title="bbox 123 5242 1760 5328; baseline 0.026 -46"><span class='ocrx_word' id='word_1_474' title='bbox 123 5243 454 5311; x_wconf 84' lang='lat' dir='ltr'><strong>ulmrumque</strong></span> <span class='ocrx_word' id='word_1_475' title='bbox 501 5242 816 5312; x_wconf 85' lang='lat' dir='ltr'><strong>triumphali</strong></span> <span class='ocrx_word' id='word_1_476' title='bbox 858 5265 1054 5319; x_wconf 87' lang='lat' dir='ltr'><strong>pompa</strong></span> <span class='ocrx_word' id='word_1_477' title='bbox 1085 5254 1344 5311; x_wconf 88' lang='lat' dir='ltr'><strong>deductus</strong></span> <span class='ocrx_word' id='word_1_478' title='bbox 1369 5261 1434 5312; x_wconf 88' lang='lat' dir='ltr'><strong>ad</strong></span> <span class='ocrx_word' id='word_1_479' title='bbox 1465 5262 1700 5328; x_wconf 85' lang='lat' dir='ltr'><strong>Patrem.</strong></span> <span class='ocrx_word' id='word_1_480' title='bbox 1745 5255 1760 5291; x_wconf 78' lang='grc'><strong><em>²</em></strong></span> 
     </span>
    </p>
   </div>
   <div class='ocr_carea' id='block_1_71' title="bbox 1866 1788 3454 1884">
    <p class='ocr_par' dir='ltr' id='par_1_71' title="bbox 1866 1788 3454 1884">
     <span class='ocr_line' id='line_1_71' title="bbox 1866 1788 3454 1884; baseline 0.023 -42"><span class='ocrx_word' id='word_1_481' title='bbox 1866 1788 2134 1848; x_wconf 82' lang='lat' dir='ltr'><strong>deduxisti</strong></span> <span class='ocrx_word' id='word_1_482' title='bbox 2177 1812 2284 1862; x_wconf 90' lang='lat' dir='ltr'><strong>me,</strong></span> <span class='ocrx_word' id='word_1_483' title='bbox 2326 1815 2433 1854; x_wconf 89' lang='lat' dir='ltr'><strong>non</strong></span> <span class='ocrx_word' id='word_1_484' title='bbox 2472 1801 2526 1856; x_wconf 92' lang='lat' dir='ltr'><strong>in</strong></span> <span class='ocrx_word' id='word_1_485' title='bbox 2569 1818 2686 1860; x_wconf 90' lang='lat' dir='ltr'><strong>mea</strong></span> <span class='ocrx_word' id='word_1_486' title='bbox 2721 1809 3068 1877; x_wconf 80' lang='lat' dir='ltr'><strong>sublimitate,</strong></span> <span class='ocrx_word' id='word_1_487' title='bbox 3108 1817 3236 1884; x_wconf 88' lang='lat' dir='ltr'><strong>quia</strong></span> <span class='ocrx_word' id='word_1_488' title='bbox 3285 1829 3454 1878; x_wconf 91' lang='lat' dir='ltr'><strong>totum</strong></span> 
     </span>
    </p>
   </div>
   <div class='ocr_carea' id='block_1_72' title="bbox 1865 1883 3426 1980">
    <p class='ocr_par' dir='ltr' id='par_1_72' title="bbox 1865 1883 3426 1980">
     <span class='ocr_line' id='line_1_72' title="bbox 1865 1883 3426 1980; baseline 0.022 -48"><span class='ocrx_word' id='word_1_489' title='bbox 1865 1893 1999 1948; x_wconf 87' lang='lat' dir='ltr'><strong>opus</strong></span> <span class='ocrx_word' id='word_1_490' title='bbox 2027 1883 2212 1952; x_wconf 71' lang='lat' dir='ltr'><strong>gratia:</strong></span> <span class='ocrx_word' id='word_1_491' title='bbox 2245 1897 2346 1951; x_wconf 86' lang='lat' dir='ltr'><strong>est,</strong></span> <span class='ocrx_word' id='word_1_492' title='bbox 2380 1905 2485 1943; x_wconf 82' lang='lat' dir='ltr'><strong>non</strong></span> <span class='ocrx_word' id='word_1_493' title='bbox 2515 1903 2740 1948; x_wconf 61' lang='lat' dir='ltr'><strong>naturas.</strong></span> <span class='ocrx_word' id='word_1_494' title='bbox 2783 1896 2850 1951; x_wconf 86' lang='lat' dir='ltr'><strong>Et</strong></span> <span class='ocrx_word' id='word_1_495' title='bbox 2876 1913 2998 1954; x_wconf 90' lang='lat' dir='ltr'><strong>cum</strong></span> <span class='ocrx_word' id='word_1_496' title='bbox 3019 1883 3186 1971; x_wconf 56' lang='lat' dir='ltr'><strong>gloria</strong></span> <span class='ocrx_word' id='word_1_497' title='bbox 3217 1913 3426 1980; x_wconf 90' lang='lat' dir='ltr'><strong>suscepi</strong></span> 
     </span>
    </p>
   </div>
   <div class='ocr_carea' id='block_1_73' title="bbox 1865 1970 3454 2065">
    <p class='ocr_par' dir='ltr' id='par_1_73' title="bbox 1865 1970 3454 2065">
     <span class='ocr_line' id='line_1_73' title="bbox 1865 1970 3454 2065; baseline 0.023 -44"><span class='ocrx_word' id='word_1_498' title='bbox 1865 1970 1932 2023; x_wconf 90' lang='lat' dir='ltr'><strong>sti</strong></span> <span class='ocrx_word' id='word_1_499' title='bbox 1971 1987 2095 2037; x_wconf 84' lang='lat' dir='ltr'><strong>me;</strong></span> <span class='ocrx_word' id='word_1_500' title='bbox 2125 1975 2294 2044; x_wconf 89' lang='lat' dir='ltr'><strong>gloria</strong></span> <span class='ocrx_word' id='word_1_501' title='bbox 2327 1979 2513 2048; x_wconf 89' lang='lat' dir='ltr'><strong>utique</strong></span> <span class='ocrx_word' id='word_1_502' title='bbox 2535 1982 2790 2051; x_wconf 87' lang='lat' dir='ltr'><strong>gloriosa,</strong></span> <span class='ocrx_word' id='word_1_503' title='bbox 2824 2004 2985 2056; x_wconf 88' lang='lat' dir='ltr'><strong>quam</strong></span> <span class='ocrx_word' id='word_1_504' title='bbox 3017 1970 3122 2048; x_wconf 84' lang='lat' dir='ltr'><strong>non</strong></span> <span class='ocrx_word' id='word_1_505' title='bbox 3154 1997 3323 2065; x_wconf 87' lang='lat' dir='ltr'><strong>novit,</strong></span> <span class='ocrx_word' id='word_1_506' title='bbox 3347 1970 3454 2058; x_wconf 71' lang='lat' dir='ltr'><strong>nisi</strong></span> 
     </span>
    </p>
   </div>
   <div class='ocr_carea' id='block_1_74' title="bbox 1863 2060 2990 2146">
    <p class='ocr_par' dir='ltr' id='par_1_74' title="bbox 1863 2060 2990 2146">
     <span class='ocr_line' id='line_1_74' title="bbox 1863 2060 2990 2146; baseline 0.02 -34"><span class='ocrx_word' id='word_1_507' title='bbox 1863 2060 1956 2128; x_wconf 90' lang='lat' dir='ltr'><strong>qui</strong></span> <span class='ocrx_word' id='word_1_508' title='bbox 1985 2060 2151 2128; x_wconf 84' lang='lat' dir='ltr'><strong>dedit,</strong></span> <span class='ocrx_word' id='word_1_509' title='bbox 2186 2074 2241 2119; x_wconf 92' lang='lat' dir='ltr'><strong>et</strong></span> <span class='ocrx_word' id='word_1_510' title='bbox 2269 2069 2355 2122; x_wconf 83' lang='lat' dir='ltr'><strong>cui</strong></span> <span class='ocrx_word' id='word_1_511' title='bbox 2389 2070 2591 2128; x_wconf 85' lang='lat' dir='ltr'><strong>donare</strong></span> <span class='ocrx_word' id='word_1_512' title='bbox 2616 2073 2866 2146; x_wconf 81' lang='lat' dir='ltr'><strong>dignatus</strong></span> <span class='ocrx_word' id='word_1_513' title='bbox 2887 2088 2990 2134; x_wconf 90' lang='lat' dir='ltr'><strong>est.</strong></span> 
     </span>
    </p>
   </div>
   <div class='ocr_carea' id='block_1_75' title="bbox 1932 2171 3452 2263">
    <p class='ocr_par' dir='ltr' id='par_1_75' title="bbox 1932 2171 3452 2263">
     <span class='ocr_line' id='line_1_75' title="bbox 1932 2171 3452 2263; baseline 0.023 -40"><span class='ocrx_word' id='word_1_514' title='bbox 1932 2171 2165 2230; x_wconf 74' lang='lat' dir='ltr'><strong>Attende</strong></span> <span class='ocrx_word' id='word_1_515' title='bbox 2185 2187 2364 2234; x_wconf 91' lang='lat' dir='ltr'><strong>autem</strong></span> <span class='ocrx_word' id='word_1_516' title='bbox 2395 2179 2730 2252; x_wconf 84' lang='lat' dir='ltr'><strong>diligentiam</strong></span> <span class='ocrx_word' id='word_1_517' title='bbox 2763 2196 2816 2242; x_wconf 89' lang='lat' dir='ltr'><strong>ct</strong></span> <span class='ocrx_word' id='word_1_518' title='bbox 2839 2195 3279 2263; x_wconf 86' lang='lat' dir='ltr'><strong>consequentiam</strong></span> <span class='ocrx_word' id='word_1_519' title='bbox 3306 2198 3452 2257; x_wconf 64' lang='lat' dir='ltr'><strong>Scriv</strong></span> 
     </span>
    </p>
   </div>
   <div class='ocr_carea' id='block_1_76' title="bbox 1860 2266 3452 2353">
    <p class='ocr_par' dir='ltr' id='par_1_76' title="bbox 1860 2266 3452 2353">
     <span class='ocr_line' id='line_1_76' title="bbox 1860 2266 3452 2353; baseline 0.022 -39"><span class='ocrx_word' id='word_1_520' title='bbox 1860 2268 2167 2330; x_wconf 85' lang='lat' dir='ltr'><strong>plurarum.</strong></span> <span class='ocrx_word' id='word_1_521' title='bbox 2184 2266 2418 2337; x_wconf 89' lang='lat' dir='ltr'><strong>Spiritus</strong></span> <span class='ocrx_word' id='word_1_522' title='bbox 2437 2274 2582 2328; x_wconf 89' lang='lat' dir='ltr'><strong>enim</strong></span> <span class='ocrx_word' id='word_1_523' title='bbox 2606 2269 2844 2346; x_wconf 80' lang='lat' dir='ltr'><strong>sanctus,</strong></span> <span class='ocrx_word' id='word_1_524' title='bbox 2861 2281 2911 2336; x_wconf 92' lang='lat' dir='ltr'><strong>in</strong></span> <span class='ocrx_word' id='word_1_525' title='bbox 2937 2283 3322 2353; x_wconf 89' lang='lat' dir='ltr'><strong>cujusfabrica,</strong></span> <span class='ocrx_word' id='word_1_526' title='bbox 3342 2301 3452 2349; x_wconf 88' lang='lat' dir='ltr'><strong>tam</strong></span> 
     </span>
    </p>
   </div>
   <div class='ocr_carea' id='block_1_77' title="bbox 1861 2354 3450 2446">
    <p class='ocr_par' dir='ltr' id='par_1_77' title="bbox 1861 2354 3450 2446">
     <span class='ocr_line' id='line_1_77' title="bbox 1861 2354 3450 2446; baseline 0.02 -38"><span class='ocrx_word' id='word_1_527' title='bbox 1861 2354 2072 2412; x_wconf 75' lang='lat' dir='ltr'><strong>Veteris</strong></span> <span class='ocrx_word' id='word_1_528' title='bbox 2095 2372 2255 2426; x_wconf 89' lang='lat' dir='ltr'><strong>quam</strong></span> <span class='ocrx_word' id='word_1_529' title='bbox 2277 2359 2409 2417; x_wconf 88' lang='lat' dir='ltr'><strong>Novi</strong></span> <span class='ocrx_word' id='word_1_530' title='bbox 2433 2363 2764 2423; x_wconf 85' lang='lat' dir='ltr'><strong>Testamenti</strong></span> <span class='ocrx_word' id='word_1_531' title='bbox 2793 2371 2892 2426; x_wconf 91' lang='lat' dir='ltr'><strong>fuit</strong></span> <span class='ocrx_word' id='word_1_532' title='bbox 2911 2379 3194 2446; x_wconf 87' lang='lat' dir='ltr'><strong>compositi</strong></span> <span class='ocrx_word' id='word_1_533' title='bbox 3218 2380 3450 2440; x_wconf 83' lang='lat' dir='ltr'><strong>fabrica-</strong></span> 
     </span>
    </p>
   </div>
   <div class='ocr_carea' id='block_1_78' title="bbox 1861 2447 3449 2536">
    <p class='ocr_par' dir='ltr' id='par_1_78' title="bbox 1861 2447 3449 2536">
     <span class='ocr_line' id='line_1_78' title="bbox 1861 2447 3449 2536; baseline 0.019 -36"><span class='ocrx_word' id='word_1_534' title='bbox 1861 2453 1933 2510; x_wconf 88' lang='lat' dir='ltr'><strong>ta,</strong></span> <span class='ocrx_word' id='word_1_535' title='bbox 1956 2447 2344 2507; x_wconf 81' lang='lat' dir='ltr'><strong>Ascensionem</strong></span> <span class='ocrx_word' id='word_1_536' title='bbox 2370 2453 2582 2521; x_wconf 85' lang='lat' dir='ltr'><strong>Filii,et</strong></span> <span class='ocrx_word' id='word_1_537' title='bbox 2605 2458 2790 2516; x_wconf 81' lang='lat' dir='ltr'><strong>Matris</strong></span> <span class='ocrx_word' id='word_1_538' title='bbox 2811 2463 3256 2536; x_wconf 83' lang='lat' dir='ltr'><strong>Assumptionem</strong></span> <span class='ocrx_word' id='word_1_539' title='bbox 3281 2474 3449 2530; x_wconf 90' lang='lat' dir='ltr'><strong>simili</strong></span> 
     </span>
    </p>
   </div>
   <div class='ocr_carea' id='block_1_79' title="bbox 1855 2539 3445 2626">
    <p class='ocr_par' dir='ltr' id='par_1_79' title="bbox 1855 2539 3445 2626">
     <span class='ocr_line' id='line_1_79' title="bbox 1855 2539 3445 2626; baseline 0.019 -34"><span class='ocrx_word' id='word_1_540' title='bbox 1855 2539 1994 2609; x_wconf 72' lang='lat' dir='ltr'><strong>style</strong></span> <span class='ocrx_word' id='word_1_541' title='bbox 2015 2543 2416 2611; x_wconf 88' lang='lat' dir='ltr'><strong>perambulans,</strong></span> <span class='ocrx_word' id='word_1_542' title='bbox 2441 2556 2530 2602; x_wconf 84' lang='lat' dir='ltr'><strong>ter</strong></span> <span class='ocrx_word' id='word_1_543' title='bbox 2561 2550 2858 2623; x_wconf 84' lang='lat' dir='ltr'><strong>interregat</strong></span> <span class='ocrx_word' id='word_1_544' title='bbox 2886 2573 2901 2610; x_wconf 90' lang='lat'><strong>:</strong></span> <span class='ocrx_word' id='word_1_545' title='bbox 2935 2578 2953 2610; x_wconf 85' lang='grc'><strong>‹</strong></span> <span class='ocrx_word' id='word_1_546' title='bbox 2984 2559 3116 2626; x_wconf 85' lang='lat' dir='ltr'><strong>Quis</strong></span> <span class='ocrx_word' id='word_1_547' title='bbox 3139 2573 3223 2618; x_wconf 89' lang='lat' dir='ltr'><strong>est</strong></span> <span class='ocrx_word' id='word_1_548' title='bbox 3253 2566 3356 2621; x_wconf 89' lang='lat' dir='ltr'><strong>iste</strong></span> <span class='ocrx_word' id='word_1_549' title='bbox 3377 2567 3400 2620; x_wconf 81' lang='lat'><strong>?</strong></span> <span class='ocrx_word' id='word_1_550' title='bbox 3422 2589 3445 2621; x_wconf 70' lang='grc' dir='ltr'>ι</span> 
     </span>
    </p>
   </div>
   <div class='ocr_carea' id='block_1_80' title="bbox 1856 2629 3447 2731">
    <p class='ocr_par' dir='ltr' id='par_1_80' title="bbox 1856 2629 3447 2731">
     <span class='ocr_line' id='line_1_80' title="bbox 1856 2629 3447 2731; baseline 0.02 -48"><span class='ocrx_word' id='word_1_551' title='bbox 1856 2629 2028 2700; x_wconf 69' lang='lat' dir='ltr'><strong>(Paul.</strong></span> <span class='ocrx_word' id='word_1_552' title='bbox 2046 2636 2306 2705; x_wconf 80' lang='lat' dir='ltr'><strong>xxm.)Et</strong></span> <span class='ocrx_word' id='word_1_553' title='bbox 2330 2640 2488 2695; x_wconf 89' lang='lat' dir='ltr'><strong>tertio</strong></span> <span class='ocrx_word' id='word_1_554' title='bbox 2513 2645 2732 2712; x_wconf 82' lang='lat' dir='ltr'><strong>repetit:</strong></span> <span class='ocrx_word' id='word_1_555' title='bbox 2755 2667 2770 2696; x_wconf 73' lang='grc' dir='ltr'><strong>ε</strong></span> <span class='ocrx_word' id='word_1_556' title='bbox 2791 2648 2921 2714; x_wconf 72' lang='lat' dir='ltr'><strong>Qua:</strong></span> <span class='ocrx_word' id='word_1_557' title='bbox 2941 2662 3022 2706; x_wconf 91' lang='lat' dir='ltr'><strong>est</strong></span> <span class='ocrx_word' id='word_1_558' title='bbox 3044 2653 3144 2708; x_wconf 88' lang='lat' dir='ltr'><strong>ista</strong></span> <span class='ocrx_word' id='word_1_559' title='bbox 3170 2655 3194 2709; x_wconf 87' lang='lat'><strong>?</strong></span> <span class='ocrx_word' id='word_1_560' title='bbox 3217 2676 3234 2708; x_wconf 75' lang='grc' dir='ltr'><strong><em>ι</em></strong></span> <span class='ocrx_word' id='word_1_561' title='bbox 3264 2657 3447 2731; x_wconf 76' lang='lat' dir='ltr'><strong>(Cant.</strong></span> 
     </span>
    </p>
   </div>
   <div class='ocr_carea' id='block_1_81' title="bbox 1854 2724 3444 2808">
    <p class='ocr_par' dir='ltr' id='par_1_81' title="bbox 1854 2724 3444 2808">
     <span class='ocr_line' id='line_1_81' title="bbox 1854 2724 3444 2808; baseline 0.018 -30"><span class='ocrx_word' id='word_1_562' title='bbox 1854 2724 1964 2791; x_wconf 76' lang='grc' dir='ltr'><strong>ιη.)</strong></span> <span class='ocrx_word' id='word_1_563' title='bbox 2007 2725 2246 2783; x_wconf 88' lang='lat' dir='ltr'><strong>Primum</strong></span> <span class='ocrx_word' id='word_1_564' title='bbox 2305 2730 2370 2787; x_wconf 92' lang='lat' dir='ltr'><strong>de</strong></span> <span class='ocrx_word' id='word_1_565' title='bbox 2395 2732 2551 2798; x_wconf 79' lang='lat' dir='ltr'><strong>Filio.</strong></span> <span class='ocrx_word' id='word_1_566' title='bbox 2583 2746 2773 2805; x_wconf 86' lang='lat' dir='ltr'><strong>postea</strong></span> <span class='ocrx_word' id='word_1_567' title='bbox 2821 2742 2888 2798; x_wconf 91' lang='lat' dir='ltr'><strong>de</strong></span> <span class='ocrx_word' id='word_1_568' title='bbox 2927 2742 3099 2800; x_wconf 85' lang='lat' dir='ltr'><strong>Matre</strong></span> <span class='ocrx_word' id='word_1_569' title='bbox 3142 2724 3444 2808; x_wconf 76' lang='lat' dir='ltr'><strong>videamus.</strong></span> 
     </span>
    </p>
   </div>
   <div class='ocr_carea' id='block_1_82' title="bbox 1853 2813 3446 2908">
    <p class='ocr_par' dir='ltr' id='par_1_82' title="bbox 1853 2813 3446 2908">
     <span class='ocr_line' id='line_1_82' title="bbox 1853 2813 3446 2908; baseline 0.019 -42"><span class='ocrx_word' id='word_1_570' title='bbox 1853 2813 1906 2866; x_wconf 92' lang='lat' dir='ltr'><strong>lu</strong></span> <span class='ocrx_word' id='word_1_571' title='bbox 1933 2816 2124 2884; x_wconf 91' lang='lat' dir='ltr'><strong>spiritu</strong></span> <span class='ocrx_word' id='word_1_572' title='bbox 2150 2817 2480 2878; x_wconf 85' lang='lat' dir='ltr'><strong>fortitudinis</strong></span> <span class='ocrx_word' id='word_1_573' title='bbox 2502 2823 2752 2882; x_wconf 85' lang='lat' dir='ltr'><strong>Salvator</strong></span> <span class='ocrx_word' id='word_1_574' title='bbox 2771 2831 2836 2884; x_wconf 89' lang='lat' dir='ltr'><strong>ad</strong></span> <span class='ocrx_word' id='word_1_575' title='bbox 2863 2832 3064 2891; x_wconf 88' lang='lat' dir='ltr'><strong>inferos</strong></span> <span class='ocrx_word' id='word_1_576' title='bbox 3089 2838 3446 2908; x_wconf 84' lang='lat' dir='ltr'><strong>descendens.</strong></span> 
     </span>
    </p>
   </div>
   <div class='ocr_carea' id='block_1_83' title="bbox 1850 2909 3446 3004">
    <p class='ocr_par' dir='ltr' id='par_1_83' title="bbox 1850 2909 3446 3004">
     <span class='ocr_line' id='line_1_83' title="bbox 1850 2909 3446 3004; baseline 0.02 -46"><span class='ocrx_word' id='word_1_577' title='bbox 1850 2909 2104 2962; x_wconf 85' lang='lat' dir='ltr'><strong>contrivit</strong></span> <span class='ocrx_word' id='word_1_578' title='bbox 2141 2920 2326 2978; x_wconf 84' lang='lat' dir='ltr'><strong>portas</strong></span> <span class='ocrx_word' id='word_1_579' title='bbox 2373 2930 2565 2980; x_wconf 60' lang='lat' dir='ltr'><strong>aereas,</strong></span> <span class='ocrx_word' id='word_1_580' title='bbox 2608 2927 2662 2974; x_wconf 88' lang='lat' dir='ltr'><strong>et</strong></span> <span class='ocrx_word' id='word_1_581' title='bbox 2706 2931 2888 2977; x_wconf 87' lang='lat' dir='ltr'><strong>vectes</strong></span> <span class='ocrx_word' id='word_1_582' title='bbox 2924 2924 3126 2983; x_wconf 88' lang='lat' dir='ltr'><strong>ferreos</strong></span> <span class='ocrx_word' id='word_1_583' title='bbox 3157 2931 3446 3004; x_wconf 83' lang='lat' dir='ltr'><strong>confregit,</strong></span> 
     </span>
    </p>
   </div>
   <div class='ocr_carea' id='block_1_84' title="bbox 1849 2997 3445 3083">
    <p class='ocr_par' dir='ltr' id='par_1_84' title="bbox 1849 2997 3445 3083">
     <span class='ocr_line' id='line_1_84' title="bbox 1849 2997 3445 3083; baseline 0.019 -36"><span class='ocrx_word' id='word_1_584' title='bbox 1849 3003 1903 3047; x_wconf 88' lang='lat' dir='ltr'><strong>et</strong></span> <span class='ocrx_word' id='word_1_585' title='bbox 1932 2997 2244 3062; x_wconf 83' lang='lat' dir='ltr'><strong>gehennalis</strong></span> <span class='ocrx_word' id='word_1_586' title='bbox 2269 3000 2387 3056; x_wconf 82' lang='lat' dir='ltr'><strong>olla:</strong></span> <span class='ocrx_word' id='word_1_587' title='bbox 2409 3003 2683 3075; x_wconf 79' lang='lat' dir='ltr'><strong>dissipatis</strong></span> <span class='ocrx_word' id='word_1_588' title='bbox 2710 3007 3089 3083; x_wconf 81' lang='lat' dir='ltr'><strong>fragminibus,</strong></span> <span class='ocrx_word' id='word_1_589' title='bbox 3117 3027 3287 3075; x_wconf 87' lang='lat' dir='ltr'><strong>totum</strong></span> <span class='ocrx_word' id='word_1_590' title='bbox 3315 2997 3445 3077; x_wconf 70' lang='lat' dir='ltr'><strong>illud</strong></span> 
     </span>
    </p>
   </div>
   <div class='ocr_carea' id='block_1_85' title="bbox 1851 3084 3443 3182">
    <p class='ocr_par' dir='ltr' id='par_1_85' title="bbox 1851 3084 3443 3182">
     <span class='ocr_line' id='line_1_85' title="bbox 1851 3084 3443 3182; baseline 0.02 -46"><span class='ocrx_word' id='word_1_591' title='bbox 1851 3084 2036 3141; x_wconf 79' lang='lat' dir='ltr'><strong>infelix</strong></span> <span class='ocrx_word' id='word_1_592' title='bbox 2081 3089 2447 3148; x_wconf 84' lang='lat' dir='ltr'><strong>habitaculum</strong></span> <span class='ocrx_word' id='word_1_593' title='bbox 2495 3097 2710 3154; x_wconf 81' lang='lat' dir='ltr'><strong>ruinosa</strong></span> <span class='ocrx_word' id='word_1_594' title='bbox 2751 3105 3111 3163; x_wconf 82' lang='lat' dir='ltr'><strong>concussione</strong></span> <span class='ocrx_word' id='word_1_595' title='bbox 3151 3115 3443 3182; x_wconf 86' lang='lat' dir='ltr'><strong>snecussit,</strong></span> 
     </span>
    </p>
   </div>
   <div class='ocr_carea' id='block_1_86' title="bbox 1849 3177 3493 3274">
    <p class='ocr_par' dir='ltr' id='par_1_86' title="bbox 1849 3177 3493 3274">
     <span class='ocr_line' id='line_1_86' title="bbox 1849 3177 3493 3274; baseline 0.02 -46"><span class='ocrx_word' id='word_1_596' title='bbox 1849 3177 2308 3237; x_wconf 80' lang='lat' dir='ltr'><strong>conclamantibus</strong></span> <span class='ocrx_word' id='word_1_597' title='bbox 2340 3185 2583 3254; x_wconf 85' lang='lat' dir='ltr'><strong>angelis:</strong></span> <span class='ocrx_word' id='word_1_598' title='bbox 2627 3209 2643 3240; x_wconf 79' lang='grc' dir='ltr'>ι</span> <span class='ocrx_word' id='word_1_599' title='bbox 2685 3191 2930 3250; x_wconf 84' lang='lat' dir='ltr'><strong>Attollite</strong></span> <span class='ocrx_word' id='word_1_600' title='bbox 2961 3207 3147 3269; x_wconf 89' lang='lat' dir='ltr'><strong>portas</strong></span> <span class='ocrx_word' id='word_1_601' title='bbox 3171 3201 3442 3274; x_wconf 79' lang='lat' dir='ltr'><strong>principes</strong></span> <span class='ocrx_word' id='word_1_602' title='bbox 3491 3268 3493 3270; x_wconf 31' lang='grc' dir='ltr'><strong>η</strong></span> 
     </span>
    </p>
   </div>
   <div class='ocr_carea' id='block_1_87' title="bbox 1849 3269 3438 3362">
    <p class='ocr_par' dir='ltr' id='par_1_87' title="bbox 1849 3269 3438 3362">
     <span class='ocr_line' id='line_1_87' title="bbox 1849 3269 3438 3362; baseline 0.019 -43"><span class='ocrx_word' id='word_1_603' title='bbox 1849 3272 2055 3325; x_wconf 79' lang='lat' dir='ltr'><strong>vestras</strong></span> <span class='ocrx_word' id='word_1_604' title='bbox 2087 3269 2259 3342; x_wconf 80' lang='lat' dir='ltr'><strong>(Psal.</strong></span> <span class='ocrx_word' id='word_1_605' title='bbox 2296 3280 2528 3346; x_wconf 65' lang='lat' dir='ltr'><strong>Itin-1);)</strong></span> <span class='ocrx_word' id='word_1_606' title='bbox 2563 3280 2659 3344; x_wconf 90' lang='lat' dir='ltr'><strong>illi,</strong></span> <span class='ocrx_word' id='word_1_607' title='bbox 2695 3285 2784 3354; x_wconf 88' lang='lat' dir='ltr'><strong>qui</strong></span> <span class='ocrx_word' id='word_1_608' title='bbox 2811 3290 3076 3358; x_wconf 77' lang='lat' dir='ltr'><strong>superbia:</strong></span> <span class='ocrx_word' id='word_1_609' title='bbox 3103 3269 3256 3362; x_wconf 85' lang='lat' dir='ltr'><strong>lapsu</strong></span> <span class='ocrx_word' id='word_1_610' title='bbox 3305 3269 3438 3350; x_wconf 72' lang='lat' dir='ltr'><strong>irrc~</strong></span> 
     </span>
    </p>
   </div>
   <div class='ocr_carea' id='block_1_88' title="bbox 1844 3361 3437 3450">
    <p class='ocr_par' dir='ltr' id='par_1_88' title="bbox 1844 3361 3437 3450">
     <span class='ocr_line' id='line_1_88' title="bbox 1844 3361 3437 3450; baseline 0.019 -40"><span class='ocrx_word' id='word_1_611' title='bbox 1844 3361 2114 3416; x_wconf 87' lang='lat' dir='ltr'><strong>mediabili</strong></span> <span class='ocrx_word' id='word_1_612' title='bbox 2138 3379 2481 3434; x_wconf 87' lang='lat' dir='ltr'><strong>corruerunt,</strong></span> <span class='ocrx_word' id='word_1_613' title='bbox 2515 3371 2852 3440; x_wconf 84' lang='lat' dir='ltr'><strong>ignoratione</strong></span> <span class='ocrx_word' id='word_1_614' title='bbox 2881 3379 3223 3450; x_wconf 61' lang='lat' dir='ltr'><strong>detlignativa</strong></span> <span class='ocrx_word' id='word_1_615' title='bbox 3260 3396 3437 3441; x_wconf 85' lang='lat' dir='ltr'><strong>retor-</strong></span> 
     </span>
    </p>
   </div>
   <div class='ocr_carea' id='block_1_89' title="bbox 1843 3456 3438 3540">
    <p class='ocr_par' dir='ltr' id='par_1_89' title="bbox 1843 3456 3438 3540">
     <span class='ocr_line' id='line_1_89' title="bbox 1843 3456 3438 3540; baseline 0.019 -41"><span class='ocrx_word' id='word_1_616' title='bbox 1843 3459 2006 3518; x_wconf 86' lang='lat' dir='ltr'><strong>quent</strong></span> <span class='ocrx_word' id='word_1_617' title='bbox 2031 3469 2043 3504; x_wconf 91' lang='lat'><strong>:</strong></span> <span class='ocrx_word' id='word_1_618' title='bbox 2073 3472 2089 3502; x_wconf 78' lang='grc' dir='ltr'>ι</span> <span class='ocrx_word' id='word_1_619' title='bbox 2110 3456 2240 3521; x_wconf 82' lang='lat' dir='ltr'><strong>Quis</strong></span> <span class='ocrx_word' id='word_1_620' title='bbox 2265 3467 2348 3510; x_wconf 86' lang='lat' dir='ltr'><strong>est</strong></span> <span class='ocrx_word' id='word_1_621' title='bbox 2370 3459 2470 3514; x_wconf 87' lang='lat' dir='ltr'><strong>istc</strong></span> <span class='ocrx_word' id='word_1_622' title='bbox 2493 3477 2584 3514; x_wconf 74' lang='lat' dir='ltr'><strong>rex</strong></span> <span class='ocrx_word' id='word_1_623' title='bbox 2608 3463 2830 3532; x_wconf 71' lang='lat' dir='ltr'><strong>glorizn?</strong></span> <span class='ocrx_word' id='word_1_624' title='bbox 2853 3486 2870 3517; x_wconf 77' lang='grc' dir='ltr'><strong><em>ι</em></strong></span> <span class='ocrx_word' id='word_1_625' title='bbox 2899 3466 3090 3540; x_wconf 77' lang='grc' dir='ltr'><strong>(Ιὺίιι.)</strong></span> <span class='ocrx_word' id='word_1_626' title='bbox 3118 3471 3213 3528; x_wconf 87' lang='lat' dir='ltr'><strong>llic</strong></span> <span class='ocrx_word' id='word_1_627' title='bbox 3236 3485 3317 3529; x_wconf 86' lang='lat' dir='ltr'><strong>est</strong></span> <span class='ocrx_word' id='word_1_628' title='bbox 3350 3477 3438 3530; x_wconf 86' lang='lat' dir='ltr'><strong>ille</strong></span> 
     </span>
    </p>
   </div>
   <div class='ocr_carea' id='block_1_90' title="bbox 1842 3541 3431 3635">
    <p class='ocr_par' dir='ltr' id='par_1_90' title="bbox 1842 3541 3431 3635">
     <span class='ocr_line' id='line_1_90' title="bbox 1842 3541 3431 3635; baseline 0.018 -42"><span class='ocrx_word' id='word_1_629' title='bbox 1842 3541 2117 3612; x_wconf 85' lang='lat' dir='ltr'><strong>insipiens,</strong></span> <span class='ocrx_word' id='word_1_630' title='bbox 2135 3547 2223 3614; x_wconf 90' lang='lat' dir='ltr'><strong>qui</strong></span> <span class='ocrx_word' id='word_1_631' title='bbox 2247 3549 2381 3602; x_wconf 77' lang='lat' dir='ltr'><strong>dixit</strong></span> <span class='ocrx_word' id='word_1_632' title='bbox 2404 3551 2455 3604; x_wconf 83' lang='lat' dir='ltr'><strong>in</strong></span> <span class='ocrx_word' id='word_1_633' title='bbox 2479 3554 2641 3607; x_wconf 88' lang='lat' dir='ltr'><strong>corde</strong></span> <span class='ocrx_word' id='word_1_634' title='bbox 2665 3570 2792 3609; x_wconf 91' lang='lat' dir='ltr'><strong>suo:</strong></span> <span class='ocrx_word' id='word_1_635' title='bbox 2813 3576 2829 3608; x_wconf 76' lang='grc' dir='ltr'>ι</span> <span class='ocrx_word' id='word_1_636' title='bbox 2849 3556 2966 3612; x_wconf 85' lang='lat' dir='ltr'><strong>Non</strong></span> <span class='ocrx_word' id='word_1_637' title='bbox 2990 3570 3072 3615; x_wconf 89' lang='lat' dir='ltr'><strong>est</strong></span> <span class='ocrx_word' id='word_1_638' title='bbox 3096 3561 3238 3620; x_wconf 87' lang='lat' dir='ltr'><strong>Deus</strong></span> <span class='ocrx_word' id='word_1_639' title='bbox 3261 3567 3431 3635; x_wconf 75' lang='lat' dir='ltr'><strong>(Psal.</strong></span> 
     </span>
    </p>
   </div>
   <div class='ocr_carea' id='block_1_91' title="bbox 1840 3636 3433 3712">
    <p class='ocr_par' dir='ltr' id='par_1_91' title="bbox 1840 3636 3433 3712">
     <span class='ocr_line' id='line_1_91' title="bbox 1840 3636 3433 3712; baseline 0.015 -27"><span class='ocrx_word' id='word_1_640' title='bbox 1840 3645 1977 3702; x_wconf 78' lang='lat' dir='ltr'><strong>xui).</strong></span> <span class='ocrx_word' id='word_1_641' title='bbox 2009 3654 2027 3686; x_wconf 77' lang='grc' dir='ltr'><strong><em>ι</em></strong></span> <span class='ocrx_word' id='word_1_642' title='bbox 2068 3636 2134 3689; x_wconf 82' lang='lat' dir='ltr'><strong>Et</strong></span> <span class='ocrx_word' id='word_1_643' title='bbox 2169 3651 2182 3689; x_wconf 92' lang='lat'><strong>:</strong></span> <span class='ocrx_word' id='word_1_644' title='bbox 2216 3657 2234 3688; x_wconf 77' lang='grc' dir='ltr'>ι</span> <span class='ocrx_word' id='word_1_645' title='bbox 2268 3637 2460 3695; x_wconf 77' lang='lat' dir='ltr'><strong>Nescio</strong></span> <span class='ocrx_word' id='word_1_646' title='bbox 2497 3642 2806 3709; x_wconf 88' lang='lat' dir='ltr'><strong>Dominum,</strong></span> <span class='ocrx_word' id='word_1_647' title='bbox 2835 3658 2889 3701; x_wconf 91' lang='lat' dir='ltr'><strong>et</strong></span> <span class='ocrx_word' id='word_1_648' title='bbox 2914 3647 3078 3704; x_wconf 84' lang='lat' dir='ltr'><strong>lsrael</strong></span> <span class='ocrx_word' id='word_1_649' title='bbox 3111 3667 3216 3707; x_wconf 89' lang='lat' dir='ltr'><strong>non</strong></span> <span class='ocrx_word' id='word_1_650' title='bbox 3257 3656 3433 3712; x_wconf 86' lang='lat' dir='ltr'><strong>dimit-</strong></span> 
     </span>
    </p>
   </div>
   <div class='ocr_carea' id='block_1_92' title="bbox 1841 3726 3432 3817">
    <p class='ocr_par' dir='ltr' id='par_1_92' title="bbox 1841 3726 3432 3817">
     <span class='ocr_line' id='line_1_92' title="bbox 1841 3726 3432 3817; baseline 0.017 -41"><span class='ocrx_word' id='word_1_651' title='bbox 1841 3734 1945 3777; x_wconf 89' lang='lat' dir='ltr'><strong>tam</strong></span> <span class='ocrx_word' id='word_1_652' title='bbox 1984 3726 2182 3796; x_wconf 70' lang='lat' dir='ltr'><strong>(Exod.</strong></span> <span class='ocrx_word' id='word_1_653' title='bbox 2232 3731 2307 3800; x_wconf 87' lang='lat' dir='ltr'><strong>v).</strong></span> <span class='ocrx_word' id='word_1_654' title='bbox 2342 3751 2362 3781; x_wconf 76' lang='grc' dir='ltr'><strong><em>ι</em></strong></span> <span class='ocrx_word' id='word_1_655' title='bbox 2409 3732 2598 3802; x_wconf 76' lang='lat' dir='ltr'><strong>Angeli</strong></span> <span class='ocrx_word' id='word_1_656' title='bbox 2644 3737 2793 3805; x_wconf 78' lang='lat' dir='ltr'><strong>pacis</strong></span> <span class='ocrx_word' id='word_1_657' title='bbox 2841 3739 3176 3801; x_wconf 77' lang='lat' dir='ltr'><strong>confidenter</strong></span> <span class='ocrx_word' id='word_1_658' title='bbox 3207 3744 3432 3817; x_wconf 82' lang='lat' dir='ltr'><strong>ingemi-</strong></span> 
     </span>
    </p>
   </div>
   <div class='ocr_carea' id='block_1_93' title="bbox 1835 3822 3429 3911">
    <p class='ocr_par' dir='ltr' id='par_1_93' title="bbox 1835 3822 3429 3911">
     <span class='ocr_line' id='line_1_93' title="bbox 1835 3822 3429 3911; baseline 0.017 -40"><span class='ocrx_word' id='word_1_659' title='bbox 1835 3829 1966 3873; x_wconf 90' lang='lat' dir='ltr'><strong>nant</strong></span> <span class='ocrx_word' id='word_1_660' title='bbox 1996 3839 2008 3872; x_wconf 92' lang='lat'><strong>:</strong></span> <span class='ocrx_word' id='word_1_661' title='bbox 2049 3840 2065 3873; x_wconf 75' lang='grc' dir='ltr'>ι</span> <span class='ocrx_word' id='word_1_662' title='bbox 2098 3822 2356 3880; x_wconf 81' lang='lat' dir='ltr'><strong>Dominus</strong></span> <span class='ocrx_word' id='word_1_663' title='bbox 2383 3826 2558 3894; x_wconf 87' lang='lat' dir='ltr'><strong>fortis,</strong></span> <span class='ocrx_word' id='word_1_664' title='bbox 2592 3840 2642 3884; x_wconf 89' lang='lat' dir='ltr'><strong>et</strong></span> <span class='ocrx_word' id='word_1_665' title='bbox 2677 3843 2889 3900; x_wconf 87' lang='lat' dir='ltr'><strong>potens,</strong></span> <span class='ocrx_word' id='word_1_666' title='bbox 2937 3836 3196 3894; x_wconf 85' lang='lat' dir='ltr'><strong>Dominus</strong></span> <span class='ocrx_word' id='word_1_667' title='bbox 3237 3852 3429 3911; x_wconf 81' lang='lat' dir='ltr'><strong>potens</strong></span> 
     </span>
    </p>
   </div>
   <div class='ocr_carea' id='block_1_94' title="bbox 1834 3911 3430 3992">
    <p class='ocr_par' dir='ltr' id='par_1_94' title="bbox 1834 3911 3430 3992">
     <span class='ocr_line' id='line_1_94' title="bbox 1834 3911 3430 3992; baseline 0.02 -32"><span class='ocrx_word' id='word_1_668' title='bbox 1834 3927 1885 3983; x_wconf 73' lang='lat' dir='ltr'><strong>in</strong></span> <span class='ocrx_word' id='word_1_669' title='bbox 1918 3911 2101 3980; x_wconf 70' lang='lat' dir='ltr'><strong>pra3lio</strong></span> <span class='ocrx_word' id='word_1_670' title='bbox 2123 3912 2293 3982; x_wconf 65' lang='lat' dir='ltr'><strong>(I’sal.</strong></span> <span class='ocrx_word' id='word_1_671' title='bbox 2330 3919 2520 3988; x_wconf 79' lang='lat' dir='ltr'><strong>xxtu);</strong></span> <span class='ocrx_word' id='word_1_672' title='bbox 2555 3939 2574 3971; x_wconf 74' lang='grc' dir='ltr'><strong><em>ι</em></strong></span> <span class='ocrx_word' id='word_1_673' title='bbox 2615 3921 2770 3980; x_wconf 89' lang='lat' dir='ltr'><strong>fortis</strong></span> <span class='ocrx_word' id='word_1_674' title='bbox 2801 3925 2868 3978; x_wconf 91' lang='lat' dir='ltr'><strong>ad</strong></span> <span class='ocrx_word' id='word_1_675' title='bbox 2893 3936 3129 3982; x_wconf 87' lang='lat' dir='ltr'><strong>vestram</strong></span> <span class='ocrx_word' id='word_1_676' title='bbox 3151 3929 3430 3992; x_wconf 59' lang='lat' dir='ltr'><strong>fortitudie</strong></span> 
     </span>
    </p>
   </div>
   <div class='ocr_carea' id='block_1_95' title="bbox 1833 4003 3429 4096">
    <p class='ocr_par' dir='ltr' id='par_1_95' title="bbox 1833 4003 3429 4096">
     <span class='ocr_line' id='line_1_95' title="bbox 1833 4003 3429 4096; baseline 0.016 -40"><span class='ocrx_word' id='word_1_677' title='bbox 1833 4019 1955 4058; x_wconf 88' lang='lat' dir='ltr'><strong>nem</strong></span> <span class='ocrx_word' id='word_1_678' title='bbox 1981 4003 2388 4076; x_wconf 77' lang='lat' dir='ltr'><strong>infirmandam;</strong></span> <span class='ocrx_word' id='word_1_679' title='bbox 2419 4020 2608 4080; x_wconf 87' lang='lat' dir='ltr'><strong>potens</strong></span> <span class='ocrx_word' id='word_1_680' title='bbox 2637 4015 2706 4069; x_wconf 90' lang='lat' dir='ltr'><strong>ad</strong></span> <span class='ocrx_word' id='word_1_681' title='bbox 2744 4027 2978 4072; x_wconf 84' lang='lat' dir='ltr'><strong>vestram</strong></span> <span class='ocrx_word' id='word_1_682' title='bbox 3004 4023 3298 4090; x_wconf 81' lang='lat' dir='ltr'><strong>potentiam</strong></span> <span class='ocrx_word' id='word_1_683' title='bbox 3335 4043 3429 4096; x_wconf 54' lang='lat' dir='ltr'><strong>vas</strong></span> 
     </span>
    </p>
   </div>
   <div class='ocr_carea' id='block_1_96' title="bbox 1831 4095 3428 4190">
    <p class='ocr_par' dir='ltr' id='par_1_96' title="bbox 1831 4095 3428 4190">
     <span class='ocr_line' id='line_1_96' title="bbox 1831 4095 3428 4190; baseline 0.019 -43"><span class='ocrx_word' id='word_1_684' title='bbox 1831 4095 2134 4162; x_wconf 88' lang='lat' dir='ltr'><strong>cuandam;</strong></span> <span class='ocrx_word' id='word_1_685' title='bbox 2168 4098 2224 4158; x_wconf 77' lang='lat' dir='ltr'><strong>in</strong></span> <span class='ocrx_word' id='word_1_686' title='bbox 2253 4102 2439 4169; x_wconf 71' lang='lat' dir='ltr'><strong>prmlio</strong></span> <span class='ocrx_word' id='word_1_687' title='bbox 2473 4103 2564 4160; x_wconf 92' lang='lat' dir='ltr'><strong>illo</strong></span> <span class='ocrx_word' id='word_1_688' title='bbox 2590 4107 2777 4182; x_wconf 78' lang='lat' dir='ltr'><strong>utique</strong></span> <span class='ocrx_word' id='word_1_689' title='bbox 2825 4109 3072 4178; x_wconf 81' lang='lat' dir='ltr'><strong>salutari,</strong></span> <span class='ocrx_word' id='word_1_690' title='bbox 3122 4131 3228 4186; x_wconf 91' lang='lat' dir='ltr'><strong>quo</strong></span> <span class='ocrx_word' id='word_1_691' title='bbox 3276 4133 3428 4190; x_wconf 65' lang='lat' dir='ltr'><strong>pote~</strong></span> 
     </span>
    </p>
   </div>
   <div class='ocr_carea' id='block_1_97' title="bbox 1828 4194 3424 4280">
    <p class='ocr_par' dir='ltr' id='par_1_97' title="bbox 1828 4194 3424 4280">
     <span class='ocr_line' id='line_1_97' title="bbox 1828 4194 3424 4280; baseline 0.015 -39"><span class='ocrx_word' id='word_1_692' title='bbox 1828 4196 1996 4243; x_wconf 87' lang='lat' dir='ltr'><strong>states</strong></span> <span class='ocrx_word' id='word_1_693' title='bbox 2042 4204 2235 4247; x_wconf 87' lang='lat' dir='ltr'><strong>aereas</strong></span> <span class='ocrx_word' id='word_1_694' title='bbox 2276 4194 2621 4264; x_wconf 84' lang='lat' dir='ltr'><strong>singulariter</strong></span> <span class='ocrx_word' id='word_1_695' title='bbox 2651 4201 2960 4258; x_wconf 74' lang='lat' dir='ltr'><strong>debellavit.</strong></span> <span class='ocrx_word' id='word_1_696' title='bbox 3004 4204 3313 4280; x_wconf 76' lang='lat' dir='ltr'><strong>Resurgens</strong></span> <span class='ocrx_word' id='word_1_697' title='bbox 3353 4216 3424 4267; x_wconf 87' lang='lat' dir='ltr'><strong>ah</strong></span> 
     </span>
    </p>
   </div>
   <div class='ocr_carea' id='block_1_98' title="bbox 1831 4267 3417 4368">
    <p class='ocr_par' dir='ltr' id='par_1_98' title="bbox 1831 4267 3417 4368">
     <span class='ocr_line' id='line_1_98' title="bbox 1831 4267 3417 4368; baseline 0.016 -35"><span class='ocrx_word' id='word_1_698' title='bbox 1831 4267 2040 4347; x_wconf 71' lang='lat' dir='ltr'><strong>inferis,</strong></span> <span class='ocrx_word' id='word_1_699' title='bbox 2063 4295 2115 4338; x_wconf 81' lang='lat' dir='ltr'><strong>et</strong></span> <span class='ocrx_word' id='word_1_700' title='bbox 2139 4285 2394 4342; x_wconf 87' lang='lat' dir='ltr'><strong>solemnis</strong></span> <span class='ocrx_word' id='word_1_701' title='bbox 2425 4290 2662 4345; x_wconf 64' lang='lat' dir='ltr'><strong>victoriae</strong></span> <span class='ocrx_word' id='word_1_702' title='bbox 2695 4295 2886 4350; x_wconf 84' lang='lat' dir='ltr'><strong>vexilla</strong></span> <span class='ocrx_word' id='word_1_703' title='bbox 2915 4309 3216 4368; x_wconf 90' lang='lat' dir='ltr'><strong>reportans,</strong></span> <span class='ocrx_word' id='word_1_704' title='bbox 3241 4303 3417 4358; x_wconf 82' lang='lat' dir='ltr'><strong>homi-</strong></span> 
     </span>
    </p>
   </div>
   <div class='ocr_carea' id='block_1_99' title="bbox 1829 4373 3414 4454">
    <p class='ocr_par' dir='ltr' id='par_1_99' title="bbox 1829 4373 3414 4454">
     <span class='ocr_line' id='line_1_99' title="bbox 1829 4373 3414 4454; baseline 0.013 -30"><span class='ocrx_word' id='word_1_705' title='bbox 1829 4385 1952 4425; x_wconf 90' lang='lat' dir='ltr'><strong>nem</strong></span> <span class='ocrx_word' id='word_1_706' title='bbox 1983 4373 2189 4428; x_wconf 85' lang='lat' dir='ltr'><strong>tmitutn</strong></span> <span class='ocrx_word' id='word_1_707' title='bbox 2222 4376 2350 4441; x_wconf 84' lang='lat' dir='ltr'><strong>sibi,</strong></span> <span class='ocrx_word' id='word_1_708' title='bbox 2379 4393 2540 4449; x_wconf 89' lang='lat' dir='ltr'><strong>quem</strong></span> <span class='ocrx_word' id='word_1_709' title='bbox 2573 4396 2846 4452; x_wconf 86' lang='lat' dir='ltr'><strong>nunquam</strong></span> <span class='ocrx_word' id='word_1_710' title='bbox 2873 4385 3096 4454; x_wconf 87' lang='lat' dir='ltr'><strong>dimisit,</strong></span> <span class='ocrx_word' id='word_1_711' title='bbox 3124 4392 3414 4446; x_wconf 83' lang='lat' dir='ltr'><strong>resuscita-</strong></span> 
     </span>
    </p>
   </div>
   <div class='ocr_carea' id='block_1_100' title="bbox 1829 4463 3415 4544">
    <p class='ocr_par' dir='ltr' id='par_1_100' title="bbox 1829 4463 3415 4544">
     <span class='ocr_line' id='line_1_100' title="bbox 1829 4463 3415 4544; baseline 0.018 -30"><span class='ocrx_word' id='word_1_712' title='bbox 1829 4463 1991 4524; x_wconf 88' lang='lat' dir='ltr'><strong>vit,et</strong></span> <span class='ocrx_word' id='word_1_713' title='bbox 2014 4466 2407 4538; x_wconf 85' lang='lat' dir='ltr'><strong>triutnphatrici</strong></span> <span class='ocrx_word' id='word_1_714' title='bbox 2432 4472 2606 4542; x_wconf 87' lang='lat' dir='ltr'><strong>palma</strong></span> <span class='ocrx_word' id='word_1_715' title='bbox 2632 4476 2782 4531; x_wconf 82' lang='lat' dir='ltr'><strong>ccelis</strong></span> <span class='ocrx_word' id='word_1_716' title='bbox 2809 4478 3074 4544; x_wconf 87' lang='lat' dir='ltr'><strong>invectus,</strong></span> <span class='ocrx_word' id='word_1_717' title='bbox 3093 4481 3237 4538; x_wconf 84' lang='lat' dir='ltr'><strong>Patri</strong></span> <span class='ocrx_word' id='word_1_718' title='bbox 3260 4500 3415 4542; x_wconf 72' lang='lat' dir='ltr'><strong>ovean</strong></span> 
     </span>
    </p>
   </div>
   <div class='ocr_carea' id='block_1_101' title="bbox 1823 4554 3413 4644">
    <p class='ocr_par' dir='ltr' id='par_1_101' title="bbox 1823 4554 3413 4644">
     <span class='ocr_line' id='line_1_101' title="bbox 1823 4554 3413 4644; baseline 0.015 -38"><span class='ocrx_word' id='word_1_719' title='bbox 1823 4554 2203 4623; x_wconf 91' lang='lat' dir='ltr'><strong>centesimam,</strong></span> <span class='ocrx_word' id='word_1_720' title='bbox 2234 4573 2395 4628; x_wconf 89' lang='lat' dir='ltr'><strong>quam</strong></span> <span class='ocrx_word' id='word_1_721' title='bbox 2432 4564 2741 4631; x_wconf 90' lang='lat' dir='ltr'><strong>perdiderat</strong></span> <span class='ocrx_word' id='word_1_722' title='bbox 2780 4566 2934 4636; x_wconf 88' lang='lat' dir='ltr'><strong>(Luc.</strong></span> <span class='ocrx_word' id='word_1_723' title='bbox 2978 4575 3090 4641; x_wconf 86' lang='lat' dir='ltr'><strong>xv).</strong></span> <span class='ocrx_word' id='word_1_724' title='bbox 3118 4588 3413 4644; x_wconf 67' lang='lat' dir='ltr'><strong>repraaseu-</strong></span> 
     </span>
    </p>
   </div>
   <div class='ocr_carea' id='block_1_102' title="bbox 1822 4647 3409 4736">
    <p class='ocr_par' dir='ltr' id='par_1_102' title="bbox 1822 4647 3409 4736">
     <span class='ocr_line' id='line_1_102' title="bbox 1822 4647 3409 4736; baseline 0.016 -40"><span class='ocrx_word' id='word_1_725' title='bbox 1822 4653 1963 4709; x_wconf 88' lang='lat' dir='ltr'><strong>tans,</strong></span> <span class='ocrx_word' id='word_1_726' title='bbox 1987 4647 2136 4702; x_wconf 91' lang='lat' dir='ltr'><strong>audit</strong></span> <span class='ocrx_word' id='word_1_727' title='bbox 2161 4649 2229 4704; x_wconf 85' lang='lat' dir='ltr'><strong>ab</strong></span> <span class='ocrx_word' id='word_1_728' title='bbox 2260 4652 2500 4723; x_wconf 79' lang='lat' dir='ltr'><strong>angelis:</strong></span> <span class='ocrx_word' id='word_1_729' title='bbox 2528 4675 2547 4708; x_wconf 73' lang='grc' dir='ltr'><em>ς</em></span> <span class='ocrx_word' id='word_1_730' title='bbox 2579 4656 2712 4726; x_wconf 86' lang='lat' dir='ltr'><strong>Quis</strong></span> <span class='ocrx_word' id='word_1_731' title='bbox 2749 4669 2832 4714; x_wconf 90' lang='lat' dir='ltr'><strong>est</strong></span> <span class='ocrx_word' id='word_1_732' title='bbox 2873 4662 2972 4718; x_wconf 83' lang='lat' dir='ltr'><strong>iste</strong></span> <span class='ocrx_word' id='word_1_733' title='bbox 3011 4679 3105 4720; x_wconf 82' lang='lat' dir='ltr'><strong>rex</strong></span> <span class='ocrx_word' id='word_1_734' title='bbox 3137 4665 3362 4736; x_wconf 84' lang='lat' dir='ltr'><strong>glori.e?</strong></span> <span class='ocrx_word' id='word_1_735' title='bbox 3389 4689 3409 4721; x_wconf 70' lang='grc' dir='ltr'><strong><em>ι</em></strong></span> 
     </span>
    </p>
   </div>
   <div class='ocr_carea' id='block_1_103' title="bbox 1819 4735 3416 4828">
    <p class='ocr_par' dir='ltr' id='par_1_103' title="bbox 1819 4735 3416 4828">
     <span class='ocr_line' id='line_1_103' title="bbox 1819 4735 3416 4828; baseline 0.017 -40"><span class='ocrx_word' id='word_1_736' title='bbox 1819 4735 1913 4789; x_wconf 85' lang='lat' dir='ltr'><strong>sed</strong></span> <span class='ocrx_word' id='word_1_737' title='bbox 1940 4746 1994 4791; x_wconf 91' lang='lat' dir='ltr'><strong>et</strong></span> <span class='ocrx_word' id='word_1_738' title='bbox 2021 4738 2225 4794; x_wconf 86' lang='lat' dir='ltr'><strong>eisdem</strong></span> <span class='ocrx_word' id='word_1_739' title='bbox 2251 4743 2714 4804; x_wconf 84' lang='lat' dir='ltr'><strong>conclamantibus</strong></span> <span class='ocrx_word' id='word_1_740' title='bbox 2745 4768 2758 4804; x_wconf 91' lang='lat'>:</span> <span class='ocrx_word' id='word_1_741' title='bbox 2798 4769 2817 4802; x_wconf 72' lang='grc' dir='ltr'>ι</span> <span class='ocrx_word' id='word_1_742' title='bbox 2845 4753 3104 4812; x_wconf 87' lang='lat' dir='ltr'><strong>Dominus</strong></span> <span class='ocrx_word' id='word_1_743' title='bbox 3131 4756 3416 4828; x_wconf 89' lang='lat' dir='ltr'><strong>virtutum,</strong></span> 
     </span>
    </p>
   </div>
   <div class='ocr_carea' id='block_1_104' title="bbox 1819 4824 3420 4911">
    <p class='ocr_par' dir='ltr' id='par_1_104' title="bbox 1819 4824 3420 4911">
     <span class='ocr_line' id='line_1_104' title="bbox 1819 4824 3420 4911; baseline 0.019 -35"><span class='ocrx_word' id='word_1_744' title='bbox 1819 4824 1932 4893; x_wconf 88' lang='lat' dir='ltr'><strong>ipse</strong></span> <span class='ocrx_word' id='word_1_745' title='bbox 1960 4835 2044 4880; x_wconf 91' lang='lat' dir='ltr'><strong>est</strong></span> <span class='ocrx_word' id='word_1_746' title='bbox 2071 4844 2159 4882; x_wconf 90' lang='lat' dir='ltr'><strong>rex</strong></span> <span class='ocrx_word' id='word_1_747' title='bbox 2193 4831 2374 4902; x_wconf 79' lang='lat' dir='ltr'><strong>gloria:</strong></span> <span class='ocrx_word' id='word_1_748' title='bbox 2393 4833 2562 4903; x_wconf 76' lang='lat' dir='ltr'><strong>(Paul.</strong></span> <span class='ocrx_word' id='word_1_749' title='bbox 2585 4839 2808 4911; x_wconf 46' lang='lat' dir='ltr'><strong>um)“</strong></span> <span class='ocrx_word' id='word_1_750' title='bbox 2830 4842 3094 4900; x_wconf 74' lang='lat' dir='ltr'><strong>cmlorum</strong></span> <span class='ocrx_word' id='word_1_751' title='bbox 3125 4848 3420 4908; x_wconf 87' lang='lat' dir='ltr'><strong>insonuere</strong></span> 
     </span>
    </p>
   </div>
   <div class='ocr_carea' id='block_1_105' title="bbox 1818 4914 3430 5006">
    <p class='ocr_par' dir='ltr' id='par_1_105' title="bbox 1818 4914 3430 5006">
     <span class='ocr_line' id='line_1_105' title="bbox 1818 4914 3430 5006; baseline 0.021 -38"><span class='ocrx_word' id='word_1_752' title='bbox 1818 4914 2042 4993; x_wconf 75' lang='lat' dir='ltr'><strong>palatio,</strong></span> <span class='ocrx_word' id='word_1_753' title='bbox 2074 4930 2129 4974; x_wconf 90' lang='lat' dir='ltr'><strong>et</strong></span> <span class='ocrx_word' id='word_1_754' title='bbox 2171 4931 2275 4977; x_wconf 88' lang='lat' dir='ltr'><strong>tota</strong></span> <span class='ocrx_word' id='word_1_755' title='bbox 2308 4939 2470 4994; x_wconf 88' lang='lat' dir='ltr'><strong>super</strong></span> <span class='ocrx_word' id='word_1_756' title='bbox 2511 4930 2750 4986; x_wconf 66' lang='lat' dir='ltr'><strong>caelestis</strong></span> <span class='ocrx_word' id='word_1_757' title='bbox 2789 4933 2982 4989; x_wconf 87' lang='lat' dir='ltr'><strong>domus</strong></span> <span class='ocrx_word' id='word_1_758' title='bbox 3020 4937 3430 5006; x_wconf 82' lang='lat' dir='ltr'><strong>profusioribus</strong></span> 
     </span>
    </p>
   </div>
   <div class='ocr_carea' id='block_1_106' title="bbox 1816 5007 3437 5092">
    <p class='ocr_par' dir='ltr' id='par_1_106' title="bbox 1816 5007 3437 5092">
     <span class='ocr_line' id='line_1_106' title="bbox 1816 5007 3437 5092; baseline 0.022 -35"><span class='ocrx_word' id='word_1_759' title='bbox 1816 5007 2028 5078; x_wconf 83' lang='lat' dir='ltr'><strong>gaudiis</strong></span> <span class='ocrx_word' id='word_1_760' title='bbox 2055 5011 2354 5068; x_wconf 83' lang='lat' dir='ltr'><strong>inundavit.</strong></span> <span class='ocrx_word' id='word_1_761' title='bbox 2397 5015 2534 5072; x_wconf 88' lang='lat' dir='ltr'><strong>Vere</strong></span> <span class='ocrx_word' id='word_1_762' title='bbox 2554 5019 2816 5080; x_wconf 89' lang='lat' dir='ltr'><strong>Dominus</strong></span> <span class='ocrx_word' id='word_1_763' title='bbox 2838 5026 3109 5084; x_wconf 90' lang='lat' dir='ltr'><strong>virtutum</strong></span> <span class='ocrx_word' id='word_1_764' title='bbox 3143 5030 3194 5084; x_wconf 93' lang='lat' dir='ltr'><strong>in</strong></span> <span class='ocrx_word' id='word_1_765' title='bbox 3225 5029 3437 5092; x_wconf 84' lang='lat' dir='ltr'><strong>Resur-</strong></span> 
     </span>
    </p>
   </div>
   <div class='ocr_carea' id='block_1_107' title="bbox 1817 5089 3435 5193">
    <p class='ocr_par' dir='ltr' id='par_1_107' title="bbox 1817 5089 3435 5193">
     <span class='ocr_line' id='line_1_107' title="bbox 1817 5089 3435 5193; baseline 0.019 -45"><span class='ocrx_word' id='word_1_766' title='bbox 1817 5089 2337 5158; x_wconf 29' lang='lat' dir='ltr'><strong>rection’e’virtutem</strong></span> <span class='ocrx_word' id='word_1_767' title='bbox 2376 5104 2601 5177; x_wconf 83' lang='lat' dir='ltr'><strong>faciens,</strong></span> <span class='ocrx_word' id='word_1_768' title='bbox 2652 5129 2816 5182; x_wconf 87' lang='lat' dir='ltr'><strong>quam</strong></span> <span class='ocrx_word' id='word_1_769' title='bbox 2863 5123 2996 5175; x_wconf 85' lang='lat' dir='ltr'><strong>ante</strong></span> <span class='ocrx_word' id='word_1_770' title='bbox 3045 5136 3150 5174; x_wconf 90' lang='lat' dir='ltr'><strong>non</strong></span> <span class='ocrx_word' id='word_1_771' title='bbox 3194 5119 3435 5193; x_wconf 75' lang='lat' dir='ltr'><strong>fecerat,</strong></span> 
     </span>
    </p>
   </div>
   <div class='ocr_carea' id='block_1_108' title="bbox 1814 5186 3438 5286">
    <p class='ocr_par' dir='ltr' id='par_1_108' title="bbox 1814 5186 3438 5286">
     <span class='ocr_line' id='line_1_108' title="bbox 1814 5186 3438 5286; baseline 0.017 -46"><span class='ocrx_word' id='word_1_772' title='bbox 1814 5186 2088 5244; x_wconf 77' lang='lat' dir='ltr'><strong>redimens</strong></span> <span class='ocrx_word' id='word_1_773' title='bbox 2120 5209 2332 5249; x_wconf 89' lang='lat' dir='ltr'><strong>servum</strong></span> <span class='ocrx_word' id='word_1_774' title='bbox 2352 5236 2368 5258; x_wconf 89' lang='lat'><strong>,</strong></span> <span class='ocrx_word' id='word_1_775' title='bbox 2399 5204 2453 5249; x_wconf 89' lang='lat' dir='ltr'><strong>et</strong></span> <span class='ocrx_word' id='word_1_776' title='bbox 2479 5214 2576 5265; x_wconf 86' lang='lat' dir='ltr'><strong>pro</strong></span> <span class='ocrx_word' id='word_1_777' title='bbox 2604 5217 2761 5257; x_wconf 86' lang='lat' dir='ltr'><strong>servo</strong></span> <span class='ocrx_word' id='word_1_778' title='bbox 2792 5205 2963 5260; x_wconf 90' lang='lat' dir='ltr'><strong>filium</strong></span> <span class='ocrx_word' id='word_1_779' title='bbox 3000 5208 3261 5286; x_wconf 79' lang='lat' dir='ltr'><strong>efliciens.</strong></span> <span class='ocrx_word' id='word_1_780' title='bbox 3303 5216 3438 5272; x_wconf 78' lang='lat' dir='ltr'><strong>Cia-</strong></span> 
     </span>
    </p>
   </div>
   <div class='ocr_carea' id='block_1_109' title="bbox 1813 5277 3099 5328">
    <p class='ocr_par' dir='ltr' id='par_1_109' title="bbox 1813 5277 3099 5328">
     <span class='ocr_line' id='line_1_109' title="bbox 1813 5277 3099 5328; baseline 0 0"><span class='ocrx_word' id='word_1_781' title='bbox 1813 5277 2028 5328; x_wconf 79' lang='lat' dir='ltr'><strong>riSsima</strong></span> <span class='ocrx_word' id='word_1_782' title='bbox 2056 5295 2233 5328; x_wconf 75' lang='lat' dir='ltr'><strong>anlmn</strong></span> <span class='ocrx_word' id='word_1_783' title='bbox 2278 5287 2619 5328; x_wconf 67' lang='lat' dir='ltr'><strong>Acnprminnie</strong></span> <span class='ocrx_word' id='word_1_784' title='bbox 2666 5281 2752 5328; x_wconf 65' lang='grc' dir='ltr'><strong>,Ιίιῷ</strong></span> <span class='ocrx_word' id='word_1_785' title='bbox 2822 5283 3054 5328; x_wconf 54' lang='lat' dir='ltr'><strong>tim-uuln</strong></span> <span class='ocrx_word' id='word_1_786' title='bbox 3097 5289 3099 5291; x_wconf 71' lang='grc'><strong>’</strong></span> 
     </span>
    </p>
   </div>
   <div class='ocr_carea' id='block_1_110' title="bbox 3121 5301 3432 5328">
    <p class='ocr_par' dir='ltr' id='par_1_110' title="bbox 3121 5301 3432 5328">
     <span class='ocr_line' id='line_1_110' title="bbox 3121 5301 3432 5328; baseline 0 0"><span class='ocrx_word' id='word_1_787' title='bbox 3121 5301 3432 5328; x_wconf 61' lang='lat' dir='ltr'><strong>lv:.&#39;nnl:l.---</strong></span> 
     </span>
    </p>
   </div>
  </div>
