3978 5328
541 189 651 243 719

1089 187 1145 243 S.
1181 191 1380 244 PETRI
1417 189 1697 245 DAMIANI
1739 190 1888 246 OPP.
1932 185 2112 244 PARS
2147 183 2281 242 SEU
2317 186 2551 242 TOMUS
2586 188 2645 241 ll.
2688 219 2753 228 —
2797 187 3180 242 SERMONES.
3655 189 3743 242 720

545 303 612 352 ad
645 300 861 364 Filium,
901 310 954 355 et
987 301 1359 356 ascendentem
1392 301 1662 356 demirans
1689 293 1762 354 ait
1791 320 1802 352 :
1831 305 1846 350 ὰ
1877 303 2010 366 Quis
2039 307 2120 351 cst
2149 303 2194 359 Α
2225 301 2481 365 sublime;
2513 309 2564 354 et
2594 310 2712 354 orat
2733 302 2918 355 beatus
2943 294 3046 354 'Job
3077 308 3134 353 ut
3160 300 3205 353 ei
3237 299 3393 353 multa
3418 303 3749 370 suppressione

547 392 664 453 iste,
689 392 776 459 qui
807 393 953 445 venit
981 392 1047 446 de
1074 391 1238 445 Edom
1256 431 1270 455 ,
1298 392 1478 446 tinctis
1501 390 1740 445 vestibus
1765 391 1830 444 de
1857 389 2066 450 Bosra?
2095 407 2112 438 ι

543 479 678 547 (Isa.
729 481 905 549 ant.)
946 479 1200 535 Videntes
1234 480 1377 534 enim
1403 495 1540 534 leum
1586 481 1861 550 sanguinei
1908 479 2118 533 ruboris

545 569 682 622 unda
730 566 1028 637 perfusum,
1060 569 1330 622 mirantur
1354 568 1471 638 ejus
1498 569 1831 638 patientiam,
1873 578 1927 624 et
1965 571 2118 623 saevi-

541 661 668 714 tiam
701 659 1028 725 Judaaorum,
1055 662 1148 730 qui
1178 676 1284 715 non
1317 671 1440 716 sunt
1465 662 1620 717 veriti
1652 661 1844 716 Filium
1871 661 1964 715 Dei
1994 676 2118 714 cru-

538 751 619 806 cis
655 751 942 820 ignominia
972 751 1350 805 condemnare.
1396 771 1413 803 ι
1441 749 1726 816 Gradiens,
1765 751 2031 820 inquiunt,
2061 751 2113 804 in

537 839 880 896 .multitudine
910 841 1243 896 fortitudinis
1273 856 1382 896 sua:
1419 841 1607 912 (lbid.)
1635 860 1648 895 :
1679 861 1698 895 ι
1730 856 1832 896 non
1859 841 2028 896 solum
2060 842 2112 894 in

539 928 883 995 fortitudine,
923 931 1016 986 sed
1054 931 1217 984 etiam
1265 932 1318 984 in
1370 931 1707 986 multitudine
1753 932 2111 996 fortitudinis;

537 1020 661 1088 quia
691 1021 830 1074 nulla
866 1021 1117 1075 fortitudo
1145 1021 1331 1075 fortior
1358 1020 1472 1083 fuit,
1507 1037 1665 1090 quam
1699 1021 1966 1077 redimere
1994 1037 2112 1076 scr-

537 1126 682 1175 vum,
715 1119 769 1166 et
803 1114 854 1166 in
890 1113 1184 1167 divinitatis
1214 1115 1429 1168 dextera
1465 1123 1722 1184 perpetuo
1754 1115 2038 1171 collocare.

535 1240 544 1247 .
609 1202 700 1256 lla:
727 1211 852 1256 sunt
894 1203 998 1257 illae
1023 1218 1182 1258 voces
1209 1219 1328 1272 qua:
1356 1205 1766 1261 descendentem
1797 1207 1862 1260 ad
1890 1206 2110 1272 inferos,

538 1291 606 1347 ab
657 1292 844 1347 inferis
900 1301 1307 1362 resurgentem,
1360 1295 1735 1350 ascendentem
1781 1296 1847 1349 ad
1902 1294 2065 1350 coalos
2096 1335 2110 1358 ,

538 1380 849 1436 multiformi
875 1383 1144 1450 praeconio
1179 1393 1596 1454 prosequuntur.
1637 1385 1740 1441 Sed
1757 1368 1868 1454 jam
1899 1394 2112 1439 verten-

536 1470 637 1523 dus
679 1477 764 1522 est
803 1471 974 1539 stylus
1010 1469 1076 1523 ad
1125 1479 1366 1525 sanctam
1413 1481 1742 1538 sanctarum,
1792 1483 1846 1528 et
1897 1473 2110 1529 illorum

536 1561 819 1614 ret-borum
866 1561 1143 1614 enodanda
1190 1563 1508 1631 proprietas,
1553 1579 1670 1633 qua:
1707 1565 1905 1636 Virgini
1948 1568 2108 1620 matri

2222 390 2522 454 claudatur,
2565 391 2790 446 dicens:
2819 387 2982 460 205.
3031 406 3048 439 ι
3080 387 3195 443 Non
3247 388 3422 442 videat
3457 397 3621 442 ortum
3655 405 3750 444 sur~

2221 483 2395 550 gentis
2434 496 2644 535 aurorae
2686 480 2806 549 (Job
2854 481 2954 549 Ill).
2988 499 3006 530 υ
3051 479 3197 533 Tuus
3259 487 3342 533 est
3379 479 3512 542 dies,
3543 478 3746 544 Domine,

2219 569 2273 622 in
2301 584 2406 638 quo
2435 569 2604 623 Adam
2634 578 2717 623 est
2740 569 3019 633 conditus;
3048 578 3137 621 tua
3158 577 3240 622 est
3263 583 3384 630 nox,
3410 568 3462 621 in
3489 583 3587 637 qua
3611 569 3747 622 Adam

2220 674 2250 713 a
2292 661 2377 714 die
2420 669 2502 715 cst
2531 660 2765 730 ejectus;
2813 669 2868 712 tu
2904 659 3197 713 fabricatus
3218 673 3276 713 es
3302 673 3565 724 auroram,
3607 659 3652 713 id
3685 670 3750 715 est

2218 751 2492 820 Virginem
2520 758 2747 804 matrem
2777 765 2790 802 :
2820 759 2875 804 et
2916 748 3102 814 solem,
3145 747 3326 802 Solem
3373 747 3608 802 videlicet
3622 746 3748 816 justi-

2218 841 2326 906 tiae,
2355 841 2444 909 qui
2468 841 2532 894 dc
2556 839 2801 910 virginali
2831 839 3065 893 thalamo
3094 837 3451 892 consurrexit.
3491 835 3614 890 Nam
3637 839 3749 891 sicut

2217 946 2410 985 aurora
2453 930 2740 984 terminum
2774 929 2970 993 noctis,
2996 927 3104 982 diei
3136 926 3459 996 principium
3493 925 3662 980 adesse
3685 935 3745 980 tc-

2215 1031 2411 1087 statur,
2443 1022 2521 1078 sic
2549 1031 2602 1076 ct
2635 1021 2797 1090 Virgo
2826 1029 3040 1074 noctem
3069 1018 3275 1088 expulit
3302 1019 3682 1087 sempiternam,
3705 1028 3747 1070 et

2217 1110 2282 1164 de
2302 1111 2388 1164 die
2416 1110 2579 1172 diem,
2608 1110 2673 1164 de
2707 1118 2848 1164 terra
2876 1122 2986 1163 sua:
3017 1106 3340 1177 virginitatis
3371 1115 3628 1169 exortum,
3660 1115 3744 1160 ter-

2217 1203 2291 1257 ris
2328 1202 2540 1257 infudit.

2288 1291 2650 1361 Progreditur,
2693 1291 2887 1360 inquit,
2927 1289 3078 1359 quasi
3119 1287 3304 1358 procul
3343 1285 3625 1357 egreditur,
3649 1286 3746 1355 quia

2213 1381 2420 1450 procul,
2464 1389 2516 1434 ct
2557 1381 2622 1435 de
2661 1381 2864 1434 ultimis
2920 1380 3116 1434 finibus
3169 1378 3400 1447 pretium
3453 1377 3565 1446 ejus
3600 1373 3743 1447 (Ρτοιι.

2216 1471 2386 1540 xxxi).
2421 1471 2652 1536 Aurora,
2682 1471 2803 1540 quia
2854 1472 3028 1525 noctis
3083 1471 3228 1534 finis,
3273 1479 3328 1523 et
3366 1469 3502 1523 lucis
3544 1469 3744 1533 initium;

2212 1578 2558 1633 consurgens,
2597 1566 2720 1634 quia
2762 1564 2828 1619 de
2859 1564 3084 1619 cadente
3121 1576 3512 1632 supersurgens
3539 1559 3742 1614 materia.

532 1659 660 1702 sunt
701 1648 1004 1717 specialiter
1061 1649 1322 1705 dedicata.
1385 1651 1490 1706 Sed
1522 1653 1596 1706 uti
1639 1653 2102 1723 superliminarem
2136 1641 2182 1700 Β
2209 1654 2436 1708 Pulchra
2471 1663 2529 1707 ut
2571 1646 2720 1708 luna.
2761 1653 2900 1721 Quid
2931 1653 3053 1707 luna
3101 1653 3402 1722 pulchrius,
3454 1666 3570 1706 cum
3612 1649 3748 1704 stellis

534 1746 748 1799 titulum
787 1746 839 1798 in
901 1744 1077 1798 fronte
1121 1744 1284 1799 futuri
1325 1747 1534 1801 aedificii
1574 1762 1937 1816 proponamus
1963 1789 1978 1814 ,
2027 1749 2106 1803 di-
2207 1746 2614 1801 coruscantibus
2639 1747 2690 1799 in
2715 1745 2971 1815 signifero
2998 1745 3170 1800 limite
3199 1745 3526 1814 reliquorum
3551 1743 3744 1795 siderum

527 1853 717 1893 camus
769 1837 1006 1892 breviter
1070 1837 1192 1906 quia
1266 1839 1439 1907 prima
1471 1839 1822 1911 interrogatio
1856 1842 2105 1896 convenit
2207 1835 2545 1903 splendorem
2594 1835 2848 1890 excedit?
2885 1834 3177 1890 Considera
3225 1849 3388 1902 quam
3434 1833 3684 1887 stellarum
3707 1841 3748 1883 ct

531 1927 648 1998 ejus
669 1926 967 1992 Nativitati,
991 1931 1222 1983 secunda
1247 1929 1359 1998 ejus
1388 1933 1804 1996 conversationi,
1829 1933 1984 1986 tertia
2013 1933 2104 1986 As-
2205 1940 2396 1980 serena
2449 1925 2699 1989 νίιπδῑίον
2741 1941 2904 1994 quam
2933 1925 3230 1980 Ῑυωίηοευε
3258 1923 3440 1994 MBO“
3472 1922 3548 1976 Cir
3551 1921 3747 1976 001mm

539 2019 850 2086 sumptioni.
897 2036 914 2068 ‹
939 2017 1066 2084 Qua:
1103 2028 1184 2072 est
1227 2019 1346 2084 ista,
1368 2041 1385 2072 ι
1423 2021 1593 2089 inquit
1623 2022 1855 2092 Spiritus
1885 2030 2093 2078 sanctus

2203 2013 2389 2067 orbem
2413 2014 2546 2067 tanti
2577 2013 2769 2068 sideris
2793 2014 3167 2080 superfundat,
3193 2021 3252 2067 ut
3273 2012 3502 2066 aliorum
3525 2010 3746 2064 luminum

532 2109 602 2172 de
631 2109 750 2176 ejus
786 2107 1106 2172 Nativitate,
1151 2124 1306 2177 «quae
1343 2110 1706 2181 progreditur,
1748 2112 1884 2166 sicut
1907 2127 2099 2166 aurora
2203 2104 2507 2158 claritatem
2563 2118 2666 2157 non
2708 2103 3052 2158 mediocriter
3090 2101 3357 2157 ofl‘uscet?
3398 2101 3492 2155 Sic
3535 2109 3586 2155 et
3616 2098 3746 2166 Virgo

531 2210 889 2270 consurgens,
929 2196 1152 2266 pulchra
1184 2204 1242 2250 ut
1279 2197 1424 2263 luna,
1455 2199 1624 2253 electa
1648 2200 1824 2266 utsol,
1852 2201 2102 2256 terribilis
2204 2195 2346 2249 inter
2383 2194 2593 2248 animas
2617 2203 2927 2249 sanctorum
2958 2201 3012 2248 et
3041 2192 3349 2263 angelorum
3381 2193 3573 2246 choros
3596 2204 3749 2257 super-

521 2295 589 2355 ,μι
623 2296 923 2340 casu-orum
957 2287 1101 2342 acies
1141 2288 1386 2344 ordinata
1414 2290 1436 2343 ?
1462 2309 1480 2340 ι
1519 2289 1694 2360 (Cant,
1732 2292 1829 2361 γι.)
1865 2291 1988 2347 Ηωο
2019 2301 2103 2348 εει
2201 2287 2443 2340 eminens
2477 2295 2533 2340 et
2575 2294 2782 2352 evecta,
2833 2285 3024 2341 merita
3065 2284 3397 2355 singulorum
3450 2291 3506 2336 et
3545 2280 3744 2336 omnium

532 2395 551 2427 ι
583 2391 702 2444 quae
751 2378 976 2452 nescivit
1011 2387 1186 2448 torum
1225 2381 1276 2436 in
1315 2381 1510 2436 delicto
1542 2381 1692 2451 (Sap.
1737 2383 1839 2453 ιιι),
1876 2403 1892 2434 ι
1941 2383 2100 2454 Virgo
2203 2376 2384 2431 titulos
2413 2376 2700 2432 antecedit.
2739 2375 3273 2442 Quantumlibetaliaa
3295 2373 3468 2428 stella:
3494 2373 3744 2432 reluceant,

524 2466 616 2538 Dei
650 2467 783 2522 Filio
826 2469 1172 2539 singulariter
1207 2482 1538 2537 consecrata,
1572 2473 1880 2543 specialiter
1909 2482 2098 2530 sancto

523 2554 801 2627 conjugata
857 2557 1102 2629 Spiritui.
1178 2561 1350 2626 «Quae
1396 2561 1772 2631 progreditur,
1803 2581 1820 2613 ι
1884 2563 2096 2631 inquit,

527 2632 545 2698 ἆ
584 2649 724 2702 sicut
764 2663 955 2703 aurora
995 2665 1340 2722 consurgens.
1372 2671 1390 2704 ›
1434 2652 1603 2718 Quam
1630 2651 1847 2723 elegans
1872 2662 1926 2709 et
1951 2653 2096 2708 clara

521 2737 843 2804 similitudo,
887 2749 942 2794 et
984 2755 1049 2794 ex
1096 2740 1239 2795 illius
1281 2741 1560 2811 disciplina
1603 2742 1964 2810 descendens,
2005 2745 2096 2814 qui

519 2845 787 2884 summum
837 2832 1112 2902 sapientia:
1161 2831 1361 2888 fontem
1420 2834 1472 2888 in
1525 2835 1764 2889 Canticis
1819 2833 2097 2892 afﬂuenter

522 2911 769 2973 inclusit!

2200 2468 2323 2522 luna
2355 2476 2530 2524 tamen
2561 2476 2614 2523 et
2641 2466 3007 2536 magnitudine
3039 2465 3349 2535 praeeminet
3383 2472 3439 2518 et
3477 2461 3740 2532 splendore.

2199 2556 2290 2614 Sic
2320 2569 2600 2627 utramque
2637 2568 2884 2610 naturam
2910 2555 3072 2624 Virgo
3099 2552 3386 2623 singularis
3417 2557 3684 2621 exsuperat
3703 2555 3744 2601 rt

2200 2649 2564 2705 immensitate
2605 2651 2791 2720 gratiae
2833 2657 2888 2703 et
2929 2647 3135 2717 fulgore
3180 2645 3469 2702 virtutum.
3513 2644 3677 2698 Electa
3701 2648 3744 2692 ut

2197 2741 2297 2797 sol.
2339 2742 2488 2796 Hanc
2523 2740 2739 2796 attende
2769 2739 3194 2803 similitudinem,
3225 2751 3327 2806 qua
3356 2735 3506 2790 nulla
3537 2734 3586 2788 in
3615 2731 3744 2788 rebus

2199 2833 2384 2888 mundi
2411 2840 2587 2902 potest
2611 2847 2732 2887 esse
2765 2830 3065 2886 sublimior.
3104 2827 3246 2883 Nihil
3272 2827 3423 2882 enim
3450 2825 3629 2880 habuit
3650 2822 3743 2891 Spi-

2197 2924 2336 2979 ritus
2373 2923 2426 2977 in
2457 2921 2755 2978 visibilibus
2785 2920 3050 2975 creaturis
3085 2917 3460 2982 excellentius,
3490 2916 3570 2972 cui
3598 2912 3745 2970 excel-

587 3011 647 3064 ln
700 3011 999 3067 meridiano
1044 3013 1242 3070 lumine
1285 3016 1490 3085 primus
1528 3017 1615 3071 ille
1651 3033 1846 3088 parens
1880 3029 2095 3076 creatus
2121 3007 2166 3071 C
2197 3013 2414 3068 lentiam
2447 3012 2678 3083 Virginis
2701 3018 3060 3081 compararet.
3102 3008 3266 3063 Multo
3302 3009 3454 3063 enim
3499 3005 3646 3060 altius
3669 3002 3743 3055 ali-

517 3111 620 3166 est,
647 3100 816 3157 factus
851 3104 916 3156 ad
949 3103 1232 3176 imaginem
1259 3119 1311 3162 et
1341 3107 1744 3164 similitudinem
1767 3110 2092 3168 Conditoris.

518 3186 655 3263 Quid
694 3193 838 3247 enim
880 3193 1100 3261 clarius,
1129 3210 1286 3265 quam
1326 3208 1564 3252 creatum
1590 3199 1808 3262 Crcanti
1839 3217 1946 3257 non
1977 3216 2095 3259 esse

425 3325 428 3330 λ
517 3281 874 3336 dissimilem?
930 3302 946 3335 ‹
974 3283 1277 3350 Faciamus,
1320 3287 1511 3356 inquit,
1556 3287 1828 3345 hominem
1860 3291 1926 3346 ad
1957 3291 2092 3346 ima-

516 3371 691 3441 ginem
716 3380 768 3426 et
787 3373 1184 3430 similitudinem
1209 3385 1444 3431 nostram
1472 3375 1622 3448 (Cen.
1655 3380 1714 3451 ι).
1750 3399 1767 3432 ι
1801 3380 2094 3450 Imaginem

516 3462 663 3516 dedit
702 3463 750 3517 ei
795 3463 848 3517 in
891 3465 1212 3532 aeternitate,
1257 3467 1663 3525 similitudinem
1711 3471 1764 3525 in
1820 3473 2088 3538 moribus;

514 3560 576 3624 nt
605 3553 674 3607 sit
701 3552 890 3608 similis
918 3554 1182 3620 Creatori,
1209 3557 1254 3612 si
1283 3572 1385 3612 non
1418 3559 1715 3623 identitate,
1745 3560 2093 3616 similitudine

514 3651 716 3719 tamen.
771 3643 876 3700 Sed
925 3644 1033 3711 ille,
1083 3649 1215 3703 tanti
1269 3649 1532 3722 privilegii
1562 3651 1818 3723 dignitate
1873 3651 2088 3722 rejecta,

515 3745 773 3804 apostatae
799 3739 1020 3808 spiritus
1041 3737 1173 3794 falsa
1196 3741 1552 3810 promissione
1577 3741 1832 3798 delinitur.
1854 3743 2086 3808 inhmsit,

514 3835 568 3879 ct
591 3841 649 3882 se
678 3842 800 3882 cum
825 3831 1130 3898 posteritate
1157 3845 1252 3885 sua
1287 3838 1555 3900 perpetua:
1589 3833 1746 3887 morti
1778 3834 2086 3898 destinavit,

515 3922 569 3966 et
602 3911 854 3970 tenebris.
896 3917 978 3970 Ab
1013 3917 1099 3971 illa
1141 3918 1273 3972 hora
1317 3919 1550 3974 tenebra:
1584 3920 1737 3976 facta:
1775 3904 1899 3977 sunt
1927 3939 2089 3993 super

515 4006 820 4060 universam
851 4016 1047 4061 terram
1078 4023 1246 4076 usque
1276 4009 1342 4064 ad
1373 4010 1682 4081 Virginem;
1717 4027 1815 4068 nec
1843 4013 2088 4069 inventus

515 4105 596 4151 est
642 4096 835 4166 aliquis
869 4098 957 4166 qui
992 4098 1073 4152 vel
1108 4099 1282 4153 exiret
1333 4099 1399 4154 de
1431 4099 1683 4168 tenebris,
1721 4090 1806 4155 vel
1838 4104 2086 4158 tenebras

512 4189 830 4257 dissiparet;
862 4187 953 4242 sed
985 4189 1183 4243 mundo
1221 4201 1502 4245 crescente
1542 4195 1816 4248 concrevit
1858 4205 1913 4250 et
1942 4205 2086 4250 tene-

511 4279 670 4331 brosa
700 4292 916 4348 vorago,
952 4277 1118 4332 donec
1154 4278 1206 4332 in
1236 4278 1609 4334 densissimam
1641 4283 1956 4352 conglobata
2001 4285 2083 4338 ni-

2196 3104 2324 3174 quid
2356 3103 2514 3158 habet
2540 3102 2756 3157 claritas
2783 3100 2911 3157 solis
2935 3113 3099 3170 quam
3126 3097 3294 3163 luna;
3341 3097 3477 3168 quia
3512 3103 3567 3150 et
3594 3095 3637 3150 si
3673 3091 3743 3146 illa

2194 3197 2432 3251 minores
2470 3193 2652 3249 stellas
2691 3193 2965 3258 obscurat,
2997 3206 3102 3246 non
3135 3200 3312 3244 tamen
3346 3188 3563 3257 penitus
3592 3182 3743 3240 occulo

2195 3295 2307 3352 tat;
2333 3285 2420 3340 hic
2448 3299 2575 3340 vero
2602 3283 2832 3340 lucidius
2858 3274 3265 3345 incandescens,
3295 3278 3371 3333 ita
3404 3278 3509 3333 sibi
3537 3276 3741 3331 siderum

2193 3386 2248 3432 et
2276 3376 2414 3431 lunae
2443 3375 2581 3446 rapit
2614 3375 2956 3446 positionem,
3003 3381 3064 3428 ut
3099 3373 3209 3427 sint
3244 3369 3402 3441 quasi
3431 3383 3535 3425 non
3564 3367 3676 3432 sint,
3699 3373 3742 3418 et

2192 3466 2361 3520 videri
2393 3481 2496 3521 non
2522 3467 2748 3535 possint.

2262 3555 2523 3611 Similiter
2569 3565 2623 3611 et
2676 3556 2824 3626 virga
2858 3554 3029 3620 Jesse,
3073 3553 3182 3608 veri
3223 3552 3422 3622 prasvia
3451 3550 3674 3612 luminis,
3697 3548 3741 3602 in

2192 3647 2281 3702 illa
2310 3646 2664 3704 inaccessibili
2701 3647 2818 3702 luce
2845 3647 3148 3718 perlucens,
3181 3645 3260 3700 sic
3286 3653 3633 3713 utrorumque
3653 3641 3742 3709 spi-

2193 3737 2392 3791 rituum
2424 3737 2640 3792 hebetat
2677 3735 3016 3807 dignitatem,
3043 3743 3100 3789 ut
3129 3734 3183 3788 in
3206 3733 3610 3802 comparatione
3640 3729 3740 3782 Vir-

2190 3826 2329 3899 ginis
2373 3839 2473 3880 nec
2513 3825 2720 3896 possint
2769 3839 2867 3882 nec
2900 3824 3128 3880 debeant
3155 3837 3442 3893 apparere.
3495 3820 3574 3875 An
3605 3827 3738 3890 putas

2189 3919 2330 3990 quod
2367 3934 2474 3975 non
2523 3917 2906 3973 contremiscat
2947 3925 3054 3971 tota
3088 3913 3364 3970 rationalis
3407 3922 3649 3970 creatura
3684 3907 3738 3961 ad

2188 4012 2692 4082 contemplationem
2719 4017 2876 4064 tanta:
2897 4007 3214 4078 dignitatis?
3251 4006 3546 4061 Considera
3570 4012 3619 4060 et
3639 4013 3738 4071 qua:

2189 4102 2241 4156 in
2279 4103 2450 4167 cwlis,
2481 4111 2537 4157 et
2575 4116 2693 4170 qua:
2733 4101 2786 4155 in
2833 4101 2991 4154 terris
3040 4099 3092 4155 in
3149 4097 3372 4168 Virgine
3423 4095 3736 4152 refabricata.

2189 4193 2382 4256 Deum,
2424 4192 2515 4262 qui
2559 4191 2752 4246 omium
2783 4189 2959 4259 palma
3005 4190 3245 4253 metitur,
3293 4187 3520 4259 virginei
3565 4183 3736 4242 ventris

2190 4287 2449 4340 brevitate
2475 4281 3239 4351 conclusum,redemptionem
3271 4281 3570 4338 hominum,
3598 4288 3736 4346 ange-

510 4368 808 4434 grcdinem,
845 4369 1134 4421 humanum
1166 4382 1332 4439 genus
1359 4377 1512 4424 nocte
1553 4351 1774 4425 terribili
1814 4374 2078 4442 sepelivit.
2115 4351 2162 4408 ι)
2191 4377 2362 4429 lorum
2389 4372 3104 4440 restaurationem,denique
3132 4369 3391 4440 quidquid
3417 4377 3523 4434 est,
3559 4367 3666 4429 fuit,
3690 4372 3734 4417 et

514 4459 635 4513 ll;cc
673 4469 754 4514 est
797 4460 883 4513 illa
927 4475 1031 4514 nox
1068 4460 1328 4528 solitaria,
1367 4477 1465 4516 nec
1493 4461 1644 4518 laude
1673 4464 1852 4534 digna,
1881 4467 1946 4521 de
1972 4482 2077 4537 qua

511 4552 766 4618 scriptum
796 4559 919 4605 est:
954 4569 972 4601 ι
1005 4550 1236 4606 PosuiSti
1283 4553 1549 4616 tenebras,
1596 4563 1650 4609 et
1686 4553 1827 4610 facta
1862 4567 1942 4612 est
1973 4573 2076 4613 nox

511 4635 682 4707 (Ps-af.
716 4640 854 4707 cm).
883 4665 903 4691 ι
947 4641 1002 4694 ln
1046 4641 1158 4710 ipsa
1203 4643 1626 4711 pertransierant
1668 4660 1856 4702 omnes
1893 4647 2078 4703 bestim

511 4728 680 4793 silvae,
732 4730 857 4797 quia
922 4729 1165 4784 crudeles
1212 4739 1265 4784 et
1307 4731 1544 4785 indomiti
1594 4733 1814 4802 spiritus
1862 4735 2079 4792 dimotis

512 4816 796 4885 repagulis,
825 4817 1116 4872 humanum
1143 4831 1309 4886 genus
1346 4820 1470 4873 totis
1499 4820 1702 4875 viribus
1727 4822 2078 4894 obtrivcrunt.

514 4901 619 4955 Sed
674 4914 795 4956 nata
838 4903 1053 4974 Virgine
1089 4905 1324 4960 surrexit
1363 4921 1582 4974 aurora;
1618 4909 1743 4978 quia
1777 4903 2082 4980 Mariaveri

511 4993 708 5061 praevia
751 4993 991 5056 luminis,
1050 4997 1332 5051 nativitate
1383 5013 1477 5052 sua
1529 5016 1682 5054 mane
1725 4985 2080 5072 clarissimum

513 5083 803 5139 serenavit.
845 5082 968 5138 Haec
1000 5096 1081 5139 est
1105 5087 1256 5141 stella
1283 5090 1541 5142 matutina
1574 5091 1625 5144 in
1652 5085 1827 5162 medio
1855 5086 2078 5163 nebulae,

513 5177 632 5242 qua:
671 5174 724 5228 in
767 5173 888 5226 coeli
933 5174 1150 5228 cardine
1189 5191 1398 5231 summo
1441 5179 1728 5261 splendore.
1769 5199 2078 5254 coruscans,

512 5267 699 5322 orbem
765 5265 1032 5319 subditum
1091 5267 1533 5328 splendidioribus
1584 5273 1745 5328 radiis
1797 5278 2076 5328 incolora'.

2188 4466 2292 4520 erit
2327 4479 2423 4536 per
2455 4463 2688 4534 Virginis
2717 4473 2925 4518 uterum
2955 4472 3359 4528 renovatum,et
3387 4471 3512 4518 tunc
3547 4461 3632 4514 tibi
3655 4469 3733 4512 co-

2186 4553 2372 4625 gitatio
2413 4563 2663 4624 suggeret
2704 4552 2848 4622 quod
2889 4551 3090 4607 locutio
3120 4553 3490 4607 demonstrare
3533 4564 3631 4604 non
3655 4561 3734 4615 po—

2188 4653 2308 4698 test.
2354 4642 2556 4709 Electa,
2589 4643 2779 4710 inquit,
2817 4641 2908 4696 sed
2949 4650 3005 4695 et
3045 4641 3343 4710 praelecta.
3385 4641 3454 4696 Ut
3489 4639 3588 4701 sol,
3627 4636 3732 4705 quia

2185 4734 2322 4788 sicut
2354 4733 2434 4788 sol
2480 4733 2625 4788 solus
2650 4733 2836 4787 orbem
2868 4731 3168 4796 illuminat;
3209 4731 3290 4786 sic
3333 4731 3446 4786 bmc
3489 4730 3595 4784 sola
3625 4725 3731 4780 soli-

2187 4823 2324 4880 diori
2348 4817 2544 4897 lumine
2569 4831 2624 4878 et
2649 4822 2866 4893 angelos
2884 4830 2937 4875 et
2961 4821 3205 4878 homines
3233 4821 3480 4883 illustrat.
3523 4815 3731 4875 Terribi-

2187 4913 2252 4969 lis
2273 4923 2329 4988 ut
2355 4925 2656 4980 castrorum
2673 4917 2825 4982 acies
2841 4915 3110 4980 ordinata,
3138 4913 3392 4971 terribilis
3405 4909 3728 4984 daemonibus.

2185 4990 2430 5081 ordinata
2483 5007 2792 5074 virtutibus,
2835 4989 3139 5076 Isingularis
3199 4989 3378 5065 iimor;
3401 5003 3728 5074 malignorum

2185 5096 2488 5165 spirituum,
2528 5097 2778 5166 specialis
2813 5111 2964 5150 amor
2991 5097 3189 5152 civium
3226 5096 3523 5166 Iutorum.
3562 5090 3729 5158 Sequi-

2187 5193 2274 5261 tur
2295 5185 2359 5238 de
2382 5185 2496 5261 ejus
2518 5187 2964 5242 ~conversatione:
2990 5205 3007 5238 ι
3029 5186 3158 5253 Quae
3175 5187 3400 5260 entjista,
3422 5200 3542 5254 qute
3561 5193 3724 5236 ascen-

2183 5260 2260 5328 dit
2291 5287 2384 5328 per
2412 5260 2703 5328 desertum.
2743 5276 2885 5328 sicut
2913 5276 3117 5328 virgula
3143 5275 3271 5328 fumi
3313 5291 3378 5328 ex
3417 5269 3726 5328 aromatibus
