3978 5328
217 197 312 252 ῚΞΙ

1580 196 1811 254 SERMO
1841 197 1969 254 XLI.

2663 165 2724 179 ‘—O-
2751 175 2760 181 ι

3355 207 3459 261 72?.

213 311 774 384 frequentiuslmlunt,
794 311 1249 382 ubiprineepsille
1265 313 1785 383 nequissimusomni
1815 316 1860 376 Α
1890 330 1995 369 non
2030 325 2254 383 tantum,
2285 326 2542 388 quantum
2570 303 2876 374 confracta.
2913 319 3133 374 Crebris
3157 320 3300 374 enim
3333 332 3456 374 tun-

211 403 532 457 fortitudine
545 401 840 472 principatu
848 418 892 454 r.
918 403 1197 456 Desertum
1218 412 1395 458 autem
1409 403 1572 458 dicitu
1582 420 1626 466 r,
1640 405 1788 472 quasi

210 493 530 548 derelictum
552 505 582 545 ε
608 492 864 546 virtutum
902 492 1364 548 administratione
1385 534 1399 558 ,
1439 509 1559 549 cum
1604 509 1792 549 earum

210 593 533 648 conventus,
553 583 857 638 abundante
877 583 1260 653 iniquitate,ad
1278 585 1518 656 proprios
1539 595 1691 641 ortus
1705 601 1789 641 rc-

208 675 498 729 volaverit.
515 673 673 744 205
687 672 816 739 Quae
845 676 1108 738 ascendit,
1132 676 1322 747 inquit.
1349 678 1405 731 ln
1427 676 1584 746 hujus
1604 678 1786 734 szeculi

211 762 482 819 vanitates
535 777 725 818 omnes
754 762 840 817 vel
893 763 1222 820 descendere
1252 765 1333 820 vel
1364 765 1558 823 cadere
1583 781 1784 838 cogno-

209 861 456 916 scuntur,
492 868 754 923 rarusque
779 852 872 922 qui
920 869 1027 909 non
1058 853 1140 908 vel
1178 854 1468 911 descendat
1494 856 1578 912 vel
1621 857 1784 912 cadat

211 944 263 996 in
312 942 477 1010 hujus
535 943 1011 999 turbulentissim
1059 943 1446 1014 profunditatis
1495 961 1782 1002 oceanum.

209 1033 332 1088 Sola
365 1033 457 1089 illa
487 1043 665 1090 mater
692 1043 748 1090 et
795 1034 902 1089 lilia
928 1034 1205 1090 Creatoris
1249 1051 1349 1091 nec
1374 1037 1654 1092 descendit
1683 1053 1784 1096 nec

207 1130 424 1196 cecidit,
474 1129 569 1185 sed
597 1129 664 1185 de
710 1129 912 1184 virtute
943 1130 995 1183 in
1023 1131 1277 1184 virtutem
1326 1132 1625 1187 ascendens
1653 1147 1780 1188 con-

207 1221 567 1276 summatione
603 1222 866 1275 virtutum
911 1222 1105 1276 vestita
1157 1230 1262 1276 est.
1312 1221 1556 1288 Qualiter
1599 1231 1780 1278 autem

207 1314 490 1368 ascendit?
537 1314 681 1370 sicut
707 1313 937 1384 virgula,
989 1314 1185 1383 inquit,
1231 1313 1384 1369 fumi.
1441 1315 1547 1369 Sed
1583 1324 1639 1370 et
1663 1315 1779 1370 hzec

205 1405 450 1473 operatio
479 1419 640 1474 quam
672 1403 1000 1474 significanti
1049 1405 1400 1459 similitudine
1426 1405 1501 1459 sit
1543 1406 1778 1475 signata,

208 1491 481 1562 recollige.
506 1490 720 1563 Virgula
751 1491 882 1546 fumi
915 1501 1061 1548 recta
1091 1501 1196 1559 est,
1223 1492 1455 1558 subtilis,
1483 1493 1776 1560 odorifera,

205 1592 254 1636 et
285 1593 494 1652 quanto
524 1584 696 1653 magis
725 1584 776 1637 in
822 1597 950 1638 aera
986 1585 1320 1650 extenditur,
1371 1591 1520 1639 tanto
1548 1585 1776 1654 amplius

207 1673 488 1730 dilatatur.
510 1673 600 1729 Sic
630 1682 685 1729 et
707 1673 1026 1742 angelorum
1045 1675 1232 1745 regina
1255 1683 1404 1733 recta
1425 1682 1507 1729 est
1532 1675 1586 1730 in
1610 1675 1774 1730 subli-

207 1767 396 1818 mitate
424 1765 874 1830 conversationis,
905 1766 1028 1834 quia
1059 1767 1205 1836 virga
1257 1766 1598 1833 directionis,
1629 1768 1778 1838 virga

207 1858 357 1925 regni
400 1857 611 1912 Domini
644 1855 816 1928 (Paul.
842 1858 1009 1927 xuv).
1055 1857 1280 1914 Subtilis
1311 1859 1366 1912 in
1410 1859 1627 1914 deitatis
1651 1873 1777 1914 con-

205 1945 567 2014 templatione,
595 1948 720 2014 quia
751 1945 869 2014 ipsa
914 1953 999 2000 est
1045 1960 1166 2016 quae
1209 1949 1568 2002 conservabat
1594 1949 1777 2003 omnia

202 2037 367 2090 verba
395 2037 530 2102 haec,
554 2035 842 2092 conferens
869 2037 921 2092 in
955 2039 1118 2092 corde
1164 2052 1261 2092 suo
1293 2038 1442 2108 (Luc.
1473 2040 1555 2109 ιι).
1579 2037 1775 2095 Odori-

203 2126 317 2182 fera
339 2127 393 2183 in
424 2128 690 2182 virtutum
713 2127 985 2198 opinione,
1008 2128 1133 2198 quia
1169 2129 1439 2185 currimus
1467 2129 1520 2183 in
1551 2130 1777 2188 odorem

201 2224 595 2284 uriguentorum
619 2230 842 2271 suorum
863 2215 1042 2284 (Cant.
1066 2217 1128 2285 ι).
1150 2216 1392 2288 Angusta
1421 2217 1472 2272 in
1501 2226 1775 2290 tempora-

202 2303 360 2370 libus,
392 2305 520 2374 quia
553 2319 660 2360 non
686 2313 806 2360 erat
828 2305 876 2360 ei
909 2305 1060 2360 locus
1092 2306 1144 2360 in
1179 2306 1478 2362 diversorio
1503 2307 1654 2378 (Luc.
1688 2309 1773 2377 ιι).

199 2394 257 2448 ιιι
287 2394 662 2465 spiritualibus
683 2394 1070 2464 dilatata,quia
1097 2396 1269 2450 astitit
1295 2396 1478 2466 regina
1511 2412 1542 2452 a
1568 2398 1778 2453 dextris

200 2484 414 2539 Domini
441 2481 616 2553 (Paul.
643 2484 814 2553 xuv).
846 2483 971 2540 Haec
1008 2492 1093 2539 est
1119 2485 1271 2555 virga
1322 2485 1412 2539 illa
1454 2501 1558 2556 qua
1589 2497 1772 2542 retun-

198 2576 402 2630 duntur
452 2577 690 2647 impetus
717 2577 1122 2632 adversantium
1153 2577 1540 2632 daemoniorum
1575 2596 1588 2632 :
1623 2579 1774 2650 virga

195 2666 399 2730 Aaron,
432 2679 530 2735 per
556 2681 718 2734 quam
765 2666 899 2718 fiunt
931 2666 1081 2734 signa
1110 2675 1165 2720 et
1196 2665 1484 2720 mirabilia.
1514 2666 1773 2722 Baculum

195 2762 379 2808 autem
411 2754 590 2810 crucis
639 2753 896 2824 intellige,
946 2769 1190 2824 quonon
1228 2753 1402 2809 solum
1455 2755 1775 2809 verberatus

193 2854 299 2907 est,
325 2845 423 2900 sed
449 2854 504 2905 et
548 2846 761 2901 occisus
804 2845 894 2900 ille
944 2844 1257 2900 insanabilis
1308 2843 1373 2916 (vf.
1416 2845 1762 2917 insatiabilis]

197 2937 492 3002 homicida,
516 2937 606 3007 qui
630 2938 895 2993 mortibus
943 2938 1222 2992 hominum
1253 2939 1495 3007 pascitur
1513 2948 1566 2994 et
1599 2939 1771 2992 nutri-

195 3035 301 3080 tur.
331 3027 388 3080 ln
418 3026 640 3098 Virgine
667 3027 817 3098 virga
868 3036 924 3083 et
967 3027 1159 3082 baculo
1206 3043 1390 3094 cruce,
1444 3030 1767 3084 miserorum

193 3132 318 3184 spes
350 3127 408 3172 et
454 3117 754 3173 consolatio
806 3119 1131 3173 continetur.
1163 3118 1316 3174 Sicut
1361 3116 1771 3176 sublimis‘Pro-

193 3210 356 3276 pheta
383 3209 528 3265 clara
560 3225 690 3264 voce
720 3210 962 3265 declarat
993 3229 1004 3263 :
1055 3229 1073 3262 ι
1118 3211 1294 3280 Virga,
1339 3212 1530 3280 inquit,
1577 3223 1685 3279 tua,
1718 3223 1774 3269 et

191 3300 419 3354 baculus
448 3311 570 3355 tuus
602 3301 717 3370 ipse
743 3316 829 3355 me
854 3300 1128 3356 consolata
1151 3312 1273 3357 sunt
1301 3299 1476 3373 (Psal.
1511 3284 1667 3373 xxii).
1712 3325 1730 3357 ›

199 3443 202 3446 .
261 3390 521 3459 Sequitur
545 3409 558 3443 :
585 3391 665 3445 Ex
689 3392 1022 3446 aromatibus
1045 3393 1278 3463 myrrhze
1303 3401 1358 3447 et
1384 3394 1572 3448 thuris.
1589 3393 1770 3448 Nomi-

191 3489 394 3533 nantur
438 3481 668 3549 species,
694 3483 759 3536 de
783 3483 982 3551 quibus
1031 3485 1325 3537 aromatica
1357 3484 1564 3554 virgula
1593 3484 1771 3539 suble-

191 3578 371 3631 vatur,
405 3570 640 3640 myrrhae
674 3579 728 3624 et
783 3569 977 3625 thuris.
1017 3571 1230 3640 Myrrha
1257 3587 1486 3642 corpora
1513 3573 1768 3627 dissoluta

191 3657 519 3722 consolidat,
570 3667 625 3714 et
671 3659 902 3714 cadaver
950 3660 1200 3714 exanime
1251 3660 1352 3714 sibi
1406 3661 1668 3724 vindicat,
1701 3676 1769 3714 ne

189 3755 493 3816 putrescat.
526 3748 674 3802 Thus
702 3757 881 3803 autem
931 3748 1041 3803 Deo
1077 3749 1129 3802 in
1156 3749 1402 3802 oratione
1431 3749 1766 3813 accenditur,

189 3839 333 3894 sicut
358 3839 752 3909 multiplicibus
783 3840 1187 3909 Scripturarum
1223 3828 1548 3896 testimoniis
1577 3842 1768 3896 edoce-

189 3946 332 3986 mur.
360 3929 420 3984 In
450 3931 668 4002 myrrha
698 3931 1107 3995 continentiam,
1140 3932 1195 3986 in
1238 3931 1396 3986 thure
1421 3931 1763 3987 devotionem

190 4021 452 4091 intellige.
483 4020 624 4076 Caro
662 4022 807 4076 enim
860 4021 1098 4092 Virginis
1146 4037 1214 4076 ex
1263 4021 1436 4076 Adam
1491 4032 1765 4093 assumpta

190 4110 432 4164 maculas
455 4109 588 4165 Adze
610 4126 714 4165 non
735 4112 970 4177 admisit,
990 4113 1084 4167 scd
1111 4112 1399 4183 singularis
1417 4113 1765 4168 continentia;

188 4201 398 4265 puritas
449 4201 504 4254 in
551 4203 838 4256 candorem
890 4204 1025 4258 lucis
1075 4215 1289 4258 aatermc
1349 4219 1612 4259 conversa
1660 4214 1759 4259 est.

186 4287 355 4346 l’orro
384 4291 512 4359 quis
544 4289 658 4359 ejus
689 4293 1024 4348 devotionem
1054 4294 1247 4347 votivis
1291 4293 1538 4349 laudibus
1567 4295 1765 4364 poterit

187 4380 496 4452 adaquare,
549 4397 670 4436 cum
716 4394 1039 4438 rememoret
1088 4388 1311 4439 missum
1354 4385 1761 4457 archangelum,

187 4471 658 4539 supervenientem
683 4471 967 4541 Spiritum,
1013 4472 1206 4526 Filium
1227 4483 1566 4543 conceptum,
1597 4475 1764 4528 Deum

186 4560 622 4626 natum,stellam
651 4575 866 4626 novam,
892 4577 1172 4631 magorum
1194 4563 1441 4631 gloriam,
1473 4578 1760 4617 munerum

186 4651 435 4718 gratiam,
465 4660 522 4706 et
546 4667 712 4721 super
736 4652 848 4707 bmc
873 4653 1051 4706 omnia
1083 4654 1450 4707 testimonium
1483 4655 1761 4708 conscien-

189 4739 270 4793 tize
287 4741 440 4794 sum?
461 4739 586 4795 Haec
615 4749 742 4794 sunt
763 4741 867 4795 duo
912 4757 1031 4810 qum
1053 4742 1370 4810 virginalem
1403 4742 1762 4797 substantiam

189 4839 289 4885 tota
336 4833 754 4888 circumdedere
802 4834 1022 4896 virtute,
1073 4834 1408 4888 continentia
1456 4834 1664 4888 scilicet
1708 4844 1763 4890 et

188 4919 413 4988 devotio,
448 4938 684 4994 quorum
717 4923 942 4977 alterum
995 4940 1237 4988 carnem,
1267 4925 1491 4978 alterum
1523 4934 1757 4982 mentem

188 5008 254 5062 ita
285 5013 546 5080 possedit,
598 5019 658 5064 ut
700 5028 828 5067 caro
874 5013 1249 5078 mundissima,
1289 5029 1442 5068 meus
1469 5016 1760 5083 purissima

188 5103 494 5168 genitricem
526 5102 742 5156 Domini
767 5104 1094 5174 singularius
1124 5113 1527 5159 consecrarent.

251 5191 349 5247 Sed
380 5210 450 5249 ne
474 5182 708 5265 putares
733 5192 818 5247 his
846 5195 1051 5250 duabus
1100 5195 1230 5249 solis
1283 5195 1577 5252 virtutibus
1625 5198 1754 5254 insi-

1252 5289 1510 5328 nminrnm

1795 4336 1841 4392 D

186 5287 370 5328 anitum
396 5289 678 5328 dominam
703 5288 848 5328 m-lsic
891 5300 938 5328 ut
976 5290 1212 5328 rnainnm
1252 5289 1510 5328 nminrnm
1562 5293 1750 5328 culmo-

1892 407 2135 464 sionibus
2165 408 2491 477 supertritzn,
2525 408 2868 463 remotiorem
2892 409 3052 463 etiam
3076 409 3252 463 locum
3280 409 3459 463 odori-

1888 495 2004 551 fera
2034 499 2416 568 conspersione
2439 498 2747 553 refundunt.
2783 497 2876 552 Sic
2907 507 2962 552 et
2989 497 3218 552 virtutes
3243 498 3295 552 in
3326 513 3486 567 pace.

1888 588 2104 657 quidem
2131 587 2344 643 fortiter
2363 589 2630 651 redolent,
2660 589 2754 643 sed
2786 587 2980 642 fortius
3009 588 3060 642 in
3086 586 3461 651 tribulatione,

1887 676 2008 747 quia
2036 677 2205 732 virtus
2229 677 2283 730 in
2309 691 2440 746 pace
2471 676 2790 746 acquiritur,
2836 677 2889 731 in
2921 676 3297 743 persecutione
3329 691 3460 744 pro-

1885 768 2068 833 batur,
2095 769 2425 838 approbatur
2454 769 2505 823 in
2533 767 2780 822 victoria.
2808 766 3106 822 Universus
3130 781 3261 836 ergo
3283 766 3464 837 pulvis

1882 859 2271 930 pigmentarius
2301 860 2355 913 in
2381 859 2600 930 Virgine
2625 857 2900 926 coniectus
2929 867 3033 922 est,
3067 859 3230 929 206
3255 859 3382 926 quia
3404 857 3457 912 in

1884 965 1946 1004 ea
1971 951 2227 1006 virtutum
2277 961 2582 1006 conventus
2627 951 2980 1006 reverendum
3023 950 3124 1005 sibi
3159 949 3455 1018 thalamum

1857 1044 2238 1108 ‘consecravit,
2266 1053 2318 1098 et
2343 1043 2387 1099 si
2417 1043 2630 1098 caeteris
2658 1058 2754 1111 per
2780 1051 2961 1111 partes
2998 1041 3236 1112 Spiritus
3263 1042 3454 1103 afﬂuit,

1883 1134 2063 1190 Mariae
2103 1144 2277 1189 tamen
2307 1142 2418 1189 tota
2469 1133 2742 1203 plenitudo
2770 1133 2960 1203 gratia;
2989 1134 3315 1203 supervenit.
3350 1132 3458 1187 Nec

1882 1225 2106 1294 integra:
2133 1223 2352 1280 fuerunt
2383 1225 2436 1280 in
2462 1240 2527 1280 ea
2558 1225 2789 1294 species,
2815 1225 2908 1280 sed
2957 1225 3010 1278 in
3040 1225 3454 1280 subtilissimum

1880 1315 2242 1380 comminutae,
2287 1315 2412 1383 quia
2443 1316 2557 1384 ipsa
2606 1322 2853 1384 estquae,
2888 1313 3204 1369 fortioribus
3229 1313 3492 1370 tribuIa-.

1881 1406 2083 1458 tionum
2104 1404 2312 1460 malleis
2333 1419 2709 1475 supergressa,
2726 1405 2859 1460 vidit
2879 1419 3035 1460 suum
3067 1413 3122 1459 et
3143 1404 3234 1459 Dei
3256 1403 3454 1458 Filium

1878 1493 2013 1564 affigi
2042 1494 2210 1558 cruci,
2265 1494 2484 1554 militari
2517 1493 2699 1550 lancea
2728 1493 3022 1557 vulnerari,
3054 1500 3107 1548 et
3148 1493 3290 1548 inter
3317 1493 3452 1547 duos

1876 1581 2114 1638 latrones
2139 1583 2370 1653 positum
2391 1583 2640 1651 expirare
2671 1582 2849 1651 (loau.
2883 1581 3019 1648 xix).
3485 1637 3489 1644 ,

1952 1671 2208 1742 Sequitur
2233 1672 2298 1726 de
2323 1669 2439 1739 ejus
2459 1671 2840 1741 Assumptione
2867 1689 2880 1723 :
2903 1671 3035 1738 Quae
3067 1679 3150 1725 est
3183 1671 3305 1734 ista,
3331 1684 3464 1738 qua:-

1880 1760 2124 1817 asccndit
2165 1761 2232 1816 de
2263 1761 2502 1827 deserto,
2544 1760 2751 1815 deliciis
2801 1759 3046 1824 allluens,
3082 1759 3266 1813 innixa
3292 1773 3471 1829 super-

1878 1849 2131 1914 dilectum
2154 1849 2347 1904 suum?
2368 1848 2491 1904 Haec
2513 1857 2596 1904 est
2614 1848 2796 1918 regina
2819 1847 2932 1912 illa,
2952 1862 3116 1918 quam
3137 1847 3377 1902 videntes
3398 1845 3455 1899 ll-

1876 1937 1960 1994 lize
1982 1938 2133 2005 Sion,
2155 1937 2556 1994 «Beatissimam
2579 1938 3025 2008 przedicaverunt,
3050 1948 3104 1993 ct
3125 1937 3323 2006 regina:
3344 1937 3455 1990 lau.

1877 2031 2138 2085 (laverunt
2159 2044 2280 2085 eam
2311 2028 2486 2102 (Cant.
2516 2028 2614 2100 vi).
2638 2048 2656 2079 ι
2685 2028 2943 2083 Ascendit
2976 2036 3156 2082 autem
3194 2028 3355 2083 hodie
3383 2027 3450 2082 de

1876 2118 2111 2185 deserto,
2134 2118 2186 2174 id
2206 2128 2291 2182 est
2312 2120 2378 2174 de
2401 2118 2622 2184 mundo,
2647 2121 2714 2175 ad
2738 2118 2932 2190 regalis
2964 2117 3142 2175 throni
3180 2118 3454 2174 celsitudi-

1875 2224 1996 2263 nem
2010 2209 2314 2264 sublimata.
2331 2208 2566 2273 Deliciis,
2583 2209 2778 2278 inquit,
2793 2207 3034 2264 afﬂuens.
3049 2209 3192 2264 'Verc
3205 2206 3450 2272 afﬂuens,
3479 2275 3485 2284 Ι

1875 2299 2002 2368 quia
2056 2315 2074 2350 ι
2125 2297 2307 2353 multae
2351 2298 2472 2355 lilia:
2512 2307 2976 2370 congregaverunt
3033 2299 3270 2362 divitias,
3335 2299 3450 2354 haec

1874 2406 2222 2462 supergressa
2242 2399 2323 2446 est
2348 2390 2628 2446 universas
2657 2390 2836 2460 (Prov.
2863 2391 3036 2462 xxxx).
3076 2408 3094 2441 ι
3126 2389 3449 2445 Deliciarum

1875 2491 2055 2536 autem
2097 2483 2211 2554 ejus
2259 2491 2470 2538 nonest
2519 2497 2797 2547 numerus,
2827 2482 2978 2551 quia,
3028 2483 3154 2535 dum
3185 2481 3448 2552 Spiritum

1876 2579 2119 2626 sanctum
2153 2572 2396 2640 suscipit,
2413 2571 2649 2642 concipit
2675 2572 2766 2642 Dei
2797 2571 3010 2633 Filium,
3033 2571 3236 2640 Regem
3265 2569 3446 2642 gloria:

1875 2671 2115 2732 generat,
2137 2672 2384 2732 penetrat
2406 2663 2593 2729 cmlos,
2615 2662 2888 2718 cumulata
2911 2663 3132 2728 divitiis,
3163 2669 3217 2716 et
3237 2660 3448 2736 deliciis

1877 2752 2097 2808 alllucus
2111 2753 2176 2807 ad
2195 2768 2419 2824 regnum
2444 2753 2624 2808 evolat
2645 2753 3034 2822 sempiternum
3061 2769 3237 2808 suum.
3257 2752 3447 2808 lnnixa

1875 2855 2040 2909 super
2067 2841 2322 2896 dilectum
2361 2857 2536 2896 suum.
2591 2840 2706 2895 Rex
2755 2841 3010 2896 virtutum
3058 2840 3239 2896 dilecti
3288 2841 3482 2912 Pater__

1876 2942 1978 2995 est,
2008 2932 2196 3001 inquo
2234 2932 2334 2986 sibi
2386 2933 2522 2987 bene
2557 2933 2880 3001 complacuit
2920 2931 3136 3003 (Matth.
3179 2948 3261 2998 ιιι,
3292 2932 3446 3003 xvu).

1878 3020 2050 3091 Super
2076 3023 2220 3078 Ιιιιιιε
2251 3022 2498 3077 innititur
2525 3022 2698 3076 Mater
2733 3023 2821 3076 illa
2853 3022 3083 3089 felicior,
3113 3032 3164 3077 ct
3200 3024 3252 3077 in
3281 3040 3448 3078 aureo

1874 3112 2218 3167 reclinatorio
2285 3113 2480 3167 divina:
2540 3111 2838 3181 majestatis
2895 3113 3243 3177 incumbens,
3301 3113 3448 3165 intra

1873 3203 2076 3273 sponsi,
2110 3203 2216 3257 imo
2240 3202 2358 3264 Filii
2391 3204 2494 3268 sui,
2523 3204 2743 3258 brachia
2793 3189 3100 3274 requiesCit.
3152 3202 3196 3257 Ο
3241 3215 3445 3274 quanta

1873 3293 2123 3364 dignitas,
2158 3308 2318 3362 quam
2343 3294 2592 3362 specialis
2622 3295 2878 3365 potentia,
2909 3295 3062 3348 inniti
3103 3309 3264 3362 super
3293 3294 3468 3349 illum.

1871 3398 2032 3453 quem
2061 3383 2318 3454 angelica:
2345 3393 2645 3452 potestates
2673 3395 2989 3439 reverentur
3017 3386 3292 3454 aspicere!

1944 3473 2067 3528 Haec
2113 3484 2238 3536 sunt
2265 3489 2395 3543 ergo
2445 3490 2563 3544 quae
2591 3479 2842 3545 praesenti
2888 3475 3164 3531 festivitati
3206 3477 3304 3528 sub
3329 3491 3445 3528 um-

1870 3565 1982 3622 bris
2008 3575 2064 3620 et
2094 3565 2416 3636 imaginibus
2444 3567 2731 3638 dignanter
2770 3567 3032 3631 alludunt,
3063 3577 3117 3621 et
3147 3551 3472 3621 sacratiore'

1811 3649 1818 3657 ’
1873 3658 2106 3726 tegmine
2159 3657 2330 3711 velata
2378 3658 2667 3728 gratiosius
2721 3659 2937 3722 lucent,
2999 3673 3120 3712 cum
3169 3658 3444 3727 potuerint

1872 3750 2116 3805 revelari.
2149 3750 2342 3804 Amen.

2429 3839 2659 3895 SERMO
2717 3841 2852 3894 XL].

1899 3925 1904 3930 ’
1975 3948 2014 3986 ι.
2048 3947 2114 3985 ns
2149 3947 2194 3986 s.
2234 3946 2638 3986 namuoxouxo
2668 3946 2956 3987 APOSTOLO.
2996 3933 3146 4001 (xxiv
3187 3930 3332 4000 Δυε.)

1942 4024 2209 4078 Hodierna
2265 4022 2551 4087 festivitas,
2617 4022 2973 4089 dilectissimi,
3027 4040 3132 4091 qua
3187 4021 3438 4076 videlicet

1871 4113 2214 4183 triumphalia
2272 4113 2330 4166 B.
2384 4113 2761 4168 Bartholomaai
2809 4124 2955 4183 gesta
2986 4113 3300 4174 recolimus,
3329 4127 3436 4164 non

1867 4215 1949 4259 est
1973 4205 2188 4274 propria
2237 4203 2520 4271 cujuslibet
2550 4205 2786 4258 civitatis
2818 4216 2906 4259 aut
2935 4205 3140 4272 patriar,
3168 4203 3258 4256 sed
3285 4217 3435 4255 εοιιι-

1869 4296 2045 4348 munis
2068 4303 2150 4348 est
2171 4294 2448 4348 catholicae
2493 4296 2655 4349 totius
2685 4295 2956 4349 Ecclesiae.
3012 4293 3119 4348 Nec
3168 4281 3466 4348 immerito'

1867 4387 2058 4440 eulitur
2083 4395 2137 4440 et
2166 4394 2458 4439 veneratur
2503 4387 2569 4439 ab
2613 4387 2882 4448 omnibus,
2914 4384 3003 4454 qui
3034 4384 3225 4439 nobilis
3255 4383 3433 4435 archi-

1869 4487 2042 4531 tectus
2063 4491 2185 4530 cum
2214 4475 2386 4530 beatis
2405 4475 2730 4545 coaposlolis
2746 4475 2856 4529 suis
2881 4474 3001 4527 lidei
3031 4473 3440 4528 fundamentum

1866 4566 2065 4633 posuit,
2119 4579 2281 4633 super
2332 4564 2474 4633 quod
2528 4564 2800 4617 nascentis
2858 4563 3113 4617 Ecclesiae
3167 4570 3441 4616 structura

1866 4657 2122 4710 surrexit.
2153 4655 2268 4709 lluc
2302 4654 2508 4708 accedit
2534 4656 2681 4722 quia,
2718 4670 2837 4708 cum
2868 4663 3094 4712 senatus
3120 4650 3446 4726 apostolicus

1864 4747 2050 4815 judicii
2079 4746 2179 4799 sibi
2201 4745 2439 4800 vindicet
2460 4744 2654 4800 solium
2683 4756 2843 4813 atque
2865 4746 3003 4799 inter
3035 4759 3232 4804 omnes
3261 4741 3452 4794 beato-

1866 4854 1983 4891 rum
2001 4837 2217 4893 ordines
2243 4836 2468 4906 egregia:
2495 4835 2776 4906 dignitatis
2795 4835 3039 4891 obtineat
3066 4835 3459 4913 principatum,

1868 4929 1968 4982 istc
2028 4930 2080 4984 in
2130 4943 2321 4982 eorum
2377 4925 2628 4992 catalogo
2660 4942 2762 4982 non
2814 4925 3184 4989 mediocriter
3237 4920 3471 4987 insignis

1865 5030 2028 5092 atque
2059 5021 2384 5092 conspicuus
2428 5027 2648 5075 sextum
2696 5019 2903 5073 obtinet
2933 5016 3163 5085 locum,
3198 5016 3289 5074 Ait
3329 5011 3478 5065 enim

1864 5112 2192 5182 evangelista
2221 5109 2502 5162 Matthaeus
2539 5126 2552 5160 :
2598 5130 2616 5162 ι
2655 5108 2945 5163 Duodecim
2971 5122 3184 5174 autem
3214 5099 3489 5172 apostolo-

1861 5215 1982 5254 rum
2014 5200 2231 5255 nomina
2273 5206 2398 5252 sunt
2448 5195 2566 5250 haec
2597 5217 2611 5251 :
2647 5198 2852 5269 primus
2883 5196 3134 5272 Simon,
3167 5195 3261 5269 qui
3290 5187 3493 5240 dicitur
3525 5195 3532 5202 '

2848 5287 3111 5328 Igmhng
3143 5277 3415 5328 qohedzei.
3437 5289 3498 5328 et
3521 5275 3523 5278 ⁴

1865 5292 2052 5328 υηινιια
2108 5299 2156 5328 Μ
2193 5291 2430 5328 Anclronc
2459 5287 2636 5328 frma.-
2661 5289 2774 5328 pinu
