3978 5328
462 249 572 309 725

1071 254 1127 312 s.
1160 251 1362 313 parm
1401 255 1684 315 DAMIANI
1719 253 1868 314 opp.
1906 252 2082 310 rans
2116 251 2248 312 seu
2285 253 2521 316 TOMUS
2561 253 2624 314 ιι.
2651 283 2722 302 -ς
2747 237 3139 316 santiones.
3415 271 3437 323 ξ
3477 300 3492 319 .

3617 247 3726 304 ’ἔΞό

464 366 630 435 quiet
653 364 2041 440 tradiditeum‘(Matth.x).iﬂisltaqueconvocatts,
2071 379 2118 434 Α
2144 368 2272 426 licet
2317 379 2473 427 erant
2529 374 2810 431 duodecim
2866 376 3148 438 fontes,-et
3170 374 3508 445 septuaginta
3533 370 3730 443 palma:

465 466 526 510 ut
546 455 876 527 evangelista
907 459 1208 527 prtemittit.
1231 461 1376 516 dedit
1399 460 1505 516 illis
1526 461 1785 516 Dominus
1807 469 2045 532 potesta-

464 555 572 600 tem
595 547 878 614 spirituum
902 547 1323 615 immundorum,
1342 548 1796 618 utejicerenteos,
1813 558 1871 605 et
1886 565 2043 606 cura-

463 646 811 694 reutomnem
825 639 1137 710 languorem
1151 651 1433 698 etomnem
1446 643 1814 698 inﬁrmitatem
1829 643 1880 714 (1
1886 643 2037 715 bid.).

461 729 676 786 Marcus
719 733 885 788 etiam
940 732 1188 788 eumdem
1251 743 1464 790 sextum
1519 735 1806 792 constituit
1859 735 2038 791 locum

460 820 659 890 (Marc.
689 821 796 894 ut).
812 822 968 880 Unde
988 825 1240 896 colligere
1263 841 1550 896 possumus
1569 837 1773 897 quanta
1799 827 1854 881 in
1879 827 2038 882 beato

457 909 858 967 Bartbolomtco
924 914 1254 968 meritorum’
1303 918 1662 987 prterogativa
1736 917 2036 983 claruerit,

456 1002 620 1072 207
662 1001 757 1072 qui
795 1012 904 1058 tam
931 1005 1200 1070 sublimis,
1232 1015 1502 1074 tanta:qu
1551 1007 1736 1076 gloriae
1787 1008 1937 1061 viros
1983 1007 2040 1062 in

457 1093 752 1163 apostolica
786 1095 1047 1167 dignitate
1090 1095 1368 1166 prmcellit.
1407 1097 1703 1152 Praefertur
1729 1098 1873 1153 enim
1903 1098 2042 1153 Mat-

456 1183 618 1251 thteo,
642 1186 732 1257 qui
765 1186 817 1240 in
843 1187 1068 1257 mystica
1092 1187 1551 1260 evangelistarum
1583 1189 1845 1260 quadriga
1891 1189 2041 1260 prin-

455 1274 684 1346 cipalem
713 1278 954 1348 possidet
981 1277 1183 1346 locum,
1236 1287 1294 1336 et
1338 1288 1599 1351 tanquam
1649 1280 1848 1336 Phison
1896 1281 2042 1336 inter

455 1381 687 1429 caeteros
725 1373 913 1429 fluvios
965 1376 1030 1430 de
1084 1377 1318 1446 paradisi
1379 1376 1527 1433 fonte
1576 1377 1788 1447 primus
1826 1385 2041 1432 eructat

457 1463 615 1534 (Gen.
633 1466 715 1537 ll),
731 1475 894 1536 atque
913 1482 1125 1522 omnem
1147 1470 1334 1523 nmndi
1359 1469 1694 1524 latitudinem
1717 1470 2040 1540 evangelicae

458 1558 720 1614 doctrinas
763 1562 981 1618 ﬂuentis
1018 1563 1262 1617 inundat.
1319 1563 1659 1634 Praeponitur
1682 1564 2038 1620 nihilominus

455 1657 511 1703 et
540 1649 696 1705 beato
724 1650 968 1717 Thomte,
1024 1653 1176 1722 cujus
1224 1654 1422 1725 digitus
1464 1656 1722 1729 magister
1753 1657 1929 1713 factus
1953 1665 2038 1712 est

2145 459 2342 530 (Exod.
2374 463 2484 532 xv).
2538 464 2675 530 Quid
2723 465 2866 519 enim
2911 481 3006 535 per
3031 467 3316 521 duodecim
3362 466 3566 528 fontes,
3615 464 3724 518 nisi

2143 552 2314 606 sancti
2365 553 2716 622 designantur
2755 556 3006 624 apostoli,
3063 556 3154 625 qui
3185 555 3492 610 ariditatem
3541 555 3728 609 cordis

2144 643 2362 696 humani
2386 654 2588 698 sancta:
2617 646 3018 711 praedicationis
3065 661 3170 700 non
3209 645 3463 700 desinunt
3489 645 3728 713 irrigare

2140 732 2388 788 fluentis?
2419 735 2556 802 Quid
2613 751 2740 792 vero
2786 753 2882 807 per
2929 737 3268 808 septuaginta
3305 737 3544 808 palmas;
3607 735 3719 790 nisi

2143 825 2417 882 inferioris
2466 829 2666 899 gradus
2727 829 2925 884 debent
2971 830 3286 886 sacerdotes
3338 829 3592 898 intelligi,
3622 829 3721 898 qui

2141 918 2419 972 constituti
2439 927 2564 973 sunt
2586 933 2682 988 per
2701 919 2956 974 mundum
2972 919 3171 974 Christi
3194 935 3420 975 narrare
3440 920 3727 974 victorias?

2141 1005 2325 1061 Palma
2355 1007 2629 1077 siquidem.
2650 1024 2881 1062 manum,
2909 1009 3046 1064 solet
3097 1011 3364 1066 honorare
3414 1010 3724 1064 victricem.

2140 1097 2318 1169 Ipsum
2343 1112 2558 1168 quoque
2581 1113 2775 1154 nomen
2801 1099 2935 1155 Elim
2956 1101 3239 1172 aptissime
3256 1116 3557 1172 congruere
3577 1099 3730 1154 vide~

2144 1197 2232 1242 tur
2281 1189 2559 1258 apostolis.
2609 1189 2750 1244 Elim
2807 1191 2951 1245 enim
3003 1192 3236 1247 vertitur
3285 1193 3341 1246 in
3366 1193 3581 1246 ariam.
3615 1190 3737 1261 Ipsi-

2140 1281 2398 1334 nimirmn
2451 1281 2616 1336 duces
2662 1283 2868 1354 gregis,
2921 1293 3169 1352 pastores
3206 1284 3418 1350 ovium,
3474 1282 3738 1353 magistri

2140 1371 2403 1440 gentium,
2429 1373 2596 1444 208
2639 1374 2910 1444 principes
2958 1374 3300 1446 populorum.
3343 1375 3450 1446 Ipsi
3493 1375 3738 1430 duorun

2140 1464 2610 1520 Testamentorum
2654 1467 2978 1522 auctoritate
3026 1467 3230 1522 suifulti
3278 1475 3538 1536 tanquam
3581 1465 3740 1521 binis

2140 1559 2397 1613 cornibus
2426 1559 2758 1628 praemuniti,
2805 1559 3044 1630 lupinam
3095 1560 3476 1616 haereticorum
3507 1574 3573 1614 ac
3613 1559 3728 1613 Deo

2141 1647 2513 1702 resistentium
2567 1649 2774 1703 rabiem
2807 1649 3094 1716 ventilant,
3126 1657 3185 1703 ut
3228 1659 3522 1717 sequentes
3542 1648 3727 1701 ovium

454 1741 663 1808 mundi,
681 1743 768 1812 qui
785 1743 1075 1814 principali
1095 1745 1326 1814 quadam
1344 1745 1610 1816 dignitate
1625 1762 1754 1802 vere
1771 1747 2034 1802 dicendus

2145 1746 2349 1793 turmas
2389 1737 2456 1792 ad
2495 1738 2788 1795 viriditatis
2833 1748 3051 1796 aeterna
3100 1754 3303 1812 pascua
3341 1739 3460 1794 sine
3505 1737 3730 1794 lesione

455 1839 542 1887 est
564 1831 748 1902 index,
771 1835 898 1905 quia
927 1835 1210 1890 veritatem
1247 1837 1541 1893 Dominicat
1565 1840 1746 1894 carnis
1775 1840 2034 1910 ignoran-

454 1925 600 1980 tibus
643 1926 921 1982 indicavit.
976 1927 1074 1983 llic
1101 1929 1258 1984 enim
1279 1929 1472 1986 beatus
1512 1931 1792 2001 apostolus
1813 1933 2040 1988 certitu-

454 2015 637 2071 dinem
669 2019 823 2073 nobis
847 2034 939 2073 sua
966 2019 1239 2074 dubietate
1253 2021 1512 2091 providit,
1531 2032 1586 2076 et
1607 2022 1734 2077 dum
1763 2031 2040 2077 scrutatur

457 2103 684 2158 vulnera
729 2104 1044 2172 Salvatoris,
1075 2109 1276 2163 evertit
1330 2125 1547 2165 errores
1577 2119 1742 2179 atque
1770 2113 2038 2167 versutias

455 2194 722 2250 luereticae
752 2198 1054 2265 pravitatis.
1101 2198 1291 2269 Palpat
1329 2202 1473 2256 enim
1505 2203 1790 2257 veritatem
1830 2204 2036 2272 carnis,

455 2285 794 2356 etintelligit
819 2289 1264 2359 omnipotentiam
1302 2291 1543 2346 deitatis.
1578 2311 1597 2344 ‹
1635 2293 1918 2360 Dominus,
1951 2295 2038 2349 in-

454 2377 595 2447 quit,
621 2393 771 2433 meus
796 2387 851 2432 et
875 2379 1014 2434 Deus
1040 2394 1192 2434 meus
1219 2380 1400 2452 (Joan.
1431 2382 1545 2454 xx).
1587 2403 1607 2436 ι

529 2467 848 2540 Quanquam
889 2486 1019 2540 ergo
1065 2473 1132 2528 de
1160 2473 1220 2528 Β.
1254 2474 1650 2530 Bartholomaao
1681 2475 1732 2531 in
1766 2475 2038 2532 authenti-

455 2561 539 2616 cis
580 2560 734 2616 libris
765 2561 838 2616 nil
865 2564 1162 2634 proprium,
1191 2565 1276 2620 vel
1329 2566 1622 2638 singulare,
1668 2577 1866 2637 praeter
1890 2585 2042 2624 com-

455 2666 675 2706 munem
730 2651 940 2724 legatur
969 2654 1276 2720 historiam,
1315 2656 1576 2728 quidquid
1621 2667 1797 2714 tamen
1842 2675 1908 2714 ex
1953 2660 2040 2715 bis

457 2741 656 2811 quibus
708 2743 822 2813 ipse
875 2745 1235 2814 prteponitur,
1304 2745 1710 2817 Scripturarum
1771 2751 2056 2820 reperitur-

457 2832 600 2902 stylo
629 2832 920 2904 digestum,
948 2835 1001 2889 iu
1021 2835 1138 2906 ejus
1161 2851 1375 2908 quoque
1402 2853 1509 2894 non
1536 2838 1814 2894 dubitatur
1843 2840 2042 2895 redun-

457 2921 589 2976 dare
620 2925 950 2992 prteconinm
976 2943 990 2992 ;
1025 2927 1157 2981 licet
1208 2943 1396 2983 omnes
1423 2929 1594 2984 sancti
1621 2930 1849 3000 apostoli
1879 2931 2040 2985 unius

459 3013 728 3084 privilegii
783 3017 1122 3087 dignitatem,
1170 3019 1327 3075 unius
1375 3020 1574 3093 fastigii
1633 3022 2040 3089 celsitudinem,

459 3120 563 3160 nec
585 3105 854 3178 disparem
898 3109 1137 3164 ccelestis
1175 3112 1360 3180 gratia:
1388 3114 1808 3182 comprobentur
1841 3115 2041 3170 habere

459 3196 741 3253 virtutem.
788 3197 923 3254 Nam
973 3199 1118 3270 quod
1166 3201 1325 3256 beato
1362 3203 1524 3258 Petro
1566 3203 1827 3260 Dominus
1862 3205 2041 3260 claves

459 3288 615 3357 regni
660 3289 924 3345 ctelorum
979 3292 1200 3361 speciali
1249 3294 1480 3362 quadam
1529 3293 1696 3349 voluit
1726 3295 2042 3350 traditione

463 3379 806 3435 committere
829 3381 1046 3452 (Matth.
1076 3383 1254 3454 xvut),
1275 3385 1376 3439 hoc
1401 3395 1685 3456 propterea
1711 3385 1912 3442 factum
1935 3395 2036 3451 est,

457 3481 524 3526 ut
552 3471 814 3528 unitatem
852 3473 1105 3536 Ecclesiae
1133 3477 1557 3531 commendaret.
1585 3476 1852 3532 Caeterum
1880 3477 2040 3547 quid-

458 3563 588 3635 quid
612 3563 702 3617 uni
733 3565 1042 3635 specialiter
1061 3566 1224 3628 dedit.
1253 3569 1614 3622 communiter
1637 3568 1889 3630 omnibus
1912 3583 2040 3623 con-

458 3654 604 3709 tulit.
655 3654 918 3713 Omnibus
969 3658 1116 3712 enim
1163 3658 1294 3713 dicit
1345 3677 1358 3713 :
1408 3678 1426 3709 ι
1479 3659 1723 3729 Accipite
1776 3660 2039 3730 Spiritum

459 3747 744 3819 sanctum}
773 3763 1002 3818 quorum
1048 3750 1366 3805 rcmiscritis
1395 3761 1642 3819 peccata,
1691 3752 2043 3804 remittuntur

457 3838 562 3904 eis,
583 3849 880 3910 etqnorum
917 3841 1269 3907 retiuueritis,
1291 3851 1496 3896 retenta
1521 3852 1648 3897 sunt
1673 3841 1856 3912 (Joan.
1874 3841 1990 3910 xx).
2015 3860 2034 3894 ι

459 3932 526 3987 Et
551 3931 727 3988 Lucas
773 3934 848 3988 ait
883 3934 1061 4000 iouia
1089 3934 1401 3990 convocatis
1427 3935 1712 3990 duodecim
1759 3935 2040 4005 apostolis,

458 4021 610 4076 dedit
633 4021 738 4076 illis
760 4023 1014 4078 virtutem
1060 4031 1114 4076 ct
1144 4032 1468 4093 potestatem
1520 4039 1682 4093 super
1716 4025 1895 4078 omnia
1927 4023 2038 4079 dcc-

460 4112 667 4178 monia,
697 4123 752 4167 et
781 4123 838 4168 ut
893 4114 1179 4184 lauguores
1223 4123 1479 4170 curarent
1508 4113 1661 4186 (Luc.
1690 4115 1769 4187 ι).
1799 4113 1956 4170 Unde
1989 4123 2044 4170 et

457 4203 577 4274 ipse
627 4205 884 4260 Dominus
939 4205 1015 4266 ait
1058 4223 1071 4258 :
1110 4223 1127 4256 ι
1167 4205 1301 4261 Ecce
1349 4205 1471 4259 dedi
1516 4205 1666 4260 vobis
1717 4214 2041 4276 potestatem

461 4295 707 4350 calcandi
754 4310 917 4365 supra
967 4304 1248 4365 serpentes
1291 4303 1346 4349 et
1402 4296 1735 4371 scorpiones,
1776 4304 1830 4348 ct
1880 4309 2043 4363 super

460 4403 678 4442 omnem
724 4388 979 4450 virtutem
1037 4386 1264 4452 inimici,
1320 4395 1377 4440 et
1429 4385 1564 4441 nihil
1614 4386 1767 4441 vobis
1826 4386 2044 4442 nocebit

459 4478 672 4553 (Ibid).
732 4500 750 4531 ι
782 4480 848 4534 Ει
890 4479 1048 4550 paulo
1074 4481 1324 4548 superius
1361 4498 1374 4534 :
1405 4500 1422 4531 ‹
1457 4480 1557 4547 Qui
1604 4495 1700 4534 vos
1757 4479 1924 4542 audit,
1956 4495 2042 4534 me

455 4571 648 4633 audit,
696 4579 752 4624 et
793 4570 885 4640 qui
936 4585 1039 4624 vos.
1078 4570 1324 4639 Spernit,
1370 4585 1455 4625 me
1505 4571 1712 4641 Spernit
1768 4569 1980 4642 (Ibidi).
2015 4587 2034 4622 ι

453 4663 587 4717 lllud
613 4663 776 4716 etiam
808 4664 1058 4719 omnibus
1085 4663 1258 4718 dixit:
1293 4682 1310 4714 ι
1343 4663 1634 4730 Quicredit
1658 4664 1708 4717 in
1732 4679 1837 4729 me,
1852 4677 2036 4733 opera,

455 4770 576 4822 qua:
628 4769 729 4823 ego
784 4753 941 4818 facio,
993 4763 1047 4808 et
1093 4755 1207 4824 ipse
1258 4753 1448 4819 faciet;
1503 4764 1558 4809 et
1605 4755 1811 4824 majora
1843 4755 2038 4810 horum

456 4843 637 4908 faciet,
669 4844 793 4914 quia
823 4843 888 4897 ad
919 4843 1138 4900 Patrem
1161 4845 1298 4900 vado
1324 4843 1506 4915 (Ιοαη.
1535 4844 1667 4914 xw).
1701 4863 1717 4894 ι

526 4935 697 4989 Porro
723 4945 904 4989 autem
956 4936 1097 5006 quod
1131 4935 1378 4990 Salvator
1409 4945 1616 4998 noster,
1656 4935 1722 4988 ad
1753 4935 2038 5011 perlicien-

456 5028 585 5081 dum
609 5027 965 5092 apostolicum
989 5027 1262 5093 ordinem,
1288 5028 1422 5084 duou‘
1439 5027 1612 5083 enarii
1636 5029 1848 5083 numeri
1870 5028 2041 5082 voluit

2139 1829 2458 1897 perducant.

2211 1919 2278 1972 Et
2306 1922 2608 1974 notandum
2626 1921 2767 1991 quod
2805 1923 2946 1978 sicut
2973 1922 3032 1977 Β.
3076 1921 3509 1978 Bartholommus
3536 1929 3738 1977 sextus

2139 2023 2226 2066 est
2248 2013 2386 2066 intra
2411 2014 2656 2067 ordinem
2682 2015 3061 2084 apostolicum,
3078 2015 3156 2070 sic
3178 2013 3314 2068 Elim
3339 2028 3560 2083 quoque
3583 2011 3740 2066 intr:

2140 2093 2424 2161 Israelitici
2453 2105 2631 2176 populi
2662 2107 2973 2161 mansiones
3022 2115 3236 2161 sextum
3282 2105 3495 2160 obtinet
3522 2103 3739 2167 locum,

2139 2204 2197 2248 ut
2220 2196 2345 2250 huic
2373 2211 2566 2251 nomen
2595 2197 2892 2268 spiritualis
2915 2197 3104 2252 arietis
3125 2196 3407 2266 aptissime
3431 2203 3722 2266 congruat,

2141 2302 2171 2340 α
2198 2302 2304 2356 quo
2328 2287 2479 2342 locus
2511 2289 2645 2358 ipse,
2677 2289 2767 2358 qui
2821 2289 2997 2343 fontes
3044 2288 3211 2343 habet
3259 2287 3591 2358 apostolicos
3629 2302 3742 2356 per-

2141 2378 2379 2432 nomiuis
2407 2387 2460 2432 et
2479 2379 2685 2432 ordinis
2701 2379 3015 2449 mysterium
3043 2393 3146 2433 non
3170 2378 3466 2432 discordat.
3492 2376 3722 2431 Sextum

2148 2470 2502 2525 nihilominus
2527 2470 2702 2524 locum
2725 2470 2972 2525 lssacbar
2998 2471 3136 2524 inter
3156 2469 3354 2524 fratres
3386 2469 3579 2532 tenuit,
3604 2483 3734 2522 cum

2141 2577 2263 2616 eum
2296 2561 2598 2631 patriarcha
2627 2561 2793 2616 Jacob
2832 2577 2954 2614 cum
3001 2561 3214 2616 caeteris
3255 2560 3521 2615 fratribus
3562 2559 3732 2613 bene-

2141 2651 2298 2706 dixit.
2324 2650 2489 2722 Cujus
2510 2651 2673 2706 etiam
2728 2651 3034 2706 benedictio
3063 2652 3221 2706 beato
3250 2666 3468 2722 quoque
3497 2649 3739 2703 Bartlic~‘

2141 2737 2336 2793 lomteo
2379 2736 2680 2805 perspicue
2720 2738 2990 2807 congruit,
3053 2735 3155 2806 qui-
3200 2736 3458 2794 videlicet
3497 2735 3726 2795 Indiam,

2143 2830 2397 2902 gentilem
2428 2831 2616 2900 utique
2660 2830 2936 2900 populum,
2963 2829 3018 2883 in
3067 2837 3272 2887 sortem
3323 2827 3734 2898 przedicationis

2144 2907 2370 2996 accepit.
2401 2924 2536 2979 Nam
2565 2940 2689 2980 cum
2717 2925 2946 2978 diversis
2972 2939 3069 2994 per
3096 2923 3336 2993 quinque
3395 2913 3536 2975 filios
3565 2921 3734 2974 bene-.

2145 3019 2468 3074 dictionibus
2491 3017 2816 3080 distributis,
2848 3017 2914 3069 ad
2939 3016 3185 3071 lssacbar
3215 3022 3542 3084 perventum
3565 3018 3724 3074 esset,

2147 3109 2223 3163 ait
2247 3107 2456 3164 Jacoh:
2491 3128 2509 3161 ι
2544 3109 2815 3174 lssacbar,
2840 3107 3026 3161 asinus
3054 3106 3210 3162 fortis
3232 3106 3508 3162 accubans
3540 3105 3593 3158 in
3623 3115 3731 3161 ter-

2142 3202 2326 3265 minis,
2364 3201 2498 3256 vidit
2528 3201 2788 3270 requiem,
2831 3201 2974 3271 quod
3011 3207 3159 3254 esset
3205 3200 3367 3261 bona,
3411 3208 3468 3253 et
3495 3207 3723 3262 terram,

2143 3295 2284 3365 quod
2306 3295 2530 3364 optima,
2559 3305 2612 3349 et
2643 3295 2937 3364 supposuit
2969 3294 3256 3349 humerum
3305 3309 3466 3347 suum
3514 3295 3582 3348 ad
3605 3308 3731 3364 por-

2144 3385 2534 3458 tandum(Gen.
2563 3384 2732 3458 χιιι).
2767 3405 2784 3438 ι
2813 3385 2870 3440 1η
2914 3385 3166 3441 terminis
3211 3385 3410 3455 quippe
3456 3387 3733 3439 accubare

2143 3487 2247 3542 est,
2274 3477 2584 3546 priestolato
2620 3475 2804 3530 mundi
2836 3475 2964 3540 line,
2993 3477 3356 3544 requiescere,
3391 3474 3637 3544 nihilque
3664 3475 3728 3530 de

2143 3571 2229 3626 his
2281 3584 2400 3639 qua:
2446 3583 2588 3622 nunc
2631 3568 2683 3621 in
2737 3567 2916 3620 medio
2964 3575 3270 3630 versantur,
3314 3580 3587 3634 qmerere,
3636 3564 3736 3618 sed

2143 3659 2330 3714 ultima
2354 3658 2682 3714 desiderare.
2700 3657 2766 3711 Et
2793 3656 2949 3712 fortis
2978 3657 3170 3712 asinus
3200 3656 3443 3726 requiem
3466 3655 3726 3724 optimam

2143 3753 2295 3816 vidit,
2325 3749 2452 3807 cum
2477 3750 2702 3820 simplex
2752 3748 3029 3820 gentilitas
3079 3747 3283 3804 idcirco
3331 3761 3390 3802 se
3435 3747 3504 3800 ad
3562 3745 3729 3800 robur

2142 3845 2266 3900 houi
2295 3843 2475 3913 operis
2515 3842 2694 3912 erigit,
2745 3841 2873 3910 quia
2925 3840 2994 3894 ad
3044 3847 3263 3894 :eternaa
3317 3839 3444 3892 vita:
3492 3837 3728 3909 patriam

2144 3915 2502 4000 tendit.IQu:n
2530 3940 2584 3988 et
2615 3931 2680 3986 ad
2726 3931 3050 4002 portandum
3107 3929 3394 3984 humerum
3447 3927 3721 3998 supponit,

2144 4025 2265 4094 quia
2293 4009 2580 4092 conspecta
2613 4037 2845 4093 superna
2867 4019 3073 4091 requie,
3097 4019 3379 4090 praeceptis
3403 4018 3572 4072 etiam
3604 4032 3722 4087 gra-

2144 4103 2299 4168 vibus
2332 4113 2722 4184 inopcratione
2750 4126 2808 4166 se
2857 4110 3094 4190 subjicit,
3127 4119 3182 4164 et
3233 4109 3504 4180 quidquid
3532 4107 3719 4162 intole-

2146 4208 2316 4262 rabile
2370 4206 2787 4277 pusillanimitas
2817 4205 3037 4272 asserit,
3083 4205 3187 4260 hoc
3232 4203 3281 4258 ei
3329 4202 3446 4258 leve
3477 4217 3548 4258 ac
3572 4200 3721 4256 facile

2147 4316 2268 4370 Spes
2298 4299 2752 4362 remunerationis
2777 4298 3029 4353 ostendit.

2214 4391 2527 4446 Benedictio
2555 4392 2720 4461 igitur
2743 4391 2996 4445 lssacbar
3018 4389 3178 4443 beato
3211 4385 3613 4441 Bartholomaeo
3634 4397 3722 4454 per

2147 4482 2398 4556 grrnlilem
2451 4481 2704 4558 populum
2745 4479 3018 4547 congruit,
3069 4492 3230 4546 quem
3261 4477 3386 4530 dum
3436 4490 3464 4526 a
3513 4474 3716 4529 cultura

2147 4577 2449 4631 dcemonum
2480 4574 2799 4630 Christiana:
2829 4573 2948 4627 ﬁdei
2992 4570 3239 4634 sociavit,
3273 4570 3325 4623 in
3369 4568 3588 4622 unitate
3618 4564 3718 4634 spi-

2146 4671 2285 4724 ritus
2329 4665 2727 4738 quodammodo
2763 4680 2918 4719 suum
2977 4678 3184 4732 corpus
3220 4660 3418 4716 effecit.
3468 4658 3646 4713 Unum
3671 4663 3720 4707 et

2146 4777 2242 4816 nos
2270 4776 2391 4816 cum
2423 4759 2625 4814 sanctis
2655 4755 2913 4827 apostolis
2960 4770 3167 4820 sumus,
3195 4753 3239 4807 si
3269 4767 3375 4806 non
3410 4749 3578 4804 modo
3604 4745 3720 4800 ﬁdei

2146 4850 2435 4919 meritum,
2483 4849 2577 4902 sed
2631 4856 2682 4900 et
2743 4845 3174 4903 conversationis
3214 4857 3402 4897 eorum
3453 4839 3720 4894 imitemur

2146 4940 2472 5010 exemplum,
2515 4938 2656 4994 sicut
2698 4953 2793 5006 per
2813 4936 3040 4991 Paulum
3079 4935 3317 4998 dicitur:
3353 4951 3371 4982 ι
3409 4930 3619 4985 Etenim
3666 4926 3715 4978 in

2146 5049 2254 5088 uno
2273 5032 2464 5100 Spiritu
2486 5047 2673 5086 omnes
2707 5046 2804 5084 nos
2842 5029 2893 5082 in
2919 5043 3083 5082 unum
3116 5041 3313 5096 corpus
3352 5020 3610 5092 baptizati
3633 5033 3719 5071 su-
