  <div class='ocr_page' id='page_1' title='image "/cluster/home/n/w/nwhite01/storage/ocr_20150623/144/hvd.32044010574010/368.png"; bbox 0 0 3978 5328; ppageno 0'>
   <div class='ocr_carea' id='block_1_1' title="bbox 231 183 341 238">
    <p class='ocr_par' dir='ltr' id='par_1_1' title="bbox 231 183 341 238">
     <span class='ocr_line' id='line_1_1' title="bbox 231 183 341 238; baseline -0.045 1"><span class='ocrx_word' id='word_1_1' title='bbox 231 183 341 238; x_wconf 69' lang='lat'><strong>125.</strong></span> 
     </span>
    </p>
   </div>
   <div class='ocr_carea' id='block_1_2' title="bbox 1632 162 2047 227">
    <p class='ocr_par' dir='ltr' id='par_1_2' title="bbox 1632 162 2047 227">
     <span class='ocr_line' id='line_1_2' title="bbox 1632 162 2047 227; baseline -0.014 0"><span class='ocrx_word' id='word_1_2' title='bbox 1632 168 1859 227; x_wconf 72' lang='lat' dir='ltr'><strong>SEllMO</strong></span> <span class='ocrx_word' id='word_1_3' title='bbox 1899 162 2047 223; x_wconf 75' lang='lat' dir='ltr'><strong>XLII.</strong></span> 
     </span>
    </p>
   </div>
   <div class='ocr_carea' id='block_1_3' title="bbox 3348 142 3455 212">
    <p class='ocr_par' dir='ltr' id='par_1_3' title="bbox 3348 142 3455 212">
     <span class='ocr_line' id='line_1_3' title="bbox 3348 142 3455 212; baseline -0.028 0"><span class='ocrx_word' id='word_1_4' title='bbox 3348 142 3455 212; x_wconf 55' lang='grc' dir='ltr'><strong>Ἠυξ</strong></span> 
     </span>
    </p>
   </div>
   <div class='ocr_carea' id='block_1_4' title="bbox 232 258 3455 365">
    <p class='ocr_par' dir='ltr' id='par_1_4' title="bbox 232 258 3455 365">
     <span class='ocr_line' id='line_1_4' title="bbox 232 258 3455 365; baseline -0.009 -12"><span class='ocrx_word' id='word_1_5' title='bbox 232 296 413 359; x_wconf 85' lang='lat' dir='ltr'><strong>tribus,</strong></span> <span class='ocrx_word' id='word_1_6' title='bbox 446 304 501 349; x_wconf 87' lang='lat' dir='ltr'><strong>et</strong></span> <span class='ocrx_word' id='word_1_7' title='bbox 527 292 753 365; x_wconf 45' lang='lat' dir='ltr'><strong>praecipe</strong></span> <span class='ocrx_word' id='word_1_8' title='bbox 794 292 872 348; x_wconf 86' lang='lat' dir='ltr'><strong>eis</strong></span> <span class='ocrx_word' id='word_1_9' title='bbox 916 298 971 345; x_wconf 90' lang='lat' dir='ltr'><strong>ut</strong></span> <span class='ocrx_word' id='word_1_10' title='bbox 998 288 1295 355; x_wconf 55' lang='lat' dir='ltr'><strong>tollant,de</strong></span> <span class='ocrx_word' id='word_1_11' title='bbox 1326 288 1502 343; x_wconf 89' lang='lat' dir='ltr'><strong>medio</strong></span> <span class='ocrx_word' id='word_1_12' title='bbox 1538 286 1788 341; x_wconf 88' lang='lat' dir='ltr'><strong>Iordanis</strong></span> <span class='ocrx_word' id='word_1_13' title='bbox 1816 287 1861 343; x_wconf 80' lang='grc' dir='ltr'><strong>Α</strong></span> <span class='ocrx_word' id='word_1_14' title='bbox 1890 278 2167 349; x_wconf 69' lang='lat' dir='ltr'><strong>apostolis,</strong></span> <span class='ocrx_word' id='word_1_15' title='bbox 2202 278 2361 351; x_wconf 78' lang='lat' dir='ltr'><strong>hujus</strong></span> <span class='ocrx_word' id='word_1_16' title='bbox 2398 279 2579 365; x_wconf 87' lang='lat' dir='ltr'><strong>mundi</strong></span> <span class='ocrx_word' id='word_1_17' title='bbox 2610 278 2901 333; x_wconf 89' lang='lat' dir='ltr'><strong>dilectores</strong></span> <span class='ocrx_word' id='word_1_18' title='bbox 2946 258 2989 329; x_wconf 61' lang='grc' dir='ltr'><em>ἆ</em></span> <span class='ocrx_word' id='word_1_19' title='bbox 3025 259 3200 345; x_wconf 75' lang='lat' dir='ltr'><strong>rigore</strong></span> <span class='ocrx_word' id='word_1_20' title='bbox 3227 286 3343 328; x_wconf 79' lang='lat' dir='ltr'><strong>sese</strong></span> <span class='ocrx_word' id='word_1_21' title='bbox 3370 284 3455 326; x_wconf 84' lang='lat' dir='ltr'><strong>tu-</strong></span> 
     </span>
    </p>
   </div>
   <div class='ocr_carea' id='block_1_5' title="bbox 231 376 1789 449">
    <p class='ocr_par' dir='ltr' id='par_1_5' title="bbox 231 376 1789 449">
     <span class='ocr_line' id='line_1_5' title="bbox 231 376 1789 449; baseline -0.007 -8"><span class='ocrx_word' id='word_1_22' title='bbox 231 389 400 449; x_wconf 87' lang='lat' dir='ltr'><strong>alveo,</strong></span> <span class='ocrx_word' id='word_1_23' title='bbox 446 384 534 437; x_wconf 89' lang='lat' dir='ltr'><strong>ubi</strong></span> <span class='ocrx_word' id='word_1_24' title='bbox 582 390 853 436; x_wconf 85' lang='lat' dir='ltr'><strong>steterunt</strong></span> <span class='ocrx_word' id='word_1_25' title='bbox 903 381 1238 436; x_wconf 79' lang='lat' dir='ltr'><strong>sacerdotum</strong></span> <span class='ocrx_word' id='word_1_26' title='bbox 1286 378 1471 447; x_wconf 87' lang='lat' dir='ltr'><strong>pedes,</strong></span> <span class='ocrx_word' id='word_1_27' title='bbox 1507 376 1789 432; x_wconf 79' lang='lat' dir='ltr'><strong>duodecim</strong></span> 
     </span>
    </p>
   </div>
   <div class='ocr_carea' id='block_1_6' title="bbox 231 464 1787 538">
    <p class='ocr_par' dir='ltr' id='par_1_6' title="bbox 231 464 1787 538">
     <span class='ocr_line' id='line_1_6' title="bbox 231 464 1787 538; baseline -0.009 -9"><span class='ocrx_word' id='word_1_28' title='bbox 231 475 540 530; x_wconf 86' lang='lat' dir='ltr'><strong>durissimos</strong></span> <span class='ocrx_word' id='word_1_29' title='bbox 570 470 796 538; x_wconf 87' lang='lat' dir='ltr'><strong>lapides,</strong></span> <span class='ocrx_word' id='word_1_30' title='bbox 828 484 963 538; x_wconf 89' lang='lat' dir='ltr'><strong>quos</strong></span> <span class='ocrx_word' id='word_1_31' title='bbox 990 468 1202 537; x_wconf 88' lang='lat' dir='ltr'><strong>ponetis</strong></span> <span class='ocrx_word' id='word_1_32' title='bbox 1247 466 1299 520; x_wconf 94' lang='lat' dir='ltr'><strong>in</strong></span> <span class='ocrx_word' id='word_1_33' title='bbox 1323 464 1441 520; x_wconf 92' lang='lat' dir='ltr'><strong>loco</strong></span> <span class='ocrx_word' id='word_1_34' title='bbox 1463 472 1787 528; x_wconf 88' lang='lat' dir='ltr'><strong>castrorum,</strong></span> 
     </span>
    </p>
   </div>
   <div class='ocr_carea' id='block_1_7' title="bbox 230 551 1791 625">
    <p class='ocr_par' dir='ltr' id='par_1_7' title="bbox 230 551 1791 625">
     <span class='ocr_line' id='line_1_7' title="bbox 230 551 1791 625; baseline -0.008 -5"><span class='ocrx_word' id='word_1_35' title='bbox 230 566 313 620; x_wconf 89' lang='lat' dir='ltr'><strong>ubi</strong></span> <span class='ocrx_word' id='word_1_36' title='bbox 359 562 587 616; x_wconf 79' lang='lat' dir='ltr'><strong>ﬁxeritis</strong></span> <span class='ocrx_word' id='word_1_37' title='bbox 626 560 726 614; x_wconf 89' lang='lat' dir='ltr'><strong>hac</strong></span> <span class='ocrx_word' id='word_1_38' title='bbox 772 568 929 613; x_wconf 89' lang='lat' dir='ltr'><strong>nocte</strong></span> <span class='ocrx_word' id='word_1_39' title='bbox 974 556 1203 612; x_wconf 89' lang='lat' dir='ltr'><strong>tentoria</strong></span> <span class='ocrx_word' id='word_1_40' title='bbox 1250 556 1388 625; x_wconf 77' lang='lat' dir='ltr'><strong>(Jos.</strong></span> <span class='ocrx_word' id='word_1_41' title='bbox 1421 555 1515 624; x_wconf 83' lang='lat' dir='ltr'><strong>IV).</strong></span> <span class='ocrx_word' id='word_1_42' title='bbox 1576 573 1592 604; x_wconf 73' lang='grc' dir='ltr'><strong>ι</strong></span> <span class='ocrx_word' id='word_1_43' title='bbox 1650 551 1791 619; x_wconf 90' lang='lat' dir='ltr'><strong>Quid</strong></span> 
     </span>
    </p>
   </div>
   <div class='ocr_carea' id='block_1_8' title="bbox 232 643 1791 721">
    <p class='ocr_par' dir='ltr' id='par_1_8' title="bbox 232 643 1791 721">
     <span class='ocr_line' id='line_1_8' title="bbox 232 643 1791 721; baseline -0.006 -12"><span class='ocrx_word' id='word_1_44' title='bbox 232 659 404 721; x_wconf 90' lang='lat' dir='ltr'><strong>itaque</strong></span> <span class='ocrx_word' id='word_1_45' title='bbox 460 667 556 721; x_wconf 89' lang='lat' dir='ltr'><strong>per</strong></span> <span class='ocrx_word' id='word_1_46' title='bbox 611 650 861 705; x_wconf 88' lang='lat' dir='ltr'><strong>Iordanis</strong></span> <span class='ocrx_word' id='word_1_47' title='bbox 917 648 1226 710; x_wconf 89' lang='lat' dir='ltr'><strong>transitum,</strong></span> <span class='ocrx_word' id='word_1_48' title='bbox 1284 646 1385 701; x_wconf 91' lang='lat' dir='ltr'><strong>nisi</strong></span> <span class='ocrx_word' id='word_1_49' title='bbox 1450 643 1791 715; x_wconf 75' lang='lat' dir='ltr'><strong>baptismatis</strong></span> 
     </span>
    </p>
   </div>
   <div class='ocr_carea' id='block_1_9' title="bbox 232 733 1789 805">
    <p class='ocr_par' dir='ltr' id='par_1_9' title="bbox 232 733 1789 805">
     <span class='ocr_line' id='line_1_9' title="bbox 232 733 1789 805; baseline -0.006 -7"><span class='ocrx_word' id='word_1_50' title='bbox 232 744 469 799; x_wconf 88' lang='lat' dir='ltr'><strong>innuitur</strong></span> <span class='ocrx_word' id='word_1_51' title='bbox 510 739 941 795; x_wconf 82' lang='lat' dir='ltr'><strong>sacramentum?</strong></span> <span class='ocrx_word' id='word_1_52' title='bbox 983 738 1091 793; x_wconf 89' lang='lat' dir='ltr'><strong>Cur</strong></span> <span class='ocrx_word' id='word_1_53' title='bbox 1124 737 1319 792; x_wconf 90' lang='lat' dir='ltr'><strong>dicitur</strong></span> <span class='ocrx_word' id='word_1_54' title='bbox 1348 736 1472 805; x_wconf 85' lang='lat' dir='ltr'><strong>quia</strong></span> <span class='ocrx_word' id='word_1_55' title='bbox 1505 733 1789 789; x_wconf 88' lang='lat' dir='ltr'><strong>duodecim</strong></span> 
     </span>
    </p>
   </div>
   <div class='ocr_carea' id='block_1_10' title="bbox 229 823 1789 904">
    <p class='ocr_par' dir='ltr' id='par_1_10' title="bbox 229 823 1789 904">
     <span class='ocr_line' id='line_1_10' title="bbox 229 823 1789 904; baseline -0.005 -17"><span class='ocrx_word' id='word_1_56' title='bbox 229 835 542 889; x_wconf 82' lang='lat' dir='ltr'><strong>durissimos</strong></span> <span class='ocrx_word' id='word_1_57' title='bbox 584 833 788 904; x_wconf 86' lang='lat' dir='ltr'><strong>lapides</strong></span> <span class='ocrx_word' id='word_1_58' title='bbox 839 832 892 886; x_wconf 90' lang='lat' dir='ltr'><strong>in</strong></span> <span class='ocrx_word' id='word_1_59' title='bbox 939 830 1303 886; x_wconf 86' lang='lat' dir='ltr'><strong>testimonium</strong></span> <span class='ocrx_word' id='word_1_60' title='bbox 1335 837 1652 899; x_wconf 88' lang='lat' dir='ltr'><strong>posuerunt,</strong></span> <span class='ocrx_word' id='word_1_61' title='bbox 1685 823 1789 881; x_wconf 86' lang='lat' dir='ltr'><strong>nisi</strong></span> 
     </span>
    </p>
   </div>
   <div class='ocr_carea' id='block_1_11' title="bbox 230 917 1789 993">
    <p class='ocr_par' dir='ltr' id='par_1_11' title="bbox 230 917 1789 993">
     <span class='ocr_line' id='line_1_11' title="bbox 230 917 1789 993; baseline -0.004 -13"><span class='ocrx_word' id='word_1_62' title='bbox 230 938 280 980; x_wconf 89' lang='lat' dir='ltr'><strong>nt</strong></span> <span class='ocrx_word' id='word_1_63' title='bbox 303 941 403 980; x_wconf 77' lang='lat' dir='ltr'><strong>nos</strong></span> <span class='ocrx_word' id='word_1_64' title='bbox 442 926 719 981; x_wconf 84' lang='lat' dir='ltr'><strong>instruant</strong></span> <span class='ocrx_word' id='word_1_65' title='bbox 747 933 1033 993; x_wconf 81' lang='lat' dir='ltr'><strong>quatenus,</strong></span> <span class='ocrx_word' id='word_1_66' title='bbox 1064 938 1187 976; x_wconf 80' lang='lat' dir='ltr'><strong>mox</strong></span> <span class='ocrx_word' id='word_1_67' title='bbox 1220 931 1279 977; x_wconf 91' lang='lat' dir='ltr'><strong>ut</strong></span> <span class='ocrx_word' id='word_1_68' title='bbox 1316 921 1381 975; x_wconf 91' lang='lat' dir='ltr'><strong>de</strong></span> <span class='ocrx_word' id='word_1_69' title='bbox 1421 920 1559 975; x_wconf 83' lang='lat' dir='ltr'><strong>sacri</strong></span> <span class='ocrx_word' id='word_1_70' title='bbox 1592 917 1789 973; x_wconf 78' lang='lat' dir='ltr'><strong>lavacri</strong></span> 
     </span>
    </p>
   </div>
   <div class='ocr_carea' id='block_1_12' title="bbox 230 1013 1790 1086">
    <p class='ocr_par' dir='ltr' id='par_1_12' title="bbox 230 1013 1790 1086">
     <span class='ocr_line' id='line_1_12' title="bbox 230 1013 1790 1086; baseline -0.003 -16"><span class='ocrx_word' id='word_1_71' title='bbox 230 1020 365 1072; x_wconf 72' lang='lat' dir='ltr'><strong>futue</strong></span> <span class='ocrx_word' id='word_1_72' title='bbox 392 1017 788 1086; x_wconf 81' lang='lat' dir='ltr'><strong>consurgimus,</strong></span> <span class='ocrx_word' id='word_1_73' title='bbox 822 1014 1042 1070; x_wconf 89' lang='lat' dir='ltr'><strong>virtutis</strong></span> <span class='ocrx_word' id='word_1_74' title='bbox 1096 1014 1403 1082; x_wconf 71' lang='lat' dir='ltr'><strong>apostolicae</strong></span> <span class='ocrx_word' id='word_1_75' title='bbox 1432 1013 1584 1067; x_wconf 84' lang='lat' dir='ltr'><strong>nobis</strong></span> <span class='ocrx_word' id='word_1_76' title='bbox 1608 1026 1790 1067; x_wconf 55' lang='lat' dir='ltr'><strong>exemc</strong></span> 
     </span>
    </p>
   </div>
   <div class='ocr_carea' id='block_1_13' title="bbox 229 1101 1790 1180">
    <p class='ocr_par' dir='ltr' id='par_1_13' title="bbox 229 1101 1790 1180">
     <span class='ocr_line' id='line_1_13' title="bbox 229 1101 1790 1180; baseline -0.004 -17"><span class='ocrx_word' id='word_1_77' title='bbox 229 1112 305 1180; x_wconf 88' lang='lat' dir='ltr'><strong>pla</strong></span> <span class='ocrx_word' id='word_1_78' title='bbox 339 1109 629 1165; x_wconf 85' lang='lat' dir='ltr'><strong>fortissima</strong></span> <span class='ocrx_word' id='word_1_79' title='bbox 658 1105 1054 1177; x_wconf 85' lang='lat' dir='ltr'><strong>proponamus?</strong></span> <span class='ocrx_word' id='word_1_80' title='bbox 1082 1113 1142 1158; x_wconf 93' lang='lat' dir='ltr'><strong>ut</strong></span> <span class='ocrx_word' id='word_1_81' title='bbox 1171 1104 1211 1158; x_wconf 90' lang='lat' dir='ltr'><strong>ii</strong></span> <span class='ocrx_word' id='word_1_82' title='bbox 1238 1104 1391 1157; x_wconf 90' lang='lat' dir='ltr'><strong>nobis</strong></span> <span class='ocrx_word' id='word_1_83' title='bbox 1433 1101 1635 1170; x_wconf 88' lang='lat' dir='ltr'><strong>lapides</strong></span> <span class='ocrx_word' id='word_1_84' title='bbox 1678 1101 1790 1156; x_wconf 89' lang='lat' dir='ltr'><strong>sint</strong></span> 
     </span>
    </p>
   </div>
   <div class='ocr_carea' id='block_1_14' title="bbox 231 1196 1788 1263">
    <p class='ocr_par' dir='ltr' id='par_1_14' title="bbox 231 1196 1788 1263">
     <span class='ocr_line' id='line_1_14' title="bbox 231 1196 1788 1263; baseline -0.005 -7"><span class='ocrx_word' id='word_1_85' title='bbox 231 1204 277 1256; x_wconf 89' lang='lat' dir='ltr'><strong>iu</strong></span> <span class='ocrx_word' id='word_1_86' title='bbox 310 1202 703 1263; x_wconf 87' lang='lat' dir='ltr'><strong>testimonium,</strong></span> <span class='ocrx_word' id='word_1_87' title='bbox 754 1199 880 1253; x_wconf 92' lang='lat' dir='ltr'><strong>dum</strong></span> <span class='ocrx_word' id='word_1_88' title='bbox 923 1197 1300 1252; x_wconf 88' lang='lat' dir='ltr'><strong>contendimus</strong></span> <span class='ocrx_word' id='word_1_89' title='bbox 1340 1196 1406 1251; x_wconf 93' lang='lat' dir='ltr'><strong>ad</strong></span> <span class='ocrx_word' id='word_1_90' title='bbox 1458 1196 1788 1249; x_wconf 88' lang='lat' dir='ltr'><strong>incrementa</strong></span> 
     </span>
    </p>
   </div>
   <div class='ocr_carea' id='block_1_15' title="bbox 230 1287 1791 1361">
    <p class='ocr_par' dir='ltr' id='par_1_15' title="bbox 230 1287 1791 1361">
     <span class='ocr_line' id='line_1_15' title="bbox 230 1287 1791 1361; baseline 0 -18"><span class='ocrx_word' id='word_1_91' title='bbox 230 1296 503 1347; x_wconf 82' lang='lat' dir='ltr'><strong>virtutum.</strong></span> <span class='ocrx_word' id='word_1_92' title='bbox 564 1290 713 1346; x_wconf 88' lang='lat' dir='ltr'><strong>Unde</strong></span> <span class='ocrx_word' id='word_1_93' title='bbox 741 1290 986 1361; x_wconf 85' lang='lat' dir='ltr'><strong>protinus</strong></span> <span class='ocrx_word' id='word_1_94' title='bbox 1026 1288 1188 1346; x_wconf 87' lang='lat' dir='ltr'><strong>Iosue</strong></span> <span class='ocrx_word' id='word_1_95' title='bbox 1231 1287 1451 1358; x_wconf 76' lang='lat' dir='ltr'><strong>iubetur</strong></span> <span class='ocrx_word' id='word_1_96' title='bbox 1493 1298 1550 1343; x_wconf 90' lang='lat' dir='ltr'><strong>ut</strong></span> <span class='ocrx_word' id='word_1_97' title='bbox 1583 1289 1633 1342; x_wconf 91' lang='lat' dir='ltr'><strong>in</strong></span> <span class='ocrx_word' id='word_1_98' title='bbox 1666 1288 1791 1344; x_wconf 83' lang='lat' dir='ltr'><strong>Gal-</strong></span> 
     </span>
    </p>
   </div>
   <div class='ocr_carea' id='block_1_16' title="bbox 234 1380 1789 1454">
    <p class='ocr_par' dir='ltr' id='par_1_16' title="bbox 234 1380 1789 1454">
     <span class='ocr_line' id='line_1_16' title="bbox 234 1380 1789 1454; baseline -0.001 -17"><span class='ocrx_word' id='word_1_99' title='bbox 234 1384 337 1454; x_wconf 87' lang='lat' dir='ltr'><strong>gala</strong></span> <span class='ocrx_word' id='word_1_100' title='bbox 388 1399 509 1438; x_wconf 90' lang='lat' dir='ltr'><strong>cum</strong></span> <span class='ocrx_word' id='word_1_101' title='bbox 565 1382 757 1453; x_wconf 89' lang='lat' dir='ltr'><strong>populo</strong></span> <span class='ocrx_word' id='word_1_102' title='bbox 806 1390 1062 1446; x_wconf 89' lang='lat' dir='ltr'><strong>transeat,</strong></span> <span class='ocrx_word' id='word_1_103' title='bbox 1093 1390 1255 1451; x_wconf 88' lang='lat' dir='ltr'><strong>atque</strong></span> <span class='ocrx_word' id='word_1_104' title='bbox 1311 1381 1418 1436; x_wconf 89' lang='lat' dir='ltr'><strong>illic</strong></span> <span class='ocrx_word' id='word_1_105' title='bbox 1459 1396 1552 1436; x_wconf 88' lang='lat' dir='ltr'><strong>eos</strong></span> <span class='ocrx_word' id='word_1_106' title='bbox 1598 1380 1789 1436; x_wconf 88' lang='lat' dir='ltr'><strong>cultris</strong></span> 
     </span>
    </p>
   </div>
   <div class='ocr_carea' id='block_1_17' title="bbox 234 1473 1790 1544">
    <p class='ocr_par' dir='ltr' id='par_1_17' title="bbox 234 1473 1790 1544">
     <span class='ocr_line' id='line_1_17' title="bbox 234 1473 1790 1544; baseline -0.001 -16"><span class='ocrx_word' id='word_1_107' title='bbox 234 1476 441 1544; x_wconf 84' lang='lat' dir='ltr'><strong>lapideis</strong></span> <span class='ocrx_word' id='word_1_108' title='bbox 462 1475 840 1529; x_wconf 87' lang='lat' dir='ltr'><strong>circumcidat.</strong></span> <span class='ocrx_word' id='word_1_109' title='bbox 881 1473 1062 1539; x_wconf 91' lang='lat' dir='ltr'><strong>Petra,</strong></span> <span class='ocrx_word' id='word_1_110' title='bbox 1089 1482 1148 1527; x_wconf 89' lang='lat' dir='ltr'><strong>ut</strong></span> <span class='ocrx_word' id='word_1_111' title='bbox 1194 1473 1269 1527; x_wconf 86' lang='lat' dir='ltr'><strong>ait</strong></span> <span class='ocrx_word' id='word_1_112' title='bbox 1312 1473 1618 1543; x_wconf 88' lang='lat' dir='ltr'><strong>Apostolus,</strong></span> <span class='ocrx_word' id='word_1_113' title='bbox 1671 1479 1790 1527; x_wconf 88' lang='lat' dir='ltr'><strong>erat</strong></span> 
     </span>
    </p>
   </div>
   <div class='ocr_carea' id='block_1_18' title="bbox 235 1562 1794 1633">
    <p class='ocr_par' dir='ltr' id='par_1_18' title="bbox 235 1562 1794 1633">
     <span class='ocr_line' id='line_1_18' title="bbox 235 1562 1794 1633; baseline -0.003 -14"><span class='ocrx_word' id='word_1_114' title='bbox 235 1567 465 1619; x_wconf 78' lang='lat' dir='ltr'><strong>Christus</strong></span> <span class='ocrx_word' id='word_1_115' title='bbox 515 1564 570 1631; x_wconf 82' lang='grc'><strong>(1</strong></span> <span class='ocrx_word' id='word_1_116' title='bbox 618 1563 738 1618; x_wconf 87' lang='lat' dir='ltr'><strong>Cor.</strong></span> <span class='ocrx_word' id='word_1_117' title='bbox 795 1564 870 1633; x_wconf 76' lang='grc' dir='ltr'><strong>Χ).</strong></span> <span class='ocrx_word' id='word_1_118' title='bbox 925 1562 1031 1617; x_wconf 88' lang='lat' dir='ltr'><strong>Per</strong></span> <span class='ocrx_word' id='word_1_119' title='bbox 1072 1564 1318 1619; x_wconf 81' lang='lat' dir='ltr'><strong>Cultellos</strong></span> <span class='ocrx_word' id='word_1_120' title='bbox 1368 1579 1497 1633; x_wconf 89' lang='lat' dir='ltr'><strong>ergo</strong></span> <span class='ocrx_word' id='word_1_121' title='bbox 1550 1564 1794 1633; x_wconf 83' lang='lat' dir='ltr'><strong>lapideos</strong></span> 
     </span>
    </p>
   </div>
   <div class='ocr_carea' id='block_1_19' title="bbox 236 1653 1792 1724">
    <p class='ocr_par' dir='ltr' id='par_1_19' title="bbox 236 1653 1792 1724">
     <span class='ocr_line' id='line_1_19' title="bbox 236 1653 1792 1724; baseline 0.001 -17"><span class='ocrx_word' id='word_1_122' title='bbox 236 1655 382 1724; x_wconf 79' lang='lat'><strong>209</strong></span> <span class='ocrx_word' id='word_1_123' title='bbox 426 1653 888 1717; x_wconf 88' lang='lat' dir='ltr'><strong>circumcidimur,</strong></span> <span class='ocrx_word' id='word_1_124' title='bbox 933 1668 1054 1708; x_wconf 93' lang='lat' dir='ltr'><strong>cum</strong></span> <span class='ocrx_word' id='word_1_125' title='bbox 1111 1670 1206 1722; x_wconf 90' lang='lat' dir='ltr'><strong>per</strong></span> <span class='ocrx_word' id='word_1_126' title='bbox 1259 1654 1533 1708; x_wconf 87' lang='lat' dir='ltr'><strong>Christum</strong></span> <span class='ocrx_word' id='word_1_127' title='bbox 1575 1670 1604 1707; x_wconf 92' lang='lat' dir='ltr'><strong>a</strong></span> <span class='ocrx_word' id='word_1_128' title='bbox 1637 1654 1792 1709; x_wconf 87' lang='lat' dir='ltr'><strong>nobis</strong></span> 
     </span>
    </p>
   </div>
   <div class='ocr_carea' id='block_1_20' title="bbox 238 1742 1793 1812">
    <p class='ocr_par' dir='ltr' id='par_1_20' title="bbox 238 1742 1793 1812">
     <span class='ocr_line' id='line_1_20' title="bbox 238 1742 1793 1812; baseline -0.001 -14"><span class='ocrx_word' id='word_1_129' title='bbox 238 1760 407 1798; x_wconf 84' lang='lat' dir='ltr'><strong>omnes</strong></span> <span class='ocrx_word' id='word_1_130' title='bbox 436 1743 615 1797; x_wconf 88' lang='lat' dir='ltr'><strong>carnis</strong></span> <span class='ocrx_word' id='word_1_131' title='bbox 646 1752 699 1796; x_wconf 90' lang='lat' dir='ltr'><strong>et</strong></span> <span class='ocrx_word' id='word_1_132' title='bbox 742 1742 965 1811; x_wconf 78' lang='lat' dir='ltr'><strong>spiritus</strong></span> <span class='ocrx_word' id='word_1_133' title='bbox 997 1742 1275 1796; x_wconf 82' lang='lat' dir='ltr'><strong>illecebras</strong></span> <span class='ocrx_word' id='word_1_134' title='bbox 1310 1752 1671 1812; x_wconf 88' lang='lat' dir='ltr'><strong>amputamus.</strong></span> <span class='ocrx_word' id='word_1_135' title='bbox 1726 1743 1793 1796; x_wconf 86' lang='lat' dir='ltr'><strong>Et</strong></span> 
     </span>
    </p>
   </div>
   <div class='ocr_carea' id='block_1_21' title="bbox 238 1831 1788 1904">
    <p class='ocr_par' dir='ltr' id='par_1_21' title="bbox 238 1831 1788 1904">
     <span class='ocr_line' id='line_1_21' title="bbox 238 1831 1788 1904; baseline 0.004 -20"><span class='ocrx_word' id='word_1_136' title='bbox 238 1833 325 1886; x_wconf 86' lang='lat' dir='ltr'><strong>hac</strong></span> <span class='ocrx_word' id='word_1_137' title='bbox 353 1831 789 1895; x_wconf 83' lang='lat' dir='ltr'><strong>circumcisione,</strong></span> <span class='ocrx_word' id='word_1_138' title='bbox 839 1832 979 1886; x_wconf 89' lang='lat' dir='ltr'><strong>sicut</strong></span> <span class='ocrx_word' id='word_1_139' title='bbox 1022 1831 1129 1885; x_wconf 91' lang='lat' dir='ltr'><strong>illic</strong></span> <span class='ocrx_word' id='word_1_140' title='bbox 1158 1832 1372 1897; x_wconf 89' lang='lat' dir='ltr'><strong>dicitur,</strong></span> <span class='ocrx_word' id='word_1_141' title='bbox 1414 1832 1788 1904; x_wconf 60' lang='lat' dir='ltr'><strong>Egyptiorum</strong></span> 
     </span>
    </p>
   </div>
   <div class='ocr_carea' id='block_1_22' title="bbox 240 1922 1793 1992">
    <p class='ocr_par' dir='ltr' id='par_1_22' title="bbox 240 1922 1793 1992">
     <span class='ocr_line' id='line_1_22' title="bbox 240 1922 1793 1992; baseline 0.004 -18"><span class='ocrx_word' id='word_1_142' title='bbox 240 1922 601 1991; x_wconf 88' lang='lat' dir='ltr'><strong>propulsamus</strong></span> <span class='ocrx_word' id='word_1_143' title='bbox 629 1923 1000 1992; x_wconf 80' lang='lat' dir='ltr'><strong>approbrium,</strong></span> <span class='ocrx_word' id='word_1_144' title='bbox 1024 1923 1276 1991; x_wconf 86' lang='lat' dir='ltr'><strong>quoniam</strong></span> <span class='ocrx_word' id='word_1_145' title='bbox 1303 1923 1667 1978; x_wconf 87' lang='lat' dir='ltr'><strong>deludentium</strong></span> <span class='ocrx_word' id='word_1_146' title='bbox 1697 1941 1793 1980; x_wconf 88' lang='lat' dir='ltr'><strong>nos</strong></span> 
     </span>
    </p>
   </div>
   <div class='ocr_carea' id='block_1_23' title="bbox 238 2013 1793 2085">
    <p class='ocr_par' dir='ltr' id='par_1_23' title="bbox 238 2013 1793 2085">
     <span class='ocr_line' id='line_1_23' title="bbox 238 2013 1793 2085; baseline 0.002 -18"><span class='ocrx_word' id='word_1_147' title='bbox 238 2013 466 2069; x_wconf 82' lang='lat' dir='ltr'><strong>elidimus</strong></span> <span class='ocrx_word' id='word_1_148' title='bbox 486 2015 839 2083; x_wconf 89' lang='lat' dir='ltr'><strong>petulantiam</strong></span> <span class='ocrx_word' id='word_1_149' title='bbox 886 2014 1138 2068; x_wconf 84' lang='lat' dir='ltr'><strong>vitiorum</strong></span> <span class='ocrx_word' id='word_1_150' title='bbox 1167 2033 1179 2067; x_wconf 91' lang='lat'><strong>:</strong></span> <span class='ocrx_word' id='word_1_151' title='bbox 1217 2034 1233 2065; x_wconf 75' lang='grc' dir='ltr'><strong>ι</strong></span> <span class='ocrx_word' id='word_1_152' title='bbox 1273 2014 1461 2080; x_wconf 86' lang='lat' dir='ltr'><strong>Hodie,</strong></span> <span class='ocrx_word' id='word_1_153' title='bbox 1491 2016 1665 2085; x_wconf 90' lang='lat' dir='ltr'><strong>inquit</strong></span> <span class='ocrx_word' id='word_1_154' title='bbox 1694 2016 1793 2070; x_wconf 87' lang='lat' dir='ltr'><strong>Do-</strong></span> 
     </span>
    </p>
   </div>
   <div class='ocr_carea' id='block_1_24' title="bbox 243 2104 1792 2178">
    <p class='ocr_par' dir='ltr' id='par_1_24' title="bbox 243 2104 1792 2178">
     <span class='ocr_line' id='line_1_24' title="bbox 243 2104 1792 2178; baseline 0.003 -20"><span class='ocrx_word' id='word_1_155' title='bbox 243 2106 408 2159; x_wconf 85' lang='lat' dir='ltr'><strong>minus</strong></span> <span class='ocrx_word' id='word_1_156' title='bbox 429 2106 494 2159; x_wconf 88' lang='lat' dir='ltr'><strong>ad</strong></span> <span class='ocrx_word' id='word_1_157' title='bbox 530 2104 717 2170; x_wconf 87' lang='lat' dir='ltr'><strong>Iosue,</strong></span> <span class='ocrx_word' id='word_1_158' title='bbox 749 2105 942 2161; x_wconf 81' lang='lat' dir='ltr'><strong>abstuli</strong></span> <span class='ocrx_word' id='word_1_159' title='bbox 971 2106 1319 2177; x_wconf 87' lang='lat' dir='ltr'><strong>opprobrium</strong></span> <span class='ocrx_word' id='word_1_160' title='bbox 1348 2107 1561 2178; x_wconf 63' lang='lat' dir='ltr'><strong>Egypti</strong></span> <span class='ocrx_word' id='word_1_161' title='bbox 1589 2124 1617 2162; x_wconf 92' lang='lat' dir='ltr'><strong>a</strong></span> <span class='ocrx_word' id='word_1_162' title='bbox 1643 2110 1792 2163; x_wconf 89' lang='lat' dir='ltr'><strong>vobis</strong></span> 
     </span>
    </p>
   </div>
   <div class='ocr_carea' id='block_1_25' title="bbox 241 2196 1791 2269">
    <p class='ocr_par' dir='ltr' id='par_1_25' title="bbox 241 2196 1791 2269">
     <span class='ocr_line' id='line_1_25' title="bbox 241 2196 1791 2269; baseline 0.002 -19"><span class='ocrx_word' id='word_1_163' title='bbox 241 2196 360 2267; x_wconf 77' lang='lat' dir='ltr'><strong>(los.</strong></span> <span class='ocrx_word' id='word_1_164' title='bbox 390 2198 462 2267; x_wconf 92' lang='lat' dir='ltr'><strong>v).</strong></span> <span class='ocrx_word' id='word_1_165' title='bbox 496 2216 513 2250; x_wconf 78' lang='grc' dir='ltr'><strong>ι</strong></span> <span class='ocrx_word' id='word_1_166' title='bbox 550 2196 658 2251; x_wconf 83' lang='lat' dir='ltr'><strong>Nec</strong></span> <span class='ocrx_word' id='word_1_167' title='bbox 696 2198 1147 2266; x_wconf 65' lang='lat' dir='ltr'><strong>praetereundum,</strong></span> <span class='ocrx_word' id='word_1_168' title='bbox 1177 2199 1316 2267; x_wconf 89' lang='lat' dir='ltr'><strong>quod</strong></span> <span class='ocrx_word' id='word_1_169' title='bbox 1346 2196 1563 2269; x_wconf 84' lang='lat' dir='ltr'><strong>Calgala</strong></span> <span class='ocrx_word' id='word_1_170' title='bbox 1595 2198 1791 2253; x_wconf 83' lang='lat' dir='ltr'><strong>rercla-</strong></span> 
     </span>
    </p>
   </div>
   <div class='ocr_carea' id='block_1_26' title="bbox 242 2289 1793 2359">
    <p class='ocr_par' dir='ltr' id='par_1_26' title="bbox 242 2289 1793 2359">
     <span class='ocr_line' id='line_1_26' title="bbox 242 2289 1793 2359; baseline 0.001 -15"><span class='ocrx_word' id='word_1_171' title='bbox 242 2290 301 2344; x_wconf 87' lang='lat' dir='ltr'><strong>tio</strong></span> <span class='ocrx_word' id='word_1_172' title='bbox 320 2290 718 2357; x_wconf 82' lang='lat' dir='ltr'><strong>interpretatur.</strong></span> <span class='ocrx_word' id='word_1_173' title='bbox 740 2289 856 2345; x_wconf 75' lang='lat' dir='ltr'><strong>Vita</strong></span> <span class='ocrx_word' id='word_1_174' title='bbox 881 2290 1075 2359; x_wconf 89' lang='lat' dir='ltr'><strong>quippe</strong></span> <span class='ocrx_word' id='word_1_175' title='bbox 1104 2290 1338 2345; x_wconf 89' lang='lat' dir='ltr'><strong>carnalis</strong></span> <span class='ocrx_word' id='word_1_176' title='bbox 1367 2290 1552 2345; x_wconf 90' lang='lat' dir='ltr'><strong>oculos</strong></span> <span class='ocrx_word' id='word_1_177' title='bbox 1594 2292 1793 2347; x_wconf 83' lang='lat' dir='ltr'><strong>mentis</strong></span> 
     </span>
    </p>
   </div>
   <div class='ocr_carea' id='block_1_27' title="bbox 242 2377 1795 2450">
    <p class='ocr_par' dir='ltr' id='par_1_27' title="bbox 242 2377 1795 2450">
     <span class='ocr_line' id='line_1_27' title="bbox 242 2377 1795 2450; baseline 0 -17"><span class='ocrx_word' id='word_1_178' title='bbox 242 2387 479 2443; x_wconf 71' lang='lat' dir='ltr'><strong>emerat,</strong></span> <span class='ocrx_word' id='word_1_179' title='bbox 508 2377 805 2449; x_wconf 88' lang='lat' dir='ltr'><strong>spiritualis</strong></span> <span class='ocrx_word' id='word_1_180' title='bbox 835 2377 1118 2432; x_wconf 86' lang='lat' dir='ltr'><strong>illuminat.</strong></span> <span class='ocrx_word' id='word_1_181' title='bbox 1153 2397 1171 2429; x_wconf 73' lang='grc' dir='ltr'><strong>ι</strong></span> <span class='ocrx_word' id='word_1_182' title='bbox 1199 2378 1415 2443; x_wconf 80' lang='lat' dir='ltr'><strong>Revela,</strong></span> <span class='ocrx_word' id='word_1_183' title='bbox 1449 2380 1644 2450; x_wconf 90' lang='lat' dir='ltr'><strong>inquit,</strong></span> <span class='ocrx_word' id='word_1_184' title='bbox 1666 2396 1795 2435; x_wconf 85' lang='lat' dir='ltr'><strong>ocu-</strong></span> 
     </span>
    </p>
   </div>
   <div class='ocr_carea' id='block_1_28' title="bbox 243 2466 1791 2540">
    <p class='ocr_par' dir='ltr' id='par_1_28' title="bbox 243 2466 1791 2540">
     <span class='ocr_line' id='line_1_28' title="bbox 243 2466 1791 2540; baseline 0.006 -24"><span class='ocrx_word' id='word_1_185' title='bbox 243 2466 310 2519; x_wconf 86' lang='lat' dir='ltr'><strong>lus</strong></span> <span class='ocrx_word' id='word_1_186' title='bbox 361 2481 527 2530; x_wconf 90' lang='lat' dir='ltr'><strong>meos,</strong></span> <span class='ocrx_word' id='word_1_187' title='bbox 584 2475 638 2521; x_wconf 91' lang='lat' dir='ltr'><strong>et</strong></span> <span class='ocrx_word' id='word_1_188' title='bbox 690 2468 1049 2522; x_wconf 78' lang='lat' dir='ltr'><strong>considerabo</strong></span> <span class='ocrx_word' id='word_1_189' title='bbox 1091 2468 1359 2523; x_wconf 86' lang='lat' dir='ltr'><strong>mirabilia</strong></span> <span class='ocrx_word' id='word_1_190' title='bbox 1416 2471 1480 2525; x_wconf 92' lang='lat' dir='ltr'><strong>de</strong></span> <span class='ocrx_word' id='word_1_191' title='bbox 1528 2469 1645 2540; x_wconf 88' lang='lat' dir='ltr'><strong>lege</strong></span> <span class='ocrx_word' id='word_1_192' title='bbox 1703 2479 1791 2525; x_wconf 91' lang='lat' dir='ltr'><strong>tua</strong></span> 
     </span>
    </p>
   </div>
   <div class='ocr_carea' id='block_1_29' title="bbox 245 2555 1791 2628">
    <p class='ocr_par' dir='ltr' id='par_1_29' title="bbox 245 2555 1791 2628">
     <span class='ocr_line' id='line_1_29' title="bbox 245 2555 1791 2628; baseline 0.005 -21"><span class='ocrx_word' id='word_1_193' title='bbox 245 2555 395 2622; x_wconf 78' lang='lat' dir='ltr'><strong>(I’sal.</strong></span> <span class='ocrx_word' id='word_1_194' title='bbox 445 2558 659 2628; x_wconf 82' lang='lat' dir='ltr'><strong>cxvm).</strong></span> <span class='ocrx_word' id='word_1_195' title='bbox 700 2578 718 2609; x_wconf 73' lang='grc' dir='ltr'><strong>ι</strong></span> <span class='ocrx_word' id='word_1_196' title='bbox 754 2558 888 2612; x_wconf 90' lang='lat' dir='ltr'><strong>Cum</strong></span> <span class='ocrx_word' id='word_1_197' title='bbox 921 2559 1063 2613; x_wconf 84' lang='lat' dir='ltr'><strong>enim</strong></span> <span class='ocrx_word' id='word_1_198' title='bbox 1093 2576 1121 2613; x_wconf 90' lang='lat' dir='ltr'><strong>a</strong></span> <span class='ocrx_word' id='word_1_199' title='bbox 1154 2561 1267 2615; x_wconf 89' lang='lat' dir='ltr'><strong>suis</strong></span> <span class='ocrx_word' id='word_1_200' title='bbox 1308 2562 1470 2615; x_wconf 90' lang='lat' dir='ltr'><strong>homo</strong></span> <span class='ocrx_word' id='word_1_201' title='bbox 1493 2563 1636 2617; x_wconf 84' lang='lat' dir='ltr'><strong>vitiis</strong></span> <span class='ocrx_word' id='word_1_202' title='bbox 1682 2563 1791 2617; x_wconf 87' lang='lat' dir='ltr'><strong>cir-</strong></span> 
     </span>
    </p>
   </div>
   <div class='ocr_carea' id='block_1_30' title="bbox 244 2647 1791 2722">
    <p class='ocr_par' dir='ltr' id='par_1_30' title="bbox 244 2647 1791 2722">
     <span class='ocr_line' id='line_1_30' title="bbox 244 2647 1791 2722; baseline 0.005 -23"><span class='ocrx_word' id='word_1_203' title='bbox 244 2647 569 2713; x_wconf 84' lang='lat' dir='ltr'><strong>cumciditur,</strong></span> <span class='ocrx_word' id='word_1_204' title='bbox 609 2649 674 2702; x_wconf 90' lang='lat' dir='ltr'><strong>ad</strong></span> <span class='ocrx_word' id='word_1_205' title='bbox 699 2648 896 2703; x_wconf 74' lang='lat' dir='ltr'><strong>divina:</strong></span> <span class='ocrx_word' id='word_1_206' title='bbox 925 2648 1056 2719; x_wconf 80' lang='lat' dir='ltr'><strong>legis</strong></span> <span class='ocrx_word' id='word_1_207' title='bbox 1096 2650 1486 2705; x_wconf 88' lang='lat' dir='ltr'><strong>consideranda</strong></span> <span class='ocrx_word' id='word_1_208' title='bbox 1537 2653 1791 2722; x_wconf 81' lang='lat' dir='ltr'><strong>mysteria</strong></span> 
     </span>
    </p>
   </div>
   <div class='ocr_carea' id='block_1_31' title="bbox 246 2737 1794 2808">
    <p class='ocr_par' dir='ltr' id='par_1_31' title="bbox 246 2737 1794 2808">
     <span class='ocr_line' id='line_1_31' title="bbox 246 2737 1794 2808; baseline 0.006 -21"><span class='ocrx_word' id='word_1_209' title='bbox 246 2737 417 2791; x_wconf 89' lang='lat' dir='ltr'><strong>mentis</strong></span> <span class='ocrx_word' id='word_1_210' title='bbox 436 2739 585 2792; x_wconf 89' lang='lat' dir='ltr'><strong>acies</strong></span> <span class='ocrx_word' id='word_1_211' title='bbox 615 2739 907 2803; x_wconf 87' lang='lat' dir='ltr'><strong>relevatur,</strong></span> <span class='ocrx_word' id='word_1_212' title='bbox 932 2740 987 2793; x_wconf 92' lang='lat' dir='ltr'><strong>in</strong></span> <span class='ocrx_word' id='word_1_213' title='bbox 1009 2754 1115 2808; x_wconf 92' lang='lat' dir='ltr'><strong>quo</strong></span> <span class='ocrx_word' id='word_1_214' title='bbox 1140 2740 1350 2795; x_wconf 86' lang='lat' dir='ltr'><strong>scilicet</strong></span> <span class='ocrx_word' id='word_1_215' title='bbox 1381 2740 1499 2795; x_wconf 92' lang='lat' dir='ltr'><strong>loco</strong></span> <span class='ocrx_word' id='word_1_216' title='bbox 1528 2742 1595 2797; x_wconf 90' lang='lat' dir='ltr'><strong>ab</strong></span> <span class='ocrx_word' id='word_1_217' title='bbox 1625 2741 1794 2796; x_wconf 81' lang='lat' dir='ltr'><strong>Israe-</strong></span> 
     </span>
    </p>
   </div>
   <div class='ocr_carea' id='block_1_32' title="bbox 246 2826 1795 2903">
    <p class='ocr_par' dir='ltr' id='par_1_32' title="bbox 246 2826 1795 2903">
     <span class='ocr_line' id='line_1_32' title="bbox 246 2826 1795 2903; baseline 0.006 -25"><span class='ocrx_word' id='word_1_218' title='bbox 246 2826 379 2880; x_wconf 90' lang='lat' dir='ltr'><strong>litico</strong></span> <span class='ocrx_word' id='word_1_219' title='bbox 404 2829 602 2897; x_wconf 90' lang='lat' dir='ltr'><strong>populo</strong></span> <span class='ocrx_word' id='word_1_220' title='bbox 634 2828 835 2883; x_wconf 84' lang='lat' dir='ltr'><strong>Pascha</strong></span> <span class='ocrx_word' id='word_1_221' title='bbox 864 2829 1194 2894; x_wconf 87' lang='lat' dir='ltr'><strong>celebratur,</strong></span> <span class='ocrx_word' id='word_1_222' title='bbox 1217 2840 1271 2885; x_wconf 92' lang='lat' dir='ltr'><strong>et</strong></span> <span class='ocrx_word' id='word_1_223' title='bbox 1304 2833 1478 2903; x_wconf 83' lang='lat' dir='ltr'><strong>lypice</strong></span> <span class='ocrx_word' id='word_1_224' title='bbox 1499 2834 1683 2901; x_wconf 76' lang='lat' dir='ltr'><strong>Agnus</strong></span> <span class='ocrx_word' id='word_1_225' title='bbox 1708 2833 1795 2888; x_wconf 89' lang='lat' dir='ltr'><strong>ille</strong></span> 
     </span>
    </p>
   </div>
   <div class='ocr_carea' id='block_1_33' title="bbox 245 2920 1626 2995">
    <p class='ocr_par' dir='ltr' id='par_1_33' title="bbox 245 2920 1626 2995">
     <span class='ocr_line' id='line_1_33' title="bbox 245 2920 1626 2995; baseline 0.008 -26"><span class='ocrx_word' id='word_1_226' title='bbox 245 2920 541 2982; x_wconf 88' lang='lat' dir='ltr'><strong>comeditur,</strong></span> <span class='ocrx_word' id='word_1_227' title='bbox 576 2921 666 2988; x_wconf 88' lang='lat' dir='ltr'><strong>qui</strong></span> <span class='ocrx_word' id='word_1_228' title='bbox 711 2920 849 2974; x_wconf 90' lang='lat' dir='ltr'><strong>tollit</strong></span> <span class='ocrx_word' id='word_1_229' title='bbox 882 2931 1099 2991; x_wconf 87' lang='lat' dir='ltr'><strong>peccata</strong></span> <span class='ocrx_word' id='word_1_230' title='bbox 1135 2923 1317 2976; x_wconf 92' lang='lat' dir='ltr'><strong>mundi</strong></span> <span class='ocrx_word' id='word_1_231' title='bbox 1348 2922 1531 2995; x_wconf 81' lang='lat' dir='ltr'><strong>(Joon.</strong></span> <span class='ocrx_word' id='word_1_232' title='bbox 1564 2925 1626 2995; x_wconf 86' lang='grc' dir='ltr'>ι).</span> 
     </span>
    </p>
   </div>
   <div class='ocr_carea' id='block_1_34' title="bbox 305 3006 1800 3084">
    <p class='ocr_par' dir='ltr' id='par_1_34' title="bbox 305 3006 1800 3084">
     <span class='ocr_line' id='line_1_34' title="bbox 305 3006 1800 3084; baseline 0.007 -25"><span class='ocrx_word' id='word_1_233' title='bbox 305 3006 363 3059; x_wconf 85' lang='lat' dir='ltr'><strong>Et</strong></span> <span class='ocrx_word' id='word_1_234' title='bbox 402 3016 523 3061; x_wconf 90' lang='lat' dir='ltr'><strong>nota</strong></span> <span class='ocrx_word' id='word_1_235' title='bbox 557 3009 802 3064; x_wconf 89' lang='lat' dir='ltr'><strong>ordinem</strong></span> <span class='ocrx_word' id='word_1_236' title='bbox 837 3026 1038 3076; x_wconf 91' lang='lat' dir='ltr'><strong>rerum,</strong></span> <span class='ocrx_word' id='word_1_237' title='bbox 1080 3026 1144 3066; x_wconf 89' lang='lat' dir='ltr'><strong>ac</strong></span> <span class='ocrx_word' id='word_1_238' title='bbox 1187 3012 1373 3066; x_wconf 89' lang='lat' dir='ltr'><strong>salutis</strong></span> <span class='ocrx_word' id='word_1_239' title='bbox 1404 3014 1652 3068; x_wconf 85' lang='lat' dir='ltr'><strong>humanae</strong></span> <span class='ocrx_word' id='word_1_240' title='bbox 1680 3030 1800 3084; x_wconf 87' lang='lat' dir='ltr'><strong>per-</strong></span> 
     </span>
    </p>
   </div>
   <div class='ocr_carea' id='block_1_35' title="bbox 246 3098 1798 3173">
    <p class='ocr_par' dir='ltr' id='par_1_35' title="bbox 246 3098 1798 3173">
     <span class='ocr_line' id='line_1_35' title="bbox 246 3098 1798 3173; baseline 0.008 -25"><span class='ocrx_word' id='word_1_241' title='bbox 246 3098 395 3165; x_wconf 87' lang='lat' dir='ltr'><strong>pende</strong></span> <span class='ocrx_word' id='word_1_242' title='bbox 441 3099 782 3168; x_wconf 87' lang='lat' dir='ltr'><strong>mysterium.</strong></span> <span class='ocrx_word' id='word_1_243' title='bbox 815 3099 1105 3171; x_wconf 85' lang='lat' dir='ltr'><strong>Postquam</strong></span> <span class='ocrx_word' id='word_1_244' title='bbox 1132 3103 1199 3157; x_wconf 90' lang='lat' dir='ltr'><strong>de</strong></span> <span class='ocrx_word' id='word_1_245' title='bbox 1239 3103 1508 3173; x_wconf 86' lang='lat' dir='ltr'><strong>baptismo</strong></span> <span class='ocrx_word' id='word_1_246' title='bbox 1537 3105 1691 3173; x_wconf 87' lang='lat' dir='ltr'><strong>quasi</strong></span> <span class='ocrx_word' id='word_1_247' title='bbox 1732 3106 1798 3160; x_wconf 90' lang='lat' dir='ltr'><strong>de</strong></span> 
     </span>
    </p>
   </div>
   <div class='ocr_carea' id='block_1_36' title="bbox 247 3186 1797 3261">
    <p class='ocr_par' dir='ltr' id='par_1_36' title="bbox 247 3186 1797 3261">
     <span class='ocr_line' id='line_1_36' title="bbox 247 3186 1797 3261; baseline 0.01 -27"><span class='ocrx_word' id='word_1_248' title='bbox 247 3187 432 3256; x_wconf 76' lang='lat' dir='ltr'><strong>gurgite</strong></span> <span class='ocrx_word' id='word_1_249' title='bbox 456 3186 712 3245; x_wconf 86' lang='lat' dir='ltr'><strong>Iordanis</strong></span> <span class='ocrx_word' id='word_1_250' title='bbox 742 3190 973 3256; x_wconf 86' lang='lat' dir='ltr'><strong>eximus,</strong></span> <span class='ocrx_word' id='word_1_251' title='bbox 1006 3191 1313 3261; x_wconf 77' lang='lat' dir='ltr'><strong>apostolica:</strong></span> <span class='ocrx_word' id='word_1_252' title='bbox 1342 3194 1557 3248; x_wconf 90' lang='lat' dir='ltr'><strong>virtutis</strong></span> <span class='ocrx_word' id='word_1_253' title='bbox 1586 3204 1639 3248; x_wconf 90' lang='lat' dir='ltr'><strong>et</strong></span> <span class='ocrx_word' id='word_1_254' title='bbox 1663 3208 1797 3248; x_wconf 81' lang='lat' dir='ltr'><strong>con-</strong></span> 
     </span>
    </p>
   </div>
   <div class='ocr_carea' id='block_1_37' title="bbox 248 3277 1799 3352">
    <p class='ocr_par' dir='ltr' id='par_1_37' title="bbox 248 3277 1799 3352">
     <span class='ocr_line' id='line_1_37' title="bbox 248 3277 1799 3352; baseline 0.008 -26"><span class='ocrx_word' id='word_1_255' title='bbox 248 3277 435 3331; x_wconf 68' lang='lat' dir='ltr'><strong>slantiae</strong></span> <span class='ocrx_word' id='word_1_256' title='bbox 475 3278 684 3349; x_wconf 90' lang='lat' dir='ltr'><strong>lapides</strong></span> <span class='ocrx_word' id='word_1_257' title='bbox 725 3280 879 3335; x_wconf 90' lang='lat' dir='ltr'><strong>nobis</strong></span> <span class='ocrx_word' id='word_1_258' title='bbox 910 3281 962 3334; x_wconf 92' lang='lat' dir='ltr'><strong>in</strong></span> <span class='ocrx_word' id='word_1_259' title='bbox 1013 3281 1245 3352; x_wconf 75' lang='lat' dir='ltr'><strong>exempli</strong></span> <span class='ocrx_word' id='word_1_260' title='bbox 1276 3283 1645 3338; x_wconf 88' lang='lat' dir='ltr'><strong>testimonium</strong></span> <span class='ocrx_word' id='word_1_261' title='bbox 1672 3300 1799 3339; x_wconf 82' lang='lat' dir='ltr'><strong>con-</strong></span> 
     </span>
    </p>
   </div>
   <div class='ocr_carea' id='block_1_38' title="bbox 245 3366 1794 3445">
    <p class='ocr_par' dir='ltr' id='par_1_38' title="bbox 245 3366 1794 3445">
     <span class='ocr_line' id='line_1_38' title="bbox 245 3366 1794 3445; baseline 0.009 -27"><span class='ocrx_word' id='word_1_262' title='bbox 245 3366 520 3435; x_wconf 80' lang='lat' dir='ltr'><strong>stituimus,</strong></span> <span class='ocrx_word' id='word_1_263' title='bbox 578 3387 715 3441; x_wconf 89' lang='lat' dir='ltr'><strong>quos</strong></span> <span class='ocrx_word' id='word_1_264' title='bbox 749 3371 1108 3428; x_wconf 78' lang='lat' dir='ltr'><strong>aemulationis</strong></span> <span class='ocrx_word' id='word_1_265' title='bbox 1145 3374 1323 3428; x_wconf 88' lang='lat' dir='ltr'><strong>studio</strong></span> <span class='ocrx_word' id='word_1_266' title='bbox 1352 3375 1794 3445; x_wconf 88' lang='lat' dir='ltr'><strong>contemplantes,</strong></span> 
     </span>
    </p>
   </div>
   <div class='ocr_carea' id='block_1_39' title="bbox 249 3458 1842 3536">
    <p class='ocr_par' dir='ltr' id='par_1_39' title="bbox 249 3458 1842 3536">
     <span class='ocr_line' id='line_1_39' title="bbox 249 3458 1842 3536; baseline 0.007 -31"><span class='ocrx_word' id='word_1_267' title='bbox 249 3469 273 3505; x_wconf 89' lang='lat' dir='ltr'><strong>a</strong></span> <span class='ocrx_word' id='word_1_268' title='bbox 300 3458 563 3523; x_wconf 86' lang='lat' dir='ltr'><strong>pravitatis</strong></span> <span class='ocrx_word' id='word_1_269' title='bbox 592 3470 792 3515; x_wconf 84' lang='lat' dir='ltr'><strong>nostrae</strong></span> <span class='ocrx_word' id='word_1_270' title='bbox 817 3463 1080 3531; x_wconf 84' lang='lat' dir='ltr'><strong>praeputio</strong></span> <span class='ocrx_word' id='word_1_271' title='bbox 1107 3462 1577 3530; x_wconf 90' lang='lat' dir='ltr'><strong>circumcidimur;</strong></span> <span class='ocrx_word' id='word_1_272' title='bbox 1613 3465 1800 3536; x_wconf 88' lang='lat' dir='ltr'><strong>sicque</strong></span> <span class='ocrx_word' id='word_1_273' title='bbox 1830 3504 1842 3516; x_wconf 94' lang='lat'><strong>.</strong></span> 
     </span>
    </p>
   </div>
   <div class='ocr_carea' id='block_1_40' title="bbox 250 3545 1797 3620">
    <p class='ocr_par' dir='ltr' id='par_1_40' title="bbox 250 3545 1797 3620">
     <span class='ocr_line' id='line_1_40' title="bbox 250 3545 1797 3620; baseline 0.007 -23"><span class='ocrx_word' id='word_1_274' title='bbox 250 3545 427 3601; x_wconf 90' lang='lat' dir='ltr'><strong>dimota</strong></span> <span class='ocrx_word' id='word_1_275' title='bbox 469 3548 659 3618; x_wconf 92' lang='lat' dir='ltr'><strong>procul</strong></span> <span class='ocrx_word' id='word_1_276' title='bbox 686 3558 848 3619; x_wconf 89' lang='lat' dir='ltr'><strong>atque</strong></span> <span class='ocrx_word' id='word_1_277' title='bbox 878 3550 1089 3605; x_wconf 88' lang='lat' dir='ltr'><strong>detersa</strong></span> <span class='ocrx_word' id='word_1_278' title='bbox 1118 3551 1345 3620; x_wconf 80' lang='lat' dir='ltr'><strong>caligine</strong></span> <span class='ocrx_word' id='word_1_279' title='bbox 1374 3552 1651 3617; x_wconf 91' lang='lat' dir='ltr'><strong>vitiorum,</strong></span> <span class='ocrx_word' id='word_1_280' title='bbox 1708 3568 1797 3608; x_wconf 83' lang='lat' dir='ltr'><strong>rc-</strong></span> 
     </span>
    </p>
   </div>
   <div class='ocr_carea' id='block_1_41' title="bbox 248 3634 1796 3709">
    <p class='ocr_par' dir='ltr' id='par_1_41' title="bbox 248 3634 1796 3709">
     <span class='ocr_line' id='line_1_41' title="bbox 248 3634 1796 3709; baseline 0.008 -24"><span class='ocrx_word' id='word_1_281' title='bbox 248 3634 398 3690; x_wconf 82' lang='lat' dir='ltr'><strong>velata</strong></span> <span class='ocrx_word' id='word_1_282' title='bbox 429 3636 563 3693; x_wconf 87' lang='lat' dir='ltr'><strong>facie</strong></span> <span class='ocrx_word' id='word_1_283' title='bbox 599 3640 861 3709; x_wconf 89' lang='lat' dir='ltr'><strong>spiritalis</strong></span> <span class='ocrx_word' id='word_1_284' title='bbox 888 3639 1110 3704; x_wconf 61' lang='lat' dir='ltr'><strong>laetitias,</strong></span> <span class='ocrx_word' id='word_1_285' title='bbox 1144 3641 1349 3696; x_wconf 82' lang='lat' dir='ltr'><strong>Pascha</strong></span> <span class='ocrx_word' id='word_1_286' title='bbox 1382 3641 1716 3698; x_wconf 89' lang='lat' dir='ltr'><strong>celebramus</strong></span> <span class='ocrx_word' id='word_1_287' title='bbox 1744 3643 1796 3697; x_wconf 88' lang='lat' dir='ltr'><strong>in</strong></span> 
     </span>
    </p>
   </div>
   <div class='ocr_carea' id='block_1_42' title="bbox 250 3724 1798 3803">
    <p class='ocr_par' dir='ltr' id='par_1_42' title="bbox 250 3724 1798 3803">
     <span class='ocr_line' id='line_1_42' title="bbox 250 3724 1798 3803; baseline 0.008 -27"><span class='ocrx_word' id='word_1_288' title='bbox 250 3724 351 3780; x_wconf 89' lang='lat' dir='ltr'><strong>luce</strong></span> <span class='ocrx_word' id='word_1_289' title='bbox 383 3728 661 3783; x_wconf 88' lang='lat' dir='ltr'><strong>virtutum.</strong></span> <span class='ocrx_word' id='word_1_290' title='bbox 710 3729 820 3785; x_wconf 89' lang='lat' dir='ltr'><strong>Illic</strong></span> <span class='ocrx_word' id='word_1_291' title='bbox 880 3731 1115 3800; x_wconf 89' lang='lat' dir='ltr'><strong>primum</strong></span> <span class='ocrx_word' id='word_1_292' title='bbox 1156 3731 1380 3801; x_wconf 89' lang='lat' dir='ltr'><strong>populus</strong></span> <span class='ocrx_word' id='word_1_293' title='bbox 1438 3733 1503 3786; x_wconf 91' lang='lat' dir='ltr'><strong>de</strong></span> <span class='ocrx_word' id='word_1_294' title='bbox 1554 3731 1798 3803; x_wconf 77' lang='lat' dir='ltr'><strong>frugibus</strong></span> 
     </span>
    </p>
   </div>
   <div class='ocr_carea' id='block_1_43' title="bbox 252 3822 1800 3893">
    <p class='ocr_par' dir='ltr' id='par_1_43' title="bbox 252 3822 1800 3893">
     <span class='ocr_line' id='line_1_43' title="bbox 252 3822 1800 3893; baseline 0.008 -26"><span class='ocrx_word' id='word_1_295' title='bbox 252 3824 389 3872; x_wconf 80' lang='lat' dir='ltr'><strong>teme</strong></span> <span class='ocrx_word' id='word_1_296' title='bbox 416 3822 647 3876; x_wconf 90' lang='lat' dir='ltr'><strong>comedit</strong></span> <span class='ocrx_word' id='word_1_297' title='bbox 677 3836 895 3893; x_wconf 86' lang='lat' dir='ltr'><strong>azymos</strong></span> <span class='ocrx_word' id='word_1_298' title='bbox 931 3837 1098 3892; x_wconf 87' lang='lat' dir='ltr'><strong>panes</strong></span> <span class='ocrx_word' id='word_1_299' title='bbox 1122 3839 1145 3887; x_wconf 87' lang='lat'><strong>;-</strong></span> <span class='ocrx_word' id='word_1_300' title='bbox 1183 3836 1237 3877; x_wconf 91' lang='lat' dir='ltr'><strong>et</strong></span> <span class='ocrx_word' id='word_1_301' title='bbox 1262 3839 1483 3888; x_wconf 91' lang='lat' dir='ltr'><strong>manna,</strong></span> <span class='ocrx_word' id='word_1_302' title='bbox 1519 3838 1626 3893; x_wconf 93' lang='lat' dir='ltr'><strong>quo</strong></span> <span class='ocrx_word' id='word_1_303' title='bbox 1651 3832 1800 3878; x_wconf 88' lang='lat' dir='ltr'><strong>eate-</strong></span> 
     </span>
    </p>
   </div>
   <div class='ocr_carea' id='block_1_44' title="bbox 250 3908 1799 3983">
    <p class='ocr_par' dir='ltr' id='par_1_44' title="bbox 250 3908 1799 3983">
     <span class='ocr_line' id='line_1_44' title="bbox 250 3908 1799 3983; baseline 0.007 -25"><span class='ocrx_word' id='word_1_304' title='bbox 250 3922 335 3962; x_wconf 88' lang='lat' dir='ltr'><strong>nus</strong></span> <span class='ocrx_word' id='word_1_305' title='bbox 371 3908 435 3963; x_wconf 91' lang='lat' dir='ltr'><strong>ali</strong></span> <span class='ocrx_word' id='word_1_306' title='bbox 466 3919 885 3974; x_wconf 81' lang='lat' dir='ltr'><strong>consueverant,</strong></span> <span class='ocrx_word' id='word_1_307' title='bbox 937 3912 1165 3967; x_wconf 86' lang='lat' dir='ltr'><strong>ulterius</strong></span> <span class='ocrx_word' id='word_1_308' title='bbox 1202 3928 1307 3968; x_wconf 91' lang='lat' dir='ltr'><strong>non</strong></span> <span class='ocrx_word' id='word_1_309' title='bbox 1356 3913 1623 3983; x_wconf 87' lang='lat' dir='ltr'><strong>apparuit.</strong></span> <span class='ocrx_word' id='word_1_310' title='bbox 1658 3913 1799 3980; x_wconf 87' lang='lat' dir='ltr'><strong>Quia</strong></span> 
     </span>
    </p>
   </div>
   <div class='ocr_carea' id='block_1_45' title="bbox 249 3999 1799 4071">
    <p class='ocr_par' dir='ltr' id='par_1_45' title="bbox 249 3999 1799 4071">
     <span class='ocr_line' id='line_1_45' title="bbox 249 3999 1799 4071; baseline 0.006 -23"><span class='ocrx_word' id='word_1_311' title='bbox 249 4004 506 4066; x_wconf 89' lang='lat' dir='ltr'><strong>postquam</strong></span> <span class='ocrx_word' id='word_1_312' title='bbox 534 4000 691 4069; x_wconf 90' lang='lat' dir='ltr'><strong>panis</strong></span> <span class='ocrx_word' id='word_1_313' title='bbox 746 3999 833 4057; x_wconf 90' lang='lat' dir='ltr'><strong>ille</strong></span> <span class='ocrx_word' id='word_1_314' title='bbox 860 3999 1042 4066; x_wconf 89' lang='lat' dir='ltr'><strong>vivus,</strong></span> <span class='ocrx_word' id='word_1_315' title='bbox 1085 4002 1177 4071; x_wconf 92' lang='lat' dir='ltr'><strong>qui</strong></span> <span class='ocrx_word' id='word_1_316' title='bbox 1231 4001 1298 4057; x_wconf 90' lang='lat' dir='ltr'><strong>de</strong></span> <span class='ocrx_word' id='word_1_317' title='bbox 1348 4001 1483 4057; x_wconf 73' lang='lat' dir='ltr'><strong>cmlo</strong></span> <span class='ocrx_word' id='word_1_318' title='bbox 1523 4002 1799 4058; x_wconf 87' lang='lat' dir='ltr'><strong>descendit</strong></span> 
     </span>
    </p>
   </div>
   <div class='ocr_carea' id='block_1_46' title="bbox 254 4084 1800 4163">
    <p class='ocr_par' dir='ltr' id='par_1_46' title="bbox 254 4084 1800 4163">
     <span class='ocr_line' id='line_1_46' title="bbox 254 4084 1800 4163; baseline 0.007 -27"><span class='ocrx_word' id='word_1_319' title='bbox 254 4084 414 4154; x_wconf 75' lang='lat' dir='ltr'><strong>(Joan.</strong></span> <span class='ocrx_word' id='word_1_320' title='bbox 459 4091 567 4161; x_wconf 85' lang='lat' dir='ltr'><strong>vt),</strong></span> <span class='ocrx_word' id='word_1_321' title='bbox 599 4106 664 4144; x_wconf 85' lang='lat' dir='ltr'><strong>ex</strong></span> <span class='ocrx_word' id='word_1_322' title='bbox 697 4106 827 4161; x_wconf 90' lang='lat' dir='ltr'><strong>agro</strong></span> <span class='ocrx_word' id='word_1_323' title='bbox 875 4091 1153 4161; x_wconf 79' lang='lat' dir='ltr'><strong>virginalis</strong></span> <span class='ocrx_word' id='word_1_324' title='bbox 1196 4090 1335 4145; x_wconf 90' lang='lat' dir='ltr'><strong>uteri</strong></span> <span class='ocrx_word' id='word_1_325' title='bbox 1380 4091 1607 4161; x_wconf 89' lang='lat' dir='ltr'><strong>prodiit;</strong></span> <span class='ocrx_word' id='word_1_326' title='bbox 1656 4100 1800 4163; x_wconf 81' lang='lat' dir='ltr'><strong>post-</strong></span> 
     </span>
    </p>
   </div>
   <div class='ocr_carea' id='block_1_47' title="bbox 252 4183 1797 4249">
    <p class='ocr_par' dir='ltr' id='par_1_47' title="bbox 252 4183 1797 4249">
     <span class='ocr_line' id='line_1_47' title="bbox 252 4183 1797 4249; baseline 0.005 -20"><span class='ocrx_word' id='word_1_327' title='bbox 252 4190 389 4245; x_wconf 86' lang='lat' dir='ltr'><strong>quam</strong></span> <span class='ocrx_word' id='word_1_328' title='bbox 420 4196 639 4249; x_wconf 81' lang='lat' dir='ltr'><strong>granum</strong></span> <span class='ocrx_word' id='word_1_329' title='bbox 668 4183 831 4237; x_wconf 90' lang='lat' dir='ltr'><strong>tritici</strong></span> <span class='ocrx_word' id='word_1_330' title='bbox 853 4184 1051 4237; x_wconf 88' lang='lat' dir='ltr'><strong>cadens</strong></span> <span class='ocrx_word' id='word_1_331' title='bbox 1076 4184 1127 4236; x_wconf 91' lang='lat' dir='ltr'><strong>in</strong></span> <span class='ocrx_word' id='word_1_332' title='bbox 1157 4194 1355 4237; x_wconf 82' lang='lat' dir='ltr'><strong>terram</strong></span> <span class='ocrx_word' id='word_1_333' title='bbox 1387 4192 1657 4238; x_wconf 90' lang='lat' dir='ltr'><strong>mortuum</strong></span> <span class='ocrx_word' id='word_1_334' title='bbox 1689 4193 1797 4249; x_wconf 87' lang='lat' dir='ltr'><strong>est,</strong></span> 
     </span>
    </p>
   </div>
   <div class='ocr_carea' id='block_1_48' title="bbox 253 4270 1797 4349">
    <p class='ocr_par' dir='ltr' id='par_1_48' title="bbox 253 4270 1797 4349">
     <span class='ocr_line' id='line_1_48' title="bbox 253 4270 1797 4349; baseline 0.004 -24"><span class='ocrx_word' id='word_1_335' title='bbox 253 4282 305 4322; x_wconf 81' lang='lat' dir='ltr'><strong>ac</strong></span> <span class='ocrx_word' id='word_1_336' title='bbox 332 4270 577 4339; x_wconf 90' lang='lat' dir='ltr'><strong>plurimos</strong></span> <span class='ocrx_word' id='word_1_337' title='bbox 626 4274 835 4331; x_wconf 89' lang='lat' dir='ltr'><strong>fructus</strong></span> <span class='ocrx_word' id='word_1_338' title='bbox 864 4276 1039 4331; x_wconf 89' lang='lat' dir='ltr'><strong>attulit</strong></span> <span class='ocrx_word' id='word_1_339' title='bbox 1066 4275 1246 4349; x_wconf 80' lang='lat' dir='ltr'><strong>(Joan.</strong></span> <span class='ocrx_word' id='word_1_340' title='bbox 1279 4275 1401 4348; x_wconf 77' lang='lat' dir='ltr'><strong>xu),</strong></span> <span class='ocrx_word' id='word_1_341' title='bbox 1433 4293 1553 4331; x_wconf 77' lang='lat' dir='ltr'><strong>mox</strong></span> <span class='ocrx_word' id='word_1_342' title='bbox 1608 4277 1797 4348; x_wconf 67' lang='lat' dir='ltr'><strong>typirm</strong></span> 
     </span>
    </p>
   </div>
   <div class='ocr_carea' id='block_1_49' title="bbox 253 4359 1793 4439">
    <p class='ocr_par' dir='ltr' id='par_1_49' title="bbox 253 4359 1793 4439">
     <span class='ocr_line' id='line_1_49' title="bbox 253 4359 1793 4439; baseline 0.008 -27"><span class='ocrx_word' id='word_1_343' title='bbox 253 4359 366 4430; x_wconf 82' lang='lat' dir='ltr'><strong>legis</strong></span> <span class='ocrx_word' id='word_1_344' title='bbox 409 4380 598 4421; x_wconf 89' lang='lat' dir='ltr'><strong>manna</strong></span> <span class='ocrx_word' id='word_1_345' title='bbox 637 4366 853 4422; x_wconf 87' lang='lat' dir='ltr'><strong>defecit.</strong></span> <span class='ocrx_word' id='word_1_346' title='bbox 902 4368 1067 4422; x_wconf 88' lang='lat' dir='ltr'><strong>Terra</strong></span> <span class='ocrx_word' id='word_1_347' title='bbox 1114 4369 1308 4438; x_wconf 91' lang='lat' dir='ltr'><strong>quippe</strong></span> <span class='ocrx_word' id='word_1_348' title='bbox 1364 4368 1793 4439; x_wconf 86' lang='lat' dir='ltr'><strong>repromissionis</strong></span> 
     </span>
    </p>
   </div>
   <div class='ocr_carea' id='block_1_50' title="bbox 253 4457 1786 4530">
    <p class='ocr_par' dir='ltr' id='par_1_50' title="bbox 253 4457 1786 4530">
     <span class='ocr_line' id='line_1_50' title="bbox 253 4457 1786 4530; baseline 0.008 -29"><span class='ocrx_word' id='word_1_349' title='bbox 253 4463 419 4508; x_wconf 82' lang='lat' dir='ltr'><strong>venter</strong></span> <span class='ocrx_word' id='word_1_350' title='bbox 445 4467 523 4511; x_wconf 87' lang='lat' dir='ltr'><strong>est</strong></span> <span class='ocrx_word' id='word_1_351' title='bbox 555 4457 805 4530; x_wconf 78' lang='lat' dir='ltr'><strong>Virginis.</strong></span> <span class='ocrx_word' id='word_1_352' title='bbox 829 4459 904 4515; x_wconf 90' lang='lat' dir='ltr'><strong>De</strong></span> <span class='ocrx_word' id='word_1_353' title='bbox 926 4476 1028 4529; x_wconf 91' lang='lat' dir='ltr'><strong>qua</strong></span> <span class='ocrx_word' id='word_1_354' title='bbox 1058 4468 1199 4513; x_wconf 90' lang='lat' dir='ltr'><strong>terra</strong></span> <span class='ocrx_word' id='word_1_355' title='bbox 1222 4475 1317 4528; x_wconf 90' lang='lat' dir='ltr'><strong>per</strong></span> <span class='ocrx_word' id='word_1_356' title='bbox 1339 4460 1534 4514; x_wconf 89' lang='lat' dir='ltr'><strong>Isaiam</strong></span> <span class='ocrx_word' id='word_1_357' title='bbox 1557 4461 1753 4514; x_wconf 91' lang='lat' dir='ltr'><strong>dicitur</strong></span> <span class='ocrx_word' id='word_1_358' title='bbox 1774 4478 1786 4514; x_wconf 91' lang='lat'><strong>:</strong></span> 
     </span>
    </p>
   </div>
   <div class='ocr_carea' id='block_1_51' title="bbox 258 4540 1795 4619">
    <p class='ocr_par' dir='ltr' id='par_1_51' title="bbox 258 4540 1795 4619">
     <span class='ocr_line' id='line_1_51' title="bbox 258 4540 1795 4619; baseline 0.005 -25"><span class='ocrx_word' id='word_1_359' title='bbox 258 4557 275 4588; x_wconf 78' lang='grc' dir='ltr'><strong>ι</strong></span> <span class='ocrx_word' id='word_1_360' title='bbox 299 4540 477 4601; x_wconf 84' lang='lat' dir='ltr'><strong>Rorate</strong></span> <span class='ocrx_word' id='word_1_361' title='bbox 504 4548 623 4603; x_wconf 82' lang='lat' dir='ltr'><strong>eteli</strong></span> <span class='ocrx_word' id='word_1_362' title='bbox 654 4550 899 4619; x_wconf 90' lang='lat' dir='ltr'><strong>desuper,</strong></span> <span class='ocrx_word' id='word_1_363' title='bbox 931 4558 984 4604; x_wconf 88' lang='lat' dir='ltr'><strong>et</strong></span> <span class='ocrx_word' id='word_1_364' title='bbox 1015 4549 1181 4603; x_wconf 89' lang='lat' dir='ltr'><strong>nubes</strong></span> <span class='ocrx_word' id='word_1_365' title='bbox 1203 4549 1387 4618; x_wconf 89' lang='lat' dir='ltr'><strong>pluant</strong></span> <span class='ocrx_word' id='word_1_366' title='bbox 1406 4547 1640 4613; x_wconf 84' lang='lat' dir='ltr'><strong>Iustum;</strong></span> <span class='ocrx_word' id='word_1_367' title='bbox 1668 4562 1795 4618; x_wconf 82' lang='lat' dir='ltr'><strong>ape-</strong></span> 
     </span>
    </p>
   </div>
   <div class='ocr_carea' id='block_1_52' title="bbox 254 4630 1785 4712">
    <p class='ocr_par' dir='ltr' id='par_1_52' title="bbox 254 4630 1785 4712">
     <span class='ocr_line' id='line_1_52' title="bbox 254 4630 1785 4712; baseline 0.007 -31"><span class='ocrx_word' id='word_1_368' title='bbox 254 4630 402 4688; x_wconf 85' lang='lat' dir='ltr'><strong>riatur</strong></span> <span class='ocrx_word' id='word_1_369' title='bbox 432 4646 587 4702; x_wconf 90' lang='lat' dir='ltr'><strong>terra,</strong></span> <span class='ocrx_word' id='word_1_370' title='bbox 620 4649 675 4695; x_wconf 94' lang='lat' dir='ltr'><strong>et</strong></span> <span class='ocrx_word' id='word_1_371' title='bbox 724 4641 987 4711; x_wconf 81' lang='lat' dir='ltr'><strong>germinet</strong></span> <span class='ocrx_word' id='word_1_372' title='bbox 1043 4640 1376 4695; x_wconf 87' lang='lat' dir='ltr'><strong>Salvatorem</strong></span> <span class='ocrx_word' id='word_1_373' title='bbox 1410 4640 1544 4712; x_wconf 79' lang='lat' dir='ltr'><strong>(Iaa.</strong></span> <span class='ocrx_word' id='word_1_374' title='bbox 1584 4640 1731 4709; x_wconf 66' lang='lat' dir='ltr'><strong>xcv).</strong></span> <span class='ocrx_word' id='word_1_375' title='bbox 1766 4657 1785 4692; x_wconf 73' lang='grc' dir='ltr'><strong>ι</strong></span> 
     </span>
    </p>
   </div>
   <div class='ocr_carea' id='block_1_53' title="bbox 256 4720 1794 4802">
    <p class='ocr_par' dir='ltr' id='par_1_53' title="bbox 256 4720 1794 4802">
     <span class='ocr_line' id='line_1_53' title="bbox 256 4720 1794 4802; baseline 0.004 -23"><span class='ocrx_word' id='word_1_376' title='bbox 256 4720 369 4779; x_wconf 82' lang='lat' dir='ltr'><strong>Cum</strong></span> <span class='ocrx_word' id='word_1_377' title='bbox 395 4742 519 4798; x_wconf 88' lang='lat' dir='ltr'><strong>ergo</strong></span> <span class='ocrx_word' id='word_1_378' title='bbox 549 4732 614 4785; x_wconf 93' lang='lat' dir='ltr'><strong>ad</strong></span> <span class='ocrx_word' id='word_1_379' title='bbox 656 4732 801 4787; x_wconf 91' lang='lat' dir='ltr'><strong>hunc</strong></span> <span class='ocrx_word' id='word_1_380' title='bbox 831 4748 1024 4801; x_wconf 90' lang='lat' dir='ltr'><strong>panem</strong></span> <span class='ocrx_word' id='word_1_381' title='bbox 1069 4732 1402 4802; x_wconf 86' lang='lat' dir='ltr'><strong>pervenitur,</strong></span> <span class='ocrx_word' id='word_1_382' title='bbox 1435 4732 1569 4802; x_wconf 90' lang='lat' dir='ltr'><strong>legis</strong></span> <span class='ocrx_word' id='word_1_383' title='bbox 1594 4732 1794 4787; x_wconf 88' lang='lat' dir='ltr'><strong>veteris</strong></span> 
     </span>
    </p>
   </div>
   <div class='ocr_carea' id='block_1_54' title="bbox 258 4813 1792 4890">
    <p class='ocr_par' dir='ltr' id='par_1_54' title="bbox 258 4813 1792 4890">
     <span class='ocr_line' id='line_1_54' title="bbox 258 4813 1792 4890; baseline 0.007 -26"><span class='ocrx_word' id='word_1_384' title='bbox 258 4813 460 4882; x_wconf 86' lang='lat' dir='ltr'><strong>amplius</strong></span> <span class='ocrx_word' id='word_1_385' title='bbox 481 4834 669 4873; x_wconf 90' lang='lat' dir='ltr'><strong>manna</strong></span> <span class='ocrx_word' id='word_1_386' title='bbox 688 4836 792 4874; x_wconf 92' lang='lat' dir='ltr'><strong>non</strong></span> <span class='ocrx_word' id='word_1_387' title='bbox 815 4822 1092 4889; x_wconf 73' lang='lat' dir='ltr'><strong>qumritur.</strong></span> <span class='ocrx_word' id='word_1_388' title='bbox 1121 4820 1323 4875; x_wconf 88' lang='lat' dir='ltr'><strong>Deinde</strong></span> <span class='ocrx_word' id='word_1_389' title='bbox 1344 4819 1561 4873; x_wconf 87' lang='lat' dir='ltr'><strong>Iericho</strong></span> <span class='ocrx_word' id='word_1_390' title='bbox 1588 4829 1792 4890; x_wconf 89' lang='lat' dir='ltr'><strong>septem</strong></span> 
     </span>
    </p>
   </div>
   <div class='ocr_carea' id='block_1_55' title="bbox 259 4896 1795 4978">
    <p class='ocr_par' dir='ltr' id='par_1_55' title="bbox 259 4896 1795 4978">
     <span class='ocr_line' id='line_1_55' title="bbox 259 4896 1795 4978; baseline 0.008 -29"><span class='ocrx_word' id='word_1_391' title='bbox 259 4896 422 4957; x_wconf 87' lang='lat' dir='ltr'><strong>diebus</strong></span> <span class='ocrx_word' id='word_1_392' title='bbox 446 4906 656 4962; x_wconf 90' lang='lat' dir='ltr'><strong>obsessa</strong></span> <span class='ocrx_word' id='word_1_393' title='bbox 695 4908 987 4963; x_wconf 85' lang='lat' dir='ltr'><strong>destruitur</strong></span> <span class='ocrx_word' id='word_1_394' title='bbox 1030 4908 1162 4978; x_wconf 80' lang='lat' dir='ltr'><strong>(los.</strong></span> <span class='ocrx_word' id='word_1_395' title='bbox 1199 4908 1296 4977; x_wconf 76' lang='lat' dir='ltr'><strong>vi),</strong></span> <span class='ocrx_word' id='word_1_396' title='bbox 1328 4922 1424 4975; x_wconf 86' lang='lat' dir='ltr'><strong>per</strong></span> <span class='ocrx_word' id='word_1_397' title='bbox 1449 4922 1610 4976; x_wconf 88' lang='lat' dir='ltr'><strong>quam</strong></span> <span class='ocrx_word' id='word_1_398' title='bbox 1647 4909 1795 4962; x_wconf 86' lang='lat' dir='ltr'><strong>vide-</strong></span> 
     </span>
    </p>
   </div>
   <div class='ocr_carea' id='block_1_56' title="bbox 262 4984 1793 5064">
    <p class='ocr_par' dir='ltr' id='par_1_56' title="bbox 262 4984 1793 5064">
     <span class='ocr_line' id='line_1_56' title="bbox 262 4984 1793 5064; baseline 0.007 -23"><span class='ocrx_word' id='word_1_399' title='bbox 262 4984 366 5044; x_wconf 85' lang='lat' dir='ltr'><strong>licet</strong></span> <span class='ocrx_word' id='word_1_400' title='bbox 400 4998 620 5052; x_wconf 89' lang='lat' dir='ltr'><strong>mundus</strong></span> <span class='ocrx_word' id='word_1_401' title='bbox 651 4998 751 5052; x_wconf 88' lang='lat' dir='ltr'><strong>iste</strong></span> <span class='ocrx_word' id='word_1_402' title='bbox 773 4999 1101 5064; x_wconf 78' lang='lat' dir='ltr'><strong>designatur.</strong></span> <span class='ocrx_word' id='word_1_403' title='bbox 1128 4994 1278 5052; x_wconf 89' lang='lat' dir='ltr'><strong>Sicut</strong></span> <span class='ocrx_word' id='word_1_404' title='bbox 1309 4995 1452 5049; x_wconf 87' lang='lat' dir='ltr'><strong>enim</strong></span> <span class='ocrx_word' id='word_1_405' title='bbox 1482 4997 1674 5052; x_wconf 88' lang='lat' dir='ltr'><strong>civitas</strong></span> <span class='ocrx_word' id='word_1_406' title='bbox 1706 4996 1793 5051; x_wconf 88' lang='lat' dir='ltr'><strong>illa</strong></span> 
     </span>
    </p>
   </div>
   <div class='ocr_carea' id='block_1_57' title="bbox 262 5088 1789 5159">
    <p class='ocr_par' dir='ltr' id='par_1_57' title="bbox 262 5088 1789 5159">
     <span class='ocr_line' id='line_1_57' title="bbox 262 5088 1789 5159; baseline 0.006 -26"><span class='ocrx_word' id='word_1_407' title='bbox 262 5091 348 5133; x_wconf 87' lang='lat' dir='ltr'><strong>non</strong></span> <span class='ocrx_word' id='word_1_408' title='bbox 373 5090 620 5141; x_wconf 88' lang='lat' dir='ltr'><strong>evertitur</strong></span> <span class='ocrx_word' id='word_1_409' title='bbox 648 5090 768 5145; x_wconf 88' lang='lat' dir='ltr'><strong>telis</strong></span> <span class='ocrx_word' id='word_1_410' title='bbox 787 5132 800 5157; x_wconf 93' lang='lat'><strong>,</strong></span> <span class='ocrx_word' id='word_1_411' title='bbox 829 5091 911 5145; x_wconf 92' lang='lat' dir='ltr'><strong>vel</strong></span> <span class='ocrx_word' id='word_1_412' title='bbox 943 5089 1377 5159; x_wconf 80' lang='lat' dir='ltr'><strong>oppugnantibus</strong></span> <span class='ocrx_word' id='word_1_413' title='bbox 1403 5088 1594 5143; x_wconf 90' lang='lat' dir='ltr'><strong>cuneis</strong></span> <span class='ocrx_word' id='word_1_414' title='bbox 1622 5089 1789 5144; x_wconf 88' lang='lat' dir='ltr'><strong>bella-</strong></span> 
     </span>
    </p>
   </div>
   <div class='ocr_carea' id='block_1_58' title="bbox 265 5176 1792 5250">
    <p class='ocr_par' dir='ltr' id='par_1_58' title="bbox 265 5176 1792 5250">
     <span class='ocr_line' id='line_1_58' title="bbox 265 5176 1792 5250; baseline 0.009 -28"><span class='ocrx_word' id='word_1_415' title='bbox 265 5176 432 5242; x_wconf 88' lang='lat' dir='ltr'><strong>torum,</strong></span> <span class='ocrx_word' id='word_1_416' title='bbox 478 5182 568 5234; x_wconf 90' lang='lat' dir='ltr'><strong>sed</strong></span> <span class='ocrx_word' id='word_1_417' title='bbox 616 5184 753 5239; x_wconf 91' lang='lat' dir='ltr'><strong>tubis</strong></span> <span class='ocrx_word' id='word_1_418' title='bbox 796 5184 1166 5239; x_wconf 87' lang='lat' dir='ltr'><strong>tantummodo</strong></span> <span class='ocrx_word' id='word_1_419' title='bbox 1207 5181 1585 5250; x_wconf 87' lang='lat' dir='ltr'><strong>clangentibus</strong></span> <span class='ocrx_word' id='word_1_420' title='bbox 1615 5197 1792 5237; x_wconf 73' lang='lat' dir='ltr'><strong>sacen-</strong></span> 
     </span>
    </p>
   </div>
   <div class='ocr_carea' id='block_1_59' title="bbox 262 5258 1796 5328">
    <p class='ocr_par' dir='ltr' id='par_1_59' title="bbox 262 5258 1796 5328">
     <span class='ocr_line' id='line_1_59' title="bbox 262 5258 1796 5328; baseline 0.009 -18"><span class='ocrx_word' id='word_1_421' title='bbox 262 5258 445 5328; x_wconf 87' lang='lat' dir='ltr'><strong>dotum;</strong></span> <span class='ocrx_word' id='word_1_422' title='bbox 477 5269 544 5323; x_wconf 91' lang='lat' dir='ltr'><strong>ita</strong></span> <span class='ocrx_word' id='word_1_423' title='bbox 586 5274 811 5328; x_wconf 88' lang='lat' dir='ltr'><strong>mundus</strong></span> <span class='ocrx_word' id='word_1_424' title='bbox 838 5276 925 5328; x_wconf 84' lang='lat' dir='ltr'><strong>hic</strong></span> <span class='ocrx_word' id='word_1_425' title='bbox 967 5289 1071 5326; x_wconf 90' lang='lat' dir='ltr'><strong>non</strong></span> <span class='ocrx_word' id='word_1_426' title='bbox 1107 5273 1337 5328; x_wconf 88' lang='lat' dir='ltr'><strong>terrenis</strong></span> <span class='ocrx_word' id='word_1_427' title='bbox 1382 5280 1667 5328; x_wconf 83' lang='lat' dir='ltr'><strong>superatus</strong></span> <span class='ocrx_word' id='word_1_428' title='bbox 1708 5279 1796 5326; x_wconf 84' lang='lat' dir='ltr'><strong>est</strong></span> 
     </span>
    </p>
   </div>
   <div class='ocr_carea' id='block_1_60' title="bbox 1891 360 2914 443">
    <p class='ocr_par' dir='ltr' id='par_1_60' title="bbox 1891 360 2914 443">
     <span class='ocr_line' id='line_1_60' title="bbox 1891 360 2914 443; baseline -0.007 -16"><span class='ocrx_word' id='word_1_429' title='bbox 1891 372 2048 427; x_wconf 72' lang='lat' dir='ltr'><strong>mida:</strong></span> <span class='ocrx_word' id='word_1_430' title='bbox 2081 370 2348 443; x_wconf 70' lang='lat' dir='ltr'><strong>superbize</strong></span> <span class='ocrx_word' id='word_1_431' title='bbox 2378 360 2650 424; x_wconf 89' lang='lat' dir='ltr'><strong>humiliter</strong></span> <span class='ocrx_word' id='word_1_432' title='bbox 2676 366 2914 423; x_wconf 82' lang='lat' dir='ltr'><strong>ﬂectunt.</strong></span> 
     </span>
    </p>
   </div>
   <div class='ocr_carea' id='block_1_61' title="bbox 1959 453 3457 527">
    <p class='ocr_par' dir='ltr' id='par_1_61' title="bbox 1959 453 3457 527">
     <span class='ocr_line' id='line_1_61' title="bbox 1959 453 3457 527; baseline -0.006 -12"><span class='ocrx_word' id='word_1_433' title='bbox 1959 460 2028 515; x_wconf 87' lang='lat' dir='ltr'><strong>Et</strong></span> <span class='ocrx_word' id='word_1_434' title='bbox 2057 476 2177 527; x_wconf 87' lang='lat' dir='ltr'><strong>nos,</strong></span> <span class='ocrx_word' id='word_1_435' title='bbox 2208 460 2404 515; x_wconf 81' lang='lat' dir='ltr'><strong>fratres</strong></span> <span class='ocrx_word' id='word_1_436' title='bbox 2430 458 2759 522; x_wconf 88' lang='lat' dir='ltr'><strong>charissimi,</strong></span> <span class='ocrx_word' id='word_1_437' title='bbox 2783 472 2996 525; x_wconf 87' lang='lat' dir='ltr'><strong>semper</strong></span> <span class='ocrx_word' id='word_1_438' title='bbox 3016 453 3322 524; x_wconf 88' lang='lat' dir='ltr'><strong>apostolicis</strong></span> <span class='ocrx_word' id='word_1_439' title='bbox 3352 453 3457 506; x_wconf 87' lang='lat' dir='ltr'><strong>hu-</strong></span> 
     </span>
    </p>
   </div>
   <div class='ocr_carea' id='block_1_62' title="bbox 1891 544 3465 620">
    <p class='ocr_par' dir='ltr' id='par_1_62' title="bbox 1891 544 3465 620">
     <span class='ocr_line' id='line_1_62' title="bbox 1891 544 3465 620; baseline -0.006 -16"><span class='ocrx_word' id='word_1_440' title='bbox 1891 550 2159 605; x_wconf 88' lang='lat' dir='ltr'><strong>miliemur</strong></span> <span class='ocrx_word' id='word_1_441' title='bbox 2188 550 2449 620; x_wconf 84' lang='lat' dir='ltr'><strong>imperiis,</strong></span> <span class='ocrx_word' id='word_1_442' title='bbox 2482 556 2540 603; x_wconf 92' lang='lat' dir='ltr'><strong>ut</strong></span> <span class='ocrx_word' id='word_1_443' title='bbox 2587 547 2812 617; x_wconf 84' lang='lat' dir='ltr'><strong>rigidam</strong></span> <span class='ocrx_word' id='word_1_444' title='bbox 2858 546 3038 601; x_wconf 81' lang='lat' dir='ltr'><strong>cordis</strong></span> <span class='ocrx_word' id='word_1_445' title='bbox 3078 546 3250 601; x_wconf 92' lang='lat' dir='ltr'><strong>nostri</strong></span> <span class='ocrx_word' id='word_1_446' title='bbox 3274 544 3465 598; x_wconf 60' lang='lat' dir='ltr'><strong>cervis</strong></span> 
     </span>
    </p>
   </div>
   <div class='ocr_carea' id='block_1_63' title="bbox 1890 630 3466 706">
    <p class='ocr_par' dir='ltr' id='par_1_63' title="bbox 1890 630 3466 706">
     <span class='ocr_line' id='line_1_63' title="bbox 1890 630 3466 706; baseline -0.006 -11"><span class='ocrx_word' id='word_1_447' title='bbox 1890 654 2005 694; x_wconf 89' lang='lat' dir='ltr'><strong>cem</strong></span> <span class='ocrx_word' id='word_1_448' title='bbox 2037 654 2222 694; x_wconf 91' lang='lat' dir='ltr'><strong>eorum</strong></span> <span class='ocrx_word' id='word_1_449' title='bbox 2263 639 2574 693; x_wconf 89' lang='lat' dir='ltr'><strong>studeamus</strong></span> <span class='ocrx_word' id='word_1_450' title='bbox 2623 635 2908 706; x_wconf 83' lang='lat' dir='ltr'><strong>subjugare</strong></span> <span class='ocrx_word' id='word_1_451' title='bbox 2968 634 3246 689; x_wconf 88' lang='lat' dir='ltr'><strong>doctrinis.</strong></span> <span class='ocrx_word' id='word_1_452' title='bbox 3301 630 3466 687; x_wconf 73' lang='lat' dir='ltr'><strong>Certe</strong></span> 
     </span>
    </p>
   </div>
   <div class='ocr_carea' id='block_1_64' title="bbox 1886 719 3465 797">
    <p class='ocr_par' dir='ltr' id='par_1_64' title="bbox 1886 719 3465 797">
     <span class='ocr_line' id='line_1_64' title="bbox 1886 719 3465 797; baseline -0.004 -16"><span class='ocrx_word' id='word_1_453' title='bbox 1886 728 1992 797; x_wconf 84' lang='lat' dir='ltr'><strong>ipsi</strong></span> <span class='ocrx_word' id='word_1_454' title='bbox 2046 735 2171 782; x_wconf 90' lang='lat' dir='ltr'><strong>sunt</strong></span> <span class='ocrx_word' id='word_1_455' title='bbox 2246 725 2455 794; x_wconf 79' lang='lat' dir='ltr'><strong>iudices</strong></span> <span class='ocrx_word' id='word_1_456' title='bbox 2512 725 2703 790; x_wconf 88' lang='lat' dir='ltr'><strong>nostri,</strong></span> <span class='ocrx_word' id='word_1_457' title='bbox 2740 724 2813 779; x_wconf 85' lang='lat' dir='ltr'><strong>ab</strong></span> <span class='ocrx_word' id='word_1_458' title='bbox 2853 722 2984 792; x_wconf 87' lang='lat' dir='ltr'><strong>ipsis</strong></span> <span class='ocrx_word' id='word_1_459' title='bbox 3036 737 3222 777; x_wconf 88' lang='lat' dir='ltr'><strong>sumus</strong></span> <span class='ocrx_word' id='word_1_460' title='bbox 3249 719 3306 776; x_wconf 89' lang='lat' dir='ltr'><strong>in</strong></span> <span class='ocrx_word' id='word_1_461' title='bbox 3352 728 3465 774; x_wconf 69' lang='lat' dir='ltr'><strong>tre~</strong></span> 
     </span>
    </p>
   </div>
   <div class='ocr_carea' id='block_1_65' title="bbox 1889 811 3465 880">
    <p class='ocr_par' dir='ltr' id='par_1_65' title="bbox 1889 811 3465 880">
     <span class='ocr_line' id='line_1_65' title="bbox 1889 811 3465 880; baseline -0.004 -11"><span class='ocrx_word' id='word_1_462' title='bbox 1889 817 2085 871; x_wconf 88' lang='lat' dir='ltr'><strong>mendo</strong></span> <span class='ocrx_word' id='word_1_463' title='bbox 2107 816 2301 871; x_wconf 91' lang='lat' dir='ltr'><strong>summi</strong></span> <span class='ocrx_word' id='word_1_464' title='bbox 2332 814 2535 871; x_wconf 85' lang='lat' dir='ltr'><strong>Iudicis</strong></span> <span class='ocrx_word' id='word_1_465' title='bbox 2556 814 2806 870; x_wconf 79' lang='lat' dir='ltr'><strong>examine</strong></span> <span class='ocrx_word' id='word_1_466' title='bbox 2835 812 3178 868; x_wconf 89' lang='lat' dir='ltr'><strong>discutiendi.</strong></span> <span class='ocrx_word' id='word_1_467' title='bbox 3203 811 3346 867; x_wconf 80' lang='lat' dir='ltr'><strong>Ecce</strong></span> <span class='ocrx_word' id='word_1_468' title='bbox 3368 826 3465 880; x_wconf 88' lang='lat' dir='ltr'><strong>per</strong></span> 
     </span>
    </p>
   </div>
   <div class='ocr_carea' id='block_1_66' title="bbox 1891 902 3464 972">
    <p class='ocr_par' dir='ltr' id='par_1_66' title="bbox 1891 902 3464 972">
     <span class='ocr_line' id='line_1_66' title="bbox 1891 902 3464 972; baseline -0.003 -14"><span class='ocrx_word' id='word_1_469' title='bbox 1891 912 2062 959; x_wconf 91' lang='lat' dir='ltr'><strong>totum</strong></span> <span class='ocrx_word' id='word_1_470' title='bbox 2098 904 2356 960; x_wconf 76' lang='lat' dir='ltr'><strong>mundam</strong></span> <span class='ocrx_word' id='word_1_471' title='bbox 2390 904 2638 960; x_wconf 89' lang='lat' dir='ltr'><strong>tubarum</strong></span> <span class='ocrx_word' id='word_1_472' title='bbox 2662 902 3004 972; x_wconf 81' lang='lat' dir='ltr'><strong>clangoribus</strong></span> <span class='ocrx_word' id='word_1_473' title='bbox 3032 902 3301 967; x_wconf 91' lang='lat' dir='ltr'><strong>intonant,</strong></span> <span class='ocrx_word' id='word_1_474' title='bbox 3335 915 3464 955; x_wconf 81' lang='lat' dir='ltr'><strong>cccc</strong></span> 
     </span>
    </p>
   </div>
   <div class='ocr_carea' id='block_1_67' title="bbox 1890 989 3467 1063">
    <p class='ocr_par' dir='ltr' id='par_1_67' title="bbox 1890 989 3467 1063">
     <span class='ocr_line' id='line_1_67' title="bbox 1890 989 3467 1063; baseline -0.004 -14"><span class='ocrx_word' id='word_1_475' title='bbox 1890 995 2143 1051; x_wconf 84' lang='lat' dir='ltr'><strong>rebellem</strong></span> <span class='ocrx_word' id='word_1_476' title='bbox 2200 994 2375 1049; x_wconf 89' lang='lat' dir='ltr'><strong>adhuc</strong></span> <span class='ocrx_word' id='word_1_477' title='bbox 2428 992 2647 1049; x_wconf 87' lang='lat' dir='ltr'><strong>Iericho</strong></span> <span class='ocrx_word' id='word_1_478' title='bbox 2692 994 2849 1063; x_wconf 81' lang='lat' dir='ltr'><strong>quasi</strong></span> <span class='ocrx_word' id='word_1_479' title='bbox 2889 1007 3011 1046; x_wconf 92' lang='lat' dir='ltr'><strong>cum</strong></span> <span class='ocrx_word' id='word_1_480' title='bbox 3063 1007 3191 1046; x_wconf 87' lang='lat' dir='ltr'><strong>arca</strong></span> <span class='ocrx_word' id='word_1_481' title='bbox 3242 989 3467 1045; x_wconf 71' lang='lat' dir='ltr'><strong>fmderis</strong></span> 
     </span>
    </p>
   </div>
   <div class='ocr_carea' id='block_1_68' title="bbox 1890 1080 3471 1140">
    <p class='ocr_par' dir='ltr' id='par_1_68' title="bbox 1890 1080 3471 1140">
     <span class='ocr_line' id='line_1_68' title="bbox 1890 1080 3471 1140; baseline -0.004 -2"><span class='ocrx_word' id='word_1_482' title='bbox 1890 1098 2076 1138; x_wconf 91' lang='lat' dir='ltr'><strong>eorum</strong></span> <span class='ocrx_word' id='word_1_483' title='bbox 2126 1082 2367 1140; x_wconf 90' lang='lat' dir='ltr'><strong>doctrina</strong></span> <span class='ocrx_word' id='word_1_484' title='bbox 2414 1081 2733 1137; x_wconf 89' lang='lat' dir='ltr'><strong>circumdat.</strong></span> <span class='ocrx_word' id='word_1_485' title='bbox 2789 1080 3100 1137; x_wconf 80' lang='lat' dir='ltr'><strong>Excitemur</strong></span> <span class='ocrx_word' id='word_1_486' title='bbox 3132 1081 3227 1136; x_wconf 83' lang='lat' dir='ltr'><strong>ad</strong></span> <span class='ocrx_word' id='word_1_487' title='bbox 3260 1080 3471 1135; x_wconf 87' lang='lat' dir='ltr'><strong>tonitru</strong></span> 
     </span>
    </p>
   </div>
   <div class='ocr_carea' id='block_1_69' title="bbox 1890 1173 3460 1245">
    <p class='ocr_par' dir='ltr' id='par_1_69' title="bbox 1890 1173 3460 1245">
     <span class='ocr_line' id='line_1_69' title="bbox 1890 1173 3460 1245; baseline -0.004 -16"><span class='ocrx_word' id='word_1_488' title='bbox 1890 1184 2058 1231; x_wconf 74' lang='lat' dir='ltr'><strong>tantae</strong></span> <span class='ocrx_word' id='word_1_489' title='bbox 2082 1174 2500 1245; x_wconf 85' lang='lat' dir='ltr'><strong>praedicationis,</strong></span> <span class='ocrx_word' id='word_1_490' title='bbox 2524 1187 2623 1228; x_wconf 89' lang='lat' dir='ltr'><strong>nec</strong></span> <span class='ocrx_word' id='word_1_491' title='bbox 2645 1188 2805 1244; x_wconf 89' lang='lat' dir='ltr'><strong>sopor</strong></span> <span class='ocrx_word' id='word_1_492' title='bbox 2832 1187 2933 1229; x_wconf 88' lang='lat' dir='ltr'><strong>nos</strong></span> <span class='ocrx_word' id='word_1_493' title='bbox 2959 1173 3147 1228; x_wconf 89' lang='lat' dir='ltr'><strong>mortis</strong></span> <span class='ocrx_word' id='word_1_494' title='bbox 3173 1174 3460 1242; x_wconf 89' lang='lat' dir='ltr'><strong>opprimat,</strong></span> 
     </span>
    </p>
   </div>
   <div class='ocr_carea' id='block_1_70' title="bbox 1891 1265 3467 1323">
    <p class='ocr_par' dir='ltr' id='par_1_70' title="bbox 1891 1265 3467 1323">
     <span class='ocr_line' id='line_1_70' title="bbox 1891 1265 3467 1323; baseline -0.002 -2"><span class='ocrx_word' id='word_1_495' title='bbox 1891 1267 2017 1321; x_wconf 89' lang='lat' dir='ltr'><strong>dum</strong></span> <span class='ocrx_word' id='word_1_496' title='bbox 2048 1265 2171 1321; x_wconf 65' lang='lat' dir='ltr'><strong>vitae</strong></span> <span class='ocrx_word' id='word_1_497' title='bbox 2201 1266 2438 1322; x_wconf 85' lang='lat' dir='ltr'><strong>carnalis</strong></span> <span class='ocrx_word' id='word_1_498' title='bbox 2487 1266 2676 1323; x_wconf 90' lang='lat' dir='ltr'><strong>umbra</strong></span> <span class='ocrx_word' id='word_1_499' title='bbox 2706 1266 2959 1323; x_wconf 85' lang='lat' dir='ltr'><strong>delectat.</strong></span> <span class='ocrx_word' id='word_1_500' title='bbox 2999 1267 3298 1322; x_wconf 83' lang='lat' dir='ltr'><strong>Audiamus</strong></span> <span class='ocrx_word' id='word_1_501' title='bbox 3326 1265 3467 1321; x_wconf 81' lang='lat' dir='ltr'><strong>Pau-</strong></span> 
     </span>
    </p>
   </div>
   <div class='ocr_carea' id='block_1_71' title="bbox 1892 1355 3517 1425">
    <p class='ocr_par' dir='ltr' id='par_1_71' title="bbox 1892 1355 3517 1425">
     <span class='ocr_line' id='line_1_71' title="bbox 1892 1355 3517 1425; baseline 0.001 -16"><span class='ocrx_word' id='word_1_502' title='bbox 1892 1355 2001 1409; x_wconf 90' lang='lat' dir='ltr'><strong>lum</strong></span> <span class='ocrx_word' id='word_1_503' title='bbox 2039 1366 2291 1425; x_wconf 87' lang='lat' dir='ltr'><strong>tanquam</strong></span> <span class='ocrx_word' id='word_1_504' title='bbox 2324 1359 2613 1413; x_wconf 86' lang='lat' dir='ltr'><strong>vehemens</strong></span> <span class='ocrx_word' id='word_1_505' title='bbox 2651 1357 2939 1415; x_wconf 80' lang='lat' dir='ltr'><strong>classicum</strong></span> <span class='ocrx_word' id='word_1_506' title='bbox 2969 1357 3285 1413; x_wconf 88' lang='lat' dir='ltr'><strong>terribiliter</strong></span> <span class='ocrx_word' id='word_1_507' title='bbox 3323 1358 3465 1412; x_wconf 85' lang='lat' dir='ltr'><strong>into-</strong></span> <span class='ocrx_word' id='word_1_508' title='bbox 3504 1416 3517 1425; x_wconf 44' lang='lat'><strong>.</strong></span> 
     </span>
    </p>
   </div>
   <div class='ocr_carea' id='block_1_72' title="bbox 1892 1448 3466 1521">
    <p class='ocr_par' dir='ltr' id='par_1_72' title="bbox 1892 1448 3466 1521">
     <span class='ocr_line' id='line_1_72' title="bbox 1892 1448 3466 1521; baseline 0 -19"><span class='ocrx_word' id='word_1_509' title='bbox 1892 1456 2148 1505; x_wconf 86' lang='lat' dir='ltr'><strong>nantem:</strong></span> <span class='ocrx_word' id='word_1_510' title='bbox 2186 1468 2205 1501; x_wconf 76' lang='grc' dir='ltr'><strong>ι</strong></span> <span class='ocrx_word' id='word_1_511' title='bbox 2245 1448 2509 1520; x_wconf 79' lang='lat' dir='ltr'><strong>Exsurge,</strong></span> <span class='ocrx_word' id='word_1_512' title='bbox 2541 1450 2734 1519; x_wconf 91' lang='lat' dir='ltr'><strong>inquit,</strong></span> <span class='ocrx_word' id='word_1_513' title='bbox 2766 1450 2858 1521; x_wconf 90' lang='lat' dir='ltr'><strong>qui</strong></span> <span class='ocrx_word' id='word_1_514' title='bbox 2893 1450 3121 1516; x_wconf 90' lang='lat' dir='ltr'><strong>dormis,</strong></span> <span class='ocrx_word' id='word_1_515' title='bbox 3152 1459 3206 1505; x_wconf 89' lang='lat' dir='ltr'><strong>et</strong></span> <span class='ocrx_word' id='word_1_516' title='bbox 3234 1465 3466 1520; x_wconf 81' lang='lat' dir='ltr'><strong>exsurge</strong></span> 
     </span>
    </p>
   </div>
   <div class='ocr_carea' id='block_1_73' title="bbox 1893 1530 3458 1612">
    <p class='ocr_par' dir='ltr' id='par_1_73' title="bbox 1893 1530 3458 1612">
     <span class='ocr_line' id='line_1_73' title="bbox 1893 1530 3458 1612; baseline -0.001 -18"><span class='ocrx_word' id='word_1_517' title='bbox 1893 1554 1923 1594; x_wconf 89' lang='lat' dir='ltr'><strong>a</strong></span> <span class='ocrx_word' id='word_1_518' title='bbox 1971 1540 2220 1606; x_wconf 89' lang='lat' dir='ltr'><strong>mortuis,</strong></span> <span class='ocrx_word' id='word_1_519' title='bbox 2273 1549 2326 1595; x_wconf 91' lang='lat' dir='ltr'><strong>et</strong></span> <span class='ocrx_word' id='word_1_520' title='bbox 2376 1541 2633 1597; x_wconf 79' lang='lat' dir='ltr'><strong>excitabit</strong></span> <span class='ocrx_word' id='word_1_521' title='bbox 2684 1549 2736 1597; x_wconf 91' lang='lat' dir='ltr'><strong>te</strong></span> <span class='ocrx_word' id='word_1_522' title='bbox 2786 1541 3033 1597; x_wconf 90' lang='lat' dir='ltr'><strong>Christus</strong></span> <span class='ocrx_word' id='word_1_523' title='bbox 3078 1530 3293 1612; x_wconf 77' lang='lat' dir='ltr'><strong>(Ep/res.</strong></span> <span class='ocrx_word' id='word_1_524' title='bbox 3327 1541 3403 1611; x_wconf 89' lang='lat' dir='ltr'><strong>v).</strong></span> <span class='ocrx_word' id='word_1_525' title='bbox 3441 1559 3458 1592; x_wconf 73' lang='grc' dir='ltr'><strong>ι</strong></span> 
     </span>
    </p>
   </div>
   <div class='ocr_carea' id='block_1_74' title="bbox 1825 1629 3467 1702">
    <p class='ocr_par' dir='ltr' id='par_1_74' title="bbox 1825 1629 3467 1702">
     <span class='ocr_line' id='line_1_74' title="bbox 1825 1629 3467 1702; baseline 0 -18"><span class='ocrx_word' id='word_1_526' title='bbox 1825 1640 1867 1698; x_wconf 78' lang='grc' dir='ltr'><strong><em>Β</em></strong></span> <span class='ocrx_word' id='word_1_527' title='bbox 1895 1629 2064 1686; x_wconf 86' lang='lat' dir='ltr'><strong>Porro</strong></span> <span class='ocrx_word' id='word_1_528' title='bbox 2092 1646 2214 1686; x_wconf 91' lang='lat' dir='ltr'><strong>cum</strong></span> <span class='ocrx_word' id='word_1_529' title='bbox 2252 1630 2677 1686; x_wconf 89' lang='lat' dir='ltr'><strong>sacerdotalibus</strong></span> <span class='ocrx_word' id='word_1_530' title='bbox 2707 1630 2848 1687; x_wconf 90' lang='lat' dir='ltr'><strong>tubis</strong></span> <span class='ocrx_word' id='word_1_531' title='bbox 2875 1631 3231 1687; x_wconf 87' lang='lat' dir='ltr'><strong>Ierichontini</strong></span> <span class='ocrx_word' id='word_1_532' title='bbox 3261 1630 3467 1702; x_wconf 87' lang='lat' dir='ltr'><strong>lapides</strong></span> 
     </span>
    </p>
   </div>
   <div class='ocr_carea' id='block_1_75' title="bbox 1890 1719 3460 1789">
    <p class='ocr_par' dir='ltr' id='par_1_75' title="bbox 1890 1719 3460 1789">
     <span class='ocr_line' id='line_1_75' title="bbox 1890 1719 3460 1789; baseline -0.002 -13"><span class='ocrx_word' id='word_1_533' title='bbox 1890 1719 2405 1789; x_wconf 87' lang='lat' dir='ltr'><strong>obtemperaverint,</strong></span> <span class='ocrx_word' id='word_1_534' title='bbox 2435 1729 2491 1775; x_wconf 87' lang='lat' dir='ltr'><strong>et</strong></span> <span class='ocrx_word' id='word_1_535' title='bbox 2529 1720 2862 1776; x_wconf 90' lang='lat' dir='ltr'><strong>insensibilis</strong></span> <span class='ocrx_word' id='word_1_536' title='bbox 2891 1720 2980 1776; x_wconf 91' lang='lat' dir='ltr'><strong>illa</strong></span> <span class='ocrx_word' id='word_1_537' title='bbox 3007 1721 3251 1782; x_wconf 88' lang='lat' dir='ltr'><strong>materia,</strong></span> <span class='ocrx_word' id='word_1_538' title='bbox 3282 1720 3460 1774; x_wconf 89' lang='lat' dir='ltr'><strong>dirttta</strong></span> 
     </span>
    </p>
   </div>
   <div class='ocr_carea' id='block_1_76' title="bbox 1893 1798 3469 1880">
    <p class='ocr_par' dir='ltr' id='par_1_76' title="bbox 1893 1798 3469 1880">
     <span class='ocr_line' id='line_1_76' title="bbox 1893 1798 3469 1880; baseline 0 -16"><span class='ocrx_word' id='word_1_539' title='bbox 1893 1807 2133 1865; x_wconf 87' lang='lat' dir='ltr'><strong>funditus</strong></span> <span class='ocrx_word' id='word_1_540' title='bbox 2156 1818 2210 1865; x_wconf 90' lang='lat' dir='ltr'><strong>et</strong></span> <span class='ocrx_word' id='word_1_541' title='bbox 2238 1825 2427 1866; x_wconf 91' lang='lat' dir='ltr'><strong>eversa</strong></span> <span class='ocrx_word' id='word_1_542' title='bbox 2457 1809 2699 1876; x_wconf 88' lang='lat' dir='ltr'><strong>civitate,</strong></span> <span class='ocrx_word' id='word_1_543' title='bbox 2734 1810 3029 1876; x_wconf 87' lang='lat' dir='ltr'><strong>corruerit;</strong></span> <span class='ocrx_word' id='word_1_544' title='bbox 3068 1808 3336 1880; x_wconf 89' lang='lat' dir='ltr'><strong>quomodo</strong></span> <span class='ocrx_word' id='word_1_545' title='bbox 3367 1798 3469 1865; x_wconf 83' lang='lat' dir='ltr'><strong>nos</strong></span> 
     </span>
    </p>
   </div>
   <div class='ocr_carea' id='block_1_77' title="bbox 1892 1900 3465 1973">
    <p class='ocr_par' dir='ltr' id='par_1_77' title="bbox 1892 1900 3465 1973">
     <span class='ocr_line' id='line_1_77' title="bbox 1892 1900 3465 1973; baseline 0.001 -19"><span class='ocrx_word' id='word_1_546' title='bbox 1892 1901 1959 1955; x_wconf 91' lang='lat' dir='ltr'><strong>ad</strong></span> <span class='ocrx_word' id='word_1_547' title='bbox 1984 1900 2293 1971; x_wconf 67' lang='lat' dir='ltr'><strong>apostolicae</strong></span> <span class='ocrx_word' id='word_1_548' title='bbox 2322 1902 2728 1971; x_wconf 66' lang='lat' dir='ltr'><strong>praedicationis</strong></span> <span class='ocrx_word' id='word_1_549' title='bbox 2756 1902 3040 1973; x_wconf 91' lang='lat' dir='ltr'><strong>imperium</strong></span> <span class='ocrx_word' id='word_1_550' title='bbox 3069 1901 3212 1956; x_wconf 90' lang='lat' dir='ltr'><strong>velut</strong></span> <span class='ocrx_word' id='word_1_551' title='bbox 3241 1902 3465 1957; x_wconf 90' lang='lat' dir='ltr'><strong>insensi-</strong></span> 
     </span>
    </p>
   </div>
   <div class='ocr_carea' id='block_1_78' title="bbox 1891 1991 3473 2064">
    <p class='ocr_par' dir='ltr' id='par_1_78' title="bbox 1891 1991 3473 2064">
     <span class='ocr_line' id='line_1_78' title="bbox 1891 1991 3473 2064; baseline -0.001 -17"><span class='ocrx_word' id='word_1_552' title='bbox 1891 1991 2028 2047; x_wconf 89' lang='lat' dir='ltr'><strong>biles</strong></span> <span class='ocrx_word' id='word_1_553' title='bbox 2072 1991 2427 2060; x_wconf 90' lang='lat' dir='ltr'><strong>dormiemus,</strong></span> <span class='ocrx_word' id='word_1_554' title='bbox 2474 1992 2566 2062; x_wconf 85' lang='lat' dir='ltr'><strong>qui</strong></span> <span class='ocrx_word' id='word_1_555' title='bbox 2606 2008 2703 2064; x_wconf 91' lang='lat' dir='ltr'><strong>per</strong></span> <span class='ocrx_word' id='word_1_556' title='bbox 2745 1992 2948 2048; x_wconf 91' lang='lat' dir='ltr'><strong>Christi</strong></span> <span class='ocrx_word' id='word_1_557' title='bbox 2997 1993 3255 2063; x_wconf 87' lang='lat' dir='ltr'><strong>gratiam,</strong></span> <span class='ocrx_word' id='word_1_558' title='bbox 3303 1994 3473 2063; x_wconf 43' lang='lat'><strong>210&#39;</strong></span> 
     </span>
    </p>
   </div>
   <div class='ocr_carea' id='block_1_79' title="bbox 1893 2082 3473 2155">
    <p class='ocr_par' dir='ltr' id='par_1_79' title="bbox 1893 2082 3473 2155">
     <span class='ocr_line' id='line_1_79' title="bbox 1893 2082 3473 2155; baseline 0.001 -20"><span class='ocrx_word' id='word_1_559' title='bbox 1893 2083 1984 2153; x_wconf 91' lang='lat' dir='ltr'><strong>qui</strong></span> <span class='ocrx_word' id='word_1_560' title='bbox 2009 2083 2144 2154; x_wconf 85' lang='lat' dir='ltr'><strong>lapis</strong></span> <span class='ocrx_word' id='word_1_561' title='bbox 2191 2092 2273 2139; x_wconf 86' lang='lat' dir='ltr'><strong>est</strong></span> <span class='ocrx_word' id='word_1_562' title='bbox 2312 2083 2611 2154; x_wconf 89' lang='lat' dir='ltr'><strong>angularis,</strong></span> <span class='ocrx_word' id='word_1_563' title='bbox 2658 2093 2713 2140; x_wconf 89' lang='lat' dir='ltr'><strong>et</strong></span> <span class='ocrx_word' id='word_1_564' title='bbox 2741 2084 2842 2155; x_wconf 91' lang='lat' dir='ltr'><strong>ipsi</strong></span> <span class='ocrx_word' id='word_1_565' title='bbox 2873 2083 2977 2138; x_wconf 87' lang='lat' dir='ltr'><strong>vivi</strong></span> <span class='ocrx_word' id='word_1_566' title='bbox 3006 2082 3209 2154; x_wconf 89' lang='lat' dir='ltr'><strong>lapides</strong></span> <span class='ocrx_word' id='word_1_567' title='bbox 3243 2085 3473 2155; x_wconf 4' lang='lat' dir='ltr'><strong>sumus?)</strong></span> 
     </span>
    </p>
   </div>
   <div class='ocr_carea' id='block_1_80' title="bbox 1891 2174 3476 2247">
    <p class='ocr_par' dir='ltr' id='par_1_80' title="bbox 1891 2174 3476 2247">
     <span class='ocr_line' id='line_1_80' title="bbox 1891 2174 3476 2247; baseline -0.001 -17"><span class='ocrx_word' id='word_1_568' title='bbox 1891 2174 2191 2231; x_wconf 85' lang='lat' dir='ltr'><strong>Audiamus</strong></span> <span class='ocrx_word' id='word_1_569' title='bbox 2216 2176 2345 2247; x_wconf 92' lang='lat' dir='ltr'><strong>quid</strong></span> <span class='ocrx_word' id='word_1_570' title='bbox 2370 2176 2566 2231; x_wconf 90' lang='lat' dir='ltr'><strong>Petrus</strong></span> <span class='ocrx_word' id='word_1_571' title='bbox 2596 2176 2741 2231; x_wconf 85' lang='lat' dir='ltr'><strong>dicat</strong></span> <span class='ocrx_word' id='word_1_572' title='bbox 2767 2175 3039 2247; x_wconf 85' lang='lat' dir='ltr'><strong>apostolus</strong></span> <span class='ocrx_word' id='word_1_573' title='bbox 3066 2191 3080 2229; x_wconf 73' lang='grc' dir='ltr'><strong>ι</strong></span> <span class='ocrx_word' id='word_1_574' title='bbox 3120 2194 3139 2227; x_wconf 73' lang='grc' dir='ltr'><strong>ι</strong></span> <span class='ocrx_word' id='word_1_575' title='bbox 3172 2175 3253 2230; x_wconf 86' lang='lat' dir='ltr'><strong>Ad</strong></span> <span class='ocrx_word' id='word_1_576' title='bbox 3284 2190 3476 2245; x_wconf 58' lang='lat' dir='ltr'><strong>quem,</strong></span> 
     </span>
    </p>
   </div>
   <div class='ocr_carea' id='block_1_81' title="bbox 1894 2264 3465 2336">
    <p class='ocr_par' dir='ltr' id='par_1_81' title="bbox 1894 2264 3465 2336">
     <span class='ocr_line' id='line_1_81' title="bbox 1894 2264 3465 2336; baseline 0 -19"><span class='ocrx_word' id='word_1_577' title='bbox 1894 2264 2102 2334; x_wconf 83' lang='lat' dir='ltr'><strong>inquit,</strong></span> <span class='ocrx_word' id='word_1_578' title='bbox 2134 2268 2473 2332; x_wconf 87' lang='lat' dir='ltr'><strong>accedentes,</strong></span> <span class='ocrx_word' id='word_1_579' title='bbox 2500 2264 2729 2336; x_wconf 92' lang='lat' dir='ltr'><strong>lapidem</strong></span> <span class='ocrx_word' id='word_1_580' title='bbox 2785 2266 3001 2330; x_wconf 89' lang='lat' dir='ltr'><strong>vivum,</strong></span> <span class='ocrx_word' id='word_1_581' title='bbox 3049 2264 3117 2320; x_wconf 90' lang='lat' dir='ltr'><strong>ab</strong></span> <span class='ocrx_word' id='word_1_582' title='bbox 3160 2264 3465 2319; x_wconf 80' lang='lat' dir='ltr'><strong>hominibus</strong></span> 
     </span>
    </p>
   </div>
   <div class='ocr_carea' id='block_1_82' title="bbox 1893 2344 3472 2427">
    <p class='ocr_par' dir='ltr' id='par_1_82' title="bbox 1893 2344 3472 2427">
     <span class='ocr_line' id='line_1_82' title="bbox 1893 2344 3472 2427; baseline 0.001 -19"><span class='ocrx_word' id='word_1_583' title='bbox 1893 2355 2108 2424; x_wconf 88' lang='lat' dir='ltr'><strong>quidem</strong></span> <span class='ocrx_word' id='word_1_584' title='bbox 2143 2356 2511 2427; x_wconf 89' lang='lat' dir='ltr'><strong>reprobatum,</strong></span> <span class='ocrx_word' id='word_1_585' title='bbox 2537 2371 2565 2410; x_wconf 91' lang='lat' dir='ltr'><strong>a</strong></span> <span class='ocrx_word' id='word_1_586' title='bbox 2594 2355 2706 2412; x_wconf 89' lang='lat' dir='ltr'><strong>Deo</strong></span> <span class='ocrx_word' id='word_1_587' title='bbox 2751 2363 2933 2411; x_wconf 90' lang='lat' dir='ltr'><strong>autem</strong></span> <span class='ocrx_word' id='word_1_588' title='bbox 2956 2355 3185 2412; x_wconf 89' lang='lat' dir='ltr'><strong>electum</strong></span> <span class='ocrx_word' id='word_1_589' title='bbox 3216 2366 3263 2411; x_wconf 92' lang='lat' dir='ltr'><strong>et</strong></span> <span class='ocrx_word' id='word_1_590' title='bbox 3300 2344 3472 2423; x_wconf 48' lang='lat' dir='ltr'><strong>bonoé</strong></span> 
     </span>
    </p>
   </div>
   <div class='ocr_carea' id='block_1_83' title="bbox 1892 2444 3458 2517">
    <p class='ocr_par' dir='ltr' id='par_1_83' title="bbox 1892 2444 3458 2517">
     <span class='ocr_line' id='line_1_83' title="bbox 1892 2444 3458 2517; baseline 0.002 -20"><span class='ocrx_word' id='word_1_591' title='bbox 1892 2444 2194 2511; x_wconf 80' lang='lat' dir='ltr'><strong>riticatum;</strong></span> <span class='ocrx_word' id='word_1_592' title='bbox 2221 2453 2275 2500; x_wconf 90' lang='lat' dir='ltr'><strong>et</strong></span> <span class='ocrx_word' id='word_1_593' title='bbox 2304 2445 2404 2517; x_wconf 91' lang='lat' dir='ltr'><strong>ipsi</strong></span> <span class='ocrx_word' id='word_1_594' title='bbox 2438 2452 2693 2516; x_wconf 89' lang='lat' dir='ltr'><strong>tanquam</strong></span> <span class='ocrx_word' id='word_1_595' title='bbox 2714 2446 2822 2501; x_wconf 88' lang='lat' dir='ltr'><strong>vivi</strong></span> <span class='ocrx_word' id='word_1_596' title='bbox 2870 2446 3074 2516; x_wconf 87' lang='lat' dir='ltr'><strong>lapides</strong></span> <span class='ocrx_word' id='word_1_597' title='bbox 3137 2446 3458 2515; x_wconf 67' lang='lat' dir='ltr'><strong>superaediti-</strong></span> 
     </span>
    </p>
   </div>
   <div class='ocr_carea' id='block_1_84' title="bbox 1894 2531 3471 2607">
    <p class='ocr_par' dir='ltr' id='par_1_84' title="bbox 1894 2531 3471 2607">
     <span class='ocr_line' id='line_1_84' title="bbox 1894 2531 3471 2607; baseline 0.001 -22"><span class='ocrx_word' id='word_1_598' title='bbox 1894 2532 2093 2587; x_wconf 90' lang='lat' dir='ltr'><strong>camini</strong></span> <span class='ocrx_word' id='word_1_599' title='bbox 2116 2531 2311 2589; x_wconf 91' lang='lat' dir='ltr'><strong>domus</strong></span> <span class='ocrx_word' id='word_1_600' title='bbox 2354 2534 2650 2604; x_wconf 84' lang='lat' dir='ltr'><strong>spiritualis</strong></span> <span class='ocrx_word' id='word_1_601' title='bbox 2698 2533 2748 2607; x_wconf 92' lang='grc'><strong>(1</strong></span> <span class='ocrx_word' id='word_1_602' title='bbox 2783 2534 2927 2590; x_wconf 83' lang='lat' dir='ltr'><strong>Petr.</strong></span> <span class='ocrx_word' id='word_1_603' title='bbox 2977 2534 3060 2605; x_wconf 88' lang='grc' dir='ltr'>ιι).</span> <span class='ocrx_word' id='word_1_604' title='bbox 3098 2554 3116 2588; x_wconf 77' lang='grc' dir='ltr'><strong>ι</strong></span> <span class='ocrx_word' id='word_1_605' title='bbox 3161 2533 3279 2589; x_wconf 87' lang='lat' dir='ltr'><strong>Iam</strong></span> <span class='ocrx_word' id='word_1_606' title='bbox 3308 2534 3471 2605; x_wconf 85' lang='lat' dir='ltr'><strong>igitur</strong></span> 
     </span>
    </p>
   </div>
   <div class='ocr_carea' id='block_1_85' title="bbox 1896 2623 3467 2694">
    <p class='ocr_par' dir='ltr' id='par_1_85' title="bbox 1896 2623 3467 2694">
     <span class='ocr_line' id='line_1_85' title="bbox 1896 2623 3467 2694; baseline 0.003 -18"><span class='ocrx_word' id='word_1_607' title='bbox 1896 2623 1947 2677; x_wconf 92' lang='lat' dir='ltr'><strong>in</strong></span> <span class='ocrx_word' id='word_1_608' title='bbox 1982 2623 2133 2680; x_wconf 92' lang='lat' dir='ltr'><strong>nobis</strong></span> <span class='ocrx_word' id='word_1_609' title='bbox 2186 2626 2416 2694; x_wconf 88' lang='lat' dir='ltr'><strong>superba</strong></span> <span class='ocrx_word' id='word_1_610' title='bbox 2468 2624 2705 2692; x_wconf 88' lang='lat' dir='ltr'><strong>Iericho,</strong></span> <span class='ocrx_word' id='word_1_611' title='bbox 2741 2642 2845 2682; x_wconf 91' lang='lat' dir='ltr'><strong>non</strong></span> <span class='ocrx_word' id='word_1_612' title='bbox 2873 2626 3319 2693; x_wconf 84' lang='lat' dir='ltr'><strong>Chananaeorum,</strong></span> <span class='ocrx_word' id='word_1_613' title='bbox 3374 2626 3467 2681; x_wconf 87' lang='lat' dir='ltr'><strong>sed</strong></span> 
     </span>
    </p>
   </div>
   <div class='ocr_carea' id='block_1_86' title="bbox 1895 2712 3470 2782">
    <p class='ocr_par' dir='ltr' id='par_1_86' title="bbox 1895 2712 3470 2782">
     <span class='ocr_line' id='line_1_86' title="bbox 1895 2712 3470 2782; baseline 0.001 -17"><span class='ocrx_word' id='word_1_614' title='bbox 1895 2712 2146 2769; x_wconf 90' lang='lat' dir='ltr'><strong>vitiorum</strong></span> <span class='ocrx_word' id='word_1_615' title='bbox 2176 2714 2441 2771; x_wconf 87' lang='lat' dir='ltr'><strong>habitatio</strong></span> <span class='ocrx_word' id='word_1_616' title='bbox 2468 2724 2720 2782; x_wconf 91' lang='lat' dir='ltr'><strong>corruat;</strong></span> <span class='ocrx_word' id='word_1_617' title='bbox 2745 2726 2800 2771; x_wconf 93' lang='lat' dir='ltr'><strong>et</strong></span> <span class='ocrx_word' id='word_1_618' title='bbox 2820 2715 3151 2772; x_wconf 85' lang='lat' dir='ltr'><strong>Hierusalem</strong></span> <span class='ocrx_word' id='word_1_619' title='bbox 3182 2731 3339 2777; x_wconf 89' lang='lat' dir='ltr'><strong>nova,</strong></span> <span class='ocrx_word' id='word_1_620' title='bbox 3361 2714 3470 2769; x_wconf 49' lang='lat' dir='ltr'><strong>virc</strong></span> 
     </span>
    </p>
   </div>
   <div class='ocr_carea' id='block_1_87' title="bbox 1898 2803 3462 2877">
    <p class='ocr_par' dir='ltr' id='par_1_87' title="bbox 1898 2803 3462 2877">
     <span class='ocr_line' id='line_1_87' title="bbox 1898 2803 3462 2877; baseline 0.001 -21"><span class='ocrx_word' id='word_1_621' title='bbox 1898 2810 2071 2858; x_wconf 90' lang='lat' dir='ltr'><strong>tutum</strong></span> <span class='ocrx_word' id='word_1_622' title='bbox 2099 2803 2365 2873; x_wconf 88' lang='lat' dir='ltr'><strong>lapidibus</strong></span> <span class='ocrx_word' id='word_1_623' title='bbox 2392 2805 2673 2867; x_wconf 65' lang='lat' dir='ltr'><strong>aedificata,</strong></span> <span class='ocrx_word' id='word_1_624' title='bbox 2709 2814 3018 2876; x_wconf 83' lang='lat' dir='ltr'><strong>consurgat,</strong></span> <span class='ocrx_word' id='word_1_625' title='bbox 3050 2814 3108 2858; x_wconf 88' lang='lat' dir='ltr'><strong>ut</strong></span> <span class='ocrx_word' id='word_1_626' title='bbox 3139 2804 3291 2875; x_wconf 82' lang='lat' dir='ltr'><strong>juxta</strong></span> <span class='ocrx_word' id='word_1_627' title='bbox 3318 2806 3462 2877; x_wconf 79' lang='lat' dir='ltr'><strong>Apo-</strong></span> 
     </span>
    </p>
   </div>
   <div class='ocr_carea' id='block_1_88' title="bbox 1896 2890 3477 2963">
    <p class='ocr_par' dir='ltr' id='par_1_88' title="bbox 1896 2890 3477 2963">
     <span class='ocr_line' id='line_1_88' title="bbox 1896 2890 3477 2963; baseline 0.003 -18"><span class='ocrx_word' id='word_1_628' title='bbox 1896 2890 2133 2946; x_wconf 87' lang='lat' dir='ltr'><strong>stolum:</strong></span> <span class='ocrx_word' id='word_1_629' title='bbox 2184 2911 2202 2943; x_wconf 75' lang='grc' dir='ltr'><strong>ι</strong></span> <span class='ocrx_word' id='word_1_630' title='bbox 2232 2892 2459 2947; x_wconf 89' lang='lat' dir='ltr'><strong>Peccato</strong></span> <span class='ocrx_word' id='word_1_631' title='bbox 2516 2894 2733 2959; x_wconf 88' lang='lat' dir='ltr'><strong>mortui,</strong></span> <span class='ocrx_word' id='word_1_632' title='bbox 2776 2892 2999 2963; x_wconf 78' lang='lat' dir='ltr'><strong>justitiae</strong></span> <span class='ocrx_word' id='word_1_633' title='bbox 3049 2894 3325 2959; x_wconf 80' lang='lat' dir='ltr'><strong>vivamus;</strong></span> <span class='ocrx_word' id='word_1_634' title='bbox 3372 2894 3477 2951; x_wconf 63' lang='lat' dir='ltr'><strong>eti</strong></span> 
     </span>
    </p>
   </div>
   <div class='ocr_carea' id='block_1_89' title="bbox 1829 2979 3473 3050">
    <p class='ocr_par' dir='ltr' id='par_1_89' title="bbox 1829 2979 3473 3050">
     <span class='ocr_line' id='line_1_89' title="bbox 1829 2979 3473 3050; baseline 0.002 -16"><span class='ocrx_word' id='word_1_635' title='bbox 1829 2979 1873 3041; x_wconf 89' lang='lat' dir='ltr'><strong>C</strong></span> <span class='ocrx_word' id='word_1_636' title='bbox 1906 2980 2007 3048; x_wconf 87' lang='lat' dir='ltr'><strong>Qui</strong></span> <span class='ocrx_word' id='word_1_637' title='bbox 2065 2984 2388 3038; x_wconf 91' lang='lat' dir='ltr'><strong>commortui</strong></span> <span class='ocrx_word' id='word_1_638' title='bbox 2435 2998 2620 3038; x_wconf 90' lang='lat' dir='ltr'><strong>sumus</strong></span> <span class='ocrx_word' id='word_1_639' title='bbox 2653 2983 2909 3050; x_wconf 79' lang='lat' dir='ltr'><strong>Christo,</strong></span> <span class='ocrx_word' id='word_1_640' title='bbox 2956 2984 3115 3039; x_wconf 92' lang='lat' dir='ltr'><strong>simul</strong></span> <span class='ocrx_word' id='word_1_641' title='bbox 3145 2993 3200 3039; x_wconf 90' lang='lat' dir='ltr'><strong>et</strong></span> <span class='ocrx_word' id='word_1_642' title='bbox 3228 2984 3473 3038; x_wconf 85' lang='lat' dir='ltr'><strong>vivamus</strong></span> 
     </span>
    </p>
   </div>
   <div class='ocr_carea' id='block_1_90' title="bbox 1899 3072 3471 3146">
    <p class='ocr_par' dir='ltr' id='par_1_90' title="bbox 1899 3072 3471 3146">
     <span class='ocr_line' id='line_1_90' title="bbox 1899 3072 3471 3146; baseline -0.001 -20"><span class='ocrx_word' id='word_1_643' title='bbox 1899 3086 2022 3126; x_wconf 87' lang='lat' dir='ltr'><strong>cum</strong></span> <span class='ocrx_word' id='word_1_644' title='bbox 2051 3072 2165 3143; x_wconf 90' lang='lat' dir='ltr'><strong>ipso</strong></span> <span class='ocrx_word' id='word_1_645' title='bbox 2193 3072 2276 3145; x_wconf 87' lang='grc'><strong>(11</strong></span> <span class='ocrx_word' id='word_1_646' title='bbox 2324 3073 2457 3128; x_wconf 79' lang='lat' dir='ltr'><strong>Tim.</strong></span> <span class='ocrx_word' id='word_1_647' title='bbox 2486 3074 2570 3145; x_wconf 90' lang='grc' dir='ltr'>ιι).</span> <span class='ocrx_word' id='word_1_648' title='bbox 2604 3091 2622 3125; x_wconf 76' lang='grc' dir='ltr'><strong>ι</strong></span> <span class='ocrx_word' id='word_1_649' title='bbox 2666 3072 2764 3146; x_wconf 88' lang='lat' dir='ltr'><strong>Qui</strong></span> <span class='ocrx_word' id='word_1_650' title='bbox 2797 3091 2916 3129; x_wconf 89' lang='lat' dir='ltr'><strong>cum</strong></span> <span class='ocrx_word' id='word_1_651' title='bbox 2949 3074 3059 3130; x_wconf 80' lang='lat' dir='ltr'><strong>Deo</strong></span> <span class='ocrx_word' id='word_1_652' title='bbox 3087 3074 3244 3130; x_wconf 84' lang='lat' dir='ltr'><strong>Patre</strong></span> <span class='ocrx_word' id='word_1_653' title='bbox 3268 3083 3322 3128; x_wconf 87' lang='lat' dir='ltr'><strong>et</strong></span> <span class='ocrx_word' id='word_1_654' title='bbox 3351 3075 3471 3143; x_wconf 87' lang='lat' dir='ltr'><strong>Spi-</strong></span> 
     </span>
    </p>
   </div>
   <div class='ocr_carea' id='block_1_91' title="bbox 1900 3161 3469 3236">
    <p class='ocr_par' dir='ltr' id='par_1_91' title="bbox 1900 3161 3469 3236">
     <span class='ocr_line' id='line_1_91' title="bbox 1900 3161 3469 3236; baseline 0.001 -21"><span class='ocrx_word' id='word_1_655' title='bbox 1900 3161 2007 3216; x_wconf 90' lang='lat' dir='ltr'><strong>ritu</strong></span> <span class='ocrx_word' id='word_1_656' title='bbox 2059 3174 2247 3220; x_wconf 90' lang='lat' dir='ltr'><strong>sancto</strong></span> <span class='ocrx_word' id='word_1_657' title='bbox 2272 3164 2403 3219; x_wconf 84' lang='lat' dir='ltr'><strong>vivit</strong></span> <span class='ocrx_word' id='word_1_658' title='bbox 2448 3173 2503 3220; x_wconf 92' lang='lat' dir='ltr'><strong>et</strong></span> <span class='ocrx_word' id='word_1_659' title='bbox 2550 3173 2741 3236; x_wconf 84' lang='lat' dir='ltr'><strong>regnat</strong></span> <span class='ocrx_word' id='word_1_660' title='bbox 2786 3165 2839 3220; x_wconf 90' lang='lat' dir='ltr'><strong>in</strong></span> <span class='ocrx_word' id='word_1_661' title='bbox 2887 3164 3082 3219; x_wconf 69' lang='lat' dir='ltr'><strong>smcula</strong></span> <span class='ocrx_word' id='word_1_662' title='bbox 3128 3164 3469 3220; x_wconf 60' lang='lat' dir='ltr'><strong>seculorum.</strong></span> 
     </span>
    </p>
   </div>
   <div class='ocr_carea' id='block_1_92' title="bbox 1897 3250 2090 3307">
    <p class='ocr_par' dir='ltr' id='par_1_92' title="bbox 1897 3250 2090 3307">
     <span class='ocr_line' id='line_1_92' title="bbox 1897 3250 2090 3307; baseline 0.016 -3"><span class='ocrx_word' id='word_1_663' title='bbox 1897 3250 2090 3307; x_wconf 86' lang='lat' dir='ltr'><strong>Amen.</strong></span> 
     </span>
    </p>
   </div>
   <div class='ocr_carea' id='block_1_93' title="bbox 2464 3343 2888 3401">
    <p class='ocr_par' dir='ltr' id='par_1_93' title="bbox 2464 3343 2888 3401">
     <span class='ocr_line' id='line_1_93' title="bbox 2464 3343 2888 3401; baseline 0.002 -3"><span class='ocrx_word' id='word_1_664' title='bbox 2464 3343 2697 3401; x_wconf 74' lang='lat' dir='ltr'><strong>SEBMO</strong></span> <span class='ocrx_word' id='word_1_665' title='bbox 2734 3344 2888 3399; x_wconf 77' lang='lat' dir='ltr'><strong>XLII.</strong></span> 
     </span>
    </p>
   </div>
   <div class='ocr_carea' id='block_1_94' title="bbox 1997 3458 3368 3529">
    <p class='ocr_par' dir='ltr' id='par_1_94' title="bbox 1997 3458 3368 3529">
     <span class='ocr_line' id='line_1_94' title="bbox 1997 3458 3368 3529; baseline 0.001 -19"><span class='ocrx_word' id='word_1_666' title='bbox 1997 3470 2059 3510; x_wconf 89' lang='grc' dir='ltr'>ιι.</span> <span class='ocrx_word' id='word_1_667' title='bbox 2096 3469 2163 3509; x_wconf 70' lang='lat' dir='ltr'><strong>ne</strong></span> <span class='ocrx_word' id='word_1_668' title='bbox 2191 3469 2237 3510; x_wconf 89' lang='lat' dir='ltr'><strong>s.</strong></span> <span class='ocrx_word' id='word_1_669' title='bbox 2267 3468 2672 3511; x_wconf 61' lang='lat' dir='ltr'><strong>aanmonouso</strong></span> <span class='ocrx_word' id='word_1_670' title='bbox 2704 3469 2998 3511; x_wconf 74' lang='lat' dir='ltr'><strong>APOSTOLO.</strong></span> <span class='ocrx_word' id='word_1_671' title='bbox 3037 3458 3189 3529; x_wconf 70' lang='lat' dir='ltr'><strong>(xxxv</strong></span> <span class='ocrx_word' id='word_1_672' title='bbox 3220 3458 3368 3525; x_wconf 59' lang='lat' dir='ltr'><strong>suo.)</strong></span> 
     </span>
    </p>
   </div>
   <div class='ocr_carea' id='block_1_95' title="bbox 1966 3542 3472 3613">
    <p class='ocr_par' dir='ltr' id='par_1_95' title="bbox 1966 3542 3472 3613">
     <span class='ocr_line' id='line_1_95' title="bbox 1966 3542 3472 3613; baseline 0.003 -13"><span class='ocrx_word' id='word_1_673' title='bbox 1966 3542 2239 3600; x_wconf 63' lang='lat' dir='ltr'><strong>Laetamur</strong></span> <span class='ocrx_word' id='word_1_674' title='bbox 2259 3552 2307 3599; x_wconf 92' lang='lat' dir='ltr'><strong>et</strong></span> <span class='ocrx_word' id='word_1_675' title='bbox 2338 3542 2632 3613; x_wconf 87' lang='lat' dir='ltr'><strong>gloriamur</strong></span> <span class='ocrx_word' id='word_1_676' title='bbox 2657 3544 2712 3599; x_wconf 90' lang='lat' dir='ltr'><strong>in</strong></span> <span class='ocrx_word' id='word_1_677' title='bbox 2735 3544 2985 3611; x_wconf 87' lang='lat' dir='ltr'><strong>Domino,</strong></span> <span class='ocrx_word' id='word_1_678' title='bbox 3016 3544 3377 3609; x_wconf 88' lang='lat' dir='ltr'><strong>dilectissimi,</strong></span> <span class='ocrx_word' id='word_1_679' title='bbox 3400 3547 3472 3605; x_wconf 70' lang='lat' dir='ltr'><strong>de</strong></span> 
     </span>
    </p>
   </div>
   <div class='ocr_carea' id='block_1_96' title="bbox 1898 3634 3468 3706">
    <p class='ocr_par' dir='ltr' id='par_1_96' title="bbox 1898 3634 3468 3706">
     <span class='ocr_line' id='line_1_96' title="bbox 1898 3634 3468 3706; baseline 0.001 -16"><span class='ocrx_word' id='word_1_680' title='bbox 1898 3642 2088 3691; x_wconf 86' lang='lat' dir='ltr'><strong>saneto</strong></span> <span class='ocrx_word' id='word_1_681' title='bbox 2116 3643 2311 3691; x_wconf 79' lang='lat' dir='ltr'><strong>vestrae</strong></span> <span class='ocrx_word' id='word_1_682' title='bbox 2353 3634 2654 3691; x_wconf 91' lang='lat' dir='ltr'><strong>devotionis</strong></span> <span class='ocrx_word' id='word_1_683' title='bbox 2694 3635 2910 3702; x_wconf 72' lang='lat' dir='ltr'><strong>affectu,</strong></span> <span class='ocrx_word' id='word_1_684' title='bbox 2942 3636 3068 3706; x_wconf 84' lang='lat' dir='ltr'><strong>quia</strong></span> <span class='ocrx_word' id='word_1_685' title='bbox 3105 3647 3305 3706; x_wconf 87' lang='lat' dir='ltr'><strong>quanto</strong></span> <span class='ocrx_word' id='word_1_686' title='bbox 3335 3637 3468 3691; x_wconf 83' lang='lat' dir='ltr'><strong>ube-</strong></span> 
     </span>
    </p>
   </div>
   <div class='ocr_carea' id='block_1_97' title="bbox 1899 3726 3469 3798">
    <p class='ocr_par' dir='ltr' id='par_1_97' title="bbox 1899 3726 3469 3798">
     <span class='ocr_line' id='line_1_97' title="bbox 1899 3726 3469 3798; baseline 0.001 -15"><span class='ocrx_word' id='word_1_687' title='bbox 1899 3729 2010 3783; x_wconf 91' lang='lat' dir='ltr'><strong>rius</strong></span> <span class='ocrx_word' id='word_1_688' title='bbox 2040 3728 2205 3783; x_wconf 89' lang='lat' dir='ltr'><strong>divini</strong></span> <span class='ocrx_word' id='word_1_689' title='bbox 2235 3726 2383 3782; x_wconf 86' lang='lat' dir='ltr'><strong>verbi</strong></span> <span class='ocrx_word' id='word_1_690' title='bbox 2408 3727 2657 3798; x_wconf 91' lang='lat' dir='ltr'><strong>poculum</strong></span> <span class='ocrx_word' id='word_1_691' title='bbox 2682 3727 2864 3783; x_wconf 90' lang='lat' dir='ltr'><strong>bibitis</strong></span> <span class='ocrx_word' id='word_1_692' title='bbox 2884 3767 2898 3793; x_wconf 96' lang='lat'><strong>,</strong></span> <span class='ocrx_word' id='word_1_693' title='bbox 2930 3736 3079 3784; x_wconf 68' lang='lat' dir='ltr'><strong>tanto</strong></span> <span class='ocrx_word' id='word_1_694' title='bbox 3121 3728 3469 3784; x_wconf 80' lang='lat' dir='ltr'><strong>ferventioris</strong></span> 
     </span>
    </p>
   </div>
   <div class='ocr_carea' id='block_1_98' title="bbox 1900 3816 3471 3888">
    <p class='ocr_par' dir='ltr' id='par_1_98' title="bbox 1900 3816 3471 3888">
     <span class='ocr_line' id='line_1_98' title="bbox 1900 3816 3471 3888; baseline 0.001 -15"><span class='ocrx_word' id='word_1_695' title='bbox 1900 3818 1953 3873; x_wconf 86' lang='lat' dir='ltr'><strong>in</strong></span> <span class='ocrx_word' id='word_1_696' title='bbox 1984 3818 2216 3888; x_wconf 90' lang='lat' dir='ltr'><strong>idipsum</strong></span> <span class='ocrx_word' id='word_1_697' title='bbox 2247 3817 2498 3873; x_wconf 88' lang='lat' dir='ltr'><strong>desiderii</strong></span> <span class='ocrx_word' id='word_1_698' title='bbox 2545 3816 2789 3873; x_wconf 80' lang='lat' dir='ltr'><strong>faucibus</strong></span> <span class='ocrx_word' id='word_1_699' title='bbox 2833 3820 3093 3874; x_wconf 77' lang='lat' dir='ltr'><strong>:estuatis.</strong></span> <span class='ocrx_word' id='word_1_700' title='bbox 3123 3818 3233 3873; x_wconf 84' lang='lat' dir='ltr'><strong>Nec</strong></span> <span class='ocrx_word' id='word_1_701' title='bbox 3275 3819 3471 3874; x_wconf 83' lang='lat' dir='ltr'><strong>im‘me-</strong></span> 
     </span>
    </p>
   </div>
   <div class='ocr_carea' id='block_1_99' title="bbox 1899 3908 3474 3979">
    <p class='ocr_par' dir='ltr' id='par_1_99' title="bbox 1899 3908 3474 3979">
     <span class='ocr_line' id='line_1_99' title="bbox 1899 3908 3474 3979; baseline 0 -15"><span class='ocrx_word' id='word_1_702' title='bbox 1899 3910 2043 3964; x_wconf 88' lang='lat' dir='ltr'><strong>rito:</strong></span> <span class='ocrx_word' id='word_1_703' title='bbox 2077 3924 2199 3963; x_wconf 92' lang='lat' dir='ltr'><strong>nam</strong></span> <span class='ocrx_word' id='word_1_704' title='bbox 2251 3909 2321 3963; x_wconf 91' lang='lat' dir='ltr'><strong>ita</strong></span> <span class='ocrx_word' id='word_1_705' title='bbox 2365 3918 2449 3964; x_wconf 91' lang='lat' dir='ltr'><strong>est</strong></span> <span class='ocrx_word' id='word_1_706' title='bbox 2499 3909 2676 3963; x_wconf 90' lang='lat' dir='ltr'><strong>omnis</strong></span> <span class='ocrx_word' id='word_1_707' title='bbox 2704 3908 2981 3979; x_wconf 74' lang='lat' dir='ltr'><strong>apoStolici</strong></span> <span class='ocrx_word' id='word_1_708' title='bbox 3023 3908 3274 3965; x_wconf 86' lang='lat' dir='ltr'><strong>culminis</strong></span> <span class='ocrx_word' id='word_1_709' title='bbox 3300 3908 3474 3964; x_wconf 83' lang='lat' dir='ltr'><strong>beati-</strong></span> 
     </span>
    </p>
   </div>
   <div class='ocr_carea' id='block_1_100' title="bbox 1901 3999 3471 4073">
    <p class='ocr_par' dir='ltr' id='par_1_100' title="bbox 1901 3999 3471 4073">
     <span class='ocr_line' id='line_1_100' title="bbox 1901 3999 3471 4073; baseline 0.001 -18"><span class='ocrx_word' id='word_1_710' title='bbox 1901 4002 2028 4055; x_wconf 88' lang='lat' dir='ltr'><strong>tudo</strong></span> <span class='ocrx_word' id='word_1_711' title='bbox 2054 3999 2365 4069; x_wconf 86' lang='lat' dir='ltr'><strong>conjuncta,</strong></span> <span class='ocrx_word' id='word_1_712' title='bbox 2405 4010 2460 4055; x_wconf 89' lang='lat' dir='ltr'><strong>et</strong></span> <span class='ocrx_word' id='word_1_713' title='bbox 2489 4008 2566 4056; x_wconf 90' lang='lat' dir='ltr'><strong>tot</strong></span> <span class='ocrx_word' id='word_1_714' title='bbox 2594 4001 2891 4071; x_wconf 83' lang='lat' dir='ltr'><strong>gratiarum</strong></span> <span class='ocrx_word' id='word_1_715' title='bbox 2934 4016 3193 4073; x_wconf 88' lang='lat' dir='ltr'><strong>compage</strong></span> <span class='ocrx_word' id='word_1_716' title='bbox 3239 4001 3323 4057; x_wconf 90' lang='lat' dir='ltr'><strong>vel</strong></span> <span class='ocrx_word' id='word_1_717' title='bbox 3352 4001 3471 4073; x_wconf 79' lang='lat' dir='ltr'><strong>glu-</strong></span> 
     </span>
    </p>
   </div>
   <div class='ocr_carea' id='block_1_101' title="bbox 1901 4089 3473 4159">
    <p class='ocr_par' dir='ltr' id='par_1_101' title="bbox 1901 4089 3473 4159">
     <span class='ocr_line' id='line_1_101' title="bbox 1901 4089 3473 4159; baseline 0.002 -15"><span class='ocrx_word' id='word_1_718' title='bbox 1901 4090 2011 4145; x_wconf 93' lang='lat' dir='ltr'><strong>tino</strong></span> <span class='ocrx_word' id='word_1_719' title='bbox 2044 4090 2302 4159; x_wconf 91' lang='lat' dir='ltr'><strong>probatur</strong></span> <span class='ocrx_word' id='word_1_720' title='bbox 2332 4090 2479 4144; x_wconf 88' lang='lat' dir='ltr'><strong>unita</strong></span> <span class='ocrx_word' id='word_1_721' title='bbox 2501 4129 2516 4157; x_wconf 93' lang='lat'><strong>,</strong></span> <span class='ocrx_word' id='word_1_722' title='bbox 2556 4098 2615 4145; x_wconf 92' lang='lat' dir='ltr'><strong>ut</strong></span> <span class='ocrx_word' id='word_1_723' title='bbox 2638 4105 2761 4145; x_wconf 90' lang='lat' dir='ltr'><strong>cum</strong></span> <span class='ocrx_word' id='word_1_724' title='bbox 2792 4090 2952 4144; x_wconf 90' lang='lat' dir='ltr'><strong>unius</strong></span> <span class='ocrx_word' id='word_1_725' title='bbox 2978 4105 3166 4146; x_wconf 92' lang='lat' dir='ltr'><strong>eorum</strong></span> <span class='ocrx_word' id='word_1_726' title='bbox 3207 4089 3473 4147; x_wconf 80' lang='lat' dir='ltr'><strong>festivitas</strong></span> 
     </span>
    </p>
   </div>
   <div class='ocr_carea' id='block_1_102' title="bbox 1898 4178 3475 4252">
    <p class='ocr_par' dir='ltr' id='par_1_102' title="bbox 1898 4178 3475 4252">
     <span class='ocr_line' id='line_1_102' title="bbox 1898 4178 3475 4252; baseline -0.002 -15"><span class='ocrx_word' id='word_1_727' title='bbox 1898 4182 2120 4247; x_wconf 91' lang='lat' dir='ltr'><strong>colitur,</strong></span> <span class='ocrx_word' id='word_1_728' title='bbox 2152 4181 2402 4252; x_wconf 88' lang='lat' dir='ltr'><strong>protinus</strong></span> <span class='ocrx_word' id='word_1_729' title='bbox 2443 4182 2684 4236; x_wconf 89' lang='lat' dir='ltr'><strong>omnium</strong></span> <span class='ocrx_word' id='word_1_730' title='bbox 2732 4178 3098 4251; x_wconf 87' lang='lat' dir='ltr'><strong>apostolorum</strong></span> <span class='ocrx_word' id='word_1_731' title='bbox 3124 4195 3231 4234; x_wconf 88' lang='lat' dir='ltr'><strong>non</strong></span> <span class='ocrx_word' id='word_1_732' title='bbox 3260 4181 3475 4234; x_wconf 84' lang='lat' dir='ltr'><strong>diversa</strong></span> 
     </span>
    </p>
   </div>
   <div class='ocr_carea' id='block_1_103' title="bbox 1900 4267 3469 4340">
    <p class='ocr_par' dir='ltr' id='par_1_103' title="bbox 1900 4267 3469 4340">
     <span class='ocr_line' id='line_1_103' title="bbox 1900 4267 3469 4340; baseline -0.001 -14"><span class='ocrx_word' id='word_1_733' title='bbox 1900 4271 2203 4327; x_wconf 89' lang='lat' dir='ltr'><strong>sublimitas</strong></span> <span class='ocrx_word' id='word_1_734' title='bbox 2258 4272 2605 4326; x_wconf 89' lang='lat' dir='ltr'><strong>interioribus</strong></span> <span class='ocrx_word' id='word_1_735' title='bbox 2657 4270 2932 4326; x_wconf 87' lang='lat' dir='ltr'><strong>obtutibus</strong></span> <span class='ocrx_word' id='word_1_736' title='bbox 2997 4270 3291 4340; x_wconf 89' lang='lat' dir='ltr'><strong>ingeratur.</strong></span> <span class='ocrx_word' id='word_1_737' title='bbox 3351 4267 3469 4324; x_wconf 91' lang='lat' dir='ltr'><strong>Una</strong></span> 
     </span>
    </p>
   </div>
   <div class='ocr_carea' id='block_1_104' title="bbox 1900 4357 3473 4427">
    <p class='ocr_par' dir='ltr' id='par_1_104' title="bbox 1900 4357 3473 4427">
     <span class='ocr_line' id='line_1_104' title="bbox 1900 4357 3473 4427; baseline -0.003 -11"><span class='ocrx_word' id='word_1_738' title='bbox 1900 4361 2108 4416; x_wconf 88' lang='lat' dir='ltr'><strong>scilicet</strong></span> <span class='ocrx_word' id='word_1_739' title='bbox 2153 4360 2297 4414; x_wconf 91' lang='lat' dir='ltr'><strong>inter</strong></span> <span class='ocrx_word' id='word_1_740' title='bbox 2335 4374 2430 4415; x_wconf 90' lang='lat' dir='ltr'><strong>eos</strong></span> <span class='ocrx_word' id='word_1_741' title='bbox 2487 4359 2803 4414; x_wconf 73' lang='lat' dir='ltr'><strong>excellentia</strong></span> <span class='ocrx_word' id='word_1_742' title='bbox 2828 4357 3131 4425; x_wconf 75' lang='lat' dir='ltr'><strong>iudiciariae</strong></span> <span class='ocrx_word' id='word_1_743' title='bbox 3169 4360 3473 4427; x_wconf 87' lang='lat' dir='ltr'><strong>potestatis,</strong></span> 
     </span>
    </p>
   </div>
   <div class='ocr_carea' id='block_1_105' title="bbox 1896 4449 3473 4521">
    <p class='ocr_par' dir='ltr' id='par_1_105' title="bbox 1896 4449 3473 4521">
     <span class='ocr_line' id='line_1_105' title="bbox 1896 4449 3473 4521; baseline -0.002 -14"><span class='ocrx_word' id='word_1_744' title='bbox 1896 4452 2084 4507; x_wconf 91' lang='lat' dir='ltr'><strong>eadem</strong></span> <span class='ocrx_word' id='word_1_745' title='bbox 2113 4450 2344 4521; x_wconf 89' lang='lat' dir='ltr'><strong>dignitas</strong></span> <span class='ocrx_word' id='word_1_746' title='bbox 2368 4450 2576 4505; x_wconf 90' lang='lat' dir='ltr'><strong>ordinis</strong></span> <span class='ocrx_word' id='word_1_747' title='bbox 2594 4489 2611 4515; x_wconf 94' lang='lat'><strong>,</strong></span> <span class='ocrx_word' id='word_1_748' title='bbox 2636 4464 2736 4504; x_wconf 87' lang='lat' dir='ltr'><strong>nec</strong></span> <span class='ocrx_word' id='word_1_749' title='bbox 2762 4450 2975 4504; x_wconf 87' lang='lat' dir='ltr'><strong>diversa</strong></span> <span class='ocrx_word' id='word_1_750' title='bbox 3003 4449 3057 4503; x_wconf 91' lang='lat' dir='ltr'><strong>in</strong></span> <span class='ocrx_word' id='word_1_751' title='bbox 3086 4449 3323 4520; x_wconf 81' lang='lat' dir='ltr'><strong>ligando,</strong></span> <span class='ocrx_word' id='word_1_752' title='bbox 3357 4450 3473 4504; x_wconf 82' lang='lat' dir='ltr'><strong>sive</strong></span> 
     </span>
    </p>
   </div>
   <div class='ocr_carea' id='block_1_106' title="bbox 1898 4538 3471 4606">
    <p class='ocr_par' dir='ltr' id='par_1_106' title="bbox 1898 4538 3471 4606">
     <span class='ocr_line' id='line_1_106' title="bbox 1898 4538 3471 4606; baseline -0.002 -10"><span class='ocrx_word' id='word_1_753' title='bbox 1898 4541 2177 4606; x_wconf 86' lang='lat' dir='ltr'><strong>solvendo,</strong></span> <span class='ocrx_word' id='word_1_754' title='bbox 2204 4540 2419 4594; x_wconf 88' lang='lat' dir='ltr'><strong>virtutis</strong></span> <span class='ocrx_word' id='word_1_755' title='bbox 2448 4540 2676 4594; x_wconf 91' lang='lat' dir='ltr'><strong>habetur</strong></span> <span class='ocrx_word' id='word_1_756' title='bbox 2706 4539 3024 4594; x_wconf 82' lang='lat' dir='ltr'><strong>auctoritas.</strong></span> <span class='ocrx_word' id='word_1_757' title='bbox 3054 4538 3151 4595; x_wconf 66' lang='lat' dir='ltr'><strong>llas</strong></span> <span class='ocrx_word' id='word_1_758' title='bbox 3176 4548 3301 4595; x_wconf 87' lang='lat' dir='ltr'><strong>sunt</strong></span> <span class='ocrx_word' id='word_1_759' title='bbox 3324 4539 3471 4593; x_wconf 87' lang='lat' dir='ltr'><strong>enim</strong></span> 
     </span>
    </p>
   </div>
   <div class='ocr_carea' id='block_1_107' title="bbox 1898 4628 3480 4702">
    <p class='ocr_par' dir='ltr' id='par_1_107' title="bbox 1898 4628 3480 4702">
     <span class='ocr_line' id='line_1_107' title="bbox 1898 4628 3480 4702; baseline -0.003 -15"><span class='ocrx_word' id='word_1_760' title='bbox 1898 4633 2002 4687; x_wconf 76' lang='lat' dir='ltr'><strong>illae</strong></span> <span class='ocrx_word' id='word_1_761' title='bbox 2027 4633 2273 4701; x_wconf 64' lang='lat' dir='ltr'><strong>pretiosae</strong></span> <span class='ocrx_word' id='word_1_762' title='bbox 2298 4632 2629 4700; x_wconf 61' lang='lat' dir='ltr'><strong>margaritas,</strong></span> <span class='ocrx_word' id='word_1_763' title='bbox 2649 4646 2783 4699; x_wconf 92' lang='lat' dir='ltr'><strong>quas</strong></span> <span class='ocrx_word' id='word_1_764' title='bbox 2808 4632 2861 4685; x_wconf 92' lang='lat' dir='ltr'><strong>in</strong></span> <span class='ocrx_word' id='word_1_765' title='bbox 2883 4630 3197 4702; x_wconf 84' lang='lat' dir='ltr'><strong>Apocalypsi</strong></span> <span class='ocrx_word' id='word_1_766' title='bbox 3228 4628 3288 4682; x_wconf 83' lang='grc' dir='ltr'>Β.</span> <span class='ocrx_word' id='word_1_767' title='bbox 3311 4628 3480 4683; x_wconf 81' lang='lat' dir='ltr'><strong>Joan-</strong></span> 
     </span>
    </p>
   </div>
   <div class='ocr_carea' id='block_1_108' title="bbox 1897 4720 3481 4791">
    <p class='ocr_par' dir='ltr' id='par_1_108' title="bbox 1897 4720 3481 4791">
     <span class='ocr_line' id='line_1_108' title="bbox 1897 4720 3481 4791; baseline -0.007 -12"><span class='ocrx_word' id='word_1_768' title='bbox 1897 4740 1995 4779; x_wconf 91' lang='lat' dir='ltr'><strong>nes</strong></span> <span class='ocrx_word' id='word_1_769' title='bbox 2020 4738 2080 4779; x_wconf 90' lang='lat' dir='ltr'><strong>se</strong></span> <span class='ocrx_word' id='word_1_770' title='bbox 2104 4722 2447 4791; x_wconf 80' lang='lat' dir='ltr'><strong>conspexisse</strong></span> <span class='ocrx_word' id='word_1_771' title='bbox 2475 4722 2815 4790; x_wconf 81' lang='lat' dir='ltr'><strong>pronuntiat,</strong></span> <span class='ocrx_word' id='word_1_772' title='bbox 2848 4736 2924 4776; x_wconf 45' lang='lat' dir='ltr'><strong>ex,</strong></span> <span class='ocrx_word' id='word_1_773' title='bbox 2948 4721 3142 4790; x_wconf 87' lang='lat' dir='ltr'><strong>quibus</strong></span> <span class='ocrx_word' id='word_1_774' title='bbox 3176 4720 3338 4775; x_wconf 91' lang='lat' dir='ltr'><strong>etiam</strong></span> <span class='ocrx_word' id='word_1_775' title='bbox 3366 4734 3481 4777; x_wconf 68' lang='lat' dir='ltr'><strong>eos.</strong></span> 
     </span>
    </p>
   </div>
   <div class='ocr_carea' id='block_1_109' title="bbox 1901 4802 3485 4880">
    <p class='ocr_par' dir='ltr' id='par_1_109' title="bbox 1901 4802 3485 4880">
     <span class='ocr_line' id='line_1_109' title="bbox 1901 4802 3485 4880; baseline -0.002 -10"><span class='ocrx_word' id='word_1_776' title='bbox 1901 4816 2056 4872; x_wconf 89' lang='lat' dir='ltr'><strong>lestis</strong></span> <span class='ocrx_word' id='word_1_777' title='bbox 2080 4802 2413 4870; x_wconf 85' lang='lat' dir='ltr'><strong>Hierusalem</strong></span> <span class='ocrx_word' id='word_1_778' title='bbox 2436 4822 2623 4879; x_wconf 87' lang='lat' dir='ltr'><strong>portas</strong></span> <span class='ocrx_word' id='word_1_779' title='bbox 2645 4812 2889 4880; x_wconf 85' lang='lat' dir='ltr'><strong>perhibet</strong></span> <span class='ocrx_word' id='word_1_780' title='bbox 2924 4825 3047 4866; x_wconf 88' lang='lat' dir='ltr'><strong>esse</strong></span> <span class='ocrx_word' id='word_1_781' title='bbox 3086 4818 3434 4869; x_wconf 86' lang='lat' dir='ltr'><strong>constructas</strong></span> <span class='ocrx_word' id='word_1_782' title='bbox 3470 4832 3485 4867; x_wconf 88' lang='lat'>:</span> 
     </span>
    </p>
   </div>
   <div class='ocr_carea' id='block_1_110' title="bbox 1909 4902 3498 4980">
    <p class='ocr_par' dir='ltr' id='par_1_110' title="bbox 1909 4902 3498 4980">
     <span class='ocr_line' id='line_1_110' title="bbox 1909 4902 3498 4980; baseline -0.004 -19"><span class='ocrx_word' id='word_1_783' title='bbox 1909 4928 1926 4961; x_wconf 73' lang='grc' dir='ltr'><strong>ι</strong></span> <span class='ocrx_word' id='word_1_784' title='bbox 1960 4907 2222 4980; x_wconf 68' lang='lat' dir='ltr'><strong>Singulae,</strong></span> <span class='ocrx_word' id='word_1_785' title='bbox 2253 4902 2449 4972; x_wconf 87' lang='lat' dir='ltr'><strong>inquit,</strong></span> <span class='ocrx_word' id='word_1_786' title='bbox 2486 4912 2657 4971; x_wconf 81' lang='lat' dir='ltr'><strong>portae</strong></span> <span class='ocrx_word' id='word_1_787' title='bbox 2681 4908 2838 4953; x_wconf 83' lang='lat' dir='ltr'><strong>erant</strong></span> <span class='ocrx_word' id='word_1_788' title='bbox 2874 4914 2941 4953; x_wconf 76' lang='lat' dir='ltr'><strong>ex</strong></span> <span class='ocrx_word' id='word_1_789' title='bbox 2969 4902 3195 4973; x_wconf 87' lang='lat' dir='ltr'><strong>singulis</strong></span> <span class='ocrx_word' id='word_1_790' title='bbox 3222 4905 3498 4967; x_wconf 79' lang='lat' dir='ltr'><strong>margari-</strong></span> 
     </span>
    </p>
   </div>
   <div class='ocr_carea' id='block_1_111' title="bbox 1904 4990 3506 5068">
    <p class='ocr_par' dir='ltr' id='par_1_111' title="bbox 1904 4990 3506 5068">
     <span class='ocr_line' id='line_1_111' title="bbox 1904 4990 3506 5068; baseline -0.003 -15"><span class='ocrx_word' id='word_1_791' title='bbox 1904 5001 1972 5056; x_wconf 92' lang='lat' dir='ltr'><strong>tis</strong></span> <span class='ocrx_word' id='word_1_792' title='bbox 2021 4999 2208 5068; x_wconf 81' lang='lat' dir='ltr'><strong>(Apoc.</strong></span> <span class='ocrx_word' id='word_1_793' title='bbox 2258 4992 2393 5065; x_wconf 68' lang='lat' dir='ltr'><strong>xxx).</strong></span> <span class='ocrx_word' id='word_1_794' title='bbox 2434 5010 2451 5045; x_wconf 76' lang='grc' dir='ltr'><strong>ι</strong></span> <span class='ocrx_word' id='word_1_795' title='bbox 2497 4993 2605 5063; x_wconf 87' lang='lat' dir='ltr'><strong>Ipsi</strong></span> <span class='ocrx_word' id='word_1_796' title='bbox 2657 4991 2911 5045; x_wconf 88' lang='lat' dir='ltr'><strong>nimirum</strong></span> <span class='ocrx_word' id='word_1_797' title='bbox 2953 5002 3145 5060; x_wconf 63' lang='lat' dir='ltr'><strong>portae,</strong></span> <span class='ocrx_word' id='word_1_798' title='bbox 3194 4990 3297 5060; x_wconf 90' lang='lat' dir='ltr'><strong>ipsi</strong></span> <span class='ocrx_word' id='word_1_799' title='bbox 3360 5004 3506 5049; x_wconf 86' lang='lat' dir='ltr'><strong>sunt</strong></span> 
     </span>
    </p>
   </div>
   <div class='ocr_carea' id='block_1_112' title="bbox 1903 5082 3504 5155">
    <p class='ocr_par' dir='ltr' id='par_1_112' title="bbox 1903 5082 3504 5155">
     <span class='ocr_line' id='line_1_112' title="bbox 1903 5082 3504 5155; baseline -0.009 -10"><span class='ocrx_word' id='word_1_800' title='bbox 1903 5089 2256 5145; x_wconf 91' lang='lat' dir='ltr'><strong>nihilominus</strong></span> <span class='ocrx_word' id='word_1_801' title='bbox 2282 5085 2612 5153; x_wconf 66' lang='lat' dir='ltr'><strong>margaritae,</strong></span> <span class='ocrx_word' id='word_1_802' title='bbox 2648 5083 2796 5152; x_wconf 90' lang='lat' dir='ltr'><strong>quia,</strong></span> <span class='ocrx_word' id='word_1_803' title='bbox 2829 5082 2955 5135; x_wconf 89' lang='lat' dir='ltr'><strong>dum</strong></span> <span class='ocrx_word' id='word_1_804' title='bbox 2986 5084 3158 5155; x_wconf 87' lang='lat' dir='ltr'><strong>signis</strong></span> <span class='ocrx_word' id='word_1_805' title='bbox 3178 5092 3336 5151; x_wconf 87' lang='lat' dir='ltr'><strong>atque</strong></span> <span class='ocrx_word' id='word_1_806' title='bbox 3361 5095 3504 5147; x_wconf 70' lang='lat' dir='ltr'><strong>pro-</strong></span> 
     </span>
    </p>
   </div>
   <div class='ocr_carea' id='block_1_113' title="bbox 1901 5172 3505 5250">
    <p class='ocr_par' dir='ltr' id='par_1_113' title="bbox 1901 5172 3505 5250">
     <span class='ocr_line' id='line_1_113' title="bbox 1901 5172 3505 5250; baseline -0.011 -16"><span class='ocrx_word' id='word_1_807' title='bbox 1901 5180 2064 5249; x_wconf 84' lang='lat' dir='ltr'><strong>digiis</strong></span> <span class='ocrx_word' id='word_1_808' title='bbox 2094 5176 2352 5250; x_wconf 89' lang='lat' dir='ltr'><strong>quosdam</strong></span> <span class='ocrx_word' id='word_1_809' title='bbox 2398 5174 2566 5229; x_wconf 86' lang='lat' dir='ltr'><strong>divini</strong></span> <span class='ocrx_word' id='word_1_810' title='bbox 2591 5172 2895 5244; x_wconf 86' lang='lat' dir='ltr'><strong>splendoris</strong></span> <span class='ocrx_word' id='word_1_811' title='bbox 2932 5175 3117 5231; x_wconf 71' lang='lat' dir='ltr'><strong>radios</strong></span> <span class='ocrx_word' id='word_1_812' title='bbox 3148 5174 3388 5230; x_wconf 90' lang='lat' dir='ltr'><strong>mittunt,</strong></span> <span class='ocrx_word' id='word_1_813' title='bbox 3424 5177 3505 5228; x_wconf 66' lang='lat' dir='ltr'><strong>ad</strong></span> 
     </span>
    </p>
   </div>
   <div class='ocr_carea' id='block_1_114' title="bbox 1902 5259 3514 5328">
    <p class='ocr_par' dir='ltr' id='par_1_114' title="bbox 1902 5259 3514 5328">
     <span class='ocr_line' id='line_1_114' title="bbox 1902 5259 3514 5328; baseline -0.007 -3"><span class='ocrx_word' id='word_1_814' title='bbox 1902 5284 2150 5328; x_wconf 67' lang='lat' dir='ltr'><strong>superna:</strong></span> <span class='ocrx_word' id='word_1_815' title='bbox 2204 5264 2540 5320; x_wconf 81' lang='lat' dir='ltr'><strong>Hierusalem</strong></span> <span class='ocrx_word' id='word_1_816' title='bbox 2591 5265 2815 5328; x_wconf 78' lang='lat' dir='ltr'><strong>gloriam</strong></span> <span class='ocrx_word' id='word_1_817' title='bbox 2886 5269 3168 5322; x_wconf 88' lang='lat' dir='ltr'><strong>conversis</strong></span> <span class='ocrx_word' id='word_1_818' title='bbox 3209 5262 3274 5316; x_wconf 89' lang='lat' dir='ltr'><strong>ad</strong></span> <span class='ocrx_word' id='word_1_819' title='bbox 3324 5259 3514 5323; x_wconf 74' lang='lat' dir='ltr'><strong>ﬁdem</strong></span> 
     </span>
    </p>
   </div>
  </div>
