  <div class='ocr_page' id='page_1' title='image "/cluster/home/n/w/nwhite01/storage/ocr_20150623/144/hvd.32044010574010/369.png"; bbox 0 0 3978 5328; ppageno 0'>
   <div class='ocr_carea' id='block_1_1' title="bbox 515 266 2058 351">
    <p class='ocr_par' dir='ltr' id='par_1_1' title="bbox 515 271 2058 334">
     <span class='ocr_line' id='line_1_1' title="bbox 515 271 2058 334; baseline -0.007 -1"><span class='ocrx_word' id='word_1_1' title='bbox 515 277 620 334; x_wconf 71' lang='lat'><strong>7&#39;37</strong></span> <span class='ocrx_word' id='word_1_2' title='bbox 1153 277 1210 333; x_wconf 90' lang='lat' dir='ltr'><strong>S.</strong></span> <span class='ocrx_word' id='word_1_3' title='bbox 1252 276 1460 334; x_wconf 74' lang='grc' dir='ltr'>ΡΕτιιι</span> <span class='ocrx_word' id='word_1_4' title='bbox 1500 276 1785 333; x_wconf 72' lang='lat' dir='ltr'><strong>DAMIANI</strong></span> <span class='ocrx_word' id='word_1_5' title='bbox 1813 274 1965 330; x_wconf 70' lang='grc' dir='ltr'><strong>θυι».</strong></span> <span class='ocrx_word' id='word_1_6' title='bbox 2006 271 2058 323; x_wconf 67' lang='lat' dir='ltr'><strong>l&#39;l</strong></span> 
     </span>
    </p>
   </div>
   <div class='ocr_carea' id='block_1_2' title="bbox 2166 266 3779 351">
    <p class='ocr_par' dir='ltr' id='par_1_2' title="bbox 2166 266 3779 351">
     <span class='ocr_line' id='line_1_2' title="bbox 2166 266 3779 351; baseline 0.017 -29"><span class='ocrx_word' id='word_1_7' title='bbox 2166 289 2182 323; x_wconf 77' lang='grc'><strong>›</strong></span> <span class='ocrx_word' id='word_1_8' title='bbox 2220 266 2351 326; x_wconf 69' lang='lat' dir='ltr'><strong>seu</strong></span> <span class='ocrx_word' id='word_1_9' title='bbox 2383 273 2619 334; x_wconf 77' lang='lat' dir='ltr'><strong>renus</strong></span> <span class='ocrx_word' id='word_1_10' title='bbox 2644 279 2709 337; x_wconf 89' lang='grc' dir='ltr'>ιι.</span> <span class='ocrx_word' id='word_1_11' title='bbox 2746 313 2815 324; x_wconf 89' lang='grc'><strong>-</strong></span> <span class='ocrx_word' id='word_1_12' title='bbox 2854 273 3249 345; x_wconf 68' lang='lat' dir='ltr'><strong>seauoues.‘</strong></span> <span class='ocrx_word' id='word_1_13' title='bbox 3678 293 3779 351; x_wconf 73' lang='lat'><strong>723</strong></span> 
     </span>
    </p>
   </div>
   <div class='ocr_carea' id='block_1_3' title="bbox 509 384 3805 485">
    <p class='ocr_par' dir='ltr' id='par_1_3' title="bbox 509 384 3805 485">
     <span class='ocr_line' id='line_1_3' title="bbox 509 384 3805 485; baseline 0.004 -36"><span class='ocrx_word' id='word_1_14' title='bbox 509 409 626 462; x_wconf 87' lang='lat' dir='ltr'><strong>qut,</strong></span> <span class='ocrx_word' id='word_1_15' title='bbox 657 391 770 448; x_wconf 87' lang='lat' dir='ltr'><strong>Deo</strong></span> <span class='ocrx_word' id='word_1_16' title='bbox 791 390 1017 465; x_wconf 78' lang='lat' dir='ltr'><strong>juncute</strong></span> <span class='ocrx_word' id='word_1_17' title='bbox 1048 389 1251 461; x_wconf 77' lang='lat' dir='ltr'><strong>Moysi,</strong></span> <span class='ocrx_word' id='word_1_18' title='bbox 1284 391 1532 446; x_wconf 72' lang='lat' dir='ltr'><strong>rationali</strong></span> <span class='ocrx_word' id='word_1_19' title='bbox 1565 391 1760 445; x_wconf 89' lang='lat' dir='ltr'><strong>summi</strong></span> <span class='ocrx_word' id='word_1_20' title='bbox 1788 386 2089 444; x_wconf 75' lang='lat' dir='ltr'><strong>sacerdotis</strong></span> <span class='ocrx_word' id='word_1_21' title='bbox 2116 384 2169 444; x_wconf 77' lang='grc' dir='ltr'>Α</span> <span class='ocrx_word' id='word_1_22' title='bbox 2197 384 2422 442; x_wconf 86' lang='lat' dir='ltr'><strong>nebrosa</strong></span> <span class='ocrx_word' id='word_1_23' title='bbox 2456 408 2595 464; x_wconf 87' lang='lat' dir='ltr'><strong>aqua</strong></span> <span class='ocrx_word' id='word_1_24' title='bbox 2629 394 2682 449; x_wconf 92' lang='lat' dir='ltr'><strong>in</strong></span> <span class='ocrx_word' id='word_1_25' title='bbox 2725 398 2957 455; x_wconf 90' lang='lat' dir='ltr'><strong>nubibus</strong></span> <span class='ocrx_word' id='word_1_26' title='bbox 2984 408 3129 457; x_wconf 85' lang='lat' dir='ltr'><strong>aerts</strong></span> <span class='ocrx_word' id='word_1_27' title='bbox 3174 405 3349 473; x_wconf 71' lang='lat' dir='ltr'><strong>(Paul.</strong></span> <span class='ocrx_word' id='word_1_28' title='bbox 3386 410 3541 478; x_wconf 86' lang='lat' dir='ltr'><strong>xvtt),</strong></span> <span class='ocrx_word' id='word_1_29' title='bbox 3581 427 3599 460; x_wconf 72' lang='grc' dir='ltr'><strong>ι</strong></span> <span class='ocrx_word' id='word_1_30' title='bbox 3651 413 3805 485; x_wconf 62' lang='grc' dir='ltr'><strong>ιιιιίιι⁸</strong></span> 
     </span>
    </p>
   </div>
   <div class='ocr_carea' id='block_1_4' title="bbox 505 479 3808 565">
    <p class='ocr_par' dir='ltr' id='par_1_4' title="bbox 505 479 3808 565">
     <span class='ocr_line' id='line_1_4' title="bbox 505 479 3808 565; baseline 0.003 -29"><span class='ocrx_word' id='word_1_31' title='bbox 505 489 761 552; x_wconf 76' lang='lat' dir='ltr'><strong>.eguntur</strong></span> <span class='ocrx_word' id='word_1_32' title='bbox 783 480 1033 549; x_wconf 85' lang='lat' dir='ltr'><strong>impressi</strong></span> <span class='ocrx_word' id='word_1_33' title='bbox 1064 479 1266 550; x_wconf 77' lang='lat' dir='ltr'><strong>(Exod.</strong></span> <span class='ocrx_word' id='word_1_34' title='bbox 1294 480 1509 550; x_wconf 69' lang='grc' dir='ltr'>χιιι-ιιι).</span> <span class='ocrx_word' id='word_1_35' title='bbox 1544 479 1658 536; x_wconf 81' lang='lat' dir='ltr'><strong>Hoc</strong></span> <span class='ocrx_word' id='word_1_36' title='bbox 1704 481 1884 551; x_wconf 83' lang='lat' dir='ltr'><strong>itaque</strong></span> <span class='ocrx_word' id='word_1_37' title='bbox 1924 481 2089 561; x_wconf 42' lang='lat' dir='ltr'><strong>ratio-7</strong></span> <span class='ocrx_word' id='word_1_38' title='bbox 2194 481 2447 539; x_wconf 87' lang='lat' dir='ltr'><strong>videlicet</strong></span> <span class='ocrx_word' id='word_1_39' title='bbox 2473 484 2681 541; x_wconf 89' lang='lat' dir='ltr'><strong>occulta</strong></span> <span class='ocrx_word' id='word_1_40' title='bbox 2711 499 2794 543; x_wconf 90' lang='lat' dir='ltr'><strong>est</strong></span> <span class='ocrx_word' id='word_1_41' title='bbox 2824 490 3084 561; x_wconf 80' lang='lat' dir='ltr'><strong>sapientia</strong></span> <span class='ocrx_word' id='word_1_42' title='bbox 3118 493 3170 548; x_wconf 90' lang='lat' dir='ltr'><strong>in</strong></span> <span class='ocrx_word' id='word_1_43' title='bbox 3193 497 3490 565; x_wconf 80' lang='lat' dir='ltr'><strong>prophetis.</strong></span> <span class='ocrx_word' id='word_1_44' title='bbox 3673 479 3686 481; x_wconf 15' lang='grc' dir='ltr'><strong>ἡ</strong></span> <span class='ocrx_word' id='word_1_45' title='bbox 3796 479 3808 545; x_wconf 76' lang='lat' dir='ltr'><strong>l</strong></span> 
     </span>
    </p>
   </div>
   <div class='ocr_carea' id='block_1_5' title="bbox 506 569 2089 644">
    <p class='ocr_par' dir='ltr' id='par_1_5' title="bbox 506 569 2089 644">
     <span class='ocr_line' id='line_1_5' title="bbox 506 569 2089 644; baseline 0.002 -19"><span class='ocrx_word' id='word_1_46' title='bbox 506 572 628 626; x_wconf 84' lang='lat' dir='ltr'><strong>nale</strong></span> <span class='ocrx_word' id='word_1_47' title='bbox 652 571 908 628; x_wconf 81' lang='lat' dir='ltr'><strong>sacerdos</strong></span> <span class='ocrx_word' id='word_1_48' title='bbox 941 569 1149 627; x_wconf 79' lang='lat' dir='ltr'><strong>ferebat</strong></span> <span class='ocrx_word' id='word_1_49' title='bbox 1183 571 1238 626; x_wconf 93' lang='lat' dir='ltr'><strong>iu</strong></span> <span class='ocrx_word' id='word_1_50' title='bbox 1276 580 1515 642; x_wconf 85' lang='lat' dir='ltr'><strong>pectore,</strong></span> <span class='ocrx_word' id='word_1_51' title='bbox 1545 588 1668 628; x_wconf 90' lang='lat' dir='ltr'><strong>cum</strong></span> <span class='ocrx_word' id='word_1_52' title='bbox 1716 572 2089 644; x_wconf 79' lang='lat' dir='ltr'><strong>ingrederetur</strong></span> 
     </span>
    </p>
   </div>
   <div class='ocr_carea' id='block_1_6' title="bbox 504 660 2087 735">
    <p class='ocr_par' dir='ltr' id='par_1_6' title="bbox 504 660 2087 735">
     <span class='ocr_line' id='line_1_6' title="bbox 504 660 2087 735; baseline 0.002 -18"><span class='ocrx_word' id='word_1_53' title='bbox 504 660 1091 719; x_wconf 78' lang='lat' dir='ltr'><strong>Sanctasanctorum.</strong></span> <span class='ocrx_word' id='word_1_54' title='bbox 1139 662 1473 733; x_wconf 72' lang='lat' dir='ltr'><strong>Praeceptum</strong></span> <span class='ocrx_word' id='word_1_55' title='bbox 1505 673 1589 718; x_wconf 91' lang='lat' dir='ltr'><strong>est</strong></span> <span class='ocrx_word' id='word_1_56' title='bbox 1635 678 1765 735; x_wconf 77' lang='lat' dir='ltr'><strong>ergo</strong></span> <span class='ocrx_word' id='word_1_57' title='bbox 1814 671 1874 718; x_wconf 88' lang='lat' dir='ltr'><strong>ut</strong></span> <span class='ocrx_word' id='word_1_58' title='bbox 1922 665 1974 718; x_wconf 90' lang='lat' dir='ltr'><strong>in</strong></span> <span class='ocrx_word' id='word_1_59' title='bbox 2020 679 2087 720; x_wconf 91' lang='lat' dir='ltr'><strong>eo</strong></span> 
     </span>
    </p>
   </div>
   <div class='ocr_carea' id='block_1_7' title="bbox 497 753 2085 825">
    <p class='ocr_par' dir='ltr' id='par_1_7' title="bbox 497 753 2085 825">
     <span class='ocr_line' id='line_1_7' title="bbox 497 753 2085 825; baseline 0.003 -18"><span class='ocrx_word' id='word_1_60' title='bbox 497 761 833 823; x_wconf 82' lang='lat' dir='ltr'><strong>ponerentur</strong></span> <span class='ocrx_word' id='word_1_61' title='bbox 868 753 1151 809; x_wconf 88' lang='lat' dir='ltr'><strong>duodecim</strong></span> <span class='ocrx_word' id='word_1_62' title='bbox 1197 754 1437 825; x_wconf 84' lang='lat' dir='ltr'><strong>lapides,</strong></span> <span class='ocrx_word' id='word_1_63' title='bbox 1470 754 1610 810; x_wconf 90' lang='lat' dir='ltr'><strong>terni</strong></span> <span class='ocrx_word' id='word_1_64' title='bbox 1650 768 1750 823; x_wconf 88' lang='lat' dir='ltr'><strong>per</strong></span> <span class='ocrx_word' id='word_1_65' title='bbox 1791 763 2085 824; x_wconf 80' lang='lat' dir='ltr'><strong>quaternos</strong></span> 
     </span>
    </p>
   </div>
   <div class='ocr_carea' id='block_1_8' title="bbox 491 840 2082 915">
    <p class='ocr_par' dir='ltr' id='par_1_8' title="bbox 491 840 2082 915">
     <span class='ocr_line' id='line_1_8' title="bbox 491 840 2082 915; baseline 0.002 -19"><span class='ocrx_word' id='word_1_66' title='bbox 491 840 749 915; x_wconf 68' lang='lat' dir='ltr'><strong>angulos,</strong></span> <span class='ocrx_word' id='word_1_67' title='bbox 777 842 974 899; x_wconf 86' lang='lat' dir='ltr'><strong>inclusi</strong></span> <span class='ocrx_word' id='word_1_68' title='bbox 1001 859 1173 911; x_wconf 88' lang='lat' dir='ltr'><strong>auro;</strong></span> <span class='ocrx_word' id='word_1_69' title='bbox 1205 844 1335 915; x_wconf 82' lang='lat' dir='ltr'><strong>quia</strong></span> <span class='ocrx_word' id='word_1_70' title='bbox 1367 844 1624 899; x_wconf 79' lang='lat' dir='ltr'><strong>nimirum</strong></span> <span class='ocrx_word' id='word_1_71' title='bbox 1649 845 1821 903; x_wconf 83' lang='lat' dir='ltr'><strong>sancti</strong></span> <span class='ocrx_word' id='word_1_72' title='bbox 1853 844 2082 915; x_wconf 79' lang='lat' dir='ltr'><strong>apostoli</strong></span> 
     </span>
    </p>
   </div>
   <div class='ocr_carea' id='block_1_9' title="bbox 492 933 2078 1007">
    <p class='ocr_par' dir='ltr' id='par_1_9' title="bbox 492 933 2078 1007">
     <span class='ocr_line' id='line_1_9' title="bbox 492 933 2078 1007; baseline 0.001 -20"><span class='ocrx_word' id='word_1_73' title='bbox 492 947 594 1003; x_wconf 87' lang='lat' dir='ltr'><strong>per</strong></span> <span class='ocrx_word' id='word_1_74' title='bbox 617 933 982 1004; x_wconf 82' lang='lat' dir='ltr'><strong>quadriﬁdum</strong></span> <span class='ocrx_word' id='word_1_75' title='bbox 1009 934 1197 990; x_wconf 88' lang='lat' dir='ltr'><strong>orbem</strong></span> <span class='ocrx_word' id='word_1_76' title='bbox 1230 934 1297 991; x_wconf 79' lang='lat' dir='ltr'><strong>de</strong></span> <span class='ocrx_word' id='word_1_77' title='bbox 1326 934 1616 999; x_wconf 81' lang='lat' dir='ltr'><strong>Trinitate,</strong></span> <span class='ocrx_word' id='word_1_78' title='bbox 1655 949 1777 1007; x_wconf 69' lang='lat' dir='ltr'><strong>qua:</strong></span> <span class='ocrx_word' id='word_1_79' title='bbox 1808 937 1949 991; x_wconf 90' lang='lat' dir='ltr'><strong>Deus</strong></span> <span class='ocrx_word' id='word_1_80' title='bbox 1974 945 2078 1002; x_wconf 84' lang='lat' dir='ltr'><strong>est,</strong></span> 
     </span>
    </p>
   </div>
   <div class='ocr_carea' id='block_1_10' title="bbox 492 1025 2079 1095">
    <p class='ocr_par' dir='ltr' id='par_1_10' title="bbox 492 1025 2079 1095">
     <span class='ocr_line' id='line_1_10' title="bbox 492 1025 2079 1095; baseline 0.005 -14"><span class='ocrx_word' id='word_1_81' title='bbox 492 1025 862 1094; x_wconf 71' lang='lat' dir='ltr'><strong>praedicarunt</strong></span> <span class='ocrx_word' id='word_1_82' title='bbox 902 1026 1185 1084; x_wconf 71' lang='lat' dir='ltr'><strong>catholica:</strong></span> <span class='ocrx_word' id='word_1_83' title='bbox 1240 1026 1368 1084; x_wconf 86' lang='lat' dir='ltr'><strong>ﬁdei</strong></span> <span class='ocrx_word' id='word_1_84' title='bbox 1407 1028 1711 1083; x_wconf 77' lang='lat' dir='ltr'><strong>veritatem.</strong></span> <span class='ocrx_word' id='word_1_85' title='bbox 1763 1026 1867 1095; x_wconf 95' lang='lat' dir='ltr'><strong>Qui</strong></span> <span class='ocrx_word' id='word_1_86' title='bbox 1914 1030 2079 1089; x_wconf 89' lang='lat' dir='ltr'><strong>etiant</strong></span> 
     </span>
    </p>
   </div>
   <div class='ocr_carea' id='block_1_11' title="bbox 490 1114 2078 1193">
    <p class='ocr_par' dir='ltr' id='par_1_11' title="bbox 490 1114 2078 1193">
     <span class='ocr_line' id='line_1_11' title="bbox 490 1114 2078 1193; baseline 0.001 -20"><span class='ocrx_word' id='word_1_87' title='bbox 490 1114 867 1185; x_wconf 76' lang='lat' dir='ltr'><strong>lapidesauro</strong></span> <span class='ocrx_word' id='word_1_88' title='bbox 891 1117 1207 1174; x_wconf 82' lang='lat' dir='ltr'><strong>referuntur</strong></span> <span class='ocrx_word' id='word_1_89' title='bbox 1239 1117 1431 1175; x_wconf 84' lang='lat' dir='ltr'><strong>inclusi</strong></span> <span class='ocrx_word' id='word_1_90' title='bbox 1453 1161 1470 1183; x_wconf 84' lang='lat'><strong>,</strong></span> <span class='ocrx_word' id='word_1_91' title='bbox 1508 1120 1639 1193; x_wconf 90' lang='lat' dir='ltr'><strong>quia</strong></span> <span class='ocrx_word' id='word_1_92' title='bbox 1679 1128 1734 1175; x_wconf 90' lang='lat' dir='ltr'><strong>et</strong></span> <span class='ocrx_word' id='word_1_93' title='bbox 1771 1120 1915 1175; x_wconf 82' lang='lat' dir='ltr'><strong>beati</strong></span> <span class='ocrx_word' id='word_1_94' title='bbox 1945 1136 2078 1191; x_wconf 80' lang='lat' dir='ltr'><strong>apo-</strong></span> 
     </span>
    </p>
   </div>
   <div class='ocr_carea' id='block_1_12' title="bbox 491 1206 2078 1281">
    <p class='ocr_par' dir='ltr' id='par_1_12' title="bbox 491 1206 2078 1281">
     <span class='ocr_line' id='line_1_12' title="bbox 491 1206 2078 1281; baseline 0.003 -19"><span class='ocrx_word' id='word_1_95' title='bbox 491 1206 618 1270; x_wconf 73' lang='lat' dir='ltr'><strong>stoli</strong></span> <span class='ocrx_word' id='word_1_96' title='bbox 646 1207 703 1265; x_wconf 92' lang='lat' dir='ltr'><strong>in</strong></span> <span class='ocrx_word' id='word_1_97' title='bbox 733 1209 1021 1280; x_wconf 81' lang='lat' dir='ltr'><strong>sapientiae</strong></span> <span class='ocrx_word' id='word_1_98' title='bbox 1039 1208 1285 1266; x_wconf 70' lang='lat' dir='ltr'><strong>caelestis</strong></span> <span class='ocrx_word' id='word_1_99' title='bbox 1307 1225 1511 1266; x_wconf 84' lang='lat' dir='ltr'><strong>arcano</strong></span> <span class='ocrx_word' id='word_1_100' title='bbox 1531 1218 1884 1281; x_wconf 84' lang='lat' dir='ltr'><strong>perseverant</strong></span> <span class='ocrx_word' id='word_1_101' title='bbox 1907 1211 2078 1267; x_wconf 83' lang='lat' dir='ltr'><strong>invio-</strong></span> 
     </span>
    </p>
   </div>
   <div class='ocr_carea' id='block_1_13' title="bbox 489 1302 1079 1361">
    <p class='ocr_par' dir='ltr' id='par_1_13' title="bbox 489 1302 1079 1361">
     <span class='ocr_line' id='line_1_13' title="bbox 489 1302 1079 1361; baseline 0.007 -5"><span class='ocrx_word' id='word_1_102' title='bbox 489 1302 731 1361; x_wconf 86' lang='lat' dir='ltr'><strong>labiliter</strong></span> <span class='ocrx_word' id='word_1_103' title='bbox 748 1303 1079 1361; x_wconf 85' lang='lat' dir='ltr'><strong>conﬁrmati.</strong></span> 
     </span>
    </p>
   </div>
   <div class='ocr_carea' id='block_1_14' title="bbox 559 1435 2076 1511">
    <p class='ocr_par' dir='ltr' id='par_1_14' title="bbox 559 1435 2076 1511">
     <span class='ocr_line' id='line_1_14' title="bbox 559 1435 2076 1511; baseline 0.003 -19"><span class='ocrx_word' id='word_1_104' title='bbox 559 1436 888 1509; x_wconf 78' lang='lat' dir='ltr'><strong>Legitimum</strong></span> <span class='ocrx_word' id='word_1_105' title='bbox 925 1452 1059 1511; x_wconf 77' lang='lat' dir='ltr'><strong>ergo</strong></span> <span class='ocrx_word' id='word_1_106' title='bbox 1087 1448 1173 1496; x_wconf 89' lang='lat' dir='ltr'><strong>est</strong></span> <span class='ocrx_word' id='word_1_107' title='bbox 1204 1447 1265 1496; x_wconf 93' lang='lat' dir='ltr'><strong>ut</strong></span> <span class='ocrx_word' id='word_1_108' title='bbox 1292 1439 1570 1505; x_wconf 87' lang='lat' dir='ltr'><strong>sacerdos,</strong></span> <span class='ocrx_word' id='word_1_109' title='bbox 1607 1435 1730 1496; x_wconf 79' lang='lat' dir='ltr'><strong>c&#39;um</strong></span> <span class='ocrx_word' id='word_1_110' title='bbox 1774 1440 2076 1511; x_wconf 78' lang='lat' dir='ltr'><strong>ingreditur</strong></span> 
     </span>
    </p>
   </div>
   <div class='ocr_carea' id='block_1_15' title="bbox 489 1530 2071 1602">
    <p class='ocr_par' dir='ltr' id='par_1_15' title="bbox 489 1530 2071 1602">
     <span class='ocr_line' id='line_1_15' title="bbox 489 1530 2071 1602; baseline 0.001 -17"><span class='ocrx_word' id='word_1_111' title='bbox 489 1530 889 1599; x_wconf 75' lang='lat' dir='ltr'><strong>sanctuarium,</strong></span> <span class='ocrx_word' id='word_1_112' title='bbox 938 1530 1223 1587; x_wconf 90' lang='lat' dir='ltr'><strong>duodecim</strong></span> <span class='ocrx_word' id='word_1_113' title='bbox 1268 1532 1538 1602; x_wconf 91' lang='lat' dir='ltr'><strong>pretiosos</strong></span> <span class='ocrx_word' id='word_1_114' title='bbox 1572 1532 1780 1602; x_wconf 88' lang='lat' dir='ltr'><strong>lapides</strong></span> <span class='ocrx_word' id='word_1_115' title='bbox 1818 1532 2071 1586; x_wconf 80' lang='lat' dir='ltr'><strong>iu&#39;ratio-</strong></span> 
     </span>
    </p>
   </div>
   <div class='ocr_carea' id='block_1_16' title="bbox 484 1616 2072 1694">
    <p class='ocr_par' dir='ltr' id='par_1_16' title="bbox 484 1616 2072 1694">
     <span class='ocr_line' id='line_1_16' title="bbox 484 1616 2072 1694; baseline 0 -16"><span class='ocrx_word' id='word_1_116' title='bbox 484 1616 596 1678; x_wconf 80' lang='lat' dir='ltr'><strong>nali</strong></span> <span class='ocrx_word' id='word_1_117' title='bbox 623 1623 861 1693; x_wconf 80' lang='lat' dir='ltr'><strong>pectoris</strong></span> <span class='ocrx_word' id='word_1_118' title='bbox 891 1623 1133 1690; x_wconf 81' lang='lat' dir='ltr'><strong>delerat;</strong></span> <span class='ocrx_word' id='word_1_119' title='bbox 1161 1630 1428 1694; x_wconf 84' lang='lat' dir='ltr'><strong>quatenus</strong></span> <span class='ocrx_word' id='word_1_120' title='bbox 1455 1622 1702 1693; x_wconf 89' lang='lat' dir='ltr'><strong>quisquis</strong></span> <span class='ocrx_word' id='word_1_121' title='bbox 1733 1624 1904 1679; x_wconf 86' lang='lat' dir='ltr'><strong>sacris</strong></span> <span class='ocrx_word' id='word_1_122' title='bbox 1933 1625 2072 1679; x_wconf 81' lang='lat' dir='ltr'><strong>alta-</strong></span> 
     </span>
    </p>
   </div>
   <div class='ocr_carea' id='block_1_17' title="bbox 485 1714 2146 1799">
    <p class='ocr_par' dir='ltr' id='par_1_17' title="bbox 485 1714 2146 1799">
     <span class='ocr_line' id='line_1_17' title="bbox 485 1714 2146 1799; baseline 0.002 -31"><span class='ocrx_word' id='word_1_123' title='bbox 485 1714 638 1770; x_wconf 82' lang='lat' dir='ltr'><strong>ribus</strong></span> <span class='ocrx_word' id='word_1_124' title='bbox 667 1714 1082 1786; x_wconf 83' lang='lat' dir='ltr'><strong>appropinquat,</strong></span> <span class='ocrx_word' id='word_1_125' title='bbox 1122 1715 1432 1788; x_wconf 74' lang='lat' dir='ltr'><strong>apostolica:</strong></span> <span class='ocrx_word' id='word_1_126' title='bbox 1459 1715 1681 1772; x_wconf 88' lang='lat' dir='ltr'><strong>sibimet</strong></span> <span class='ocrx_word' id='word_1_127' title='bbox 1726 1716 2070 1772; x_wconf 69' lang='lat' dir='ltr'><strong>rect&#39;tudinis</strong></span> <span class='ocrx_word' id='word_1_128' title='bbox 2101 1739 2146 1799; x_wconf 69' lang='grc' dir='ltr'><strong>Β</strong></span> 
     </span>
    </p>
   </div>
   <div class='ocr_carea' id='block_1_18' title="bbox 483 1807 2065 1881">
    <p class='ocr_par' dir='ltr' id='par_1_18' title="bbox 483 1807 2065 1881">
     <span class='ocr_line' id='line_1_18' title="bbox 483 1807 2065 1881; baseline 0.002 -19"><span class='ocrx_word' id='word_1_129' title='bbox 483 1807 726 1878; x_wconf 74' lang='lat' dir='ltr'><strong>exempla</strong></span> <span class='ocrx_word' id='word_1_130' title='bbox 758 1817 1057 1879; x_wconf 82' lang='lat' dir='ltr'><strong>proponat:</strong></span> <span class='ocrx_word' id='word_1_131' title='bbox 1084 1819 1145 1864; x_wconf 94' lang='lat' dir='ltr'><strong>ut</strong></span> <span class='ocrx_word' id='word_1_132' title='bbox 1183 1824 1415 1881; x_wconf 84' lang='lat' dir='ltr'><strong>quorum</strong></span> <span class='ocrx_word' id='word_1_133' title='bbox 1460 1809 1765 1865; x_wconf 90' lang='lat' dir='ltr'><strong>ministerio</strong></span> <span class='ocrx_word' id='word_1_134' title='bbox 1804 1809 2065 1881; x_wconf 77' lang='lat' dir='ltr'><strong>fungitur,</strong></span> 
     </span>
    </p>
   </div>
   <div class='ocr_carea' id='block_1_19' title="bbox 481 1900 2070 1973">
    <p class='ocr_par' dir='ltr' id='par_1_19' title="bbox 481 1900 2070 1973">
     <span class='ocr_line' id='line_1_19' title="bbox 481 1900 2070 1973; baseline 0.002 -17"><span class='ocrx_word' id='word_1_135' title='bbox 481 1912 672 1956; x_wconf 77' lang='lat' dir='ltr'><strong>eorum</strong></span> <span class='ocrx_word' id='word_1_136' title='bbox 713 1900 906 1969; x_wconf 84' lang='lat' dir='ltr'><strong>vitam,</strong></span> <span class='ocrx_word' id='word_1_137' title='bbox 953 1900 1008 1955; x_wconf 91' lang='lat' dir='ltr'><strong>in</strong></span> <span class='ocrx_word' id='word_1_138' title='bbox 1055 1912 1318 1971; x_wconf 89' lang='lat' dir='ltr'><strong>quantum</strong></span> <span class='ocrx_word' id='word_1_139' title='bbox 1362 1903 1641 1973; x_wconf 63' lang='lat' dir='ltr'><strong>praevalet,</strong></span> <span class='ocrx_word' id='word_1_140' title='bbox 1698 1901 1970 1968; x_wconf 87' lang='lat' dir='ltr'><strong>imitetur;</strong></span> <span class='ocrx_word' id='word_1_141' title='bbox 2014 1912 2070 1959; x_wconf 89' lang='lat' dir='ltr'><strong>et</strong></span> 
     </span>
    </p>
   </div>
   <div class='ocr_carea' id='block_1_20' title="bbox 479 1990 2069 2062">
    <p class='ocr_par' dir='ltr' id='par_1_20' title="bbox 479 1990 2069 2062">
     <span class='ocr_line' id='line_1_20' title="bbox 479 1990 2069 2062; baseline 0.003 -19"><span class='ocrx_word' id='word_1_142' title='bbox 479 2002 712 2060; x_wconf 87' lang='lat' dir='ltr'><strong>quorum</strong></span> <span class='ocrx_word' id='word_1_143' title='bbox 756 1991 896 2062; x_wconf 69' lang='lat' dir='ltr'><strong>gerit</strong></span> <span class='ocrx_word' id='word_1_144' title='bbox 944 1990 1200 2057; x_wconf 83' lang='lat' dir='ltr'><strong>olllcium,</strong></span> <span class='ocrx_word' id='word_1_145' title='bbox 1249 1992 1303 2047; x_wconf 91' lang='lat' dir='ltr'><strong>in</strong></span> <span class='ocrx_word' id='word_1_146' title='bbox 1351 2006 1444 2047; x_wconf 90' lang='lat' dir='ltr'><strong>eos</strong></span> <span class='ocrx_word' id='word_1_147' title='bbox 1470 2002 1673 2048; x_wconf 73' lang='lat' dir='ltr'><strong>sanctae</strong></span> <span class='ocrx_word' id='word_1_148' title='bbox 1707 1993 2069 2049; x_wconf 85' lang='lat' dir='ltr'><strong>aemulationis</strong></span> 
     </span>
    </p>
   </div>
   <div class='ocr_carea' id='block_1_21' title="bbox 479 2080 2065 2154">
    <p class='ocr_par' dir='ltr' id='par_1_21' title="bbox 479 2080 2065 2154">
     <span class='ocr_line' id='line_1_21' title="bbox 479 2080 2065 2154; baseline 0.001 -18"><span class='ocrx_word' id='word_1_149' title='bbox 479 2080 661 2136; x_wconf 88' lang='lat' dir='ltr'><strong>studio</strong></span> <span class='ocrx_word' id='word_1_150' title='bbox 707 2082 905 2138; x_wconf 88' lang='lat' dir='ltr'><strong>mentis</strong></span> <span class='ocrx_word' id='word_1_151' title='bbox 952 2082 1152 2153; x_wconf 78' lang='lat' dir='ltr'><strong>deligat</strong></span> <span class='ocrx_word' id='word_1_152' title='bbox 1188 2083 1457 2138; x_wconf 86' lang='lat' dir='ltr'><strong>obtutum.</strong></span> <span class='ocrx_word' id='word_1_153' title='bbox 1490 2083 1557 2138; x_wconf 89' lang='lat' dir='ltr'><strong>Et</strong></span> <span class='ocrx_word' id='word_1_154' title='bbox 1589 2082 1721 2154; x_wconf 85' lang='lat' dir='ltr'><strong>quid</strong></span> <span class='ocrx_word' id='word_1_155' title='bbox 1745 2084 1964 2149; x_wconf 89' lang='lat' dir='ltr'><strong>mirum,</strong></span> <span class='ocrx_word' id='word_1_156' title='bbox 2021 2082 2065 2140; x_wconf 89' lang='lat' dir='ltr'><strong>si</strong></span> 
     </span>
    </p>
   </div>
   <div class='ocr_carea' id='block_1_22' title="bbox 476 2173 2062 2246">
    <p class='ocr_par' dir='ltr' id='par_1_22' title="bbox 476 2173 2062 2246">
     <span class='ocr_line' id='line_1_22' title="bbox 476 2173 2062 2246; baseline 0 -18"><span class='ocrx_word' id='word_1_157' title='bbox 476 2188 581 2230; x_wconf 87' lang='lat' dir='ltr'><strong>nos</strong></span> <span class='ocrx_word' id='word_1_158' title='bbox 618 2173 915 2231; x_wconf 85' lang='lat' dir='ltr'><strong>imbecilles</strong></span> <span class='ocrx_word' id='word_1_159' title='bbox 964 2180 1020 2229; x_wconf 90' lang='lat' dir='ltr'><strong>et</strong></span> <span class='ocrx_word' id='word_1_160' title='bbox 1057 2174 1291 2244; x_wconf 78' lang='lat' dir='ltr'><strong>parvuli,</strong></span> <span class='ocrx_word' id='word_1_161' title='bbox 1341 2173 1623 2231; x_wconf 84' lang='lat' dir='ltr'><strong>beatorum</strong></span> <span class='ocrx_word' id='word_1_162' title='bbox 1671 2174 2062 2246; x_wconf 86' lang='lat' dir='ltr'><strong>apostolorum,</strong></span> 
     </span>
    </p>
   </div>
   <div class='ocr_carea' id='block_1_23' title="bbox 477 2263 2061 2338">
    <p class='ocr_par' dir='ltr' id='par_1_23' title="bbox 477 2263 2061 2338">
     <span class='ocr_line' id='line_1_23' title="bbox 477 2263 2061 2338; baseline -0.004 -14"><span class='ocrx_word' id='word_1_163' title='bbox 477 2266 641 2338; x_wconf 74' lang='lat'><strong>211</strong></span> <span class='ocrx_word' id='word_1_164' title='bbox 667 2266 760 2337; x_wconf 90' lang='lat' dir='ltr'><strong>qui</strong></span> <span class='ocrx_word' id='word_1_165' title='bbox 787 2277 993 2322; x_wconf 59' lang='lat' dir='ltr'><strong>sancta:</strong></span> <span class='ocrx_word' id='word_1_166' title='bbox 1016 2264 1277 2322; x_wconf 72' lang='lat' dir='ltr'><strong>Ecclesiae</strong></span> <span class='ocrx_word' id='word_1_167' title='bbox 1310 2266 1472 2322; x_wconf 88' lang='lat' dir='ltr'><strong>bases</strong></span> <span class='ocrx_word' id='word_1_168' title='bbox 1504 2273 1632 2321; x_wconf 90' lang='lat' dir='ltr'><strong>sunt</strong></span> <span class='ocrx_word' id='word_1_169' title='bbox 1671 2273 1727 2321; x_wconf 89' lang='lat' dir='ltr'><strong>et</strong></span> <span class='ocrx_word' id='word_1_170' title='bbox 1777 2263 2061 2328; x_wconf 78' lang='lat' dir='ltr'><strong>columnze,</strong></span> 
     </span>
    </p>
   </div>
   <div class='ocr_carea' id='block_1_24' title="bbox 468 2355 2066 2429">
    <p class='ocr_par' dir='ltr' id='par_1_24' title="bbox 468 2355 2066 2429">
     <span class='ocr_line' id='line_1_24' title="bbox 468 2355 2066 2429; baseline -0.001 -17"><span class='ocrx_word' id='word_1_171' title='bbox 468 2356 761 2426; x_wconf 82' lang='lat' dir='ltr'><strong>j&#39;ubcamur</strong></span> <span class='ocrx_word' id='word_1_172' title='bbox 788 2357 991 2413; x_wconf 87' lang='lat' dir='ltr'><strong>imitari</strong></span> <span class='ocrx_word' id='word_1_173' title='bbox 1040 2372 1325 2423; x_wconf 88' lang='lat' dir='ltr'><strong>normam,</strong></span> <span class='ocrx_word' id='word_1_174' title='bbox 1372 2365 1727 2429; x_wconf 86' lang='lat' dir='ltr'><strong>sanctamque</strong></span> <span class='ocrx_word' id='word_1_175' title='bbox 1754 2364 1943 2412; x_wconf 88' lang='lat' dir='ltr'><strong>tenere</strong></span> <span class='ocrx_word' id='word_1_176' title='bbox 1969 2355 2066 2410; x_wconf 76' lang='lat' dir='ltr'><strong>do-</strong></span> 
     </span>
    </p>
   </div>
   <div class='ocr_carea' id='block_1_25' title="bbox 475 2437 2060 2519">
    <p class='ocr_par' dir='ltr' id='par_1_25' title="bbox 475 2437 2060 2519">
     <span class='ocr_line' id='line_1_25' title="bbox 475 2437 2060 2519; baseline -0.004 -14"><span class='ocrx_word' id='word_1_177' title='bbox 475 2440 748 2519; x_wconf 82' lang='lat' dir='ltr'><strong>ctrinam,</strong></span> <span class='ocrx_word' id='word_1_178' title='bbox 794 2464 920 2506; x_wconf 91' lang='lat' dir='ltr'><strong>cum</strong></span> <span class='ocrx_word' id='word_1_179' title='bbox 957 2456 1024 2505; x_wconf 74' lang='lat' dir='ltr'><strong>“et</strong></span> <span class='ocrx_word' id='word_1_180' title='bbox 1075 2448 1175 2519; x_wconf 90' lang='lat' dir='ltr'><strong>ipsi</strong></span> <span class='ocrx_word' id='word_1_181' title='bbox 1222 2437 1453 2519; x_wconf 87' lang='lat' dir='ltr'><strong>apostoli</strong></span> <span class='ocrx_word' id='word_1_182' title='bbox 1514 2448 1759 2519; x_wconf 88' lang='lat' dir='ltr'><strong>priorum</strong></span> <span class='ocrx_word' id='word_1_183' title='bbox 1815 2460 2060 2511; x_wconf 89' lang='lat' dir='ltr'><strong>suorum,</strong></span> 
     </span>
    </p>
   </div>
   <div class='ocr_carea' id='block_1_26' title="bbox 474 2537 2064 2617">
    <p class='ocr_par' dir='ltr' id='par_1_26' title="bbox 474 2537 2064 2617">
     <span class='ocr_line' id='line_1_26' title="bbox 474 2537 2064 2617; baseline -0.001 -23"><span class='ocrx_word' id='word_1_184' title='bbox 474 2540 828 2612; x_wconf 89' lang='lat' dir='ltr'><strong>antiquorum</strong></span> <span class='ocrx_word' id='word_1_185' title='bbox 854 2539 1065 2597; x_wconf 91' lang='lat' dir='ltr'><strong>scilicet</strong></span> <span class='ocrx_word' id='word_1_186' title='bbox 1082 2539 1452 2607; x_wconf 87' lang='lat' dir='ltr'><strong>Patrum,sint</strong></span> <span class='ocrx_word' id='word_1_187' title='bbox 1471 2539 1795 2617; x_wconf 85' lang='lat' dir='ltr'><strong>auctoritate</strong></span> <span class='ocrx_word' id='word_1_188' title='bbox 1818 2537 2019 2593; x_wconf 89' lang='lat' dir='ltr'><strong>ﬁrmati</strong></span> <span class='ocrx_word' id='word_1_189' title='bbox 2039 2537 2064 2591; x_wconf 80' lang='lat'><strong>?</strong></span> 
     </span>
    </p>
   </div>
   <div class='ocr_carea' id='block_1_27' title="bbox 472 2624 2062 2689">
    <p class='ocr_par' dir='ltr' id='par_1_27' title="bbox 472 2624 2062 2689">
     <span class='ocr_line' id='line_1_27' title="bbox 472 2624 2062 2689; baseline -0.001 -2"><span class='ocrx_word' id='word_1_190' title='bbox 472 2628 634 2689; x_wconf 85' lang='lat' dir='ltr'><strong>Unde</strong></span> <span class='ocrx_word' id='word_1_191' title='bbox 675 2640 732 2688; x_wconf 91' lang='lat' dir='ltr'><strong>et</strong></span> <span class='ocrx_word' id='word_1_192' title='bbox 779 2624 835 2687; x_wconf 88' lang='lat' dir='ltr'><strong>in</strong></span> <span class='ocrx_word' id='word_1_193' title='bbox 875 2630 1287 2689; x_wconf 88' lang='lat' dir='ltr'><strong>constructione</strong></span> <span class='ocrx_word' id='word_1_194' title='bbox 1317 2629 1650 2685; x_wconf 85' lang='lat' dir='ltr'><strong>tabernaculi</strong></span> <span class='ocrx_word' id='word_1_195' title='bbox 1692 2639 1752 2684; x_wconf 91' lang='lat' dir='ltr'><strong>ut</strong></span> <span class='ocrx_word' id='word_1_196' title='bbox 1797 2628 2062 2686; x_wconf 83' lang='lat' dir='ltr'><strong>columnae</strong></span> 
     </span>
    </p>
   </div>
   <div class='ocr_carea' id='block_1_28' title="bbox 468 2712 2061 2795">
    <p class='ocr_par' dir='ltr' id='par_1_28' title="bbox 468 2712 2061 2795">
     <span class='ocr_line' id='line_1_28' title="bbox 468 2712 2061 2795; baseline -0.003 -17"><span class='ocrx_word' id='word_1_197' title='bbox 468 2733 744 2795; x_wconf 64' lang='lat' dir='ltr'><strong>argentea</strong></span> <span class='ocrx_word' id='word_1_198' title='bbox 771 2712 1002 2780; x_wconf 84' lang='lat' dir='ltr'><strong>interius</strong></span> <span class='ocrx_word' id='word_1_199' title='bbox 1023 2726 1255 2787; x_wconf 74' lang='lat' dir='ltr'><strong>Starent,</strong></span> <span class='ocrx_word' id='word_1_200' title='bbox 1278 2719 1462 2791; x_wconf 85' lang='lat' dir='ltr'><strong>paxilli</strong></span> <span class='ocrx_word' id='word_1_201' title='bbox 1483 2720 1609 2775; x_wconf 84' lang='lat' dir='ltr'><strong>aerei</strong></span> <span class='ocrx_word' id='word_1_202' title='bbox 1626 2720 1713 2792; x_wconf 77' lang='lat' dir='ltr'><strong>ﬁgi</strong></span> <span class='ocrx_word' id='word_1_203' title='bbox 1736 2736 1834 2791; x_wconf 89' lang='lat' dir='ltr'><strong>per</strong></span> <span class='ocrx_word' id='word_1_204' title='bbox 1858 2721 2061 2776; x_wconf 90' lang='lat' dir='ltr'><strong>circui-</strong></span> 
     </span>
    </p>
   </div>
   <div class='ocr_carea' id='block_1_29' title="bbox 468 2804 2059 2886">
    <p class='ocr_par' dir='ltr' id='par_1_29' title="bbox 468 2804 2059 2886">
     <span class='ocr_line' id='line_1_29' title="bbox 468 2804 2059 2886; baseline -0.002 -17"><span class='ocrx_word' id='word_1_205' title='bbox 468 2804 588 2869; x_wconf 85' lang='lat' dir='ltr'><strong>tum</strong></span> <span class='ocrx_word' id='word_1_206' title='bbox 626 2815 867 2871; x_wconf 89' lang='lat' dir='ltr'><strong>exterius</strong></span> <span class='ocrx_word' id='word_1_207' title='bbox 888 2814 1028 2886; x_wconf 86' lang='lat' dir='ltr'><strong>jussi</strong></span> <span class='ocrx_word' id='word_1_208' title='bbox 1066 2821 1194 2870; x_wconf 90' lang='lat' dir='ltr'><strong>sunt</strong></span> <span class='ocrx_word' id='word_1_209' title='bbox 1228 2812 1427 2884; x_wconf 69' lang='lat' dir='ltr'><strong>(Exod.</strong></span> <span class='ocrx_word' id='word_1_210' title='bbox 1470 2810 1726 2882; x_wconf 84' lang='lat' dir='ltr'><strong>xxxvnt),</strong></span> <span class='ocrx_word' id='word_1_211' title='bbox 1761 2812 1816 2867; x_wconf 93' lang='lat' dir='ltr'><strong>in</strong></span> <span class='ocrx_word' id='word_1_212' title='bbox 1864 2810 2059 2881; x_wconf 89' lang='lat' dir='ltr'><strong>quibus</strong></span> 
     </span>
    </p>
   </div>
   <div class='ocr_carea' id='block_1_30' title="bbox 468 2904 2059 2978">
    <p class='ocr_par' dir='ltr' id='par_1_30' title="bbox 468 2904 2059 2978">
     <span class='ocr_line' id='line_1_30' title="bbox 468 2904 2059 2978; baseline -0.001 -17"><span class='ocrx_word' id='word_1_213' title='bbox 468 2905 760 2978; x_wconf 80' lang='lat' dir='ltr'><strong>religatum</strong></span> <span class='ocrx_word' id='word_1_214' title='bbox 802 2906 1214 2963; x_wconf 89' lang='lat' dir='ltr'><strong>tabernaculum</strong></span> <span class='ocrx_word' id='word_1_215' title='bbox 1244 2913 1545 2961; x_wconf 89' lang='lat' dir='ltr'><strong>teneretur.</strong></span> <span class='ocrx_word' id='word_1_216' title='bbox 1577 2905 1854 2961; x_wconf 70' lang='lat' dir='ltr'><strong>Columnae</strong></span> <span class='ocrx_word' id='word_1_217' title='bbox 1876 2904 2059 2975; x_wconf 90' lang='lat' dir='ltr'><strong>itaque</strong></span> 
     </span>
    </p>
   </div>
   <div class='ocr_carea' id='block_1_31' title="bbox 468 2993 2056 3076">
    <p class='ocr_par' dir='ltr' id='par_1_31' title="bbox 468 2993 2056 3076">
     <span class='ocr_line' id='line_1_31' title="bbox 468 2993 2056 3076; baseline -0.001 -26"><span class='ocrx_word' id='word_1_218' title='bbox 468 3004 740 3067; x_wconf 61' lang='lat' dir='ltr'><strong>argenteae</strong></span> <span class='ocrx_word' id='word_1_219' title='bbox 792 2996 1053 3062; x_wconf 86' lang='lat' dir='ltr'><strong>interius,</strong></span> <span class='ocrx_word' id='word_1_220' title='bbox 1104 2994 1292 3066; x_wconf 82' lang='lat' dir='ltr'><strong>paxilli</strong></span> <span class='ocrx_word' id='word_1_221' title='bbox 1347 3008 1480 3049; x_wconf 87' lang='lat' dir='ltr'><strong>vero</strong></span> <span class='ocrx_word' id='word_1_222' title='bbox 1532 2993 1662 3049; x_wconf 74' lang='lat' dir='ltr'><strong>terei</strong></span> <span class='ocrx_word' id='word_1_223' title='bbox 1714 2994 1769 3050; x_wconf 93' lang='lat' dir='ltr'><strong>in</strong></span> <span class='ocrx_word' id='word_1_224' title='bbox 1818 2994 2056 3076; x_wconf 2' lang='lat' dir='ltr'><strong>(circuitu</strong></span> 
     </span>
    </p>
   </div>
   <div class='ocr_carea' id='block_1_32' title="bbox 471 3084 2127 3157">
    <p class='ocr_par' dir='ltr' id='par_1_32' title="bbox 471 3084 2127 3157">
     <span class='ocr_line' id='line_1_32' title="bbox 471 3084 2127 3157; baseline 0.002 -19"><span class='ocrx_word' id='word_1_225' title='bbox 471 3086 733 3156; x_wconf 81' lang='lat' dir='ltr'><strong>tiguntur,</strong></span> <span class='ocrx_word' id='word_1_226' title='bbox 767 3086 1006 3156; x_wconf 89' lang='lat' dir='ltr'><strong>atquein</strong></span> <span class='ocrx_word' id='word_1_227' title='bbox 1035 3086 1167 3155; x_wconf 85' lang='lat' dir='ltr'><strong>ipsis</strong></span> <span class='ocrx_word' id='word_1_228' title='bbox 1206 3085 1363 3142; x_wconf 87' lang='lat' dir='ltr'><strong>l&#39;unes</strong></span> <span class='ocrx_word' id='word_1_229' title='bbox 1386 3084 1537 3156; x_wconf 82' lang='lat' dir='ltr'><strong>ligati</strong></span> <span class='ocrx_word' id='word_1_230' title='bbox 1577 3093 1724 3150; x_wconf 91' lang='lat' dir='ltr'><strong>sunt,</strong></span> <span class='ocrx_word' id='word_1_231' title='bbox 1762 3093 1822 3140; x_wconf 90' lang='lat' dir='ltr'><strong>ut</strong></span> <span class='ocrx_word' id='word_1_232' title='bbox 1874 3087 2053 3143; x_wconf 90' lang='lat' dir='ltr'><strong>taber-</strong></span> <span class='ocrx_word' id='word_1_233' title='bbox 2080 3092 2127 3157; x_wconf 72' lang='grc' dir='ltr'>ο</span> 
     </span>
    </p>
   </div>
   <div class='ocr_carea' id='block_1_33' title="bbox 466 3176 2052 3248">
    <p class='ocr_par' dir='ltr' id='par_1_33' title="bbox 466 3176 2052 3248">
     <span class='ocr_line' id='line_1_33' title="bbox 466 3176 2052 3248; baseline 0.001 -15"><span class='ocrx_word' id='word_1_234' title='bbox 466 3178 724 3234; x_wconf 85' lang='lat' dir='ltr'><strong>naculum</strong></span> <span class='ocrx_word' id='word_1_235' title='bbox 770 3176 935 3233; x_wconf 89' lang='lat' dir='ltr'><strong>ﬁxum</strong></span> <span class='ocrx_word' id='word_1_236' title='bbox 987 3187 1269 3243; x_wconf 90' lang='lat' dir='ltr'><strong>maneret;</strong></span> <span class='ocrx_word' id='word_1_237' title='bbox 1313 3178 1440 3248; x_wconf 89' lang='lat' dir='ltr'><strong>quia</strong></span> <span class='ocrx_word' id='word_1_238' title='bbox 1484 3177 1738 3232; x_wconf 83' lang='lat' dir='ltr'><strong>videlicet</strong></span> <span class='ocrx_word' id='word_1_239' title='bbox 1777 3187 1837 3232; x_wconf 93' lang='lat' dir='ltr'><strong>ut</strong></span> <span class='ocrx_word' id='word_1_240' title='bbox 1877 3180 2052 3235; x_wconf 86' lang='lat' dir='ltr'><strong>sancti</strong></span> 
     </span>
    </p>
   </div>
   <div class='ocr_carea' id='block_1_34' title="bbox 465 3264 2053 3341">
    <p class='ocr_par' dir='ltr' id='par_1_34' title="bbox 465 3264 2053 3341">
     <span class='ocr_line' id='line_1_34' title="bbox 465 3264 2053 3341; baseline 0.002 -20"><span class='ocrx_word' id='word_1_241' title='bbox 465 3267 696 3339; x_wconf 85' lang='lat' dir='ltr'><strong>apostoli</strong></span> <span class='ocrx_word' id='word_1_242' title='bbox 744 3267 811 3341; x_wconf 4' lang='lat' dir='ltr'><strong>in,</strong></span> <span class='ocrx_word' id='word_1_243' title='bbox 841 3264 963 3324; x_wconf 90' lang='lat' dir='ltr'><strong>luce</strong></span> <span class='ocrx_word' id='word_1_244' title='bbox 992 3268 1259 3324; x_wconf 91' lang='lat' dir='ltr'><strong>sermonis</strong></span> <span class='ocrx_word' id='word_1_245' title='bbox 1301 3268 1385 3322; x_wconf 89' lang='lat' dir='ltr'><strong>sui</strong></span> <span class='ocrx_word' id='word_1_246' title='bbox 1413 3266 1568 3322; x_wconf 91' lang='lat' dir='ltr'><strong>solidi</strong></span> <span class='ocrx_word' id='word_1_247' title='bbox 1611 3276 1839 3331; x_wconf 88' lang='lat' dir='ltr'><strong>starent,</strong></span> <span class='ocrx_word' id='word_1_248' title='bbox 1888 3277 2053 3337; x_wconf 88' lang='lat' dir='ltr'><strong>utque</strong></span> 
     </span>
    </p>
   </div>
   <div class='ocr_carea' id='block_1_35' title="bbox 466 3350 2049 3426">
    <p class='ocr_par' dir='ltr' id='par_1_35' title="bbox 466 3350 2049 3426">
     <span class='ocr_line' id='line_1_35' title="bbox 466 3350 2049 3426; baseline 0.001 -14"><span class='ocrx_word' id='word_1_249' title='bbox 466 3350 641 3414; x_wconf 84' lang='lat' dir='ltr'><strong>totum</strong></span> <span class='ocrx_word' id='word_1_250' title='bbox 675 3357 1111 3425; x_wconf 85' lang='lat' dir='ltr'><strong>tabernaculum,</strong></span> <span class='ocrx_word' id='word_1_251' title='bbox 1142 3356 1196 3414; x_wconf 90' lang='lat' dir='ltr'><strong>id</strong></span> <span class='ocrx_word' id='word_1_252' title='bbox 1220 3370 1331 3426; x_wconf 81' lang='lat' dir='ltr'><strong>est,</strong></span> <span class='ocrx_word' id='word_1_253' title='bbox 1355 3369 1543 3414; x_wconf 87' lang='lat' dir='ltr'><strong>sancta</strong></span> <span class='ocrx_word' id='word_1_254' title='bbox 1574 3357 1815 3414; x_wconf 86' lang='lat' dir='ltr'><strong>Ecclesia</strong></span> <span class='ocrx_word' id='word_1_255' title='bbox 1840 3359 1893 3414; x_wconf 93' lang='lat' dir='ltr'><strong>in</strong></span> <span class='ocrx_word' id='word_1_256' title='bbox 1926 3358 2049 3414; x_wconf 89' lang='lat' dir='ltr'><strong>ﬁdei</strong></span> 
     </span>
    </p>
   </div>
   <div class='ocr_carea' id='block_1_36' title="bbox 464 3450 2052 3523">
    <p class='ocr_par' dir='ltr' id='par_1_36' title="bbox 464 3450 2052 3523">
     <span class='ocr_line' id='line_1_36' title="bbox 464 3450 2052 3523; baseline 0.002 -19"><span class='ocrx_word' id='word_1_257' title='bbox 464 3450 781 3520; x_wconf 80' lang='lat' dir='ltr'><strong>integritate</strong></span> <span class='ocrx_word' id='word_1_258' title='bbox 814 3451 1156 3523; x_wconf 85' lang='lat' dir='ltr'><strong>consisteret,</strong></span> <span class='ocrx_word' id='word_1_259' title='bbox 1187 3459 1445 3522; x_wconf 89' lang='lat' dir='ltr'><strong>tanquam</strong></span> <span class='ocrx_word' id='word_1_260' title='bbox 1472 3451 1660 3522; x_wconf 80' lang='lat' dir='ltr'><strong>paxilli</strong></span> <span class='ocrx_word' id='word_1_261' title='bbox 1690 3452 1816 3507; x_wconf 76' lang='lat' dir='ltr'><strong>terei</strong></span> <span class='ocrx_word' id='word_1_262' title='bbox 1856 3451 1909 3507; x_wconf 92' lang='lat' dir='ltr'><strong>in</strong></span> <span class='ocrx_word' id='word_1_263' title='bbox 1939 3453 2052 3507; x_wconf 90' lang='lat' dir='ltr'><strong>cir-</strong></span> 
     </span>
    </p>
   </div>
   <div class='ocr_carea' id='block_1_37' title="bbox 467 3540 2051 3617">
    <p class='ocr_par' dir='ltr' id='par_1_37' title="bbox 467 3540 2051 3617">
     <span class='ocr_line' id='line_1_37' title="bbox 467 3540 2051 3617; baseline 0.004 -22"><span class='ocrx_word' id='word_1_264' title='bbox 467 3541 616 3617; x_wconf 81' lang='lat' dir='ltr'><strong>cuitu</strong></span> <span class='ocrx_word' id='word_1_265' title='bbox 631 3551 818 3613; x_wconf 90' lang='lat' dir='ltr'><strong>patres</strong></span> <span class='ocrx_word' id='word_1_266' title='bbox 850 3540 1187 3601; x_wconf 74' lang='lat' dir='ltr'><strong>Testanienti</strong></span> <span class='ocrx_word' id='word_1_267' title='bbox 1209 3544 1424 3600; x_wconf 78' lang='lat' dir='ltr'><strong>Veteris</strong></span> <span class='ocrx_word' id='word_1_268' title='bbox 1446 3559 1509 3599; x_wconf 88' lang='lat' dir='ltr'><strong>ac</strong></span> <span class='ocrx_word' id='word_1_269' title='bbox 1520 3544 1797 3614; x_wconf 83' lang='lat' dir='ltr'><strong>prephetae</strong></span> <span class='ocrx_word' id='word_1_270' title='bbox 1807 3546 2051 3602; x_wconf 82' lang='lat' dir='ltr'><strong>exterius</strong></span> 
     </span>
    </p>
   </div>
   <div class='ocr_carea' id='block_1_38' title="bbox 465 3626 2050 3708">
    <p class='ocr_par' dir='ltr' id='par_1_38' title="bbox 465 3626 2050 3708">
     <span class='ocr_line' id='line_1_38' title="bbox 465 3626 2050 3708; baseline 0.007 -23"><span class='ocrx_word' id='word_1_271' title='bbox 465 3632 561 3687; x_wconf 92' lang='lat' dir='ltr'><strong>ﬁxi</strong></span> <span class='ocrx_word' id='word_1_272' title='bbox 592 3632 749 3700; x_wconf 85' lang='lat' dir='ltr'><strong>sunt;</strong></span> <span class='ocrx_word' id='word_1_273' title='bbox 774 3626 867 3704; x_wconf 79' lang='lat' dir='ltr'><strong>qui</strong></span> <span class='ocrx_word' id='word_1_274' title='bbox 892 3635 1183 3691; x_wconf 80' lang='lat' dir='ltr'><strong>verborum</strong></span> <span class='ocrx_word' id='word_1_275' title='bbox 1219 3650 1441 3692; x_wconf 89' lang='lat' dir='ltr'><strong>suorum</strong></span> <span class='ocrx_word' id='word_1_276' title='bbox 1475 3632 1694 3694; x_wconf 77' lang='lat' dir='ltr'><strong>funibus</strong></span> <span class='ocrx_word' id='word_1_277' title='bbox 1724 3641 2050 3708; x_wconf 83' lang='lat' dir='ltr'><strong>praedicato-</strong></span> 
     </span>
    </p>
   </div>
   <div class='ocr_carea' id='block_1_39' title="bbox 464 3720 2050 3803">
    <p class='ocr_par' dir='ltr' id='par_1_39' title="bbox 464 3720 2050 3803">
     <span class='ocr_line' id='line_1_39' title="bbox 464 3720 2050 3803; baseline 0.008 -28"><span class='ocrx_word' id='word_1_278' title='bbox 464 3736 589 3777; x_wconf 86' lang='lat' dir='ltr'><strong>rum</strong></span> <span class='ocrx_word' id='word_1_279' title='bbox 615 3733 824 3779; x_wconf 85' lang='lat' dir='ltr'><strong>mentes</strong></span> <span class='ocrx_word' id='word_1_280' title='bbox 851 3725 905 3778; x_wconf 92' lang='lat' dir='ltr'><strong>in</strong></span> <span class='ocrx_word' id='word_1_281' title='bbox 936 3724 1210 3781; x_wconf 90' lang='lat' dir='ltr'><strong>soliditate</strong></span> <span class='ocrx_word' id='word_1_282' title='bbox 1238 3727 1707 3798; x_wconf 83' lang='lat' dir='ltr'><strong>constringerent,</strong></span> <span class='ocrx_word' id='word_1_283' title='bbox 1750 3740 1913 3803; x_wconf 90' lang='lat' dir='ltr'><strong>atque</strong></span> <span class='ocrx_word' id='word_1_284' title='bbox 1946 3720 2050 3791; x_wconf 85' lang='lat' dir='ltr'><strong>hoc</strong></span> 
     </span>
    </p>
   </div>
   <div class='ocr_carea' id='block_1_40' title="bbox 466 3813 1725 3899">
    <p class='ocr_par' dir='ltr' id='par_1_40' title="bbox 466 3813 1725 3899">
     <span class='ocr_line' id='line_1_40' title="bbox 466 3813 1725 3899; baseline 0.005 -30"><span class='ocrx_word' id='word_1_285' title='bbox 466 3813 561 3870; x_wconf 86' lang='lat' dir='ltr'><strong>Dei</strong></span> <span class='ocrx_word' id='word_1_286' title='bbox 590 3815 958 3872; x_wconf 87' lang='lat' dir='ltr'><strong>habitaculum</strong></span> <span class='ocrx_word' id='word_1_287' title='bbox 996 3818 1124 3899; x_wconf 84' lang='lat' dir='ltr'><strong>ﬁdei</strong></span> <span class='ocrx_word' id='word_1_288' title='bbox 1161 3818 1725 3891; x_wconf 85' lang='lat' dir='ltr'><strong>stabilitatcligarent.</strong></span> 
     </span>
    </p>
   </div>
   <div class='ocr_carea' id='block_1_41' title="bbox 440 3954 2051 4029">
    <p class='ocr_par' dir='ltr' id='par_1_41' title="bbox 440 3954 2051 4029">
     <span class='ocr_line' id='line_1_41' title="bbox 440 3954 2051 4029; baseline 0.004 -20"><span class='ocrx_word' id='word_1_289' title='bbox 440 3998 483 4028; x_wconf 21' lang='lat' dir='ltr'><strong>I.</strong></span> <span class='ocrx_word' id='word_1_290' title='bbox 537 3954 705 4009; x_wconf 85' lang='lat' dir='ltr'><strong>Extra</strong></span> <span class='ocrx_word' id='word_1_291' title='bbox 749 3969 882 4024; x_wconf 77' lang='lat' dir='ltr'><strong>ergo</strong></span> <span class='ocrx_word' id='word_1_292' title='bbox 928 3954 1113 4025; x_wconf 81' lang='lat' dir='ltr'><strong>paxilli</strong></span> <span class='ocrx_word' id='word_1_293' title='bbox 1160 3964 1313 4021; x_wconf 90' lang='lat' dir='ltr'><strong>sunt,</strong></span> <span class='ocrx_word' id='word_1_294' title='bbox 1346 3957 1438 4026; x_wconf 92' lang='lat' dir='ltr'><strong>qui</strong></span> <span class='ocrx_word' id='word_1_295' title='bbox 1482 3966 1609 4013; x_wconf 89' lang='lat' dir='ltr'><strong>ante</strong></span> <span class='ocrx_word' id='word_1_296' title='bbox 1653 3968 1863 4027; x_wconf 88' lang='lat' dir='ltr'><strong>tempus</strong></span> <span class='ocrx_word' id='word_1_297' title='bbox 1889 3958 2051 4029; x_wconf 85' lang='lat' dir='ltr'><strong>hujus</strong></span> 
     </span>
    </p>
   </div>
   <div class='ocr_carea' id='block_1_42' title="bbox 412 4038 2046 4122">
    <p class='ocr_par' dir='ltr' id='par_1_42' title="bbox 412 4038 2046 4122">
     <span class='ocr_line' id='line_1_42' title="bbox 412 4038 2046 4122; baseline 0.003 -21"><span class='ocrx_word' id='word_1_298' title='bbox 412 4038 443 4119; x_wconf 71' lang='grc'><strong>,’</strong></span> <span class='ocrx_word' id='word_1_299' title='bbox 464 4053 669 4102; x_wconf 63' lang='lat' dir='ltr'><strong>sanctae</strong></span> <span class='ocrx_word' id='word_1_300' title='bbox 692 4044 950 4101; x_wconf 74' lang='lat' dir='ltr'><strong>Ecclesiae</strong></span> <span class='ocrx_word' id='word_1_301' title='bbox 987 4045 1226 4102; x_wconf 64' lang='lat' dir='ltr'><strong>luerunt.</strong></span> <span class='ocrx_word' id='word_1_302' title='bbox 1260 4046 1368 4103; x_wconf 90' lang='lat' dir='ltr'><strong>Sed</strong></span> <span class='ocrx_word' id='word_1_303' title='bbox 1417 4056 1595 4103; x_wconf 89' lang='lat' dir='ltr'><strong>tamen</strong></span> <span class='ocrx_word' id='word_1_304' title='bbox 1625 4062 1722 4105; x_wconf 90' lang='lat' dir='ltr'><strong>eos</strong></span> <span class='ocrx_word' id='word_1_305' title='bbox 1753 4049 1922 4121; x_wconf 77' lang='lat' dir='ltr'><strong>ligant</strong></span> <span class='ocrx_word' id='word_1_306' title='bbox 1951 4052 2046 4122; x_wconf 90' lang='lat' dir='ltr'><strong>qui</strong></span> 
     </span>
    </p>
   </div>
   <div class='ocr_carea' id='block_1_43' title="bbox 461 4132 2046 4215">
    <p class='ocr_par' dir='ltr' id='par_1_43' title="bbox 461 4132 2046 4215">
     <span class='ocr_line' id='line_1_43' title="bbox 461 4132 2046 4215; baseline 0.004 -21"><span class='ocrx_word' id='word_1_307' title='bbox 461 4138 521 4194; x_wconf 79' lang='lat' dir='ltr'><strong>in</strong></span> <span class='ocrx_word' id='word_1_308' title='bbox 553 4137 670 4208; x_wconf 87' lang='lat' dir='ltr'><strong>ipsa</strong></span> <span class='ocrx_word' id='word_1_309' title='bbox 715 4147 875 4206; x_wconf 88' lang='lat' dir='ltr'><strong>sunt;</strong></span> <span class='ocrx_word' id='word_1_310' title='bbox 921 4140 1048 4209; x_wconf 87' lang='lat' dir='ltr'><strong>quia</strong></span> <span class='ocrx_word' id='word_1_311' title='bbox 1080 4142 1209 4195; x_wconf 90' lang='lat' dir='ltr'><strong>dum</strong></span> <span class='ocrx_word' id='word_1_312' title='bbox 1239 4141 1484 4197; x_wconf 64' lang='lat' dir='ltr'><strong>caelestia</strong></span> <span class='ocrx_word' id='word_1_313' title='bbox 1513 4132 1776 4215; x_wconf 78' lang='lat' dir='ltr'><strong>mysteria</strong></span> <span class='ocrx_word' id='word_1_314' title='bbox 1818 4154 2046 4201; x_wconf 88' lang='lat' dir='ltr'><strong>ventura</strong></span> 
     </span>
    </p>
   </div>
   <div class='ocr_carea' id='block_1_44' title="bbox 460 4232 2043 4305">
    <p class='ocr_par' dir='ltr' id='par_1_44' title="bbox 460 4232 2043 4305">
     <span class='ocr_line' id='line_1_44' title="bbox 460 4232 2043 4305; baseline 0.006 -19"><span class='ocrx_word' id='word_1_315' title='bbox 460 4233 784 4304; x_wconf 63' lang='lat' dir='ltr'><strong>praedicant,</strong></span> <span class='ocrx_word' id='word_1_316' title='bbox 810 4232 948 4299; x_wconf 72' lang='lat' dir='ltr'><strong>brec,</strong></span> <span class='ocrx_word' id='word_1_317' title='bbox 990 4244 1276 4304; x_wconf 88' lang='lat' dir='ltr'><strong>postquam</strong></span> <span class='ocrx_word' id='word_1_318' title='bbox 1324 4247 1543 4295; x_wconf 85' lang='lat' dir='ltr'><strong>ostensa</strong></span> <span class='ocrx_word' id='word_1_319' title='bbox 1576 4250 1735 4305; x_wconf 83' lang='lat' dir='ltr'><strong>sunt,</strong></span> <span class='ocrx_word' id='word_1_320' title='bbox 1763 4239 2043 4295; x_wconf 80' lang='lat' dir='ltr'><strong>credibilia</strong></span> 
     </span>
    </p>
   </div>
   <div class='ocr_carea' id='block_1_45' title="bbox 457 4324 2043 4397">
    <p class='ocr_par' dir='ltr' id='par_1_45' title="bbox 457 4324 2043 4397">
     <span class='ocr_line' id='line_1_45' title="bbox 457 4324 2043 4397; baseline 0.006 -18"><span class='ocrx_word' id='word_1_321' title='bbox 457 4324 643 4380; x_wconf 83' lang='lat' dir='ltr'><strong>omnia</strong></span> <span class='ocrx_word' id='word_1_322' title='bbox 675 4324 941 4380; x_wconf 80' lang='lat' dir='ltr'><strong>fecerunt.</strong></span> <span class='ocrx_word' id='word_1_323' title='bbox 987 4324 1058 4381; x_wconf 88' lang='lat' dir='ltr'><strong>Ut</strong></span> <span class='ocrx_word' id='word_1_324' title='bbox 1084 4340 1216 4397; x_wconf 78' lang='lat' dir='ltr'><strong>ergo</strong></span> <span class='ocrx_word' id='word_1_325' title='bbox 1241 4326 1390 4382; x_wconf 92' lang='lat' dir='ltr'><strong>intus</strong></span> <span class='ocrx_word' id='word_1_326' title='bbox 1432 4328 1698 4385; x_wconf 77' lang='lat' dir='ltr'><strong>columna:</strong></span> <span class='ocrx_word' id='word_1_327' title='bbox 1736 4331 2043 4388; x_wconf 88' lang='lat' dir='ltr'><strong>immobiles</strong></span> 
     </span>
    </p>
   </div>
   <div class='ocr_carea' id='block_1_46' title="bbox 456 4414 2039 4492">
    <p class='ocr_par' dir='ltr' id='par_1_46' title="bbox 456 4414 2039 4492">
     <span class='ocr_line' id='line_1_46' title="bbox 456 4414 2039 4492; baseline 0.004 -20"><span class='ocrx_word' id='word_1_328' title='bbox 456 4425 639 4479; x_wconf 78' lang='lat' dir='ltr'><strong>stent,</strong></span> <span class='ocrx_word' id='word_1_329' title='bbox 668 4414 802 4471; x_wconf 86' lang='lat' dir='ltr'><strong>l‘oris</strong></span> <span class='ocrx_word' id='word_1_330' title='bbox 830 4416 1018 4486; x_wconf 85' lang='lat' dir='ltr'><strong>paxilli</strong></span> <span class='ocrx_word' id='word_1_331' title='bbox 1062 4417 1219 4473; x_wconf 81' lang='lat' dir='ltr'><strong>l‘ttnes</strong></span> <span class='ocrx_word' id='word_1_332' title='bbox 1246 4419 1564 4485; x_wconf 86' lang='lat' dir='ltr'><strong>continent;</strong></span> <span class='ocrx_word' id='word_1_333' title='bbox 1596 4421 1722 4492; x_wconf 85' lang='lat' dir='ltr'><strong>quia</strong></span> <span class='ocrx_word' id='word_1_334' title='bbox 1768 4431 1827 4477; x_wconf 89' lang='lat' dir='ltr'><strong>ut</strong></span> <span class='ocrx_word' id='word_1_335' title='bbox 1865 4425 2039 4480; x_wconf 88' lang='lat' dir='ltr'><strong>sancti</strong></span> 
     </span>
    </p>
   </div>
   <div class='ocr_carea' id='block_1_47' title="bbox 455 4506 2040 4585">
    <p class='ocr_par' dir='ltr' id='par_1_47' title="bbox 455 4506 2040 4585">
     <span class='ocr_line' id='line_1_47' title="bbox 455 4506 2040 4585; baseline 0.003 -20"><span class='ocrx_word' id='word_1_336' title='bbox 455 4508 687 4580; x_wconf 83' lang='lat' dir='ltr'><strong>apostoli</strong></span> <span class='ocrx_word' id='word_1_337' title='bbox 733 4506 987 4578; x_wconf 66' lang='lat' dir='ltr'><strong>perfectas</strong></span> <span class='ocrx_word' id='word_1_338' title='bbox 1039 4509 1429 4566; x_wconf 81' lang='lat' dir='ltr'><strong>incarnationis</strong></span> <span class='ocrx_word' id='word_1_339' title='bbox 1496 4511 1787 4568; x_wconf 75' lang='lat' dir='ltr'><strong>Dominicze</strong></span> <span class='ocrx_word' id='word_1_340' title='bbox 1840 4523 2040 4585; x_wconf 84' lang='lat' dir='ltr'><strong>myste-</strong></span> 
     </span>
    </p>
   </div>
   <div class='ocr_carea' id='block_1_48' title="bbox 453 4599 2038 4676">
    <p class='ocr_par' dir='ltr' id='par_1_48' title="bbox 453 4599 2038 4676">
     <span class='ocr_line' id='line_1_48' title="bbox 453 4599 2038 4676; baseline 0.004 -22"><span class='ocrx_word' id='word_1_341' title='bbox 453 4600 598 4655; x_wconf 90' lang='lat' dir='ltr'><strong>rium</strong></span> <span class='ocrx_word' id='word_1_342' title='bbox 641 4600 962 4664; x_wconf 88' lang='lat' dir='ltr'><strong>crederent,</strong></span> <span class='ocrx_word' id='word_1_343' title='bbox 1013 4599 1224 4654; x_wconf 87' lang='lat' dir='ltr'><strong>illorum</strong></span> <span class='ocrx_word' id='word_1_344' title='bbox 1274 4602 1590 4670; x_wconf 85' lang='lat' dir='ltr'><strong>praedicatio</strong></span> <span class='ocrx_word' id='word_1_345' title='bbox 1632 4604 1899 4670; x_wconf 90' lang='lat' dir='ltr'><strong>obtinuit;</strong></span> <span class='ocrx_word' id='word_1_346' title='bbox 1944 4606 2038 4676; x_wconf 91' lang='lat' dir='ltr'><strong>qui</strong></span> 
     </span>
    </p>
   </div>
   <div class='ocr_carea' id='block_1_49' title="bbox 453 4690 2035 4766">
    <p class='ocr_par' dir='ltr' id='par_1_49' title="bbox 453 4690 2035 4766">
     <span class='ocr_line' id='line_1_49' title="bbox 453 4690 2035 4766; baseline 0.004 -20"><span class='ocrx_word' id='word_1_347' title='bbox 453 4691 577 4756; x_wconf 81' lang='lat' dir='ltr'><strong>hoc,</strong></span> <span class='ocrx_word' id='word_1_348' title='bbox 612 4690 926 4761; x_wconf 81' lang='lat' dir='ltr'><strong>priusquam</strong></span> <span class='ocrx_word' id='word_1_349' title='bbox 958 4690 1131 4754; x_wconf 89' lang='lat' dir='ltr'><strong>ﬁeret,</strong></span> <span class='ocrx_word' id='word_1_350' title='bbox 1159 4703 1215 4746; x_wconf 89' lang='lat' dir='ltr'><strong>et</strong></span> <span class='ocrx_word' id='word_1_351' title='bbox 1242 4693 1425 4748; x_wconf 86' lang='lat' dir='ltr'><strong>videre</strong></span> <span class='ocrx_word' id='word_1_352' title='bbox 1450 4704 1505 4749; x_wconf 92' lang='lat' dir='ltr'><strong>et</strong></span> <span class='ocrx_word' id='word_1_353' title='bbox 1532 4695 1826 4765; x_wconf 81' lang='lat' dir='ltr'><strong>praedicare</strong></span> <span class='ocrx_word' id='word_1_354' title='bbox 1848 4705 2035 4766; x_wconf 88' lang='lat' dir='ltr'><strong>potue-</strong></span> 
     </span>
    </p>
   </div>
   <div class='ocr_carea' id='block_1_50' title="bbox 450 4780 2033 4857">
    <p class='ocr_par' dir='ltr' id='par_1_50' title="bbox 450 4780 2033 4857">
     <span class='ocr_line' id='line_1_50' title="bbox 450 4780 2033 4857; baseline 0.005 -22"><span class='ocrx_word' id='word_1_355' title='bbox 450 4792 598 4836; x_wconf 90' lang='lat' dir='ltr'><strong>runt.</strong></span> <span class='ocrx_word' id='word_1_356' title='bbox 630 4780 785 4837; x_wconf 89' lang='lat' dir='ltr'><strong>Unde</strong></span> <span class='ocrx_word' id='word_1_357' title='bbox 819 4791 970 4837; x_wconf 86' lang='lat' dir='ltr'><strong>recte</strong></span> <span class='ocrx_word' id='word_1_358' title='bbox 993 4797 1208 4854; x_wconf 91' lang='lat' dir='ltr'><strong>quoque</strong></span> <span class='ocrx_word' id='word_1_359' title='bbox 1250 4784 1366 4853; x_wconf 86' lang='lat' dir='ltr'><strong>ipse</strong></span> <span class='ocrx_word' id='word_1_360' title='bbox 1404 4786 1610 4856; x_wconf 90' lang='lat' dir='ltr'><strong>primus</strong></span> <span class='ocrx_word' id='word_1_361' title='bbox 1641 4788 2033 4857; x_wconf 90' lang='lat' dir='ltr'><strong>apostolorum,</strong></span> 
     </span>
    </p>
   </div>
   <div class='ocr_carea' id='block_1_51' title="bbox 451 4875 2031 4949">
    <p class='ocr_par' dir='ltr' id='par_1_51' title="bbox 451 4875 2031 4949">
     <span class='ocr_line' id='line_1_51' title="bbox 451 4875 2031 4949; baseline 0.003 -19"><span class='ocrx_word' id='word_1_362' title='bbox 451 4890 647 4947; x_wconf 81' lang='lat' dir='ltr'><strong>magna</strong></span> <span class='ocrx_word' id='word_1_363' title='bbox 674 4875 883 4932; x_wconf 77' lang='lat' dir='ltr'><strong>scilicet</strong></span> <span class='ocrx_word' id='word_1_364' title='bbox 912 4876 1159 4932; x_wconf 86' lang='lat' dir='ltr'><strong>columna</strong></span> <span class='ocrx_word' id='word_1_365' title='bbox 1203 4880 1317 4933; x_wconf 87' lang='lat' dir='ltr'><strong>veri</strong></span> <span class='ocrx_word' id='word_1_366' title='bbox 1359 4878 1724 4941; x_wconf 89' lang='lat' dir='ltr'><strong>tabernaculi,</strong></span> <span class='ocrx_word' id='word_1_367' title='bbox 1774 4879 2031 4949; x_wconf 89' lang='lat' dir='ltr'><strong>loquitur,</strong></span> 
     </span>
    </p>
   </div>
   <div class='ocr_carea' id='block_1_52' title="bbox 451 4965 2037 5032">
    <p class='ocr_par' dir='ltr' id='par_1_52' title="bbox 451 4965 2037 5032">
     <span class='ocr_line' id='line_1_52' title="bbox 451 4965 2037 5032; baseline 0.007 -15"><span class='ocrx_word' id='word_1_368' title='bbox 451 4965 640 5020; x_wconf 77' lang='lat' dir='ltr'><strong>dicens</strong></span> <span class='ocrx_word' id='word_1_369' title='bbox 665 4982 680 5020; x_wconf 90' lang='lat'><strong>:</strong></span> <span class='ocrx_word' id='word_1_370' title='bbox 738 4984 758 5018; x_wconf 74' lang='grc' dir='ltr'><strong><em>ο</em></strong></span> <span class='ocrx_word' id='word_1_371' title='bbox 786 4966 1059 5024; x_wconf 85' lang='lat' dir='ltr'><strong>Habemus</strong></span> <span class='ocrx_word' id='word_1_372' title='bbox 1090 4969 1384 5027; x_wconf 89' lang='lat' dir='ltr'><strong>ﬁrmiorem</strong></span> <span class='ocrx_word' id='word_1_373' title='bbox 1423 4971 1797 5032; x_wconf 84' lang='lat' dir='ltr'><strong>propheticum</strong></span> <span class='ocrx_word' id='word_1_374' title='bbox 1828 4988 2037 5028; x_wconf 88' lang='lat' dir='ltr'><strong>sermo-</strong></span> 
     </span>
    </p>
   </div>
   <div class='ocr_carea' id='block_1_53' title="bbox 2064 4466 2122 4526">
    <p class='ocr_par' dir='ltr' id='par_1_53' title="bbox 2064 4466 2122 4526">
     <span class='ocr_line' id='line_1_53' title="bbox 2064 4466 2122 4526; baseline 0 0"><span class='ocrx_word' id='word_1_375' title='bbox 2064 4466 2122 4526; x_wconf 88' lang='lat' dir='ltr'><strong><em>D</em></strong></span> 
     </span>
    </p>
   </div>
   <div class='ocr_carea' id='block_1_54' title="bbox 2259 573 3773 659">
    <p class='ocr_par' dir='ltr' id='par_1_54' title="bbox 2259 573 3773 659">
     <span class='ocr_line' id='line_1_54' title="bbox 2259 573 3773 659; baseline 0.014 -30"><span class='ocrx_word' id='word_1_376' title='bbox 2259 573 2370 631; x_wconf 85' lang='lat' dir='ltr'><strong>Nec</strong></span> <span class='ocrx_word' id='word_1_377' title='bbox 2421 576 2689 635; x_wconf 90' lang='lat' dir='ltr'><strong>immerito</strong></span> <span class='ocrx_word' id='word_1_378' title='bbox 2733 581 2996 638; x_wconf 69' lang='lat' dir='ltr'><strong>eolumnm</strong></span> <span class='ocrx_word' id='word_1_379' title='bbox 3050 598 3353 657; x_wconf 56' lang='lat' dir='ltr'><strong>argenteze,</strong></span> <span class='ocrx_word' id='word_1_380' title='bbox 3407 590 3595 659; x_wconf 81' lang='lat' dir='ltr'><strong>paxilli</strong></span> <span class='ocrx_word' id='word_1_381' title='bbox 3647 608 3773 650; x_wconf 86' lang='lat' dir='ltr'><strong>vero</strong></span> 
     </span>
    </p>
   </div>
   <div class='ocr_carea' id='block_1_55' title="bbox 2185 664 3768 752">
    <p class='ocr_par' dir='ltr' id='par_1_55' title="bbox 2185 664 3768 752">
     <span class='ocr_line' id='line_1_55' title="bbox 2185 664 3768 752; baseline 0.011 -31"><span class='ocrx_word' id='word_1_382' title='bbox 2185 667 2312 721; x_wconf 67' lang='lat' dir='ltr'><strong>terei</strong></span> <span class='ocrx_word' id='word_1_383' title='bbox 2344 664 2472 723; x_wconf 81' lang='lat' dir='ltr'><strong>facti</strong></span> <span class='ocrx_word' id='word_1_384' title='bbox 2501 679 2664 736; x_wconf 88' lang='lat' dir='ltr'><strong>sunt;</strong></span> <span class='ocrx_word' id='word_1_385' title='bbox 2696 671 2821 741; x_wconf 91' lang='lat' dir='ltr'><strong>quia</strong></span> <span class='ocrx_word' id='word_1_386' title='bbox 2849 675 2993 742; x_wconf 90' lang='lat' dir='ltr'><strong>quod</strong></span> <span class='ocrx_word' id='word_1_387' title='bbox 3026 675 3171 731; x_wconf 88' lang='lat' dir='ltr'><strong>clare</strong></span> <span class='ocrx_word' id='word_1_388' title='bbox 3214 675 3326 746; x_wconf 79' lang='lat' dir='ltr'><strong>jam</strong></span> <span class='ocrx_word' id='word_1_389' title='bbox 3366 682 3601 750; x_wconf 83' lang='lat' dir='ltr'><strong>apostoli</strong></span> <span class='ocrx_word' id='word_1_390' title='bbox 3632 698 3768 752; x_wconf 70' lang='lat' dir='ltr'><strong>prte-</strong></span> 
     </span>
    </p>
   </div>
   <div class='ocr_carea' id='block_1_56' title="bbox 2186 756 3771 843">
    <p class='ocr_par' dir='ltr' id='par_1_56' title="bbox 2186 756 3771 843">
     <span class='ocr_line' id='line_1_56' title="bbox 2186 756 3771 843; baseline 0.013 -33"><span class='ocrx_word' id='word_1_391' title='bbox 2186 756 2389 843; x_wconf 87' lang='lat' dir='ltr'><strong>dicant,</strong></span> <span class='ocrx_word' id='word_1_392' title='bbox 2415 760 2518 815; x_wconf 89' lang='lat' dir='ltr'><strong>hoc</strong></span> <span class='ocrx_word' id='word_1_393' title='bbox 2539 763 2818 832; x_wconf 73' lang='lat' dir='ltr'><strong>prophetae</strong></span> <span class='ocrx_word' id='word_1_394' title='bbox 2849 764 2949 820; x_wconf 90' lang='lat' dir='ltr'><strong>sub</strong></span> <span class='ocrx_word' id='word_1_395' title='bbox 2981 767 3254 824; x_wconf 89' lang='lat' dir='ltr'><strong>intellectu</strong></span> <span class='ocrx_word' id='word_1_396' title='bbox 3288 766 3520 843; x_wconf 75' lang='lat' dir='ltr'><strong>mystico</strong></span> <span class='ocrx_word' id='word_1_397' title='bbox 3540 777 3771 832; x_wconf 88' lang='lat' dir='ltr'><strong>obscure</strong></span> 
     </span>
    </p>
   </div>
   <div class='ocr_carea' id='block_1_57' title="bbox 2183 842 3769 936">
    <p class='ocr_par' dir='ltr' id='par_1_57' title="bbox 2183 842 3769 936">
     <span class='ocr_line' id='line_1_57' title="bbox 2183 842 3769 936; baseline 0.014 -37"><span class='ocrx_word' id='word_1_398' title='bbox 2183 842 2350 904; x_wconf 89' lang='lat' dir='ltr'><strong>locuti</strong></span> <span class='ocrx_word' id='word_1_399' title='bbox 2394 856 2539 904; x_wconf 90' lang='lat' dir='ltr'><strong>sunt.</strong></span> <span class='ocrx_word' id='word_1_400' title='bbox 2586 850 2754 907; x_wconf 81' lang='lat' dir='ltr'><strong>Recte</strong></span> <span class='ocrx_word' id='word_1_401' title='bbox 2800 869 2930 910; x_wconf 89' lang='lat' dir='ltr'><strong>vero</strong></span> <span class='ocrx_word' id='word_1_402' title='bbox 2978 872 3077 926; x_wconf 90' lang='lat' dir='ltr'><strong>per</strong></span> <span class='ocrx_word' id='word_1_403' title='bbox 3104 859 3230 913; x_wconf 85' lang='lat' dir='ltr'><strong>aeris</strong></span> <span class='ocrx_word' id='word_1_404' title='bbox 3265 842 3541 916; x_wconf 79' lang='lat' dir='ltr'><strong>metallum</strong></span> <span class='ocrx_word' id='word_1_405' title='bbox 3573 865 3769 936; x_wconf 68' lang='lat' dir='ltr'><strong>signati</strong></span> 
     </span>
    </p>
   </div>
   <div class='ocr_carea' id='block_1_58' title="bbox 2183 938 3765 1023">
    <p class='ocr_par' dir='ltr' id='par_1_58' title="bbox 2183 938 3765 1023">
     <span class='ocr_line' id='line_1_58' title="bbox 2183 938 3765 1023; baseline 0.011 -30"><span class='ocrx_word' id='word_1_406' title='bbox 2183 944 2332 1003; x_wconf 78' lang='lat' dir='ltr'><strong>81ml,</strong></span> <span class='ocrx_word' id='word_1_407' title='bbox 2369 938 2463 1009; x_wconf 91' lang='lat' dir='ltr'><strong>qui</strong></span> <span class='ocrx_word' id='word_1_408' title='bbox 2485 939 2619 995; x_wconf 89' lang='lat' dir='ltr'><strong>clari</strong></span> <span class='ocrx_word' id='word_1_409' title='bbox 2648 942 2702 995; x_wconf 92' lang='lat' dir='ltr'><strong>in</strong></span> <span class='ocrx_word' id='word_1_410' title='bbox 2728 944 2842 998; x_wconf 90' lang='lat' dir='ltr'><strong>suis</strong></span> <span class='ocrx_word' id='word_1_411' title='bbox 2875 946 3346 1016; x_wconf 73' lang='lat' dir='ltr'><strong>prtedicationibus</strong></span> <span class='ocrx_word' id='word_1_412' title='bbox 3382 967 3489 1006; x_wconf 88' lang='lat' dir='ltr'><strong>non</strong></span> <span class='ocrx_word' id='word_1_413' title='bbox 3518 952 3765 1023; x_wconf 78' lang='lat' dir='ltr'><strong>fuerunt;</strong></span> 
     </span>
    </p>
   </div>
   <div class='ocr_carea' id='block_1_59' title="bbox 2183 1033 3767 1117">
    <p class='ocr_par' dir='ltr' id='par_1_59' title="bbox 2183 1033 3767 1117">
     <span class='ocr_line' id='line_1_59' title="bbox 2183 1033 3767 1117; baseline 0.012 -30"><span class='ocrx_word' id='word_1_414' title='bbox 2183 1033 2354 1087; x_wconf 86' lang='lat' dir='ltr'><strong>sancti</strong></span> <span class='ocrx_word' id='word_1_415' title='bbox 2384 1048 2516 1090; x_wconf 86' lang='lat' dir='ltr'><strong>vero</strong></span> <span class='ocrx_word' id='word_1_416' title='bbox 2555 1038 2820 1105; x_wconf 86' lang='lat' dir='ltr'><strong>apostoli,</strong></span> <span class='ocrx_word' id='word_1_417' title='bbox 2862 1040 2987 1110; x_wconf 90' lang='lat' dir='ltr'><strong>quia</strong></span> <span class='ocrx_word' id='word_1_418' title='bbox 3043 1042 3109 1097; x_wconf 87' lang='lat' dir='ltr'><strong>de</strong></span> <span class='ocrx_word' id='word_1_419' title='bbox 3162 1044 3544 1117; x_wconf 83' lang='lat' dir='ltr'><strong>Redemptoris</strong></span> <span class='ocrx_word' id='word_1_420' title='bbox 3595 1050 3767 1107; x_wconf 83' lang='lat' dir='ltr'><strong>nostri</strong></span> 
     </span>
    </p>
   </div>
   <div class='ocr_carea' id='block_1_60' title="bbox 2181 1124 3763 1209">
    <p class='ocr_par' dir='ltr' id='par_1_60' title="bbox 2181 1124 3763 1209">
     <span class='ocr_line' id='line_1_60' title="bbox 2181 1124 3763 1209; baseline 0.013 -35"><span class='ocrx_word' id='word_1_421' title='bbox 2181 1124 2442 1194; x_wconf 76' lang='lat' dir='ltr'><strong>mysterio</strong></span> <span class='ocrx_word' id='word_1_422' title='bbox 2472 1124 2645 1182; x_wconf 89' lang='lat' dir='ltr'><strong>lucem</strong></span> <span class='ocrx_word' id='word_1_423' title='bbox 2672 1131 3070 1200; x_wconf 77' lang='lat' dir='ltr'><strong>przedicationis</strong></span> <span class='ocrx_word' id='word_1_424' title='bbox 3112 1135 3454 1206; x_wconf 89' lang='lat' dir='ltr'><strong>habuerunt,</strong></span> <span class='ocrx_word' id='word_1_425' title='bbox 3491 1141 3763 1209; x_wconf 81' lang='lat' dir='ltr'><strong>argenteis</strong></span> 
     </span>
    </p>
   </div>
   <div class='ocr_carea' id='block_1_61' title="bbox 2181 1211 3761 1300">
    <p class='ocr_par' dir='ltr' id='par_1_61' title="bbox 2181 1211 3761 1300">
     <span class='ocr_line' id='line_1_61' title="bbox 2181 1211 3761 1300; baseline 0.013 -36"><span class='ocrx_word' id='word_1_426' title='bbox 2181 1211 2446 1270; x_wconf 90' lang='lat' dir='ltr'><strong>columnis</strong></span> <span class='ocrx_word' id='word_1_427' title='bbox 2476 1218 2717 1286; x_wconf 83' lang='lat' dir='ltr'><strong>expressi</strong></span> <span class='ocrx_word' id='word_1_428' title='bbox 2743 1228 2889 1274; x_wconf 91' lang='lat' dir='ltr'><strong>sunt.</strong></span> <span class='ocrx_word' id='word_1_429' title='bbox 2937 1221 3002 1276; x_wconf 87' lang='lat' dir='ltr'><strong>Et</strong></span> <span class='ocrx_word' id='word_1_430' title='bbox 3054 1227 3348 1280; x_wconf 88' lang='lat' dir='ltr'><strong>notandum</strong></span> <span class='ocrx_word' id='word_1_431' title='bbox 3391 1230 3536 1298; x_wconf 91' lang='lat' dir='ltr'><strong>quod</strong></span> <span class='ocrx_word' id='word_1_432' title='bbox 3569 1246 3761 1300; x_wconf 78' lang='lat' dir='ltr'><strong>argen-</strong></span> 
     </span>
    </p>
   </div>
   <div class='ocr_carea' id='block_1_62' title="bbox 2180 1307 3756 1387">
    <p class='ocr_par' dir='ltr' id='par_1_62' title="bbox 2180 1307 3756 1387">
     <span class='ocr_line' id='line_1_62' title="bbox 2180 1307 3756 1387; baseline 0.013 -31"><span class='ocrx_word' id='word_1_433' title='bbox 2180 1308 2293 1356; x_wconf 90' lang='lat' dir='ltr'><strong>tum</strong></span> <span class='ocrx_word' id='word_1_434' title='bbox 2328 1316 2488 1361; x_wconf 90' lang='lat' dir='ltr'><strong>sonat</strong></span> <span class='ocrx_word' id='word_1_435' title='bbox 2519 1317 2575 1361; x_wconf 89' lang='lat' dir='ltr'><strong>et</strong></span> <span class='ocrx_word' id='word_1_436' title='bbox 2622 1307 2798 1377; x_wconf 90' lang='lat' dir='ltr'><strong>lucet;</strong></span> <span class='ocrx_word' id='word_1_437' title='bbox 2844 1326 2918 1366; x_wconf 81' lang='lat' dir='ltr'><strong>aes</strong></span> <span class='ocrx_word' id='word_1_438' title='bbox 2951 1327 3080 1367; x_wconf 82' lang='lat' dir='ltr'><strong>vero</strong></span> <span class='ocrx_word' id='word_1_439' title='bbox 3128 1326 3303 1382; x_wconf 92' lang='lat' dir='ltr'><strong>sonat,</strong></span> <span class='ocrx_word' id='word_1_440' title='bbox 3346 1328 3399 1372; x_wconf 90' lang='lat' dir='ltr'><strong>et</strong></span> <span class='ocrx_word' id='word_1_441' title='bbox 3430 1334 3537 1373; x_wconf 93' lang='lat' dir='ltr'><strong>non</strong></span> <span class='ocrx_word' id='word_1_442' title='bbox 3575 1318 3756 1387; x_wconf 87' lang='lat' dir='ltr'><strong>lucet;</strong></span> 
     </span>
    </p>
   </div>
   <div class='ocr_carea' id='block_1_63' title="bbox 2178 1395 3759 1480">
    <p class='ocr_par' dir='ltr' id='par_1_63' title="bbox 2178 1395 3759 1480">
     <span class='ocr_line' id='line_1_63' title="bbox 2178 1395 3759 1480; baseline 0.013 -33"><span class='ocrx_word' id='word_1_443' title='bbox 2178 1395 2303 1464; x_wconf 87' lang='lat' dir='ltr'><strong>quia</strong></span> <span class='ocrx_word' id='word_1_444' title='bbox 2347 1398 2735 1467; x_wconf 78' lang='lat' dir='ltr'><strong>praedicatores</strong></span> <span class='ocrx_word' id='word_1_445' title='bbox 2802 1401 2939 1458; x_wconf 80' lang='lat' dir='ltr'><strong>Novi</strong></span> <span class='ocrx_word' id='word_1_446' title='bbox 2986 1405 3321 1463; x_wconf 80' lang='lat' dir='ltr'><strong>Testamenti</strong></span> <span class='ocrx_word' id='word_1_447' title='bbox 3369 1422 3557 1480; x_wconf 88' lang='lat' dir='ltr'><strong>aperte</strong></span> <span class='ocrx_word' id='word_1_448' title='bbox 3594 1412 3759 1468; x_wconf 80' lang='lat' dir='ltr'><strong>locuti</strong></span> 
     </span>
    </p>
   </div>
   <div class='ocr_carea' id='block_1_64' title="bbox 2178 1490 3761 1564">
    <p class='ocr_par' dir='ltr' id='par_1_64' title="bbox 2178 1490 3761 1564">
     <span class='ocr_line' id='line_1_64' title="bbox 2178 1490 3761 1564; baseline 0.013 -26"><span class='ocrx_word' id='word_1_449' title='bbox 2178 1493 2306 1539; x_wconf 93' lang='lat' dir='ltr'><strong>sunt</strong></span> <span class='ocrx_word' id='word_1_450' title='bbox 2331 1502 2452 1557; x_wconf 70' lang='lat' dir='ltr'><strong>qua:</strong></span> <span class='ocrx_word' id='word_1_451' title='bbox 2481 1490 2642 1543; x_wconf 89' lang='lat' dir='ltr'><strong>etiam</strong></span> <span class='ocrx_word' id='word_1_452' title='bbox 2671 1501 2977 1549; x_wconf 88' lang='lat' dir='ltr'><strong>monstrare</strong></span> <span class='ocrx_word' id='word_1_453' title='bbox 3023 1504 3334 1564; x_wconf 91' lang='lat' dir='ltr'><strong>potuerunt.</strong></span> <span class='ocrx_word' id='word_1_454' title='bbox 3366 1497 3761 1558; x_wconf 77' lang='lat' dir='ltr'><strong>Prredicatores</strong></span> 
     </span>
    </p>
   </div>
   <div class='ocr_carea' id='block_1_65' title="bbox 2178 1575 3758 1662">
    <p class='ocr_par' dir='ltr' id='par_1_65' title="bbox 2178 1575 3758 1662">
     <span class='ocr_line' id='line_1_65' title="bbox 2178 1575 3758 1662; baseline 0.013 -34"><span class='ocrx_word' id='word_1_455' title='bbox 2178 1589 2306 1630; x_wconf 86' lang='lat' dir='ltr'><strong>vero</strong></span> <span class='ocrx_word' id='word_1_456' title='bbox 2355 1575 2684 1635; x_wconf 85' lang='lat' dir='ltr'><strong>Testamenti</strong></span> <span class='ocrx_word' id='word_1_457' title='bbox 2744 1580 2992 1648; x_wconf 78' lang='lat' dir='ltr'><strong>Veteris,</strong></span> <span class='ocrx_word' id='word_1_458' title='bbox 3021 1586 3173 1657; x_wconf 79' lang='lat' dir='ltr'><strong>&#39;quia</strong></span> <span class='ocrx_word' id='word_1_459' title='bbox 3225 1602 3325 1658; x_wconf 89' lang='lat' dir='ltr'><strong>per</strong></span> <span class='ocrx_word' id='word_1_460' title='bbox 3376 1590 3758 1662; x_wconf 77' lang='lat' dir='ltr'><strong>allegoriarum</strong></span> 
     </span>
    </p>
   </div>
   <div class='ocr_carea' id='block_1_66' title="bbox 2179 1665 3756 1752">
    <p class='ocr_par' dir='ltr' id='par_1_66' title="bbox 2179 1665 3756 1752">
     <span class='ocr_line' id='line_1_66' title="bbox 2179 1665 3756 1752; baseline 0.013 -33"><span class='ocrx_word' id='word_1_461' title='bbox 2179 1665 2400 1723; x_wconf 89' lang='lat' dir='ltr'><strong>umbras</strong></span> <span class='ocrx_word' id='word_1_462' title='bbox 2434 1667 2501 1723; x_wconf 90' lang='lat' dir='ltr'><strong>de</strong></span> <span class='ocrx_word' id='word_1_463' title='bbox 2540 1671 2750 1726; x_wconf 74' lang='lat' dir='ltr'><strong>cmlesti</strong></span> <span class='ocrx_word' id='word_1_464' title='bbox 2781 1675 3041 1744; x_wconf 81' lang='lat' dir='ltr'><strong>mysterio</strong></span> <span class='ocrx_word' id='word_1_465' title='bbox 3078 1678 3310 1732; x_wconf 91' lang='lat' dir='ltr'><strong>obscura</strong></span> <span class='ocrx_word' id='word_1_466' title='bbox 3346 1680 3490 1737; x_wconf 90' lang='lat' dir='ltr'><strong>dicta</strong></span> <span class='ocrx_word' id='word_1_467' title='bbox 3518 1683 3756 1752; x_wconf 84' lang='lat' dir='ltr'><strong>protule-</strong></span> 
     </span>
    </p>
   </div>
   <div class='ocr_carea' id='block_1_67' title="bbox 2174 1759 3753 1843">
    <p class='ocr_par' dir='ltr' id='par_1_67' title="bbox 2174 1759 3753 1843">
     <span class='ocr_line' id='line_1_67' title="bbox 2174 1759 3753 1843; baseline 0.011 -34"><span class='ocrx_word' id='word_1_468' title='bbox 2174 1764 2316 1817; x_wconf 84' lang='lat' dir='ltr'><strong>runt,</strong></span> <span class='ocrx_word' id='word_1_469' title='bbox 2352 1759 2506 1826; x_wconf 85' lang='lat' dir='ltr'><strong>quasi</strong></span> <span class='ocrx_word' id='word_1_470' title='bbox 2549 1760 2667 1816; x_wconf 90' lang='lat' dir='ltr'><strong>sine</strong></span> <span class='ocrx_word' id='word_1_471' title='bbox 2692 1761 2811 1818; x_wconf 93' lang='lat' dir='ltr'><strong>luce</strong></span> <span class='ocrx_word' id='word_1_472' title='bbox 2854 1766 3087 1820; x_wconf 88' lang='lat' dir='ltr'><strong>sonitum</strong></span> <span class='ocrx_word' id='word_1_473' title='bbox 3115 1768 3412 1834; x_wconf 84' lang='lat' dir='ltr'><strong>dederunt;</strong></span> <span class='ocrx_word' id='word_1_474' title='bbox 3443 1786 3753 1843; x_wconf 90' lang='lat' dir='ltr'><strong>quanquam</strong></span> 
     </span>
    </p>
   </div>
   <div class='ocr_carea' id='block_1_68' title="bbox 2170 1850 3759 1934">
    <p class='ocr_par' dir='ltr' id='par_1_68' title="bbox 2170 1850 3759 1934">
     <span class='ocr_line' id='line_1_68' title="bbox 2170 1850 3759 1934; baseline 0.009 -31"><span class='ocrx_word' id='word_1_475' title='bbox 2170 1863 2246 1904; x_wconf 70' lang='lat' dir='ltr'><strong>trs</strong></span> <span class='ocrx_word' id='word_1_476' title='bbox 2285 1857 2340 1902; x_wconf 86' lang='lat' dir='ltr'><strong>et</strong></span> <span class='ocrx_word' id='word_1_477' title='bbox 2379 1850 2580 1906; x_wconf 88' lang='lat' dir='ltr'><strong>sanctis</strong></span> <span class='ocrx_word' id='word_1_478' title='bbox 2632 1852 2920 1923; x_wconf 89' lang='lat' dir='ltr'><strong>aliquando</strong></span> <span class='ocrx_word' id='word_1_479' title='bbox 2946 1871 3247 1928; x_wconf 86' lang='lat' dir='ltr'><strong>congruere</strong></span> <span class='ocrx_word' id='word_1_480' title='bbox 3284 1862 3589 1930; x_wconf 88' lang='lat' dir='ltr'><strong>reperiatur</strong></span> <span class='ocrx_word' id='word_1_481' title='bbox 3628 1878 3759 1934; x_wconf 82' lang='lat' dir='ltr'><strong>apo-</strong></span> 
     </span>
    </p>
   </div>
   <div class='ocr_carea' id='block_1_69' title="bbox 2169 1940 3753 2024">
    <p class='ocr_par' dir='ltr' id='par_1_69' title="bbox 2169 1940 3753 2024">
     <span class='ocr_line' id='line_1_69' title="bbox 2169 1940 3753 2024; baseline 0.011 -31"><span class='ocrx_word' id='word_1_482' title='bbox 2169 1940 2342 1995; x_wconf 90' lang='lat' dir='ltr'><strong>stolis.</strong></span> <span class='ocrx_word' id='word_1_483' title='bbox 2379 1940 2453 1996; x_wconf 91' lang='lat' dir='ltr'><strong>De</strong></span> <span class='ocrx_word' id='word_1_484' title='bbox 2508 1944 2707 2013; x_wconf 83' lang='lat' dir='ltr'><strong>quibus</strong></span> <span class='ocrx_word' id='word_1_485' title='bbox 2745 1947 2845 2000; x_wconf 89' lang='lat' dir='ltr'><strong>sub</strong></span> <span class='ocrx_word' id='word_1_486' title='bbox 2884 1947 3020 2002; x_wconf 84' lang='lat' dir='ltr'><strong>Aser</strong></span> <span class='ocrx_word' id='word_1_487' title='bbox 3064 1950 3246 2019; x_wconf 82' lang='lat' dir='ltr'><strong>Specie</strong></span> <span class='ocrx_word' id='word_1_488' title='bbox 3289 1967 3388 2021; x_wconf 87' lang='lat' dir='ltr'><strong>per</strong></span> <span class='ocrx_word' id='word_1_489' title='bbox 3433 1952 3653 2024; x_wconf 77' lang='lat' dir='ltr'><strong>Moysen</strong></span> <span class='ocrx_word' id='word_1_490' title='bbox 3697 1957 3753 2010; x_wconf 92' lang='lat' dir='ltr'><strong>in</strong></span> 
     </span>
    </p>
   </div>
   <div class='ocr_carea' id='block_1_70' title="bbox 2168 2038 3749 2107">
    <p class='ocr_par' dir='ltr' id='par_1_70' title="bbox 2168 2038 3749 2107">
     <span class='ocr_line' id='line_1_70' title="bbox 2168 2038 3749 2107; baseline 0.01 -15"><span class='ocrx_word' id='word_1_491' title='bbox 2168 2038 2590 2096; x_wconf 89' lang='lat' dir='ltr'><strong>Deuteronomio</strong></span> <span class='ocrx_word' id='word_1_492' title='bbox 2616 2044 2851 2098; x_wconf 86' lang='lat' dir='ltr'><strong>dicitur:</strong></span> <span class='ocrx_word' id='word_1_493' title='bbox 2890 2065 2907 2097; x_wconf 77' lang='grc' dir='ltr'><strong>ι</strong></span> <span class='ocrx_word' id='word_1_494' title='bbox 2943 2045 3169 2103; x_wconf 81' lang='lat' dir='ltr'><strong>Ferrum</strong></span> <span class='ocrx_word' id='word_1_495' title='bbox 3226 2058 3277 2104; x_wconf 91' lang='lat' dir='ltr'><strong>et</strong></span> <span class='ocrx_word' id='word_1_496' title='bbox 3304 2066 3379 2106; x_wconf 73' lang='lat' dir='ltr'><strong>tes</strong></span> <span class='ocrx_word' id='word_1_497' title='bbox 3410 2050 3749 2107; x_wconf 86' lang='lat' dir='ltr'><strong>calceamen-</strong></span> 
     </span>
    </p>
   </div>
   <div class='ocr_carea' id='block_1_71' title="bbox 2168 2131 3747 2214">
    <p class='ocr_par' dir='ltr' id='par_1_71' title="bbox 2168 2131 3747 2214">
     <span class='ocr_line' id='line_1_71' title="bbox 2168 2131 3747 2214; baseline 0.009 -29"><span class='ocrx_word' id='word_1_498' title='bbox 2168 2139 2280 2187; x_wconf 92' lang='lat' dir='ltr'><strong>tum</strong></span> <span class='ocrx_word' id='word_1_499' title='bbox 2311 2131 2427 2201; x_wconf 87' lang='lat' dir='ltr'><strong>ejus</strong></span> <span class='ocrx_word' id='word_1_500' title='bbox 2455 2134 2633 2204; x_wconf 85' lang='lat' dir='ltr'><strong>(Deut.</strong></span> <span class='ocrx_word' id='word_1_501' title='bbox 2667 2136 2885 2209; x_wconf 66' lang='grc' dir='ltr'><strong>χχχιιι).</strong></span> <span class='ocrx_word' id='word_1_502' title='bbox 2930 2158 2948 2190; x_wconf 76' lang='grc' dir='ltr'><strong>ι</strong></span> <span class='ocrx_word' id='word_1_503' title='bbox 2990 2138 3426 2197; x_wconf 84' lang='lat' dir='ltr'><strong>Calceamentum</strong></span> <span class='ocrx_word' id='word_1_504' title='bbox 3453 2144 3650 2214; x_wconf 90' lang='lat' dir='ltr'><strong>quippe</strong></span> <span class='ocrx_word' id='word_1_505' title='bbox 3694 2146 3747 2199; x_wconf 90' lang='lat' dir='ltr'><strong>in</strong></span> 
     </span>
    </p>
   </div>
   <div class='ocr_carea' id='block_1_72' title="bbox 2167 2223 3750 2305">
    <p class='ocr_par' dir='ltr' id='par_1_72' title="bbox 2167 2223 3750 2305">
     <span class='ocr_line' id='line_1_72' title="bbox 2167 2223 3750 2305; baseline 0.006 -27"><span class='ocrx_word' id='word_1_506' title='bbox 2167 2223 2445 2295; x_wconf 87' lang='lat' dir='ltr'><strong>Scriptura</strong></span> <span class='ocrx_word' id='word_1_507' title='bbox 2487 2243 2641 2282; x_wconf 87' lang='lat' dir='ltr'><strong>sacra</strong></span> <span class='ocrx_word' id='word_1_508' title='bbox 2678 2229 3069 2285; x_wconf 81' lang='lat' dir='ltr'><strong>munimentum</strong></span> <span class='ocrx_word' id='word_1_509' title='bbox 3112 2234 3512 2301; x_wconf 70' lang='lat' dir='ltr'><strong>prmtlicatiottis</strong></span> <span class='ocrx_word' id='word_1_510' title='bbox 3553 2237 3750 2305; x_wconf 85' lang='lat' dir='ltr'><strong>accipi-</strong></span> 
     </span>
    </p>
   </div>
   <div class='ocr_carea' id='block_1_73' title="bbox 2168 2316 3749 2397">
    <p class='ocr_par' dir='ltr' id='par_1_73' title="bbox 2168 2316 3749 2397">
     <span class='ocr_line' id='line_1_73' title="bbox 2168 2316 3749 2397; baseline 0.01 -28"><span class='ocrx_word' id='word_1_511' title='bbox 2168 2325 2274 2380; x_wconf 90' lang='lat' dir='ltr'><strong>tur,</strong></span> <span class='ocrx_word' id='word_1_512' title='bbox 2306 2316 2727 2388; x_wconf 90' lang='lat' dir='ltr'><strong>sicutscriptum</strong></span> <span class='ocrx_word' id='word_1_513' title='bbox 2773 2329 2894 2377; x_wconf 92' lang='lat' dir='ltr'><strong>est:</strong></span> <span class='ocrx_word' id='word_1_514' title='bbox 2933 2342 2952 2374; x_wconf 76' lang='grc' dir='ltr'><strong>ι</strong></span> <span class='ocrx_word' id='word_1_515' title='bbox 2981 2322 3217 2379; x_wconf 88' lang='lat' dir='ltr'><strong>Calceati</strong></span> <span class='ocrx_word' id='word_1_516' title='bbox 3248 2327 3412 2396; x_wconf 85' lang='lat' dir='ltr'><strong>pedes</strong></span> <span class='ocrx_word' id='word_1_517' title='bbox 3459 2325 3512 2380; x_wconf 93' lang='lat' dir='ltr'><strong>in</strong></span> <span class='ocrx_word' id='word_1_518' title='bbox 3554 2326 3749 2397; x_wconf 74' lang='lat' dir='ltr'><strong>praedi-</strong></span> 
     </span>
    </p>
   </div>
   <div class='ocr_carea' id='block_1_74' title="bbox 2164 2410 3749 2494">
    <p class='ocr_par' dir='ltr' id='par_1_74' title="bbox 2164 2410 3749 2494">
     <span class='ocr_line' id='line_1_74' title="bbox 2164 2410 3749 2494; baseline 0.009 -31"><span class='ocrx_word' id='word_1_519' title='bbox 2164 2410 2379 2465; x_wconf 86' lang='lat' dir='ltr'><strong>catione</strong></span> <span class='ocrx_word' id='word_1_520' title='bbox 2409 2411 2685 2484; x_wconf 80' lang='lat' dir='ltr'><strong>Evangelii</strong></span> <span class='ocrx_word' id='word_1_521' title='bbox 2714 2416 2864 2485; x_wconf 89' lang='lat' dir='ltr'><strong>pacis</strong></span> <span class='ocrx_word' id='word_1_522' title='bbox 2900 2416 3116 2489; x_wconf 77' lang='lat' dir='ltr'><strong>(Ephes.</strong></span> <span class='ocrx_word' id='word_1_523' title='bbox 3148 2420 3244 2489; x_wconf 85' lang='lat' dir='ltr'><strong>vt).</strong></span> <span class='ocrx_word' id='word_1_524' title='bbox 3279 2441 3297 2473; x_wconf 74' lang='grc' dir='ltr'><strong>ι</strong></span> <span class='ocrx_word' id='word_1_525' title='bbox 3330 2419 3468 2487; x_wconf 87' lang='lat' dir='ltr'><strong>Quia</strong></span> <span class='ocrx_word' id='word_1_526' title='bbox 3496 2437 3627 2494; x_wconf 81' lang='lat' dir='ltr'><strong>ergo</strong></span> <span class='ocrx_word' id='word_1_527' title='bbox 3650 2436 3749 2492; x_wconf 83' lang='lat' dir='ltr'><strong>per</strong></span> 
     </span>
    </p>
   </div>
   <div class='ocr_carea' id='block_1_75' title="bbox 2165 2499 3746 2584">
    <p class='ocr_par' dir='ltr' id='par_1_75' title="bbox 2165 2499 3746 2584">
     <span class='ocr_line' id='line_1_75' title="bbox 2165 2499 3746 2584; baseline 0.01 -31"><span class='ocrx_word' id='word_1_528' title='bbox 2165 2499 2369 2555; x_wconf 89' lang='lat' dir='ltr'><strong>l&#39;errum</strong></span> <span class='ocrx_word' id='word_1_529' title='bbox 2399 2502 2597 2569; x_wconf 86' lang='lat' dir='ltr'><strong>virtus,</strong></span> <span class='ocrx_word' id='word_1_530' title='bbox 2644 2520 2740 2575; x_wconf 91' lang='lat' dir='ltr'><strong>per</strong></span> <span class='ocrx_word' id='word_1_531' title='bbox 2762 2523 2836 2561; x_wconf 72' lang='lat' dir='ltr'><strong>aes</strong></span> <span class='ocrx_word' id='word_1_532' title='bbox 2865 2517 3043 2564; x_wconf 89' lang='lat' dir='ltr'><strong>autem</strong></span> <span class='ocrx_word' id='word_1_533' title='bbox 3072 2513 3479 2580; x_wconf 85' lang='lat' dir='ltr'><strong>perseverantia</strong></span> <span class='ocrx_word' id='word_1_534' title='bbox 3507 2513 3746 2584; x_wconf 77' lang='lat' dir='ltr'><strong>longani-</strong></span> 
     </span>
    </p>
   </div>
   <div class='ocr_carea' id='block_1_76' title="bbox 2164 2594 3743 2674">
    <p class='ocr_par' dir='ltr' id='par_1_76' title="bbox 2164 2594 3743 2674">
     <span class='ocr_line' id='line_1_76' title="bbox 2164 2594 3743 2674; baseline 0.009 -28"><span class='ocrx_word' id='word_1_535' title='bbox 2164 2594 2371 2650; x_wconf 90' lang='lat' dir='ltr'><strong>mitalis</strong></span> <span class='ocrx_word' id='word_1_536' title='bbox 2415 2596 2766 2667; x_wconf 86' lang='lat' dir='ltr'><strong>exprimitur;</strong></span> <span class='ocrx_word' id='word_1_537' title='bbox 2816 2598 3043 2667; x_wconf 86' lang='lat' dir='ltr'><strong>l&#39;errum,</strong></span> <span class='ocrx_word' id='word_1_538' title='bbox 3084 2602 3245 2672; x_wconf 74' lang='lat'><strong>212</strong></span> <span class='ocrx_word' id='word_1_539' title='bbox 3275 2612 3330 2658; x_wconf 89' lang='lat' dir='ltr'><strong>et</strong></span> <span class='ocrx_word' id='word_1_540' title='bbox 3372 2619 3449 2658; x_wconf 77' lang='lat' dir='ltr'><strong>trs</strong></span> <span class='ocrx_word' id='word_1_541' title='bbox 3485 2604 3743 2674; x_wconf 83' lang='lat' dir='ltr'><strong>apostolo-</strong></span> 
     </span>
    </p>
   </div>
   <div class='ocr_carea' id='block_1_77' title="bbox 2162 2684 3745 2758">
    <p class='ocr_par' dir='ltr' id='par_1_77' title="bbox 2162 2684 3745 2758">
     <span class='ocr_line' id='line_1_77' title="bbox 2162 2684 3745 2758; baseline 0.008 -21"><span class='ocrx_word' id='word_1_542' title='bbox 2162 2699 2280 2738; x_wconf 89' lang='lat' dir='ltr'><strong>rum</strong></span> <span class='ocrx_word' id='word_1_543' title='bbox 2311 2684 2510 2740; x_wconf 90' lang='lat' dir='ltr'><strong>dicitur</strong></span> <span class='ocrx_word' id='word_1_544' title='bbox 2534 2703 2652 2742; x_wconf 90' lang='lat' dir='ltr'><strong>esse</strong></span> <span class='ocrx_word' id='word_1_545' title='bbox 2678 2689 3124 2757; x_wconf 86' lang='lat' dir='ltr'><strong>calceamentnm,</strong></span> <span class='ocrx_word' id='word_1_546' title='bbox 3168 2708 3269 2747; x_wconf 88' lang='lat' dir='ltr'><strong>nec</strong></span> <span class='ocrx_word' id='word_1_547' title='bbox 3301 2709 3406 2758; x_wconf 88' lang='lat' dir='ltr'><strong>non</strong></span> <span class='ocrx_word' id='word_1_548' title='bbox 3435 2705 3491 2749; x_wconf 92' lang='lat' dir='ltr'><strong>et</strong></span> <span class='ocrx_word' id='word_1_549' title='bbox 3531 2710 3745 2749; x_wconf 86' lang='lat' dir='ltr'><strong>saneto-</strong></span> 
     </span>
    </p>
   </div>
   <div class='ocr_carea' id='block_1_78' title="bbox 2162 2777 3741 2849">
    <p class='ocr_par' dir='ltr' id='par_1_78' title="bbox 2162 2777 3741 2849">
     <span class='ocr_line' id='line_1_78' title="bbox 2162 2777 3741 2849; baseline 0.006 -21"><span class='ocrx_word' id='word_1_550' title='bbox 2162 2790 2283 2829; x_wconf 89' lang='lat' dir='ltr'><strong>rum</strong></span> <span class='ocrx_word' id='word_1_551' title='bbox 2310 2777 2678 2846; x_wconf 88' lang='lat' dir='ltr'><strong>quorumlibet</strong></span> <span class='ocrx_word' id='word_1_552' title='bbox 2709 2779 3149 2849; x_wconf 74' lang='lat' dir='ltr'><strong>prtedicatorum.</strong></span> <span class='ocrx_word' id='word_1_553' title='bbox 3178 2782 3283 2837; x_wconf 84' lang='lat' dir='ltr'><strong>Per</strong></span> <span class='ocrx_word' id='word_1_554' title='bbox 3305 2784 3510 2838; x_wconf 86' lang='lat' dir='ltr'><strong>l&#39;errutn</strong></span> <span class='ocrx_word' id='word_1_555' title='bbox 3538 2784 3741 2839; x_wconf 86' lang='lat' dir='ltr'><strong>scilich</strong></span> 
     </span>
    </p>
   </div>
   <div class='ocr_carea' id='block_1_79' title="bbox 2161 2865 3739 2943">
    <p class='ocr_par' dir='ltr' id='par_1_79' title="bbox 2161 2865 3739 2943">
     <span class='ocr_line' id='line_1_79' title="bbox 2161 2865 3739 2943; baseline 0.007 -25"><span class='ocrx_word' id='word_1_556' title='bbox 2161 2865 2507 2922; x_wconf 85' lang='lat' dir='ltr'><strong>adversantia</strong></span> <span class='ocrx_word' id='word_1_557' title='bbox 2551 2869 2689 2922; x_wconf 77' lang='lat' dir='ltr'><strong>mala</strong></span> <span class='ocrx_word' id='word_1_558' title='bbox 2738 2871 3008 2939; x_wconf 85' lang='lat' dir='ltr'><strong>patienter</strong></span> <span class='ocrx_word' id='word_1_559' title='bbox 3053 2872 3313 2939; x_wconf 89' lang='lat' dir='ltr'><strong>tolerant;</strong></span> <span class='ocrx_word' id='word_1_560' title='bbox 3364 2890 3462 2943; x_wconf 92' lang='lat' dir='ltr'><strong>per</strong></span> <span class='ocrx_word' id='word_1_561' title='bbox 3497 2889 3574 2929; x_wconf 77' lang='lat' dir='ltr'><strong>tes</strong></span> <span class='ocrx_word' id='word_1_562' title='bbox 3617 2891 3739 2929; x_wconf 80' lang='lat' dir='ltr'><strong>vero</strong></span> 
     </span>
    </p>
   </div>
   <div class='ocr_carea' id='block_1_80' title="bbox 2155 2955 3743 3033">
    <p class='ocr_par' dir='ltr' id='par_1_80' title="bbox 2155 2955 3743 3033">
     <span class='ocr_line' id='line_1_80' title="bbox 2155 2955 3743 3033; baseline 0.006 -24"><span class='ocrx_word' id='word_1_563' title='bbox 2155 2955 2299 3026; x_wconf 6' lang='lat' dir='ltr'><strong>(bona</strong></span> <span class='ocrx_word' id='word_1_564' title='bbox 2355 2958 2628 3027; x_wconf 83' lang='lat' dir='ltr'><strong>proposita</strong></span> <span class='ocrx_word' id='word_1_565' title='bbox 2694 2957 3074 3029; x_wconf 79' lang='lat' dir='ltr'><strong>longanimiter</strong></span> <span class='ocrx_word' id='word_1_566' title='bbox 3136 2972 3372 3016; x_wconf 85' lang='lat' dir='ltr'><strong>servant.</strong></span> <span class='ocrx_word' id='word_1_567' title='bbox 3420 2964 3497 3018; x_wconf 88' lang='lat' dir='ltr'><strong>De</strong></span> <span class='ocrx_word' id='word_1_568' title='bbox 3550 2964 3743 3033; x_wconf 86' lang='lat' dir='ltr'><strong>quibus</strong></span> 
     </span>
    </p>
   </div>
   <div class='ocr_carea' id='block_1_81' title="bbox 2162 3048 3739 3122">
    <p class='ocr_par' dir='ltr' id='par_1_81' title="bbox 2162 3048 3739 3122">
     <span class='ocr_line' id='line_1_81' title="bbox 2162 3048 3739 3122; baseline 0.005 -23"><span class='ocrx_word' id='word_1_569' title='bbox 2162 3048 2442 3116; x_wconf 86' lang='lat' dir='ltr'><strong>apostolis,</strong></span> <span class='ocrx_word' id='word_1_570' title='bbox 2482 3050 2595 3103; x_wconf 86' lang='lat' dir='ltr'><strong>sive</strong></span> <span class='ocrx_word' id='word_1_571' title='bbox 2626 3051 2936 3119; x_wconf 82' lang='lat' dir='ltr'><strong>apostolicis</strong></span> <span class='ocrx_word' id='word_1_572' title='bbox 2965 3051 3093 3105; x_wconf 81' lang='lat' dir='ltr'><strong>viris</strong></span> <span class='ocrx_word' id='word_1_573' title='bbox 3114 3094 3126 3115; x_wconf 89' lang='lat'><strong>,</strong></span> <span class='ocrx_word' id='word_1_574' title='bbox 3156 3053 3610 3122; x_wconf 60' lang='lat' dir='ltr'><strong>praedicatoribus</strong></span> <span class='ocrx_word' id='word_1_575' title='bbox 3639 3056 3739 3110; x_wconf 77' lang='lat' dir='ltr'><strong>sci-</strong></span> 
     </span>
    </p>
   </div>
   <div class='ocr_carea' id='block_1_82' title="bbox 2156 3138 3729 3213">
    <p class='ocr_par' dir='ltr' id='par_1_82' title="bbox 2156 3138 3729 3213">
     <span class='ocr_line' id='line_1_82' title="bbox 2156 3138 3729 3213; baseline 0.003 -20"><span class='ocrx_word' id='word_1_576' title='bbox 2156 3138 2283 3213; x_wconf 87' lang='lat' dir='ltr'><strong>licet</strong></span> <span class='ocrx_word' id='word_1_577' title='bbox 2312 3139 2536 3205; x_wconf 85' lang='lat' dir='ltr'><strong>sanctis,</strong></span> <span class='ocrx_word' id='word_1_578' title='bbox 2580 3140 2646 3194; x_wconf 91' lang='lat' dir='ltr'><strong>ad</strong></span> <span class='ocrx_word' id='word_1_579' title='bbox 2692 3140 2939 3195; x_wconf 86' lang='lat' dir='ltr'><strong>eumdem</strong></span> <span class='ocrx_word' id='word_1_580' title='bbox 2984 3142 3121 3196; x_wconf 83' lang='lat' dir='ltr'><strong>Aser</strong></span> <span class='ocrx_word' id='word_1_581' title='bbox 3174 3159 3296 3198; x_wconf 93' lang='lat' dir='ltr'><strong>cum</strong></span> <span class='ocrx_word' id='word_1_582' title='bbox 3340 3145 3729 3212; x_wconf 61' lang='lat' dir='ltr'><strong>praemisisset:</strong></span> 
     </span>
    </p>
   </div>
   <div class='ocr_carea' id='block_1_83' title="bbox 2164 3228 3731 3295">
    <p class='ocr_par' dir='ltr' id='par_1_83' title="bbox 2164 3228 3731 3295">
     <span class='ocr_line' id='line_1_83' title="bbox 2164 3228 3731 3295; baseline 0.006 -16"><span class='ocrx_word' id='word_1_583' title='bbox 2164 3246 2182 3279; x_wconf 77' lang='grc' dir='ltr'><strong>ι</strong></span> <span class='ocrx_word' id='word_1_584' title='bbox 2212 3228 2484 3282; x_wconf 81' lang='lat' dir='ltr'><strong>Ascensor</strong></span> <span class='ocrx_word' id='word_1_585' title='bbox 2520 3229 2642 3283; x_wconf 67' lang='lat' dir='ltr'><strong>coeli</strong></span> <span class='ocrx_word' id='word_1_586' title='bbox 2691 3228 2980 3284; x_wconf 74' lang='lat' dir='ltr'><strong>auxiliator</strong></span> <span class='ocrx_word' id='word_1_587' title='bbox 3029 3239 3181 3295; x_wconf 84' lang='lat' dir='ltr'><strong>tuus;</strong></span> <span class='ocrx_word' id='word_1_588' title='bbox 3218 3253 3236 3283; x_wconf 73' lang='grc' dir='ltr'><strong>ι</strong></span> <span class='ocrx_word' id='word_1_589' title='bbox 3274 3232 3416 3288; x_wconf 90' lang='lat' dir='ltr'><strong>illico</strong></span> <span class='ocrx_word' id='word_1_590' title='bbox 3457 3234 3731 3288; x_wconf 79' lang='lat' dir='ltr'><strong>subdidit&#39;</strong></span> 
     </span>
    </p>
   </div>
   <div class='ocr_carea' id='block_1_84' title="bbox 2163 3317 3734 3391">
    <p class='ocr_par' dir='ltr' id='par_1_84' title="bbox 2163 3317 3734 3391">
     <span class='ocr_line' id='line_1_84' title="bbox 2163 3317 3734 3391; baseline 0.004 -22"><span class='ocrx_word' id='word_1_591' title='bbox 2163 3336 2181 3369; x_wconf 76' lang='grc' dir='ltr'><strong>ι</strong></span> <span class='ocrx_word' id='word_1_592' title='bbox 2219 3317 2615 3389; x_wconf 77' lang='lat' dir='ltr'><strong>Magniﬁcentia</strong></span> <span class='ocrx_word' id='word_1_593' title='bbox 2647 3317 2765 3388; x_wconf 80' lang='lat' dir='ltr'><strong>ejus</strong></span> <span class='ocrx_word' id='word_1_594' title='bbox 2792 3319 3109 3377; x_wconf 90' lang='lat' dir='ltr'><strong>discurrunt</strong></span> <span class='ocrx_word' id='word_1_595' title='bbox 3137 3323 3323 3378; x_wconf 88' lang='lat' dir='ltr'><strong>nubes.</strong></span> <span class='ocrx_word' id='word_1_596' title='bbox 3361 3343 3380 3375; x_wconf 77' lang='grc' dir='ltr'><strong>ι</strong></span> <span class='ocrx_word' id='word_1_597' title='bbox 3434 3322 3570 3391; x_wconf 88' lang='lat' dir='ltr'><strong>Quis</strong></span> <span class='ocrx_word' id='word_1_598' title='bbox 3596 3324 3734 3378; x_wconf 90' lang='lat' dir='ltr'><strong>enim</strong></span> 
     </span>
    </p>
   </div>
   <div class='ocr_carea' id='block_1_85' title="bbox 2157 3410 3738 3485">
    <p class='ocr_par' dir='ltr' id='par_1_85' title="bbox 2157 3410 3738 3485">
     <span class='ocr_line' id='line_1_85' title="bbox 2157 3410 3738 3485; baseline 0.004 -21"><span class='ocrx_word' id='word_1_599' title='bbox 2157 3420 2239 3464; x_wconf 90' lang='lat' dir='ltr'><strong>est</strong></span> <span class='ocrx_word' id='word_1_600' title='bbox 2255 3426 2511 3467; x_wconf 88' lang='lat' dir='ltr'><strong>ascensor</strong></span> <span class='ocrx_word' id='word_1_601' title='bbox 2536 3411 2682 3477; x_wconf 89' lang='lat' dir='ltr'><strong>coeli,</strong></span> <span class='ocrx_word' id='word_1_602' title='bbox 2705 3412 2806 3466; x_wconf 91' lang='lat' dir='ltr'><strong>nisi</strong></span> <span class='ocrx_word' id='word_1_603' title='bbox 2833 3410 3080 3468; x_wconf 83' lang='lat' dir='ltr'><strong>Salvator</strong></span> <span class='ocrx_word' id='word_1_604' title='bbox 3095 3424 3295 3476; x_wconf 89' lang='lat' dir='ltr'><strong>noster,</strong></span> <span class='ocrx_word' id='word_1_605' title='bbox 3315 3412 3436 3484; x_wconf 74' lang='lat' dir='ltr'><strong>&#39;qni,</strong></span> <span class='ocrx_word' id='word_1_606' title='bbox 3455 3428 3738 3485; x_wconf 83' lang='lat' dir='ltr'><strong>postquam</strong></span> 
     </span>
    </p>
   </div>
   <div class='ocr_carea' id='block_1_86' title="bbox 2156 3502 3741 3576">
    <p class='ocr_par' dir='ltr' id='par_1_86' title="bbox 2156 3502 3741 3576">
     <span class='ocr_line' id='line_1_86' title="bbox 2156 3502 3741 3576; baseline 0.003 -21"><span class='ocrx_word' id='word_1_607' title='bbox 2156 3502 2349 3557; x_wconf 90' lang='lat' dir='ltr'><strong>mortis</strong></span> <span class='ocrx_word' id='word_1_608' title='bbox 2396 3502 2679 3572; x_wconf 83' lang='lat' dir='ltr'><strong>imperium</strong></span> <span class='ocrx_word' id='word_1_609' title='bbox 2728 3503 2968 3558; x_wconf 90' lang='lat' dir='ltr'><strong>moriens</strong></span> <span class='ocrx_word' id='word_1_610' title='bbox 3010 3505 3264 3574; x_wconf 86' lang='lat' dir='ltr'><strong>perdidit,</strong></span> <span class='ocrx_word' id='word_1_611' title='bbox 3295 3504 3494 3560; x_wconf 72' lang='lat' dir='ltr'><strong>emittm</strong></span> <span class='ocrx_word' id='word_1_612' title='bbox 3535 3505 3741 3576; x_wconf 74' lang='lat' dir='ltr'><strong>angelis</strong></span> 
     </span>
    </p>
   </div>
   <div class='ocr_carea' id='block_1_87' title="bbox 2144 3589 3740 3664">
    <p class='ocr_par' dir='ltr' id='par_1_87' title="bbox 2144 3589 3740 3664">
     <span class='ocr_line' id='line_1_87' title="bbox 2144 3589 3740 3664; baseline 0.004 -22"><span class='ocrx_word' id='word_1_613' title='bbox 2144 3589 2545 3663; x_wconf 74' lang='lat' dir='ltr'><strong>comitantibus</strong></span> <span class='ocrx_word' id='word_1_614' title='bbox 2569 3600 2623 3645; x_wconf 89' lang='lat' dir='ltr'><strong>et</strong></span> <span class='ocrx_word' id='word_1_615' title='bbox 2648 3591 2929 3661; x_wconf 87' lang='lat' dir='ltr'><strong>discipulis</strong></span> <span class='ocrx_word' id='word_1_616' title='bbox 2951 3593 3371 3663; x_wconf 85' lang='lat' dir='ltr'><strong>suspicientibus</strong></span> <span class='ocrx_word' id='word_1_617' title='bbox 3400 3595 3740 3664; x_wconf 73' lang='lat' dir='ltr'><strong>penetravit?</strong></span> 
     </span>
    </p>
   </div>
   <div class='ocr_carea' id='block_1_88' title="bbox 2155 3681 3736 3758">
    <p class='ocr_par' dir='ltr' id='par_1_88' title="bbox 2155 3681 3736 3758">
     <span class='ocr_line' id='line_1_88' title="bbox 2155 3681 3736 3758; baseline 0.003 -21"><span class='ocrx_word' id='word_1_618' title='bbox 2155 3681 2329 3753; x_wconf 86' lang='lat' dir='ltr'><strong>llujus</strong></span> <span class='ocrx_word' id='word_1_619' title='bbox 2374 3684 2773 3754; x_wconf 80' lang='lat' dir='ltr'><strong>magniﬁcentia</strong></span> <span class='ocrx_word' id='word_1_620' title='bbox 2830 3685 2999 3740; x_wconf 90' lang='lat' dir='ltr'><strong>nubes</strong></span> <span class='ocrx_word' id='word_1_621' title='bbox 3046 3686 3388 3753; x_wconf 91' lang='lat' dir='ltr'><strong>discurrunt,</strong></span> <span class='ocrx_word' id='word_1_622' title='bbox 3443 3688 3574 3758; x_wconf 91' lang='lat' dir='ltr'><strong>quia</strong></span> <span class='ocrx_word' id='word_1_623' title='bbox 3626 3687 3736 3757; x_wconf 80' lang='lat' dir='ltr'><strong>ejus</strong></span> 
     </span>
    </p>
   </div>
   <div class='ocr_carea' id='block_1_89' title="bbox 2154 3777 3734 3848">
    <p class='ocr_par' dir='ltr' id='par_1_89' title="bbox 2154 3777 3734 3848">
     <span class='ocr_line' id='line_1_89' title="bbox 2154 3777 3734 3848; baseline 0.003 -17"><span class='ocrx_word' id='word_1_624' title='bbox 2154 3777 2481 3832; x_wconf 85' lang='lat' dir='ltr'><strong>auctoritate</strong></span> <span class='ocrx_word' id='word_1_625' title='bbox 2523 3778 2772 3847; x_wconf 77' lang='lat' dir='ltr'><strong>ductores</strong></span> <span class='ocrx_word' id='word_1_626' title='bbox 2820 3779 2990 3831; x_wconf 89' lang='lat' dir='ltr'><strong>sancti</strong></span> <span class='ocrx_word' id='word_1_627' title='bbox 3014 3794 3112 3848; x_wconf 90' lang='lat' dir='ltr'><strong>per</strong></span> <span class='ocrx_word' id='word_1_628' title='bbox 3150 3781 3406 3836; x_wconf 91' lang='lat' dir='ltr'><strong>mundum</strong></span> <span class='ocrx_word' id='word_1_629' title='bbox 3450 3779 3734 3835; x_wconf 67' lang='lat' dir='ltr'><strong>salutiferae</strong></span> 
     </span>
    </p>
   </div>
   <div class='ocr_carea' id='block_1_90' title="bbox 2153 3868 3733 3942">
    <p class='ocr_par' dir='ltr' id='par_1_90' title="bbox 2153 3868 3733 3942">
     <span class='ocr_line' id='line_1_90' title="bbox 2153 3868 3733 3942; baseline 0.004 -21"><span class='ocrx_word' id='word_1_630' title='bbox 2153 3868 2553 3937; x_wconf 51' lang='lat' dir='ltr'><strong>praedicationis</strong></span> <span class='ocrx_word' id='word_1_631' title='bbox 2601 3868 2833 3924; x_wconf 91' lang='lat' dir='ltr'><strong>imbrem</strong></span> <span class='ocrx_word' id='word_1_632' title='bbox 2894 3868 3103 3938; x_wconf 87' lang='lat' dir='ltr'><strong>pluunt.</strong></span> <span class='ocrx_word' id='word_1_633' title='bbox 3152 3871 3228 3925; x_wconf 87' lang='lat' dir='ltr'><strong>De</strong></span> <span class='ocrx_word' id='word_1_634' title='bbox 3277 3873 3477 3941; x_wconf 84' lang='lat' dir='ltr'><strong>quibus</strong></span> <span class='ocrx_word' id='word_1_635' title='bbox 3525 3882 3583 3927; x_wconf 90' lang='lat' dir='ltr'><strong>et</strong></span> <span class='ocrx_word' id='word_1_636' title='bbox 3618 3888 3733 3942; x_wconf 87' lang='lat' dir='ltr'><strong>pro-</strong></span> 
     </span>
    </p>
   </div>
   <div class='ocr_carea' id='block_1_91' title="bbox 2151 3960 3729 4031">
    <p class='ocr_par' dir='ltr' id='par_1_91' title="bbox 2151 3960 3729 4031">
     <span class='ocr_line' id='line_1_91' title="bbox 2151 3960 3729 4031; baseline 0.002 -20"><span class='ocrx_word' id='word_1_637' title='bbox 2151 3960 2314 4031; x_wconf 85' lang='lat' dir='ltr'><strong>pheta</strong></span> <span class='ocrx_word' id='word_1_638' title='bbox 2343 3978 2355 4013; x_wconf 90' lang='lat'>:</span> <span class='ocrx_word' id='word_1_639' title='bbox 2390 3979 2407 4011; x_wconf 78' lang='grc' dir='ltr'><strong>ι</strong></span> <span class='ocrx_word' id='word_1_640' title='bbox 2438 3960 2909 4029; x_wconf 88' lang='lat' dir='ltr'><strong>Quisunt,inqnit,</strong></span> <span class='ocrx_word' id='word_1_641' title='bbox 2944 3961 3051 4024; x_wconf 92' lang='lat' dir='ltr'><strong>isti,</strong></span> <span class='ocrx_word' id='word_1_642' title='bbox 3080 3961 3170 4031; x_wconf 88' lang='lat' dir='ltr'><strong>qui</strong></span> <span class='ocrx_word' id='word_1_643' title='bbox 3197 3971 3250 4015; x_wconf 91' lang='lat' dir='ltr'><strong>ut</strong></span> <span class='ocrx_word' id='word_1_644' title='bbox 3276 3962 3449 4017; x_wconf 88' lang='lat' dir='ltr'><strong>nubes</strong></span> <span class='ocrx_word' id='word_1_645' title='bbox 3470 3963 3687 4018; x_wconf 84' lang='lat' dir='ltr'><strong>volant?</strong></span> <span class='ocrx_word' id='word_1_646' title='bbox 3708 3985 3729 4014; x_wconf 72' lang='grc' dir='ltr'><strong>ι</strong></span> 
     </span>
    </p>
   </div>
   <div class='ocr_carea' id='block_1_92' title="bbox 2152 4049 3728 4122">
    <p class='ocr_par' dir='ltr' id='par_1_92' title="bbox 2152 4049 3728 4122">
     <span class='ocr_line' id='line_1_92' title="bbox 2152 4049 3728 4122; baseline 0.001 -19"><span class='ocrx_word' id='word_1_647' title='bbox 2152 4049 2287 4121; x_wconf 74' lang='lat' dir='ltr'><strong>(Ian.</strong></span> <span class='ocrx_word' id='word_1_648' title='bbox 2320 4050 2435 4117; x_wconf 67' lang='lat' dir='ltr'><strong>sx.)</strong></span> <span class='ocrx_word' id='word_1_649' title='bbox 2489 4050 2607 4106; x_wconf 60' lang='lat' dir='ltr'><strong>lsta‘:</strong></span> <span class='ocrx_word' id='word_1_650' title='bbox 2648 4051 2821 4105; x_wconf 87' lang='lat' dir='ltr'><strong>nubes</strong></span> <span class='ocrx_word' id='word_1_651' title='bbox 2856 4049 3197 4106; x_wconf 85' lang='lat' dir='ltr'><strong>resolvuntur</strong></span> <span class='ocrx_word' id='word_1_652' title='bbox 3237 4051 3289 4105; x_wconf 91' lang='lat' dir='ltr'><strong>in</strong></span> <span class='ocrx_word' id='word_1_653' title='bbox 3344 4068 3572 4122; x_wconf 88' lang='lat' dir='ltr'><strong>aquam,</strong></span> <span class='ocrx_word' id='word_1_654' title='bbox 3614 4068 3728 4108; x_wconf 89' lang='lat' dir='ltr'><strong>cum</strong></span> 
     </span>
    </p>
   </div>
   <div class='ocr_carea' id='block_1_93' title="bbox 2155 4140 3726 4206">
    <p class='ocr_par' dir='ltr' id='par_1_93' title="bbox 2155 4140 3726 4206">
     <span class='ocr_line' id='line_1_93' title="bbox 2155 4140 3726 4206; baseline -0.001 -10"><span class='ocrx_word' id='word_1_655' title='bbox 2155 4151 2356 4198; x_wconf 86' lang='lat' dir='ltr'><strong>terram</strong></span> <span class='ocrx_word' id='word_1_656' title='bbox 2383 4142 2565 4198; x_wconf 89' lang='lat' dir='ltr'><strong>cordis</strong></span> <span class='ocrx_word' id='word_1_657' title='bbox 2590 4141 2760 4198; x_wconf 88' lang='lat' dir='ltr'><strong>nostri</strong></span> <span class='ocrx_word' id='word_1_658' title='bbox 2784 4140 3044 4197; x_wconf 67' lang='lat' dir='ltr'><strong>doctrinae</strong></span> <span class='ocrx_word' id='word_1_659' title='bbox 3068 4157 3177 4195; x_wconf 78' lang='lat' dir='ltr'><strong>sua:</strong></span> <span class='ocrx_word' id='word_1_660' title='bbox 3202 4141 3419 4196; x_wconf 82' lang='lat' dir='ltr'><strong>liuentis</strong></span> <span class='ocrx_word' id='word_1_661' title='bbox 3443 4143 3726 4206; x_wconf 87' lang='lat' dir='ltr'><strong>inebriant,</strong></span> 
     </span>
    </p>
   </div>
   <div class='ocr_carea' id='block_1_94' title="bbox 2150 4234 3728 4308">
    <p class='ocr_par' dir='ltr' id='par_1_94' title="bbox 2150 4234 3728 4308">
     <span class='ocr_line' id='line_1_94' title="bbox 2150 4234 3728 4308; baseline 0 -19"><span class='ocrx_word' id='word_1_662' title='bbox 2150 4247 2209 4290; x_wconf 87' lang='lat' dir='ltr'><strong>ut</strong></span> <span class='ocrx_word' id='word_1_663' title='bbox 2230 4251 2351 4291; x_wconf 89' lang='lat' dir='ltr'><strong>eam</strong></span> <span class='ocrx_word' id='word_1_664' title='bbox 2390 4235 2457 4289; x_wconf 88' lang='lat' dir='ltr'><strong>ad</strong></span> <span class='ocrx_word' id='word_1_665' title='bbox 2503 4234 2824 4307; x_wconf 81' lang='lat' dir='ltr'><strong>proferenda</strong></span> <span class='ocrx_word' id='word_1_666' title='bbox 2869 4235 2942 4305; x_wconf 92' lang='lat' dir='ltr'><strong>pii</strong></span> <span class='ocrx_word' id='word_1_667' title='bbox 2972 4235 3152 4306; x_wconf 90' lang='lat' dir='ltr'><strong>operis</strong></span> <span class='ocrx_word' id='word_1_668' title='bbox 3197 4236 3443 4308; x_wconf 81' lang='lat' dir='ltr'><strong>germina</strong></span> <span class='ocrx_word' id='word_1_669' title='bbox 3502 4235 3728 4291; x_wconf 80' lang='lat' dir='ltr'><strong>fertilem</strong></span> 
     </span>
    </p>
   </div>
   <div class='ocr_carea' id='block_1_95' title="bbox 2140 4327 2396 4399">
    <p class='ocr_par' dir='ltr' id='par_1_95' title="bbox 2140 4327 2396 4399">
     <span class='ocr_line' id='line_1_95' title="bbox 2140 4327 2396 4399; baseline 0 -20"><span class='ocrx_word' id='word_1_670' title='bbox 2140 4327 2396 4399; x_wconf 75' lang='lat' dir='ltr'><strong>reddant.</strong></span> 
     </span>
    </p>
   </div>
   <div class='ocr_carea' id='block_1_96' title="bbox 2223 4417 3721 4490">
    <p class='ocr_par' dir='ltr' id='par_1_96' title="bbox 2223 4417 3721 4490">
     <span class='ocr_line' id='line_1_96' title="bbox 2223 4417 3721 4490; baseline -0.005 -13"><span class='ocrx_word' id='word_1_671' title='bbox 2223 4421 2376 4477; x_wconf 88' lang='lat' dir='ltr'><strong>Unde</strong></span> <span class='ocrx_word' id='word_1_672' title='bbox 2421 4431 2477 4476; x_wconf 92' lang='lat' dir='ltr'><strong>ct</strong></span> <span class='ocrx_word' id='word_1_673' title='bbox 2524 4419 2950 4475; x_wconf 74' lang='lat' dir='ltr'><strong>Bartbolomzeus</strong></span> <span class='ocrx_word' id='word_1_674' title='bbox 2981 4418 3144 4490; x_wconf 89' lang='lat' dir='ltr'><strong>(quod</strong></span> <span class='ocrx_word' id='word_1_675' title='bbox 3174 4419 3363 4489; x_wconf 85' lang='lat' dir='ltr'><strong>utique</strong></span> <span class='ocrx_word' id='word_1_676' title='bbox 3404 4417 3604 4489; x_wconf 80' lang='lat' dir='ltr'><strong>Syrum</strong></span> <span class='ocrx_word' id='word_1_677' title='bbox 3632 4430 3721 4471; x_wconf 88' lang='lat' dir='ltr'><strong>no-</strong></span> 
     </span>
    </p>
   </div>
   <div class='ocr_carea' id='block_1_97' title="bbox 2148 4511 3723 4583">
    <p class='ocr_par' dir='ltr' id='par_1_97' title="bbox 2148 4511 3723 4583">
     <span class='ocr_line' id='line_1_97' title="bbox 2148 4511 3723 4583; baseline -0.004 -14"><span class='ocrx_word' id='word_1_678' title='bbox 2148 4530 2269 4569; x_wconf 79' lang='lat' dir='ltr'><strong>men</strong></span> <span class='ocrx_word' id='word_1_679' title='bbox 2295 4528 2399 4579; x_wconf 67' lang='grc' dir='ltr'><strong>ρει,</strong></span> <span class='ocrx_word' id='word_1_680' title='bbox 2432 4530 2538 4568; x_wconf 90' lang='lat' dir='ltr'><strong>non</strong></span> <span class='ocrx_word' id='word_1_681' title='bbox 2578 4512 2883 4583; x_wconf 70' lang='lat' dir='ltr'><strong>llcbrmum)</strong></span> <span class='ocrx_word' id='word_1_682' title='bbox 2923 4512 3311 4581; x_wconf 55' lang='lat' dir='ltr'><strong>interpretatur</strong></span> <span class='ocrx_word' id='word_1_683' title='bbox 3338 4511 3485 4579; x_wconf 79' lang='lat' dir='ltr'><strong>ﬁlius</strong></span> <span class='ocrx_word' id='word_1_684' title='bbox 3515 4527 3723 4579; x_wconf 70' lang='lat' dir='ltr'><strong>suspen-</strong></span> 
     </span>
    </p>
   </div>
   <div class='ocr_carea' id='block_1_98' title="bbox 2144 4602 3720 4677">
    <p class='ocr_par' dir='ltr' id='par_1_98' title="bbox 2144 4602 3720 4677">
     <span class='ocr_line' id='line_1_98' title="bbox 2144 4602 3720 4677; baseline -0.007 -14"><span class='ocrx_word' id='word_1_685' title='bbox 2144 4610 2310 4669; x_wconf 75' lang='lat' dir='ltr'><strong>dentis</strong></span> <span class='ocrx_word' id='word_1_686' title='bbox 2351 4606 2750 4677; x_wconf 74' lang='lat' dir='ltr'><strong>aquas:Filius</strong></span> <span class='ocrx_word' id='word_1_687' title='bbox 2795 4605 2981 4673; x_wconf 86' lang='lat' dir='ltr'><strong>utique</strong></span> <span class='ocrx_word' id='word_1_688' title='bbox 3023 4604 3134 4668; x_wconf 89' lang='lat' dir='ltr'><strong>Dei,</strong></span> <span class='ocrx_word' id='word_1_689' title='bbox 3178 4602 3266 4671; x_wconf 92' lang='lat' dir='ltr'><strong>qui</strong></span> <span class='ocrx_word' id='word_1_690' title='bbox 3314 4602 3720 4672; x_wconf 78' lang='lat' dir='ltr'><strong>przedicatorurn</strong></span> 
     </span>
    </p>
   </div>
   <div class='ocr_carea' id='block_1_99' title="bbox 2140 4693 3719 4764">
    <p class='ocr_par' dir='ltr' id='par_1_99' title="bbox 2140 4693 3719 4764">
     <span class='ocr_line' id='line_1_99' title="bbox 2140 4693 3719 4764; baseline -0.006 -9"><span class='ocrx_word' id='word_1_691' title='bbox 2140 4716 2363 4755; x_wconf 91' lang='lat' dir='ltr'><strong>suorum</strong></span> <span class='ocrx_word' id='word_1_692' title='bbox 2388 4707 2598 4754; x_wconf 90' lang='lat' dir='ltr'><strong>mentes</strong></span> <span class='ocrx_word' id='word_1_693' title='bbox 2620 4696 2685 4751; x_wconf 88' lang='lat' dir='ltr'><strong>ad</strong></span> <span class='ocrx_word' id='word_1_694' title='bbox 2710 4696 2947 4751; x_wconf 79' lang='lat' dir='ltr'><strong>ctelestia</strong></span> <span class='ocrx_word' id='word_1_695' title='bbox 2970 4694 3385 4763; x_wconf 86' lang='lat' dir='ltr'><strong>contemplanda</strong></span> <span class='ocrx_word' id='word_1_696' title='bbox 3413 4693 3719 4764; x_wconf 84' lang='lat' dir='ltr'><strong>suspendit;</strong></span> 
     </span>
    </p>
   </div>
   <div class='ocr_carea' id='block_1_100' title="bbox 2143 4783 3718 4859">
    <p class='ocr_par' dir='ltr' id='par_1_100' title="bbox 2143 4783 3718 4859">
     <span class='ocr_line' id='line_1_100' title="bbox 2143 4783 3718 4859; baseline -0.006 -14"><span class='ocrx_word' id='word_1_697' title='bbox 2143 4804 2201 4845; x_wconf 92' lang='lat' dir='ltr'><strong>ut</strong></span> <span class='ocrx_word' id='word_1_698' title='bbox 2247 4799 2451 4859; x_wconf 89' lang='lat' dir='ltr'><strong>quanto</strong></span> <span class='ocrx_word' id='word_1_699' title='bbox 2501 4788 2723 4844; x_wconf 89' lang='lat' dir='ltr'><strong>liberius</strong></span> <span class='ocrx_word' id='word_1_700' title='bbox 2771 4802 2829 4841; x_wconf 89' lang='lat' dir='ltr'><strong>se</strong></span> <span class='ocrx_word' id='word_1_701' title='bbox 2874 4786 2944 4857; x_wconf 87' lang='lat' dir='ltr'><strong>ad</strong></span> <span class='ocrx_word' id='word_1_702' title='bbox 2978 4784 3381 4854; x_wconf 76' lang='lat' dir='ltr'><strong>intelligendum</strong></span> <span class='ocrx_word' id='word_1_703' title='bbox 3415 4783 3718 4838; x_wconf 82' lang='lat' dir='ltr'><strong>Creatorem</strong></span> 
     </span>
    </p>
   </div>
   <div class='ocr_carea' id='block_1_101' title="bbox 2140 4877 3717 4954">
    <p class='ocr_par' dir='ltr' id='par_1_101' title="bbox 2140 4877 3717 4954">
     <span class='ocr_line' id='line_1_101' title="bbox 2140 4877 3717 4954; baseline -0.008 -14"><span class='ocrx_word' id='word_1_704' title='bbox 2140 4900 2299 4940; x_wconf 86' lang='lat' dir='ltr'><strong>suum</strong></span> <span class='ocrx_word' id='word_1_705' title='bbox 2347 4883 2539 4952; x_wconf 89' lang='lat' dir='ltr'><strong>pennis</strong></span> <span class='ocrx_word' id='word_1_706' title='bbox 2586 4881 2849 4935; x_wconf 88' lang='lat' dir='ltr'><strong>virtutum</strong></span> <span class='ocrx_word' id='word_1_707' title='bbox 2905 4879 3138 4942; x_wconf 87' lang='lat' dir='ltr'><strong>librant,</strong></span> <span class='ocrx_word' id='word_1_708' title='bbox 3190 4887 3341 4935; x_wconf 83' lang='lat' dir='ltr'><strong>tanto</strong></span> <span class='ocrx_word' id='word_1_709' title='bbox 3389 4877 3623 4954; x_wconf 75' lang='lat' dir='ltr'><strong>feracius</strong></span> <span class='ocrx_word' id='word_1_710' title='bbox 3666 4881 3717 4929; x_wconf 88' lang='lat' dir='ltr'><strong>et</strong></span> 
     </span>
    </p>
   </div>
   <div class='ocr_carea' id='block_1_102' title="bbox 2141 4966 3713 5032">
    <p class='ocr_par' dir='ltr' id='par_1_102' title="bbox 2141 4966 3713 5032">
     <span class='ocr_line' id='line_1_102' title="bbox 2141 4966 3713 5032; baseline -0.007 -4"><span class='ocrx_word' id='word_1_711' title='bbox 2141 4973 2362 5029; x_wconf 85' lang='lat' dir='ltr'><strong>uberius</strong></span> <span class='ocrx_word' id='word_1_712' title='bbox 2410 4973 2637 5029; x_wconf 90' lang='lat' dir='ltr'><strong>imbrem</strong></span> <span class='ocrx_word' id='word_1_713' title='bbox 2683 4971 2923 5026; x_wconf 74' lang='lat' dir='ltr'><strong>ctelestis</strong></span> <span class='ocrx_word' id='word_1_714' title='bbox 2970 4968 3170 5032; x_wconf 86' lang='lat' dir='ltr'><strong>eloquii</strong></span> <span class='ocrx_word' id='word_1_715' title='bbox 3216 4967 3426 5022; x_wconf 86' lang='lat' dir='ltr'><strong>nostris</strong></span> <span class='ocrx_word' id='word_1_716' title='bbox 3473 4966 3713 5022; x_wconf 88' lang='lat' dir='ltr'><strong>cordibus</strong></span> 
     </span>
    </p>
   </div>
  </div>
