  <div class='ocr_page' id='page_1' title='image "/cluster/home/n/w/nwhite01/storage/ocr_20150623/144/hvd.32044010574010/370.png"; bbox 0 0 3978 5328; ppageno 0'>
   <div class='ocr_carea' id='block_1_1' title="bbox 205 237 306 296">
    <p class='ocr_par' dir='ltr' id='par_1_1' title="bbox 205 237 306 296">
     <span class='ocr_line' id='line_1_1' title="bbox 205 237 306 296; baseline 0.05 -5"><span class='ocrx_word' id='word_1_1' title='bbox 205 237 306 296; x_wconf 70' lang='grc' dir='ltr'>Ιὲῦ</span> 
     </span>
    </p>
   </div>
   <div class='ocr_carea' id='block_1_2' title="bbox 1643 232 2066 290">
    <p class='ocr_par' dir='ltr' id='par_1_2' title="bbox 1643 232 2066 290">
     <span class='ocr_line' id='line_1_2' title="bbox 1643 232 2066 290; baseline -0.002 0"><span class='ocrx_word' id='word_1_2' title='bbox 1643 232 1874 290; x_wconf 71' lang='lat' dir='ltr'><strong>SERth</strong></span> <span class='ocrx_word' id='word_1_3' title='bbox 1913 235 2066 290; x_wconf 67' lang='lat' dir='ltr'><strong>XLII.</strong></span> 
     </span>
    </p>
   </div>
   <div class='ocr_carea' id='block_1_3' title="bbox 3361 241 3464 296">
    <p class='ocr_par' dir='ltr' id='par_1_3' title="bbox 3361 241 3464 296">
     <span class='ocr_line' id='line_1_3' title="bbox 3361 241 3464 296; baseline 0.019 -2"><span class='ocrx_word' id='word_1_4' title='bbox 3361 241 3464 296; x_wconf 77' lang='lat'><strong>730</strong></span> 
     </span>
    </p>
   </div>
   <div class='ocr_carea' id='block_1_4' title="bbox 207 353 3466 426">
    <p class='ocr_par' dir='ltr' id='par_1_4' title="bbox 207 353 3466 426">
     <span class='ocr_line' id='line_1_4' title="bbox 207 353 3466 426; baseline 0 -20"><span class='ocrx_word' id='word_1_5' title='bbox 207 355 494 420; x_wconf 62' lang='lat' dir='ltr'><strong>prudentia</strong></span> <span class='ocrx_word' id='word_1_6' title='bbox 540 356 692 426; x_wconf 85' lang='lat' dir='ltr'><strong>quasi</strong></span> <span class='ocrx_word' id='word_1_7' title='bbox 731 355 950 412; x_wconf 80' lang='lat' dir='ltr'><strong>coluber</strong></span> <span class='ocrx_word' id='word_1_8' title='bbox 991 371 1086 426; x_wconf 87' lang='lat' dir='ltr'><strong>per</strong></span> <span class='ocrx_word' id='word_1_9' title='bbox 1115 355 1336 410; x_wconf 89' lang='lat' dir='ltr'><strong>humum</strong></span> <span class='ocrx_word' id='word_1_10' title='bbox 1367 367 1556 426; x_wconf 64' lang='lat' dir='ltr'><strong>set-ptt,</strong></span> <span class='ocrx_word' id='word_1_11' title='bbox 1599 365 1652 410; x_wconf 87' lang='lat' dir='ltr'><strong>et</strong></span> <span class='ocrx_word' id='word_1_12' title='bbox 1679 357 1782 408; x_wconf 88' lang='lat' dir='ltr'><strong>huc</strong></span> <span class='ocrx_word' id='word_1_13' title='bbox 1811 353 1858 412; x_wconf 76' lang='grc' dir='ltr'>Α</span> <span class='ocrx_word' id='word_1_14' title='bbox 1889 355 2112 424; x_wconf 73' lang='lat' dir='ltr'><strong>insngnis</strong></span> <span class='ocrx_word' id='word_1_15' title='bbox 2140 365 2221 410; x_wconf 88' lang='lat' dir='ltr'><strong>est</strong></span> <span class='ocrx_word' id='word_1_16' title='bbox 2265 365 2424 426; x_wconf 87' lang='lat' dir='ltr'><strong>atque</strong></span> <span class='ocrx_word' id='word_1_17' title='bbox 2461 356 2780 426; x_wconf 85' lang='lat' dir='ltr'><strong>conspicuus</strong></span> <span class='ocrx_word' id='word_1_18' title='bbox 2805 397 2820 420; x_wconf 89' lang='lat'><strong>,</strong></span> <span class='ocrx_word' id='word_1_19' title='bbox 2869 355 2958 424; x_wconf 86' lang='lat' dir='ltr'><strong>qui</strong></span> <span class='ocrx_word' id='word_1_20' title='bbox 3001 353 3230 424; x_wconf 90' lang='lat' dir='ltr'><strong>quodam</strong></span> <span class='ocrx_word' id='word_1_21' title='bbox 3267 370 3466 424; x_wconf 56' lang='lat' dir='ltr'><strong>praesa-</strong></span> 
     </span>
    </p>
   </div>
   <div class='ocr_carea' id='block_1_5' title="bbox 205 445 1782 515">
    <p class='ocr_par' dir='ltr' id='par_1_5' title="bbox 205 445 1782 515">
     <span class='ocr_line' id='line_1_5' title="bbox 205 445 1782 515; baseline 0.001 -16"><span class='ocrx_word' id='word_1_22' title='bbox 205 445 444 515; x_wconf 91' lang='lat' dir='ltr'><strong>dlucque</strong></span> <span class='ocrx_word' id='word_1_23' title='bbox 483 446 686 502; x_wconf 87' lang='lat' dir='ltr'><strong>lubrica</strong></span> <span class='ocrx_word' id='word_1_24' title='bbox 724 449 984 502; x_wconf 88' lang='lat' dir='ltr'><strong>varietate</strong></span> <span class='ocrx_word' id='word_1_25' title='bbox 1021 448 1286 512; x_wconf 92' lang='lat' dir='ltr'><strong>declinat;</strong></span> <span class='ocrx_word' id='word_1_26' title='bbox 1319 449 1498 504; x_wconf 87' lang='lat' dir='ltr'><strong>divina</strong></span> <span class='ocrx_word' id='word_1_27' title='bbox 1539 463 1666 504; x_wconf 90' lang='lat' dir='ltr'><strong>vero</strong></span> <span class='ocrx_word' id='word_1_28' title='bbox 1693 463 1782 500; x_wconf 88' lang='lat' dir='ltr'><strong>sa-</strong></span> 
     </span>
    </p>
   </div>
   <div class='ocr_carea' id='block_1_6' title="bbox 207 537 1788 606">
    <p class='ocr_par' dir='ltr' id='par_1_6' title="bbox 207 537 1788 606">
     <span class='ocr_line' id='line_1_6' title="bbox 207 537 1788 606; baseline 0.003 -18"><span class='ocrx_word' id='word_1_29' title='bbox 207 537 416 606; x_wconf 86' lang='lat' dir='ltr'><strong>pientia</strong></span> <span class='ocrx_word' id='word_1_30' title='bbox 446 539 511 592; x_wconf 88' lang='lat' dir='ltr'><strong>de</strong></span> <span class='ocrx_word' id='word_1_31' title='bbox 532 537 844 592; x_wconf 72' lang='lat' dir='ltr'><strong>cwlestibus</strong></span> <span class='ocrx_word' id='word_1_32' title='bbox 881 539 1107 594; x_wconf 90' lang='lat' dir='ltr'><strong>intonat.</strong></span> <span class='ocrx_word' id='word_1_33' title='bbox 1137 537 1336 592; x_wconf 84' lang='lat' dir='ltr'><strong>Hortus</strong></span> <span class='ocrx_word' id='word_1_34' title='bbox 1355 539 1518 592; x_wconf 89' lang='lat' dir='ltr'><strong>etiam</strong></span> <span class='ocrx_word' id='word_1_35' title='bbox 1543 539 1632 592; x_wconf 90' lang='lat' dir='ltr'><strong>hic</strong></span> <span class='ocrx_word' id='word_1_36' title='bbox 1661 539 1788 592; x_wconf 91' lang='lat' dir='ltr'><strong>sini-</strong></span> 
     </span>
    </p>
   </div>
   <div class='ocr_carea' id='block_1_7' title="bbox 205 625 1786 696">
    <p class='ocr_par' dir='ltr' id='par_1_7' title="bbox 205 625 1786 696">
     <span class='ocr_line' id='line_1_7' title="bbox 205 625 1786 696; baseline 0.003 -18"><span class='ocrx_word' id='word_1_37' title='bbox 205 635 380 678; x_wconf 84' lang='lat' dir='ltr'><strong>stram</strong></span> <span class='ocrx_word' id='word_1_38' title='bbox 419 625 581 680; x_wconf 96' lang='lat' dir='ltr'><strong>habet</strong></span> <span class='ocrx_word' id='word_1_39' title='bbox 613 628 1081 696; x_wconf 80' lang='lat' dir='ltr'><strong>significationem.</strong></span> <span class='ocrx_word' id='word_1_40' title='bbox 1115 627 1246 680; x_wconf 84' lang='lat' dir='ltr'><strong>Nam</strong></span> <span class='ocrx_word' id='word_1_41' title='bbox 1280 628 1514 682; x_wconf 81' lang='lat' dir='ltr'><strong>carnalis</strong></span> <span class='ocrx_word' id='word_1_42' title='bbox 1545 629 1786 682; x_wconf 71' lang='lat' dir='ltr'><strong>scientia:</strong></span> 
     </span>
    </p>
   </div>
   <div class='ocr_carea' id='block_1_8' title="bbox 205 715 1784 786">
    <p class='ocr_par' dir='ltr' id='par_1_8' title="bbox 205 715 1784 786">
     <span class='ocr_line' id='line_1_8' title="bbox 205 715 1784 786; baseline 0.003 -21"><span class='ocrx_word' id='word_1_43' title='bbox 205 715 428 768; x_wconf 87' lang='lat' dir='ltr'><strong>videtur</strong></span> <span class='ocrx_word' id='word_1_44' title='bbox 481 716 764 786; x_wconf 79' lang='lat' dir='ltr'><strong>designare</strong></span> <span class='ocrx_word' id='word_1_45' title='bbox 835 717 1132 770; x_wconf 90' lang='lat' dir='ltr'><strong>lasciviam.</strong></span> <span class='ocrx_word' id='word_1_46' title='bbox 1191 717 1344 771; x_wconf 80' lang='lat' dir='ltr'><strong>Sicut</strong></span> <span class='ocrx_word' id='word_1_47' title='bbox 1393 726 1446 770; x_wconf 91' lang='lat' dir='ltr'><strong>et</strong></span> <span class='ocrx_word' id='word_1_48' title='bbox 1513 717 1643 780; x_wconf 88' lang='lat' dir='ltr'><strong>illic,</strong></span> <span class='ocrx_word' id='word_1_49' title='bbox 1695 716 1784 770; x_wconf 89' lang='lat' dir='ltr'><strong>ubi</strong></span> 
     </span>
    </p>
   </div>
   <div class='ocr_carea' id='block_1_9' title="bbox 205 805 1786 878">
    <p class='ocr_par' dir='ltr' id='par_1_9' title="bbox 205 805 1786 878">
     <span class='ocr_line' id='line_1_9' title="bbox 205 805 1786 878; baseline 0.004 -22"><span class='ocrx_word' id='word_1_50' title='bbox 205 805 400 860; x_wconf 78' lang='lat' dir='ltr'><strong>Achab</strong></span> <span class='ocrx_word' id='word_1_51' title='bbox 427 807 583 876; x_wconf 86' lang='lat' dir='ltr'><strong>petiit</strong></span> <span class='ocrx_word' id='word_1_52' title='bbox 611 807 822 862; x_wconf 87' lang='lat' dir='ltr'><strong>vineam</strong></span> <span class='ocrx_word' id='word_1_53' title='bbox 853 809 1064 864; x_wconf 83' lang='lat' dir='ltr'><strong>Naboth</strong></span> <span class='ocrx_word' id='word_1_54' title='bbox 1091 825 1108 862; x_wconf 87' lang='lat'><strong>:</strong></span> <span class='ocrx_word' id='word_1_55' title='bbox 1144 826 1162 859; x_wconf 75' lang='grc' dir='ltr'><strong>ι</strong></span> <span class='ocrx_word' id='word_1_56' title='bbox 1198 809 1272 864; x_wconf 85' lang='lat' dir='ltr'><strong>Da</strong></span> <span class='ocrx_word' id='word_1_57' title='bbox 1300 809 1450 872; x_wconf 89' lang='lat' dir='ltr'><strong>mihi,</strong></span> <span class='ocrx_word' id='word_1_58' title='bbox 1485 809 1678 878; x_wconf 82' lang='lat' dir='ltr'><strong>inquit,</strong></span> <span class='ocrx_word' id='word_1_59' title='bbox 1707 809 1786 863; x_wconf 90' lang='lat' dir='ltr'><strong>vi-</strong></span> 
     </span>
    </p>
   </div>
   <div class='ocr_carea' id='block_1_10' title="bbox 209 897 1781 970">
    <p class='ocr_par' dir='ltr' id='par_1_10' title="bbox 209 897 1781 970">
     <span class='ocr_line' id='line_1_10' title="bbox 209 897 1781 970; baseline 0.004 -24"><span class='ocrx_word' id='word_1_60' title='bbox 209 909 368 948; x_wconf 86' lang='lat' dir='ltr'><strong>neam</strong></span> <span class='ocrx_word' id='word_1_61' title='bbox 399 903 572 956; x_wconf 83' lang='lat' dir='ltr'><strong>tuam.</strong></span> <span class='ocrx_word' id='word_1_62' title='bbox 599 908 660 952; x_wconf 90' lang='lat' dir='ltr'><strong>ut</strong></span> <span class='ocrx_word' id='word_1_63' title='bbox 689 897 880 952; x_wconf 90' lang='lat' dir='ltr'><strong>faciam</strong></span> <span class='ocrx_word' id='word_1_64' title='bbox 907 899 1034 953; x_wconf 92' lang='lat' dir='ltr'><strong>mihi</strong></span> <span class='ocrx_word' id='word_1_65' title='bbox 1057 900 1270 954; x_wconf 89' lang='lat' dir='ltr'><strong>hortum</strong></span> <span class='ocrx_word' id='word_1_66' title='bbox 1288 899 1526 953; x_wconf 85' lang='lat' dir='ltr'><strong>olearum</strong></span> <span class='ocrx_word' id='word_1_67' title='bbox 1553 897 1636 970; x_wconf 88' lang='grc' dir='ltr'><strong>(ΙΙ</strong></span> <span class='ocrx_word' id='word_1_68' title='bbox 1655 898 1781 969; x_wconf 78' lang='lat' dir='ltr'><strong>Reg.</strong></span> 
     </span>
    </p>
   </div>
   <div class='ocr_carea' id='block_1_11' title="bbox 207 987 1781 1058">
    <p class='ocr_par' dir='ltr' id='par_1_11' title="bbox 207 987 1781 1058">
     <span class='ocr_line' id='line_1_11' title="bbox 207 987 1781 1058; baseline 0.004 -20"><span class='ocrx_word' id='word_1_69' title='bbox 207 987 344 1054; x_wconf 77' lang='lat' dir='ltr'><strong>xxi).</strong></span> <span class='ocrx_word' id='word_1_70' title='bbox 373 1005 394 1040; x_wconf 71' lang='grc' dir='ltr'><strong>ι</strong></span> <span class='ocrx_word' id='word_1_71' title='bbox 421 987 516 1041; x_wconf 88' lang='lat' dir='ltr'><strong>llle</strong></span> <span class='ocrx_word' id='word_1_72' title='bbox 537 989 734 1058; x_wconf 82' lang='lat' dir='ltr'><strong>quippe</strong></span> <span class='ocrx_word' id='word_1_73' title='bbox 756 991 806 1044; x_wconf 94' lang='lat' dir='ltr'><strong>in</strong></span> <span class='ocrx_word' id='word_1_74' title='bbox 839 992 1048 1044; x_wconf 85' lang='lat' dir='ltr'><strong>hortum</strong></span> <span class='ocrx_word' id='word_1_75' title='bbox 1075 999 1302 1048; x_wconf 85' lang='lat' dir='ltr'><strong>conatur</strong></span> <span class='ocrx_word' id='word_1_76' title='bbox 1322 993 1528 1046; x_wconf 88' lang='lat' dir='ltr'><strong>vineam</strong></span> <span class='ocrx_word' id='word_1_77' title='bbox 1552 1001 1781 1056; x_wconf 87' lang='lat' dir='ltr'><strong>vertere,</strong></span> 
     </span>
    </p>
   </div>
   <div class='ocr_carea' id='block_1_12' title="bbox 207 1065 1784 1148">
    <p class='ocr_par' dir='ltr' id='par_1_12' title="bbox 207 1065 1784 1148">
     <span class='ocr_line' id='line_1_12' title="bbox 207 1065 1784 1148; baseline 0.006 -22"><span class='ocrx_word' id='word_1_78' title='bbox 207 1077 298 1144; x_wconf 89' lang='lat' dir='ltr'><strong>qui</strong></span> <span class='ocrx_word' id='word_1_79' title='bbox 339 1078 574 1146; x_wconf 82' lang='lat' dir='ltr'><strong>rigorem</strong></span> <span class='ocrx_word' id='word_1_80' title='bbox 607 1065 818 1134; x_wconf 83' lang='lat' dir='ltr'><strong>virtutis</strong></span> <span class='ocrx_word' id='word_1_81' title='bbox 840 1080 1078 1148; x_wconf 88' lang='lat' dir='ltr'><strong>jucunda</strong></span> <span class='ocrx_word' id='word_1_82' title='bbox 1103 1083 1338 1140; x_wconf 83' lang='lat' dir='ltr'><strong>carnalis</strong></span> <span class='ocrx_word' id='word_1_83' title='bbox 1380 1083 1646 1138; x_wconf 75' lang='lat' dir='ltr'><strong>illecebrae</strong></span> <span class='ocrx_word' id='word_1_84' title='bbox 1672 1083 1784 1136; x_wconf 94' lang='lat' dir='ltr'><strong>vult</strong></span> 
     </span>
    </p>
   </div>
   <div class='ocr_carea' id='block_1_13' title="bbox 207 1169 1786 1243">
    <p class='ocr_par' dir='ltr' id='par_1_13' title="bbox 207 1169 1786 1243">
     <span class='ocr_line' id='line_1_13' title="bbox 207 1169 1786 1243; baseline 0.005 -23"><span class='ocrx_word' id='word_1_85' title='bbox 207 1169 528 1224; x_wconf 70' lang='lat' dir='ltr'><strong>antwnitate</strong></span> <span class='ocrx_word' id='word_1_86' title='bbox 556 1179 784 1226; x_wconf 90' lang='lat' dir='ltr'><strong>mutare.</strong></span> <span class='ocrx_word' id='word_1_87' title='bbox 827 1173 892 1227; x_wconf 81' lang='lat' dir='ltr'><strong>Et</strong></span> <span class='ocrx_word' id='word_1_88' title='bbox 935 1171 1218 1228; x_wconf 84' lang='lat' dir='ltr'><strong>Psaltnista</strong></span> <span class='ocrx_word' id='word_1_89' title='bbox 1257 1177 1514 1243; x_wconf 81' lang='lat' dir='ltr'><strong>reprobos</strong></span> <span class='ocrx_word' id='word_1_90' title='bbox 1547 1174 1786 1230; x_wconf 75' lang='lat' dir='ltr'><strong>oleribus</strong></span> 
     </span>
    </p>
   </div>
   <div class='ocr_carea' id='block_1_14' title="bbox 209 1263 1786 1336">
    <p class='ocr_par' dir='ltr' id='par_1_14' title="bbox 209 1263 1786 1336">
     <span class='ocr_line' id='line_1_14' title="bbox 209 1263 1786 1336; baseline 0.006 -25"><span class='ocrx_word' id='word_1_91' title='bbox 209 1271 514 1328; x_wconf 83' lang='lat' dir='ltr'><strong>comparat,</strong></span> <span class='ocrx_word' id='word_1_92' title='bbox 567 1263 752 1317; x_wconf 82' lang='lat' dir='ltr'><strong>dicens</strong></span> <span class='ocrx_word' id='word_1_93' title='bbox 805 1282 817 1316; x_wconf 93' lang='lat'>:</span> <span class='ocrx_word' id='word_1_94' title='bbox 885 1283 902 1316; x_wconf 82' lang='grc' dir='ltr'><strong>ι</strong></span> <span class='ocrx_word' id='word_1_95' title='bbox 959 1263 1236 1336; x_wconf 83' lang='lat' dir='ltr'><strong>Tanquam</strong></span> <span class='ocrx_word' id='word_1_96' title='bbox 1291 1268 1470 1320; x_wconf 84' lang='lat' dir='ltr'><strong>fenum</strong></span> <span class='ocrx_word' id='word_1_97' title='bbox 1527 1267 1786 1321; x_wconf 89' lang='lat' dir='ltr'><strong>velociter</strong></span> 
     </span>
    </p>
   </div>
   <div class='ocr_carea' id='block_1_15' title="bbox 207 1353 1780 1426">
    <p class='ocr_par' dir='ltr' id='par_1_15' title="bbox 207 1353 1780 1426">
     <span class='ocr_line' id='line_1_15' title="bbox 207 1353 1780 1426; baseline 0.005 -24"><span class='ocrx_word' id='word_1_98' title='bbox 207 1361 478 1416; x_wconf 89' lang='lat' dir='ltr'><strong>arescent,</strong></span> <span class='ocrx_word' id='word_1_99' title='bbox 502 1363 557 1407; x_wconf 91' lang='lat' dir='ltr'><strong>et</strong></span> <span class='ocrx_word' id='word_1_100' title='bbox 582 1353 722 1408; x_wconf 90' lang='lat' dir='ltr'><strong>sicut</strong></span> <span class='ocrx_word' id='word_1_101' title='bbox 751 1355 896 1410; x_wconf 85' lang='lat' dir='ltr'><strong>olera</strong></span> <span class='ocrx_word' id='word_1_102' title='bbox 928 1356 1218 1410; x_wconf 83' lang='lat' dir='ltr'><strong>herbarum</strong></span> <span class='ocrx_word' id='word_1_103' title='bbox 1243 1357 1350 1412; x_wconf 91' lang='lat' dir='ltr'><strong>cito</strong></span> <span class='ocrx_word' id='word_1_104' title='bbox 1383 1357 1578 1412; x_wconf 85' lang='lat' dir='ltr'><strong>cadent</strong></span> <span class='ocrx_word' id='word_1_105' title='bbox 1605 1355 1780 1426; x_wconf 76' lang='lat' dir='ltr'><strong>(Psal.</strong></span> 
     </span>
    </p>
   </div>
   <div class='ocr_carea' id='block_1_16' title="bbox 207 1443 482 1511">
    <p class='ocr_par' dir='ltr' id='par_1_16' title="bbox 207 1443 482 1511">
     <span class='ocr_line' id='line_1_16' title="bbox 207 1443 482 1511; baseline -0.007 -15"><span class='ocrx_word' id='word_1_106' title='bbox 207 1443 422 1511; x_wconf 72' lang='lat' dir='ltr'><strong>xxxvi).</strong></span> <span class='ocrx_word' id='word_1_107' title='bbox 463 1462 482 1494; x_wconf 80' lang='grc' dir='ltr'><strong>ι</strong></span> 
     </span>
    </p>
   </div>
   <div class='ocr_carea' id='block_1_17' title="bbox 275 1531 1782 1605">
    <p class='ocr_par' dir='ltr' id='par_1_17' title="bbox 275 1531 1782 1605">
     <span class='ocr_line' id='line_1_17' title="bbox 275 1531 1782 1605; baseline 0.005 -20"><span class='ocrx_word' id='word_1_108' title='bbox 275 1531 450 1586; x_wconf 84' lang='lat' dir='ltr'><strong>Terra</strong></span> <span class='ocrx_word' id='word_1_109' title='bbox 483 1535 666 1603; x_wconf 87' lang='lat' dir='ltr'><strong>itaque</strong></span> <span class='ocrx_word' id='word_1_110' title='bbox 705 1535 1170 1605; x_wconf 86' lang='lat' dir='ltr'><strong>repromissionis,</strong></span> <span class='ocrx_word' id='word_1_111' title='bbox 1211 1538 1314 1592; x_wconf 91' lang='lat' dir='ltr'><strong>hoc</strong></span> <span class='ocrx_word' id='word_1_112' title='bbox 1353 1547 1434 1592; x_wconf 91' lang='lat' dir='ltr'><strong>est</strong></span> <span class='ocrx_word' id='word_1_113' title='bbox 1465 1547 1650 1592; x_wconf 88' lang='lat' dir='ltr'><strong>saneta</strong></span> <span class='ocrx_word' id='word_1_114' title='bbox 1683 1539 1782 1593; x_wconf 85' lang='lat' dir='ltr'><strong>Ec-</strong></span> 
     </span>
    </p>
   </div>
   <div class='ocr_carea' id='block_1_18' title="bbox 203 1619 1779 1698">
    <p class='ocr_par' dir='ltr' id='par_1_18' title="bbox 203 1619 1779 1698">
     <span class='ocr_line' id='line_1_18' title="bbox 203 1619 1779 1698; baseline 0.003 -22"><span class='ocrx_word' id='word_1_115' title='bbox 203 1619 392 1686; x_wconf 80' lang='lat' dir='ltr'><strong>clesia,</strong></span> <span class='ocrx_word' id='word_1_116' title='bbox 423 1631 480 1676; x_wconf 88' lang='lat' dir='ltr'><strong>et</strong></span> <span class='ocrx_word' id='word_1_117' title='bbox 509 1624 576 1678; x_wconf 89' lang='lat' dir='ltr'><strong>de</strong></span> <span class='ocrx_word' id='word_1_118' title='bbox 598 1624 736 1679; x_wconf 58' lang='lat' dir='ltr'><strong>coelo</strong></span> <span class='ocrx_word' id='word_1_119' title='bbox 770 1625 980 1696; x_wconf 89' lang='lat' dir='ltr'><strong>pluvias</strong></span> <span class='ocrx_word' id='word_1_120' title='bbox 1025 1629 1386 1696; x_wconf 74' lang='lat' dir='ltr'><strong>prtestolatnr,</strong></span> <span class='ocrx_word' id='word_1_121' title='bbox 1411 1629 1532 1698; x_wconf 89' lang='lat' dir='ltr'><strong>quia</strong></span> <span class='ocrx_word' id='word_1_122' title='bbox 1563 1629 1779 1698; x_wconf 89' lang='lat' dir='ltr'><strong>sapien-</strong></span> 
     </span>
    </p>
   </div>
   <div class='ocr_carea' id='block_1_19' title="bbox 1887 446 3466 518">
    <p class='ocr_par' dir='ltr' id='par_1_19' title="bbox 1887 446 3466 518">
     <span class='ocr_line' id='line_1_19' title="bbox 1887 446 3466 518; baseline 0 -20"><span class='ocrx_word' id='word_1_123' title='bbox 1887 446 1974 516; x_wconf 75' lang='lat' dir='ltr'><strong>gio</strong></span> <span class='ocrx_word' id='word_1_124' title='bbox 1999 447 2300 502; x_wconf 88' lang='lat' dir='ltr'><strong>futurorum</strong></span> <span class='ocrx_word' id='word_1_125' title='bbox 2333 447 2488 517; x_wconf 84' lang='lat' dir='ltr'><strong>hujus</strong></span> <span class='ocrx_word' id='word_1_126' title='bbox 2521 447 2730 518; x_wconf 78' lang='lat' dir='ltr'><strong>mystici</strong></span> <span class='ocrx_word' id='word_1_127' title='bbox 2767 446 3004 502; x_wconf 72' lang='lat' dir='ltr'><strong>vocabuli</strong></span> <span class='ocrx_word' id='word_1_128' title='bbox 3040 447 3192 502; x_wconf 89' lang='lat' dir='ltr'><strong>titulo</strong></span> <span class='ocrx_word' id='word_1_129' title='bbox 3225 447 3466 502; x_wconf 88' lang='lat' dir='ltr'><strong>cernitur</strong></span> 
     </span>
    </p>
   </div>
   <div class='ocr_carea' id='block_1_20' title="bbox 1889 535 3466 606">
    <p class='ocr_par' dir='ltr' id='par_1_20' title="bbox 1889 535 3466 606">
     <span class='ocr_line' id='line_1_20' title="bbox 1889 535 3466 606; baseline 0.001 -18"><span class='ocrx_word' id='word_1_130' title='bbox 1889 535 2190 605; x_wconf 80' lang='lat' dir='ltr'><strong>insignitus.</strong></span> <span class='ocrx_word' id='word_1_131' title='bbox 2245 535 2376 590; x_wconf 88' lang='lat' dir='ltr'><strong>Nam</strong></span> <span class='ocrx_word' id='word_1_132' title='bbox 2409 553 2530 592; x_wconf 90' lang='lat' dir='ltr'><strong>cum</strong></span> <span class='ocrx_word' id='word_1_133' title='bbox 2574 538 2771 592; x_wconf 90' lang='lat' dir='ltr'><strong>dicitur</strong></span> <span class='ocrx_word' id='word_1_134' title='bbox 2813 538 2954 592; x_wconf 81' lang='lat' dir='ltr'><strong>ﬁlius</strong></span> <span class='ocrx_word' id='word_1_135' title='bbox 2997 537 3371 606; x_wconf 86' lang='lat' dir='ltr'><strong>suspendentis</strong></span> <span class='ocrx_word' id='word_1_136' title='bbox 3407 553 3466 590; x_wconf 90' lang='lat' dir='ltr'><strong>a-</strong></span> 
     </span>
    </p>
   </div>
   <div class='ocr_carea' id='block_1_21' title="bbox 1887 627 3464 698">
    <p class='ocr_par' dir='ltr' id='par_1_21' title="bbox 1887 627 3464 698">
     <span class='ocr_line' id='line_1_21' title="bbox 1887 627 3464 698; baseline 0.003 -18"><span class='ocrx_word' id='word_1_137' title='bbox 1887 641 2022 694; x_wconf 88' lang='lat' dir='ltr'><strong>quas</strong></span> <span class='ocrx_word' id='word_1_138' title='bbox 2046 669 2060 694; x_wconf 93' lang='lat'><strong>,</strong></span> <span class='ocrx_word' id='word_1_139' title='bbox 2091 627 2289 682; x_wconf 88' lang='lat' dir='ltr'><strong>dicitur</strong></span> <span class='ocrx_word' id='word_1_140' title='bbox 2315 629 2500 698; x_wconf 83' lang='lat' dir='ltr'><strong>procul</strong></span> <span class='ocrx_word' id='word_1_141' title='bbox 2531 629 2694 684; x_wconf 86' lang='lat' dir='ltr'><strong>dubio</strong></span> <span class='ocrx_word' id='word_1_142' title='bbox 2729 629 2898 684; x_wconf 87' lang='lat' dir='ltr'><strong>Filius</strong></span> <span class='ocrx_word' id='word_1_143' title='bbox 2927 629 3016 684; x_wconf 86' lang='lat' dir='ltr'><strong>Dei</strong></span> <span class='ocrx_word' id='word_1_144' title='bbox 3043 673 3059 696; x_wconf 92' lang='lat'><strong>,</strong></span> <span class='ocrx_word' id='word_1_145' title='bbox 3109 645 3212 684; x_wconf 92' lang='lat' dir='ltr'><strong>non</strong></span> <span class='ocrx_word' id='word_1_146' title='bbox 3247 629 3464 698; x_wconf 86' lang='lat' dir='ltr'><strong>quidem</strong></span> 
     </span>
    </p>
   </div>
   <div class='ocr_carea' id='block_1_22' title="bbox 1887 715 3467 788">
    <p class='ocr_par' dir='ltr' id='par_1_22' title="bbox 1887 715 3467 788">
     <span class='ocr_line' id='line_1_22' title="bbox 1887 715 3467 788; baseline 0.002 -19"><span class='ocrx_word' id='word_1_147' title='bbox 1887 715 2148 769; x_wconf 83' lang='lat' dir='ltr'><strong>naturalis</strong></span> <span class='ocrx_word' id='word_1_148' title='bbox 2169 717 2536 786; x_wconf 72' lang='lat' dir='ltr'><strong>generationis</strong></span> <span class='ocrx_word' id='word_1_149' title='bbox 2567 717 2770 788; x_wconf 75' lang='lat' dir='ltr'><strong>origine</strong></span> <span class='ocrx_word' id='word_1_150' title='bbox 2793 759 2807 782; x_wconf 92' lang='lat'><strong>,</strong></span> <span class='ocrx_word' id='word_1_151' title='bbox 2837 719 2929 772; x_wconf 84' lang='lat' dir='ltr'><strong>sed</strong></span> <span class='ocrx_word' id='word_1_152' title='bbox 2960 717 3326 788; x_wconf 84' lang='lat' dir='ltr'><strong>propensioris</strong></span> <span class='ocrx_word' id='word_1_153' title='bbox 3345 733 3467 788; x_wconf 75' lang='lat' dir='ltr'><strong>gra-</strong></span> 
     </span>
    </p>
   </div>
   <div class='ocr_carea' id='block_1_23' title="bbox 1888 805 3466 878">
    <p class='ocr_par' dir='ltr' id='par_1_23' title="bbox 1888 805 3466 878">
     <span class='ocr_line' id='line_1_23' title="bbox 1888 805 3466 878; baseline 0.003 -20"><span class='ocrx_word' id='word_1_154' title='bbox 1888 805 1975 860; x_wconf 69' lang='lat' dir='ltr'><strong>tia:</strong></span> <span class='ocrx_word' id='word_1_155' title='bbox 2021 805 2298 876; x_wconf 77' lang='lat' dir='ltr'><strong>dignitate.</strong></span> <span class='ocrx_word' id='word_1_156' title='bbox 2350 807 2480 862; x_wconf 82' lang='lat' dir='ltr'><strong>Erat</strong></span> <span class='ocrx_word' id='word_1_157' title='bbox 2523 809 2664 862; x_wconf 91' lang='lat' dir='ltr'><strong>enim</strong></span> <span class='ocrx_word' id='word_1_158' title='bbox 2699 823 2824 862; x_wconf 84' lang='lat' dir='ltr'><strong>vere</strong></span> <span class='ocrx_word' id='word_1_159' title='bbox 2865 807 2958 862; x_wconf 91' lang='lat' dir='ltr'><strong>Dei</strong></span> <span class='ocrx_word' id='word_1_160' title='bbox 3015 807 3266 878; x_wconf 86' lang='lat' dir='ltr'><strong>templum</strong></span> <span class='ocrx_word' id='word_1_161' title='bbox 3293 847 3309 874; x_wconf 94' lang='lat'><strong>,</strong></span> <span class='ocrx_word' id='word_1_162' title='bbox 3355 821 3466 862; x_wconf 74' lang='lat' dir='ltr'><strong>cm-</strong></span> 
     </span>
    </p>
   </div>
   <div class='ocr_carea' id='block_1_24' title="bbox 1887 897 3464 968">
    <p class='ocr_par' dir='ltr' id='par_1_24' title="bbox 1887 897 3464 968">
     <span class='ocr_line' id='line_1_24' title="bbox 1887 897 3464 968; baseline 0 -18"><span class='ocrx_word' id='word_1_163' title='bbox 1887 897 2039 952; x_wconf 84' lang='lat' dir='ltr'><strong>lestis</strong></span> <span class='ocrx_word' id='word_1_164' title='bbox 2085 899 2270 968; x_wconf 74' lang='lat' dir='ltr'><strong>gratia:</strong></span> <span class='ocrx_word' id='word_1_165' title='bbox 2309 901 2673 954; x_wconf 87' lang='lat' dir='ltr'><strong>sanctuarium</strong></span> <span class='ocrx_word' id='word_1_166' title='bbox 2703 941 2718 964; x_wconf 94' lang='lat'><strong>,</strong></span> <span class='ocrx_word' id='word_1_167' title='bbox 2757 915 2880 954; x_wconf 89' lang='lat' dir='ltr'><strong>arca</strong></span> <span class='ocrx_word' id='word_1_168' title='bbox 2915 899 3130 953; x_wconf 82' lang='lat' dir='ltr'><strong>foederis</strong></span> <span class='ocrx_word' id='word_1_169' title='bbox 3157 941 3170 960; x_wconf 92' lang='lat'><strong>,</strong></span> <span class='ocrx_word' id='word_1_170' title='bbox 3211 900 3464 952; x_wconf 86' lang='lat' dir='ltr'><strong>taberna-</strong></span> 
     </span>
    </p>
   </div>
   <div class='ocr_carea' id='block_1_25' title="bbox 1886 989 3463 1058">
    <p class='ocr_par' dir='ltr' id='par_1_25' title="bbox 1886 989 3463 1058">
     <span class='ocr_line' id='line_1_25' title="bbox 1886 989 3463 1058; baseline -0.001 -14"><span class='ocrx_word' id='word_1_171' title='bbox 1886 989 2062 1044; x_wconf 89' lang='lat' dir='ltr'><strong>culum</strong></span> <span class='ocrx_word' id='word_1_172' title='bbox 2109 991 2422 1046; x_wconf 86' lang='lat' dir='ltr'><strong>testimonii.</strong></span> <span class='ocrx_word' id='word_1_173' title='bbox 2475 990 2608 1046; x_wconf 83' lang='lat' dir='ltr'><strong>Nam</strong></span> <span class='ocrx_word' id='word_1_174' title='bbox 2657 992 2798 1046; x_wconf 88' lang='lat' dir='ltr'><strong>sicut</strong></span> <span class='ocrx_word' id='word_1_175' title='bbox 2844 1007 2969 1044; x_wconf 87' lang='lat' dir='ltr'><strong>arca</strong></span> <span class='ocrx_word' id='word_1_176' title='bbox 3021 989 3108 1045; x_wconf 89' lang='lat' dir='ltr'><strong>illa</strong></span> <span class='ocrx_word' id='word_1_177' title='bbox 3155 989 3342 1058; x_wconf 82' lang='lat' dir='ltr'><strong>legalis</strong></span> <span class='ocrx_word' id='word_1_178' title='bbox 3396 1003 3463 1042; x_wconf 76' lang='lat' dir='ltr'><strong>ex</strong></span> 
     </span>
    </p>
   </div>
   <div class='ocr_carea' id='block_1_26' title="bbox 1889 1079 3468 1152">
    <p class='ocr_par' dir='ltr' id='par_1_26' title="bbox 1889 1079 3468 1152">
     <span class='ocr_line' id='line_1_26' title="bbox 1889 1079 3468 1152; baseline -0.001 -20"><span class='ocrx_word' id='word_1_179' title='bbox 1889 1080 2312 1148; x_wconf 90' lang='lat' dir='ltr'><strong>imputribilibus</strong></span> <span class='ocrx_word' id='word_1_180' title='bbox 2341 1081 2501 1152; x_wconf 81' lang='lat' dir='ltr'><strong>lignis</strong></span> <span class='ocrx_word' id='word_1_181' title='bbox 2535 1079 2702 1135; x_wconf 87' lang='lat' dir='ltr'><strong>Setitn</strong></span> <span class='ocrx_word' id='word_1_182' title='bbox 2729 1082 2954 1150; x_wconf 84' lang='lat' dir='ltr'><strong>mystica</strong></span> <span class='ocrx_word' id='word_1_183' title='bbox 2983 1080 3156 1134; x_wconf 86' lang='lat' dir='ltr'><strong>fuerat</strong></span> <span class='ocrx_word' id='word_1_184' title='bbox 3181 1087 3294 1132; x_wconf 86' lang='lat' dir='ltr'><strong>arte</strong></span> <span class='ocrx_word' id='word_1_185' title='bbox 3321 1094 3468 1133; x_wconf 83' lang='lat' dir='ltr'><strong>com-</strong></span> 
     </span>
    </p>
   </div>
   <div class='ocr_carea' id='block_1_27' title="bbox 1885 1168 3468 1242">
    <p class='ocr_par' dir='ltr' id='par_1_27' title="bbox 1885 1168 3468 1242">
     <span class='ocr_line' id='line_1_27' title="bbox 1885 1168 3468 1242; baseline -0.003 -18"><span class='ocrx_word' id='word_1_186' title='bbox 1885 1171 2058 1240; x_wconf 89' lang='lat' dir='ltr'><strong>posita</strong></span> <span class='ocrx_word' id='word_1_187' title='bbox 2084 1212 2098 1236; x_wconf 90' lang='lat'><strong>,</strong></span> <span class='ocrx_word' id='word_1_188' title='bbox 2135 1186 2268 1226; x_wconf 85' lang='lat' dir='ltr'><strong>auro</strong></span> <span class='ocrx_word' id='word_1_189' title='bbox 2297 1186 2512 1242; x_wconf 90' lang='lat' dir='ltr'><strong>quoque</strong></span> <span class='ocrx_word' id='word_1_190' title='bbox 2541 1171 2833 1240; x_wconf 87' lang='lat' dir='ltr'><strong>purissimo</strong></span> <span class='ocrx_word' id='word_1_191' title='bbox 2889 1168 3292 1236; x_wconf 80' lang='lat' dir='ltr'><strong>reSplendebat,</strong></span> <span class='ocrx_word' id='word_1_192' title='bbox 3324 1168 3468 1220; x_wconf 89' lang='lat' dir='ltr'><strong>intus</strong></span> 
     </span>
    </p>
   </div>
   <div class='ocr_carea' id='block_1_28' title="bbox 1885 1257 3468 1332">
    <p class='ocr_par' dir='ltr' id='par_1_28' title="bbox 1885 1257 3468 1332">
     <span class='ocr_line' id='line_1_28' title="bbox 1885 1257 3468 1332; baseline -0.005 -14"><span class='ocrx_word' id='word_1_193' title='bbox 1885 1271 1940 1318; x_wconf 88' lang='lat' dir='ltr'><strong>et</strong></span> <span class='ocrx_word' id='word_1_194' title='bbox 1989 1262 2326 1318; x_wconf 77' lang='lat' dir='ltr'><strong>extrinsecus</strong></span> <span class='ocrx_word' id='word_1_195' title='bbox 2377 1263 2618 1316; x_wconf 84' lang='lat' dir='ltr'><strong>inaurata</strong></span> <span class='ocrx_word' id='word_1_196' title='bbox 2653 1260 2850 1332; x_wconf 72' lang='lat' dir='ltr'><strong>(Exod.</strong></span> <span class='ocrx_word' id='word_1_197' title='bbox 2887 1263 3048 1328; x_wconf 77' lang='lat' dir='ltr'><strong>xxv);</strong></span> <span class='ocrx_word' id='word_1_198' title='bbox 3106 1258 3178 1312; x_wconf 86' lang='lat' dir='ltr'><strong>ita</strong></span> <span class='ocrx_word' id='word_1_199' title='bbox 3229 1258 3312 1310; x_wconf 87' lang='lat' dir='ltr'><strong>vir</strong></span> <span class='ocrx_word' id='word_1_200' title='bbox 3363 1257 3468 1310; x_wconf 87' lang='lat' dir='ltr'><strong>iste</strong></span> 
     </span>
    </p>
   </div>
   <div class='ocr_carea' id='block_1_29' title="bbox 1887 1353 3467 1424">
    <p class='ocr_par' dir='ltr' id='par_1_29' title="bbox 1887 1353 3467 1424">
     <span class='ocr_line' id='line_1_29' title="bbox 1887 1353 3467 1424; baseline -0.004 -16"><span class='ocrx_word' id='word_1_201' title='bbox 1887 1353 2188 1419; x_wconf 85' lang='lat' dir='ltr'><strong>mirabilis,</strong></span> <span class='ocrx_word' id='word_1_202' title='bbox 2216 1355 2306 1424; x_wconf 88' lang='lat' dir='ltr'><strong>qui</strong></span> <span class='ocrx_word' id='word_1_203' title='bbox 2355 1370 2505 1424; x_wconf 85' lang='lat' dir='ltr'><strong>spem</strong></span> <span class='ocrx_word' id='word_1_204' title='bbox 2544 1369 2698 1410; x_wconf 88' lang='lat' dir='ltr'><strong>suam</strong></span> <span class='ocrx_word' id='word_1_205' title='bbox 2732 1355 2782 1408; x_wconf 91' lang='lat' dir='ltr'><strong>in</strong></span> <span class='ocrx_word' id='word_1_206' title='bbox 2827 1353 3129 1406; x_wconf 62' lang='lat' dir='ltr'><strong>aeternitate</strong></span> <span class='ocrx_word' id='word_1_207' title='bbox 3175 1356 3467 1419; x_wconf 84' lang='lat' dir='ltr'><strong>posuerat,</strong></span> 
     </span>
    </p>
   </div>
   <div class='ocr_carea' id='block_1_30' title="bbox 1884 1439 3474 1509">
    <p class='ocr_par' dir='ltr' id='par_1_30' title="bbox 1884 1439 3474 1509">
     <span class='ocr_line' id='line_1_30' title="bbox 1884 1439 3474 1509; baseline -0.004 -11"><span class='ocrx_word' id='word_1_208' title='bbox 1884 1452 1940 1498; x_wconf 91' lang='lat' dir='ltr'><strong>et</strong></span> <span class='ocrx_word' id='word_1_209' title='bbox 1991 1444 2228 1498; x_wconf 87' lang='lat' dir='ltr'><strong>exterius</strong></span> <span class='ocrx_word' id='word_1_210' title='bbox 2279 1445 2524 1498; x_wconf 82' lang='lat' dir='ltr'><strong>radiabat</strong></span> <span class='ocrx_word' id='word_1_211' title='bbox 2571 1443 2842 1498; x_wconf 75' lang='lat' dir='ltr'><strong>imitanda:</strong></span> <span class='ocrx_word' id='word_1_212' title='bbox 2892 1441 3016 1496; x_wconf 66' lang='lat' dir='ltr'><strong>vitae</strong></span> <span class='ocrx_word' id='word_1_213' title='bbox 3063 1439 3386 1509; x_wconf 80' lang='lat' dir='ltr'><strong>Splendore,</strong></span> <span class='ocrx_word' id='word_1_214' title='bbox 3417 1447 3474 1494; x_wconf 90' lang='lat' dir='ltr'><strong>et</strong></span> 
     </span>
    </p>
   </div>
   <div class='ocr_carea' id='block_1_31' title="bbox 1883 1529 3468 1604">
    <p class='ocr_par' dir='ltr' id='par_1_31' title="bbox 1883 1529 3468 1604">
     <span class='ocr_line' id='line_1_31' title="bbox 1883 1529 3468 1604; baseline -0.003 -18"><span class='ocrx_word' id='word_1_215' title='bbox 1883 1533 2212 1588; x_wconf 89' lang='lat' dir='ltr'><strong>intrinsecus</strong></span> <span class='ocrx_word' id='word_1_216' title='bbox 2257 1535 2584 1604; x_wconf 64' lang='lat' dir='ltr'><strong>prielucebat</strong></span> <span class='ocrx_word' id='word_1_217' title='bbox 2626 1533 2819 1587; x_wconf 68' lang='lat' dir='ltr'><strong>divinat</strong></span> <span class='ocrx_word' id='word_1_218' title='bbox 2875 1532 3150 1600; x_wconf 73' lang='lat' dir='ltr'><strong>sapientia:</strong></span> <span class='ocrx_word' id='word_1_219' title='bbox 3202 1529 3468 1584; x_wconf 86' lang='lat' dir='ltr'><strong>claritate.</strong></span> 
     </span>
    </p>
   </div>
   <div class='ocr_carea' id='block_1_32' title="bbox 1883 1621 3470 1694">
    <p class='ocr_par' dir='ltr' id='par_1_32' title="bbox 1883 1621 3470 1694">
     <span class='ocr_line' id='line_1_32' title="bbox 1883 1621 3470 1694; baseline -0.004 -16"><span class='ocrx_word' id='word_1_220' title='bbox 1883 1625 1940 1678; x_wconf 89' lang='lat' dir='ltr'><strong>ln</strong></span> <span class='ocrx_word' id='word_1_221' title='bbox 1970 1625 2054 1678; x_wconf 90' lang='lat' dir='ltr'><strong>illa</strong></span> <span class='ocrx_word' id='word_1_222' title='bbox 2083 1639 2296 1694; x_wconf 91' lang='lat' dir='ltr'><strong>quoque</strong></span> <span class='ocrx_word' id='word_1_223' title='bbox 2326 1639 2452 1678; x_wconf 88' lang='lat' dir='ltr'><strong>arca</strong></span> <span class='ocrx_word' id='word_1_224' title='bbox 2506 1632 2622 1678; x_wconf 88' lang='lat' dir='ltr'><strong>erat</strong></span> <span class='ocrx_word' id='word_1_225' title='bbox 2652 1638 2786 1676; x_wconf 88' lang='lat' dir='ltr'><strong>urna</strong></span> <span class='ocrx_word' id='word_1_226' title='bbox 2813 1638 2974 1676; x_wconf 87' lang='lat' dir='ltr'><strong>aurea</strong></span> <span class='ocrx_word' id='word_1_227' title='bbox 2999 1661 3014 1685; x_wconf 92' lang='lat'><strong>,</strong></span> <span class='ocrx_word' id='word_1_228' title='bbox 3057 1621 3108 1673; x_wconf 93' lang='lat' dir='ltr'><strong>in</strong></span> <span class='ocrx_word' id='word_1_229' title='bbox 3137 1635 3242 1688; x_wconf 90' lang='lat' dir='ltr'><strong>qua</strong></span> <span class='ocrx_word' id='word_1_230' title='bbox 3273 1635 3470 1674; x_wconf 85' lang='lat' dir='ltr'><strong>manna</strong></span> 
     </span>
    </p>
   </div>
   <div class='ocr_carea' id='block_1_33' title="bbox 207 1708 3468 1788">
    <p class='ocr_par' dir='ltr' id='par_1_33' title="bbox 207 1708 3468 1788">
     <span class='ocr_line' id='line_1_33' title="bbox 207 1708 3468 1788; baseline -0.001 -25"><span class='ocrx_word' id='word_1_231' title='bbox 207 1712 292 1765; x_wconf 74' lang='lat' dir='ltr'><strong>tice</strong></span> <span class='ocrx_word' id='word_1_232' title='bbox 319 1713 561 1767; x_wconf 65' lang='lat' dir='ltr'><strong>caelestis</strong></span> <span class='ocrx_word' id='word_1_233' title='bbox 583 1715 754 1768; x_wconf 91' lang='lat' dir='ltr'><strong>imbre</strong></span> <span class='ocrx_word' id='word_1_234' title='bbox 785 1715 1144 1784; x_wconf 84' lang='lat' dir='ltr'><strong>perfunditur,</strong></span> <span class='ocrx_word' id='word_1_235' title='bbox 1166 1726 1220 1770; x_wconf 89' lang='lat' dir='ltr'><strong>et</strong></span> <span class='ocrx_word' id='word_1_236' title='bbox 1249 1719 1417 1772; x_wconf 91' lang='lat' dir='ltr'><strong>nubes</strong></span> <span class='ocrx_word' id='word_1_237' title='bbox 1440 1719 1578 1788; x_wconf 82' lang='lat' dir='ltr'><strong>ejus,</strong></span> <span class='ocrx_word' id='word_1_238' title='bbox 1605 1719 1776 1772; x_wconf 88' lang='lat' dir='ltr'><strong>sancti</strong></span> <span class='ocrx_word' id='word_1_239' title='bbox 1807 1710 1854 1770; x_wconf 86' lang='grc' dir='ltr'>Β</span> <span class='ocrx_word' id='word_1_240' title='bbox 1881 1716 2222 1778; x_wconf 82' lang='lat' dir='ltr'><strong>servabatur,</strong></span> <span class='ocrx_word' id='word_1_241' title='bbox 2254 1713 2446 1768; x_wconf 70' lang='lat' dir='ltr'><strong>tabula:</strong></span> <span class='ocrx_word' id='word_1_242' title='bbox 2475 1713 2826 1766; x_wconf 87' lang='lat' dir='ltr'><strong>nihilominus</strong></span> <span class='ocrx_word' id='word_1_243' title='bbox 2854 1709 3209 1772; x_wconf 89' lang='lat' dir='ltr'><strong>Testamenti,</strong></span> <span class='ocrx_word' id='word_1_244' title='bbox 3241 1717 3295 1762; x_wconf 93' lang='lat' dir='ltr'><strong>et</strong></span> <span class='ocrx_word' id='word_1_245' title='bbox 3319 1708 3468 1778; x_wconf 80' lang='lat' dir='ltr'><strong>virga</strong></span> 
     </span>
    </p>
   </div>
   <div class='ocr_carea' id='block_1_34' title="bbox 205 1803 1782 1870">
    <p class='ocr_par' dir='ltr' id='par_1_34' title="bbox 205 1803 1782 1870">
     <span class='ocr_line' id='line_1_34' title="bbox 205 1803 1782 1870; baseline 0.004 -15"><span class='ocrx_word' id='word_1_246' title='bbox 205 1803 414 1858; x_wconf 89' lang='lat' dir='ltr'><strong>scilicet</strong></span> <span class='ocrx_word' id='word_1_247' title='bbox 460 1805 732 1870; x_wconf 87' lang='lat' dir='ltr'><strong>doctores,</strong></span> <span class='ocrx_word' id='word_1_248' title='bbox 763 1807 830 1862; x_wconf 89' lang='lat' dir='ltr'><strong>de</strong></span> <span class='ocrx_word' id='word_1_249' title='bbox 877 1807 1080 1862; x_wconf 61' lang='lat' dir='ltr'><strong>caelesti</strong></span> <span class='ocrx_word' id='word_1_250' title='bbox 1111 1823 1216 1862; x_wconf 88' lang='lat' dir='ltr'><strong>uno</strong></span> <span class='ocrx_word' id='word_1_251' title='bbox 1247 1808 1392 1863; x_wconf 89' lang='lat' dir='ltr'><strong>fonte</strong></span> <span class='ocrx_word' id='word_1_252' title='bbox 1441 1809 1782 1864; x_wconf 75' lang='lat' dir='ltr'><strong>invisibiliter</strong></span> 
     </span>
    </p>
   </div>
   <div class='ocr_carea' id='block_1_35' title="bbox 203 1893 1780 1968">
    <p class='ocr_par' dir='ltr' id='par_1_35' title="bbox 203 1893 1780 1968">
     <span class='ocr_line' id='line_1_35' title="bbox 203 1893 1780 1968; baseline 0.005 -22"><span class='ocrx_word' id='word_1_253' title='bbox 203 1893 485 1962; x_wconf 85' lang='lat' dir='ltr'><strong>hauriunt,</strong></span> <span class='ocrx_word' id='word_1_254' title='bbox 541 1899 684 1966; x_wconf 89' lang='lat' dir='ltr'><strong>quod</strong></span> <span class='ocrx_word' id='word_1_255' title='bbox 731 1899 786 1952; x_wconf 85' lang='lat' dir='ltr'><strong>in</strong></span> <span class='ocrx_word' id='word_1_256' title='bbox 831 1914 929 1954; x_wconf 86' lang='lat' dir='ltr'><strong>nos</strong></span> <span class='ocrx_word' id='word_1_257' title='bbox 975 1901 1314 1968; x_wconf 86' lang='lat' dir='ltr'><strong>postmodum</strong></span> <span class='ocrx_word' id='word_1_258' title='bbox 1363 1901 1604 1954; x_wconf 85' lang='lat' dir='ltr'><strong>suaviter</strong></span> <span class='ocrx_word' id='word_1_259' title='bbox 1653 1915 1780 1954; x_wconf 84' lang='lat' dir='ltr'><strong>eru-</strong></span> 
     </span>
    </p>
   </div>
   <div class='ocr_carea' id='block_1_36' title="bbox 202 1987 1779 2059">
    <p class='ocr_par' dir='ltr' id='par_1_36' title="bbox 202 1987 1779 2059">
     <span class='ocr_line' id='line_1_36' title="bbox 202 1987 1779 2059; baseline 0.004 -22"><span class='ocrx_word' id='word_1_260' title='bbox 202 1987 400 2042; x_wconf 87' lang='lat' dir='ltr'><strong>ctando</strong></span> <span class='ocrx_word' id='word_1_261' title='bbox 433 1987 836 2043; x_wconf 88' lang='lat' dir='ltr'><strong>transfundnnt.</strong></span> <span class='ocrx_word' id='word_1_262' title='bbox 863 1989 1010 2046; x_wconf 88' lang='lat' dir='ltr'><strong>Unde</strong></span> <span class='ocrx_word' id='word_1_263' title='bbox 1057 1991 1360 2059; x_wconf 85' lang='lat' dir='ltr'><strong>Propheta:</strong></span> <span class='ocrx_word' id='word_1_264' title='bbox 1395 2011 1414 2044; x_wconf 80' lang='grc' dir='ltr'><strong>ι</strong></span> <span class='ocrx_word' id='word_1_265' title='bbox 1443 1991 1779 2054; x_wconf 77' lang='lat' dir='ltr'><strong>Memoriam,</strong></span> 
     </span>
    </p>
   </div>
   <div class='ocr_carea' id='block_1_37' title="bbox 203 2077 1783 2146">
    <p class='ocr_par' dir='ltr' id='par_1_37' title="bbox 203 2077 1783 2146">
     <span class='ocr_line' id='line_1_37' title="bbox 203 2077 1783 2146; baseline 0.005 -18"><span class='ocrx_word' id='word_1_266' title='bbox 203 2077 380 2144; x_wconf 88' lang='lat' dir='ltr'><strong>inquit</strong></span> <span class='ocrx_word' id='word_1_267' title='bbox 406 2117 422 2140; x_wconf 92' lang='lat'><strong>,</strong></span> <span class='ocrx_word' id='word_1_268' title='bbox 473 2078 818 2134; x_wconf 75' lang='lat' dir='ltr'><strong>abundantia:</strong></span> <span class='ocrx_word' id='word_1_269' title='bbox 860 2082 1142 2136; x_wconf 83' lang='lat' dir='ltr'><strong>suavitatis</strong></span> <span class='ocrx_word' id='word_1_270' title='bbox 1185 2091 1284 2136; x_wconf 78' lang='lat' dir='ltr'><strong>tute</strong></span> <span class='ocrx_word' id='word_1_271' title='bbox 1329 2083 1686 2146; x_wconf 89' lang='lat' dir='ltr'><strong>eructabunt,</strong></span> <span class='ocrx_word' id='word_1_272' title='bbox 1728 2091 1783 2136; x_wconf 87' lang='lat' dir='ltr'><strong>et</strong></span> 
     </span>
    </p>
   </div>
   <div class='ocr_carea' id='block_1_38' title="bbox 193 2167 1782 2243">
    <p class='ocr_par' dir='ltr' id='par_1_38' title="bbox 193 2167 1782 2243">
     <span class='ocr_line' id='line_1_38' title="bbox 193 2167 1782 2243; baseline 0.005 -23"><span class='ocrx_word' id='word_1_273' title='bbox 193 2167 410 2236; x_wconf 80' lang='lat' dir='ltr'><strong>justitia</strong></span> <span class='ocrx_word' id='word_1_274' title='bbox 443 2179 532 2222; x_wconf 89' lang='lat' dir='ltr'><strong>tua</strong></span> <span class='ocrx_word' id='word_1_275' title='bbox 561 2169 906 2226; x_wconf 78' lang='lat' dir='ltr'><strong>exsultabunt</strong></span> <span class='ocrx_word' id='word_1_276' title='bbox 940 2169 1110 2242; x_wconf 68' lang='lat' dir='ltr'><strong>(Prol.</strong></span> <span class='ocrx_word' id='word_1_277' title='bbox 1145 2175 1349 2243; x_wconf 71' lang='lat' dir='ltr'><strong>cxuv).</strong></span> <span class='ocrx_word' id='word_1_278' title='bbox 1390 2194 1407 2226; x_wconf 82' lang='grc' dir='ltr'><strong>ι</strong></span> <span class='ocrx_word' id='word_1_279' title='bbox 1443 2175 1524 2228; x_wconf 80' lang='lat' dir='ltr'><strong>An</strong></span> <span class='ocrx_word' id='word_1_280' title='bbox 1569 2192 1674 2228; x_wconf 89' lang='lat' dir='ltr'><strong>non</strong></span> <span class='ocrx_word' id='word_1_281' title='bbox 1715 2174 1782 2228; x_wconf 91' lang='lat' dir='ltr'><strong>ad</strong></span> 
     </span>
    </p>
   </div>
   <div class='ocr_carea' id='block_1_39' title="bbox 201 2259 1780 2333">
    <p class='ocr_par' dir='ltr' id='par_1_39' title="bbox 201 2259 1780 2333">
     <span class='ocr_line' id='line_1_39' title="bbox 201 2259 1780 2333; baseline 0.006 -21"><span class='ocrx_word' id='word_1_282' title='bbox 201 2259 352 2314; x_wconf 85' lang='lat' dir='ltr'><strong>illum</strong></span> <span class='ocrx_word' id='word_1_283' title='bbox 385 2259 586 2316; x_wconf 78' lang='lat' dir='ltr'><strong>fantem</strong></span> <span class='ocrx_word' id='word_1_284' title='bbox 611 2261 830 2326; x_wconf 87' lang='lat' dir='ltr'><strong>Paulus,</strong></span> <span class='ocrx_word' id='word_1_285' title='bbox 875 2280 1066 2333; x_wconf 85' lang='lat' dir='ltr'><strong>magna</strong></span> <span class='ocrx_word' id='word_1_286' title='bbox 1099 2266 1306 2320; x_wconf 79' lang='lat' dir='ltr'><strong>scilicet</strong></span> <span class='ocrx_word' id='word_1_287' title='bbox 1349 2269 1547 2330; x_wconf 87' lang='lat' dir='ltr'><strong>nubes,</strong></span> <span class='ocrx_word' id='word_1_288' title='bbox 1601 2267 1780 2332; x_wconf 87' lang='lat' dir='ltr'><strong>rediit,</strong></span> 
     </span>
    </p>
   </div>
   <div class='ocr_carea' id='block_1_40' title="bbox 197 2353 1780 2426">
    <p class='ocr_par' dir='ltr' id='par_1_40' title="bbox 197 2353 1780 2426">
     <span class='ocr_line' id='line_1_40' title="bbox 197 2353 1780 2426; baseline 0.003 -20"><span class='ocrx_word' id='word_1_289' title='bbox 197 2367 346 2416; x_wconf 88' lang='lat' dir='ltr'><strong>cum,</strong></span> <span class='ocrx_word' id='word_1_290' title='bbox 381 2367 544 2420; x_wconf 87' lang='lat' dir='ltr'><strong>supra</strong></span> <span class='ocrx_word' id='word_1_291' title='bbox 579 2353 794 2406; x_wconf 91' lang='lat' dir='ltr'><strong>tertium</strong></span> <span class='ocrx_word' id='word_1_292' title='bbox 821 2353 1016 2408; x_wconf 70' lang='lat' dir='ltr'><strong>ctelum</strong></span> <span class='ocrx_word' id='word_1_293' title='bbox 1053 2365 1256 2422; x_wconf 85' lang='lat' dir='ltr'><strong>raptus,</strong></span> <span class='ocrx_word' id='word_1_294' title='bbox 1293 2358 1454 2412; x_wconf 87' lang='lat' dir='ltr'><strong>verba</strong></span> <span class='ocrx_word' id='word_1_295' title='bbox 1487 2373 1606 2426; x_wconf 63' lang='lat' dir='ltr'><strong>qua:</strong></span> <span class='ocrx_word' id='word_1_296' title='bbox 1635 2356 1780 2426; x_wconf 91' lang='lat' dir='ltr'><strong>loqui</strong></span> 
     </span>
    </p>
   </div>
   <div class='ocr_carea' id='block_1_41' title="bbox 197 2439 1782 2514">
    <p class='ocr_par' dir='ltr' id='par_1_41' title="bbox 197 2439 1782 2514">
     <span class='ocr_line' id='line_1_41' title="bbox 197 2439 1782 2514; baseline 0.004 -23"><span class='ocrx_word' id='word_1_297' title='bbox 197 2453 302 2491; x_wconf 88' lang='lat' dir='ltr'><strong>non</strong></span> <span class='ocrx_word' id='word_1_298' title='bbox 329 2439 554 2506; x_wconf 89' lang='lat' dir='ltr'><strong>licebat,</strong></span> <span class='ocrx_word' id='word_1_299' title='bbox 579 2441 820 2496; x_wconf 85' lang='lat' dir='ltr'><strong>audivit?</strong></span> <span class='ocrx_word' id='word_1_300' title='bbox 842 2443 890 2514; x_wconf 81' lang='grc' dir='ltr'>(ι</span> <span class='ocrx_word' id='word_1_301' title='bbox 925 2443 1048 2498; x_wconf 87' lang='lat' dir='ltr'><strong>Cor.</strong></span> <span class='ocrx_word' id='word_1_302' title='bbox 1081 2445 1166 2512; x_wconf 89' lang='grc' dir='ltr'>ιι.)</span> <span class='ocrx_word' id='word_1_303' title='bbox 1197 2447 1276 2498; x_wconf 83' lang='lat' dir='ltr'><strong>An</strong></span> <span class='ocrx_word' id='word_1_304' title='bbox 1305 2461 1410 2500; x_wconf 91' lang='lat' dir='ltr'><strong>non</strong></span> <span class='ocrx_word' id='word_1_305' title='bbox 1441 2447 1508 2500; x_wconf 91' lang='lat' dir='ltr'><strong>ad</strong></span> <span class='ocrx_word' id='word_1_306' title='bbox 1531 2448 1782 2501; x_wconf 80' lang='lat' dir='ltr'><strong>cuindetn</strong></span> 
     </span>
    </p>
   </div>
   <div class='ocr_carea' id='block_1_42' title="bbox 199 2529 1784 2597">
    <p class='ocr_par' dir='ltr' id='par_1_42' title="bbox 199 2529 1784 2597">
     <span class='ocr_line' id='line_1_42' title="bbox 199 2529 1784 2597; baseline 0.006 -17"><span class='ocrx_word' id='word_1_307' title='bbox 199 2529 408 2584; x_wconf 88' lang='lat' dir='ltr'><strong>fontem</strong></span> <span class='ocrx_word' id='word_1_308' title='bbox 439 2545 690 2586; x_wconf 87' lang='lat' dir='ltr'><strong>reversus</strong></span> <span class='ocrx_word' id='word_1_309' title='bbox 722 2541 804 2588; x_wconf 89' lang='lat' dir='ltr'><strong>est</strong></span> <span class='ocrx_word' id='word_1_310' title='bbox 839 2532 1049 2597; x_wconf 79' lang='lat' dir='ltr'><strong>Petrus,</strong></span> <span class='ocrx_word' id='word_1_311' title='bbox 1087 2550 1210 2588; x_wconf 89' lang='lat' dir='ltr'><strong>cum</strong></span> <span class='ocrx_word' id='word_1_312' title='bbox 1253 2535 1306 2588; x_wconf 92' lang='lat' dir='ltr'><strong>in</strong></span> <span class='ocrx_word' id='word_1_313' title='bbox 1331 2535 1562 2590; x_wconf 87' lang='lat' dir='ltr'><strong>extasim</strong></span> <span class='ocrx_word' id='word_1_314' title='bbox 1609 2535 1784 2592; x_wconf 91' lang='lat' dir='ltr'><strong>subito</strong></span> 
     </span>
    </p>
   </div>
   <div class='ocr_carea' id='block_1_43' title="bbox 199 2621 1782 2696">
    <p class='ocr_par' dir='ltr' id='par_1_43' title="bbox 199 2621 1782 2696">
     <span class='ocr_line' id='line_1_43' title="bbox 199 2621 1782 2696; baseline 0.004 -25"><span class='ocrx_word' id='word_1_315' title='bbox 199 2621 436 2689; x_wconf 89' lang='lat' dir='ltr'><strong>rapitur,</strong></span> <span class='ocrx_word' id='word_1_316' title='bbox 465 2632 520 2674; x_wconf 92' lang='lat' dir='ltr'><strong>et</strong></span> <span class='ocrx_word' id='word_1_317' title='bbox 567 2639 672 2676; x_wconf 89' lang='lat' dir='ltr'><strong>non</strong></span> <span class='ocrx_word' id='word_1_318' title='bbox 721 2624 878 2678; x_wconf 87' lang='lat' dir='ltr'><strong>modo</strong></span> <span class='ocrx_word' id='word_1_319' title='bbox 919 2625 1126 2678; x_wconf 86' lang='lat' dir='ltr'><strong>diversa</strong></span> <span class='ocrx_word' id='word_1_320' title='bbox 1168 2626 1519 2678; x_wconf 87' lang='lat' dir='ltr'><strong>animantium</strong></span> <span class='ocrx_word' id='word_1_321' title='bbox 1561 2639 1782 2696; x_wconf 81' lang='lat' dir='ltr'><strong>genera,</strong></span> 
     </span>
    </p>
   </div>
   <div class='ocr_carea' id='block_1_44' title="bbox 196 2705 1782 2780">
    <p class='ocr_par' dir='ltr' id='par_1_44' title="bbox 196 2705 1782 2780">
     <span class='ocr_line' id='line_1_44' title="bbox 196 2705 1782 2780; baseline 0.006 -23"><span class='ocrx_word' id='word_1_322' title='bbox 196 2705 287 2758; x_wconf 87' lang='lat' dir='ltr'><strong>sed</strong></span> <span class='ocrx_word' id='word_1_323' title='bbox 337 2715 396 2759; x_wconf 88' lang='lat' dir='ltr'><strong>et</strong></span> <span class='ocrx_word' id='word_1_324' title='bbox 437 2707 710 2776; x_wconf 87' lang='lat' dir='ltr'><strong>serpentia</strong></span> <span class='ocrx_word' id='word_1_325' title='bbox 771 2718 1006 2762; x_wconf 90' lang='lat' dir='ltr'><strong>mactare</strong></span> <span class='ocrx_word' id='word_1_326' title='bbox 1044 2719 1098 2763; x_wconf 91' lang='lat' dir='ltr'><strong>et</strong></span> <span class='ocrx_word' id='word_1_327' title='bbox 1147 2711 1473 2764; x_wconf 89' lang='lat' dir='ltr'><strong>manducare</strong></span> <span class='ocrx_word' id='word_1_328' title='bbox 1515 2710 1782 2780; x_wconf 82' lang='lat' dir='ltr'><strong>jubetur?</strong></span> 
     </span>
    </p>
   </div>
   <div class='ocr_carea' id='block_1_45' title="bbox 197 2795 1780 2872">
    <p class='ocr_par' dir='ltr' id='par_1_45' title="bbox 197 2795 1780 2872">
     <span class='ocr_line' id='line_1_45' title="bbox 197 2795 1780 2872; baseline 0.006 -26"><span class='ocrx_word' id='word_1_329' title='bbox 197 2795 340 2864; x_wconf 78' lang='lat' dir='ltr'><strong>(Act.</strong></span> <span class='ocrx_word' id='word_1_330' title='bbox 377 2797 458 2868; x_wconf 75' lang='grc' dir='ltr'>ιι.)</span> <span class='ocrx_word' id='word_1_331' title='bbox 493 2798 558 2852; x_wconf 85' lang='lat' dir='ltr'><strong>Et</strong></span> <span class='ocrx_word' id='word_1_332' title='bbox 587 2799 700 2854; x_wconf 74' lang='lat' dir='ltr'><strong>lucc</strong></span> <span class='ocrx_word' id='word_1_333' title='bbox 747 2801 964 2869; x_wconf 85' lang='lat' dir='ltr'><strong>quidem</strong></span> <span class='ocrx_word' id='word_1_334' title='bbox 1005 2801 1174 2854; x_wconf 84' lang='lat' dir='ltr'><strong>nubes</strong></span> <span class='ocrx_word' id='word_1_335' title='bbox 1199 2819 1302 2856; x_wconf 93' lang='lat' dir='ltr'><strong>non</strong></span> <span class='ocrx_word' id='word_1_336' title='bbox 1329 2812 1448 2856; x_wconf 89' lang='lat' dir='ltr'><strong>erat</strong></span> <span class='ocrx_word' id='word_1_337' title='bbox 1490 2811 1616 2856; x_wconf 89' lang='lat' dir='ltr'><strong>tunc</strong></span> <span class='ocrx_word' id='word_1_338' title='bbox 1644 2819 1780 2872; x_wconf 88' lang='lat' dir='ltr'><strong>aqua</strong></span> 
     </span>
    </p>
   </div>
   <div class='ocr_carea' id='block_1_46' title="bbox 201 2889 1779 2960">
    <p class='ocr_par' dir='ltr' id='par_1_46' title="bbox 201 2889 1779 2960">
     <span class='ocr_line' id='line_1_46' title="bbox 201 2889 1779 2960; baseline 0.004 -20"><span class='ocrx_word' id='word_1_339' title='bbox 201 2889 480 2956; x_wconf 79' lang='lat' dir='ltr'><strong>sapientiae</strong></span> <span class='ocrx_word' id='word_1_340' title='bbox 525 2889 755 2958; x_wconf 85' lang='lat' dir='ltr'><strong>pleniter</strong></span> <span class='ocrx_word' id='word_1_341' title='bbox 775 2891 1014 2960; x_wconf 79' lang='lat' dir='ltr'><strong>gravida,</strong></span> <span class='ocrx_word' id='word_1_342' title='bbox 1043 2892 1164 2959; x_wconf 87' lang='lat' dir='ltr'><strong>quia</strong></span> <span class='ocrx_word' id='word_1_343' title='bbox 1199 2893 1500 2947; x_wconf 88' lang='lat' dir='ltr'><strong>communis</strong></span> <span class='ocrx_word' id='word_1_344' title='bbox 1540 2893 1779 2947; x_wconf 89' lang='lat' dir='ltr'><strong>omnium</strong></span> 
     </span>
    </p>
   </div>
   <div class='ocr_carea' id='block_1_47' title="bbox 198 2977 1783 3053">
    <p class='ocr_par' dir='ltr' id='par_1_47' title="bbox 198 2977 1783 3053">
     <span class='ocr_line' id='line_1_47' title="bbox 198 2977 1783 3053; baseline 0.004 -23"><span class='ocrx_word' id='word_1_345' title='bbox 198 2977 360 3048; x_wconf 76' lang='lat'><strong>213</strong></span> <span class='ocrx_word' id='word_1_346' title='bbox 401 2979 644 3048; x_wconf 75' lang='lat' dir='ltr'><strong>gentium</strong></span> <span class='ocrx_word' id='word_1_347' title='bbox 683 2981 982 3035; x_wconf 86' lang='lat' dir='ltr'><strong>vocationis</strong></span> <span class='ocrx_word' id='word_1_348' title='bbox 1011 2993 1132 3036; x_wconf 89' lang='lat' dir='ltr'><strong>erat</strong></span> <span class='ocrx_word' id='word_1_349' title='bbox 1161 2983 1366 3053; x_wconf 81' lang='lat' dir='ltr'><strong>ignara.</strong></span> <span class='ocrx_word' id='word_1_350' title='bbox 1399 2985 1504 3038; x_wconf 89' lang='lat' dir='ltr'><strong>Sed</strong></span> <span class='ocrx_word' id='word_1_351' title='bbox 1551 2983 1783 3038; x_wconf 87' lang='lat' dir='ltr'><strong>accessit</strong></span> 
     </span>
    </p>
   </div>
   <div class='ocr_carea' id='block_1_48' title="bbox 1881 1804 3466 1874">
    <p class='ocr_par' dir='ltr' id='par_1_48' title="bbox 1881 1804 3466 1874">
     <span class='ocr_line' id='line_1_48' title="bbox 1881 1804 3466 1874; baseline -0.007 -13"><span class='ocrx_word' id='word_1_352' title='bbox 1881 1809 2058 1862; x_wconf 80' lang='lat' dir='ltr'><strong>Aaron</strong></span> <span class='ocrx_word' id='word_1_353' title='bbox 2087 1847 2101 1870; x_wconf 91' lang='lat'><strong>,</strong></span> <span class='ocrx_word' id='word_1_354' title='bbox 2155 1821 2274 1874; x_wconf 77' lang='lat' dir='ltr'><strong>qua:</strong></span> <span class='ocrx_word' id='word_1_355' title='bbox 2322 1806 2655 1860; x_wconf 86' lang='lat' dir='ltr'><strong>ft‘Ottdueral.</strong></span> <span class='ocrx_word' id='word_1_356' title='bbox 2707 1804 2846 1870; x_wconf 88' lang='lat' dir='ltr'><strong>Quid</strong></span> <span class='ocrx_word' id='word_1_357' title='bbox 2879 1811 2963 1858; x_wconf 88' lang='lat' dir='ltr'><strong>est</strong></span> <span class='ocrx_word' id='word_1_358' title='bbox 2997 1809 3175 1854; x_wconf 88' lang='lat' dir='ltr'><strong>autem</strong></span> <span class='ocrx_word' id='word_1_359' title='bbox 3205 1815 3339 1852; x_wconf 91' lang='lat' dir='ltr'><strong>urna</strong></span> <span class='ocrx_word' id='word_1_360' title='bbox 3368 1813 3466 1852; x_wconf 89' lang='lat' dir='ltr'><strong>an-</strong></span> 
     </span>
    </p>
   </div>
   <div class='ocr_carea' id='block_1_49' title="bbox 1883 1894 3468 1960">
    <p class='ocr_par' dir='ltr' id='par_1_49' title="bbox 1883 1894 3468 1960">
     <span class='ocr_line' id='line_1_49' title="bbox 1883 1894 3468 1960; baseline -0.005 -8"><span class='ocrx_word' id='word_1_361' title='bbox 1883 1913 1995 1960; x_wconf 84' lang='lat' dir='ltr'><strong>rea,</strong></span> <span class='ocrx_word' id='word_1_362' title='bbox 2029 1897 2130 1950; x_wconf 90' lang='lat' dir='ltr'><strong>nisi</strong></span> <span class='ocrx_word' id='word_1_363' title='bbox 2161 1911 2290 1950; x_wconf 88' lang='lat' dir='ltr'><strong>caro</strong></span> <span class='ocrx_word' id='word_1_364' title='bbox 2325 1895 2524 1950; x_wconf 90' lang='lat' dir='ltr'><strong>Christi</strong></span> <span class='ocrx_word' id='word_1_365' title='bbox 2555 1895 2775 1960; x_wconf 86' lang='lat' dir='ltr'><strong>munda,</strong></span> <span class='ocrx_word' id='word_1_366' title='bbox 2825 1896 2990 1950; x_wconf 87' lang='lat' dir='ltr'><strong>nitida</strong></span> <span class='ocrx_word' id='word_1_367' title='bbox 3013 1937 3028 1960; x_wconf 85' lang='lat'><strong>,</strong></span> <span class='ocrx_word' id='word_1_368' title='bbox 3059 1894 3272 1947; x_wconf 86' lang='lat' dir='ltr'><strong>sincera</strong></span> <span class='ocrx_word' id='word_1_369' title='bbox 3304 1899 3468 1960; x_wconf 88' lang='lat' dir='ltr'><strong>atque</strong></span> 
     </span>
    </p>
   </div>
   <div class='ocr_carea' id='block_1_50' title="bbox 1883 1983 3470 2058">
    <p class='ocr_par' dir='ltr' id='par_1_50' title="bbox 1883 1983 3470 2058">
     <span class='ocr_line' id='line_1_50' title="bbox 1883 1983 3470 2058; baseline -0.003 -18"><span class='ocrx_word' id='word_1_370' title='bbox 1883 1989 1950 2040; x_wconf 89' lang='lat' dir='ltr'><strong>ab</strong></span> <span class='ocrx_word' id='word_1_371' title='bbox 1991 1987 2136 2040; x_wconf 85' lang='lat' dir='ltr'><strong>oumi</strong></span> <span class='ocrx_word' id='word_1_372' title='bbox 2181 1995 2362 2040; x_wconf 90' lang='lat' dir='ltr'><strong>reatus</strong></span> <span class='ocrx_word' id='word_1_373' title='bbox 2405 1985 2724 2058; x_wconf 78' lang='lat' dir='ltr'><strong>contagione</strong></span> <span class='ocrx_word' id='word_1_374' title='bbox 2755 1985 3086 2056; x_wconf 87' lang='lat' dir='ltr'><strong>purissima?</strong></span> <span class='ocrx_word' id='word_1_375' title='bbox 3115 1983 3245 2050; x_wconf 63' lang='lat' dir='ltr'><strong>Quae</strong></span> <span class='ocrx_word' id='word_1_376' title='bbox 3282 1996 3470 2036; x_wconf 88' lang='lat' dir='ltr'><strong>recon-</strong></span> 
     </span>
    </p>
   </div>
   <div class='ocr_carea' id='block_1_51' title="bbox 1883 2075 3466 2146">
    <p class='ocr_par' dir='ltr' id='par_1_51' title="bbox 1883 2075 3466 2146">
     <span class='ocr_line' id='line_1_51' title="bbox 1883 2075 3466 2146; baseline -0.004 -15"><span class='ocrx_word' id='word_1_377' title='bbox 1883 2077 2052 2131; x_wconf 89' lang='lat' dir='ltr'><strong>ditum</strong></span> <span class='ocrx_word' id='word_1_378' title='bbox 2092 2077 2254 2132; x_wconf 88' lang='lat' dir='ltr'><strong>habet</strong></span> <span class='ocrx_word' id='word_1_379' title='bbox 2301 2091 2496 2130; x_wconf 85' lang='lat' dir='ltr'><strong>manna</strong></span> <span class='ocrx_word' id='word_1_380' title='bbox 2523 2117 2538 2141; x_wconf 89' lang='lat'><strong>,</strong></span> <span class='ocrx_word' id='word_1_381' title='bbox 2584 2075 2886 2146; x_wconf 82' lang='lat' dir='ltr'><strong>angelicum</strong></span> <span class='ocrx_word' id='word_1_382' title='bbox 2939 2075 3192 2130; x_wconf 88' lang='lat' dir='ltr'><strong>videlicet</strong></span> <span class='ocrx_word' id='word_1_383' title='bbox 3233 2087 3424 2144; x_wconf 86' lang='lat' dir='ltr'><strong>panem</strong></span> <span class='ocrx_word' id='word_1_384' title='bbox 3451 2113 3466 2138; x_wconf 90' lang='lat'><strong>,</strong></span> 
     </span>
    </p>
   </div>
   <div class='ocr_carea' id='block_1_52' title="bbox 1883 2163 3470 2232">
    <p class='ocr_par' dir='ltr' id='par_1_52' title="bbox 1883 2163 3470 2232">
     <span class='ocr_line' id='line_1_52' title="bbox 1883 2163 3470 2232; baseline -0.005 -10"><span class='ocrx_word' id='word_1_385' title='bbox 1883 2168 1984 2222; x_wconf 90' lang='lat' dir='ltr'><strong>hoc</strong></span> <span class='ocrx_word' id='word_1_386' title='bbox 2023 2175 2106 2220; x_wconf 86' lang='lat' dir='ltr'><strong>est</strong></span> <span class='ocrx_word' id='word_1_387' title='bbox 2131 2207 2146 2232; x_wconf 92' lang='lat'><strong>,</strong></span> <span class='ocrx_word' id='word_1_388' title='bbox 2173 2165 2469 2221; x_wconf 85' lang='lat' dir='ltr'><strong>divinitatis</strong></span> <span class='ocrx_word' id='word_1_389' title='bbox 2511 2174 2726 2220; x_wconf 65' lang='lat' dir='ltr'><strong>aeternae</strong></span> <span class='ocrx_word' id='word_1_390' title='bbox 2765 2165 3127 2220; x_wconf 88' lang='lat' dir='ltr'><strong>dulcedinem.</strong></span> <span class='ocrx_word' id='word_1_391' title='bbox 3175 2163 3304 2216; x_wconf 67' lang='lat' dir='ltr'><strong>Duae</strong></span> <span class='ocrx_word' id='word_1_392' title='bbox 3341 2177 3470 2216; x_wconf 90' lang='lat' dir='ltr'><strong>vero</strong></span> 
     </span>
    </p>
   </div>
   <div class='ocr_carea' id='block_1_53' title="bbox 1885 2253 3474 2326">
    <p class='ocr_par' dir='ltr' id='par_1_53' title="bbox 1885 2253 3474 2326">
     <span class='ocr_line' id='line_1_53' title="bbox 1885 2253 3474 2326; baseline -0.004 -16"><span class='ocrx_word' id='word_1_393' title='bbox 1885 2257 2109 2326; x_wconf 66' lang='lat' dir='ltr'><strong>lapidea:</strong></span> <span class='ocrx_word' id='word_1_394' title='bbox 2155 2255 2346 2310; x_wconf 69' lang='lat' dir='ltr'><strong>tabulre</strong></span> <span class='ocrx_word' id='word_1_395' title='bbox 2398 2255 2760 2310; x_wconf 82' lang='lat' dir='ltr'><strong>inviolabilem</strong></span> <span class='ocrx_word' id='word_1_396' title='bbox 2811 2256 3090 2324; x_wconf 88' lang='lat' dir='ltr'><strong>utriusque</strong></span> <span class='ocrx_word' id='word_1_397' title='bbox 3140 2253 3474 2309; x_wconf 88' lang='lat' dir='ltr'><strong>Testamenti</strong></span> 
     </span>
    </p>
   </div>
   <div class='ocr_carea' id='block_1_54' title="bbox 1885 2344 3474 2420">
    <p class='ocr_par' dir='ltr' id='par_1_54' title="bbox 1885 2344 3474 2420">
     <span class='ocr_line' id='line_1_54' title="bbox 1885 2344 3474 2420; baseline -0.004 -16"><span class='ocrx_word' id='word_1_398' title='bbox 1885 2349 2188 2420; x_wconf 79' lang='lat' dir='ltr'><strong>signiﬁcant</strong></span> <span class='ocrx_word' id='word_1_399' title='bbox 2217 2348 2546 2402; x_wconf 82' lang='lat' dir='ltr'><strong>ﬁrmitatem.</strong></span> <span class='ocrx_word' id='word_1_400' title='bbox 2573 2347 2709 2414; x_wconf 86' lang='lat' dir='ltr'><strong>Quid</strong></span> <span class='ocrx_word' id='word_1_401' title='bbox 2739 2355 2917 2402; x_wconf 87' lang='lat' dir='ltr'><strong>autem</strong></span> <span class='ocrx_word' id='word_1_402' title='bbox 2941 2348 3120 2402; x_wconf 82' lang='lat' dir='ltr'><strong>Aaron</strong></span> <span class='ocrx_word' id='word_1_403' title='bbox 3153 2347 3332 2416; x_wconf 82' lang='lat' dir='ltr'><strong>virga,</strong></span> <span class='ocrx_word' id='word_1_404' title='bbox 3372 2344 3474 2398; x_wconf 87' lang='lat' dir='ltr'><strong>nisi</strong></span> 
     </span>
    </p>
   </div>
   <div class='ocr_carea' id='block_1_55' title="bbox 1885 2435 3470 2506">
    <p class='ocr_par' dir='ltr' id='par_1_55' title="bbox 1885 2435 3470 2506">
     <span class='ocr_line' id='line_1_55' title="bbox 1885 2435 3470 2506; baseline -0.004 -12"><span class='ocrx_word' id='word_1_405' title='bbox 1885 2438 2082 2494; x_wconf 86' lang='lat' dir='ltr'><strong>summi</strong></span> <span class='ocrx_word' id='word_1_406' title='bbox 2125 2438 2345 2506; x_wconf 87' lang='lat' dir='ltr'><strong>verique</strong></span> <span class='ocrx_word' id='word_1_407' title='bbox 2391 2437 2670 2492; x_wconf 79' lang='lat' dir='ltr'><strong>Pontificis</strong></span> <span class='ocrx_word' id='word_1_408' title='bbox 2721 2438 2892 2492; x_wconf 89' lang='lat' dir='ltr'><strong>nostri</strong></span> <span class='ocrx_word' id='word_1_409' title='bbox 2922 2437 3158 2492; x_wconf 84' lang='lat' dir='ltr'><strong>salutare</strong></span> <span class='ocrx_word' id='word_1_410' title='bbox 3196 2435 3470 2496; x_wconf 80' lang='lat' dir='ltr'><strong>vexillum,</strong></span> 
     </span>
    </p>
   </div>
   <div class='ocr_carea' id='block_1_56' title="bbox 1885 2523 3470 2596">
    <p class='ocr_par' dir='ltr' id='par_1_56' title="bbox 1885 2523 3470 2596">
     <span class='ocr_line' id='line_1_56' title="bbox 1885 2523 3470 2596; baseline -0.006 -12"><span class='ocrx_word' id='word_1_411' title='bbox 1885 2535 1938 2584; x_wconf 91' lang='lat' dir='ltr'><strong>et</strong></span> <span class='ocrx_word' id='word_1_412' title='bbox 1962 2528 2189 2582; x_wconf 66' lang='lat' dir='ltr'><strong>vivitica:</strong></span> <span class='ocrx_word' id='word_1_413' title='bbox 2210 2528 2388 2583; x_wconf 92' lang='lat' dir='ltr'><strong>crucis</strong></span> <span class='ocrx_word' id='word_1_414' title='bbox 2412 2527 2668 2596; x_wconf 83' lang='lat' dir='ltr'><strong>exprimit</strong></span> <span class='ocrx_word' id='word_1_415' title='bbox 2688 2526 3126 2582; x_wconf 87' lang='lat' dir='ltr'><strong>sacramentum?</strong></span> <span class='ocrx_word' id='word_1_416' title='bbox 3152 2524 3280 2592; x_wconf 68' lang='lat' dir='ltr'><strong>Qua:</strong></span> <span class='ocrx_word' id='word_1_417' title='bbox 3307 2523 3470 2578; x_wconf 88' lang='lat' dir='ltr'><strong>etiam</strong></span> 
     </span>
    </p>
   </div>
   <div class='ocr_carea' id='block_1_57' title="bbox 1885 2611 3477 2686">
    <p class='ocr_par' dir='ltr' id='par_1_57' title="bbox 1885 2611 3477 2686">
     <span class='ocr_line' id='line_1_57' title="bbox 1885 2611 3477 2686; baseline -0.005 -16"><span class='ocrx_word' id='word_1_418' title='bbox 1885 2615 1937 2670; x_wconf 91' lang='lat' dir='ltr'><strong>in</strong></span> <span class='ocrx_word' id='word_1_419' title='bbox 1990 2631 2054 2670; x_wconf 91' lang='lat' dir='ltr'><strong>eo</strong></span> <span class='ocrx_word' id='word_1_420' title='bbox 2111 2615 2254 2686; x_wconf 88' lang='lat' dir='ltr'><strong>quod</strong></span> <span class='ocrx_word' id='word_1_421' title='bbox 2313 2616 2648 2686; x_wconf 77' lang='lat' dir='ltr'><strong>germinasse</strong></span> <span class='ocrx_word' id='word_1_422' title='bbox 2705 2615 3052 2686; x_wconf 83' lang='lat' dir='ltr'><strong>perhibetur,</strong></span> <span class='ocrx_word' id='word_1_423' title='bbox 3109 2611 3477 2686; x_wconf 72' lang='lat' dir='ltr'><strong>prmﬁguravit</strong></span> 
     </span>
    </p>
   </div>
   <div class='ocr_carea' id='block_1_58' title="bbox 1884 2703 3471 2762">
    <p class='ocr_par' dir='ltr' id='par_1_58' title="bbox 1884 2703 3471 2762">
     <span class='ocr_line' id='line_1_58' title="bbox 1884 2703 3471 2762; baseline -0.005 -1"><span class='ocrx_word' id='word_1_424' title='bbox 1884 2707 2096 2761; x_wconf 88' lang='lat' dir='ltr'><strong>beatam</strong></span> <span class='ocrx_word' id='word_1_425' title='bbox 2135 2720 2352 2761; x_wconf 85' lang='lat' dir='ltr'><strong>crucem</strong></span> <span class='ocrx_word' id='word_1_426' title='bbox 2386 2705 2704 2762; x_wconf 88' lang='lat' dir='ltr'><strong>immortalis</strong></span> <span class='ocrx_word' id='word_1_427' title='bbox 2732 2706 3006 2760; x_wconf 65' lang='lat' dir='ltr'><strong>memoriae</strong></span> <span class='ocrx_word' id='word_1_428' title='bbox 3046 2703 3318 2757; x_wconf 81' lang='lat' dir='ltr'><strong>viriditate</strong></span> <span class='ocrx_word' id='word_1_429' title='bbox 3351 2715 3471 2754; x_wconf 86' lang='lat' dir='ltr'><strong>ver-</strong></span> 
     </span>
    </p>
   </div>
   <div class='ocr_carea' id='block_1_59' title="bbox 1885 2806 2506 2872">
    <p class='ocr_par' dir='ltr' id='par_1_59' title="bbox 1885 2806 2506 2872">
     <span class='ocr_line' id='line_1_59' title="bbox 1885 2806 2506 2872; baseline 0 -22"><span class='ocrx_word' id='word_1_430' title='bbox 1885 2806 2126 2851; x_wconf 90' lang='lat' dir='ltr'><strong>nantem.</strong></span> <span class='ocrx_word' id='word_1_431' title='bbox 2501 2867 2506 2872; x_wconf 26' lang='grc' dir='ltr'><em>ο</em></span> 
     </span>
    </p>
   </div>
   <div class='ocr_carea' id='block_1_60' title="bbox 1957 2884 3474 2949">
    <p class='ocr_par' dir='ltr' id='par_1_60' title="bbox 1957 2884 3474 2949">
     <span class='ocr_line' id='line_1_60' title="bbox 1957 2884 3474 2949; baseline -0.003 -9"><span class='ocrx_word' id='word_1_432' title='bbox 1957 2888 2080 2942; x_wconf 77' lang='lat' dir='ltr'><strong>llaec</strong></span> <span class='ocrx_word' id='word_1_433' title='bbox 2119 2896 2246 2942; x_wconf 87' lang='lat' dir='ltr'><strong>sunt</strong></span> <span class='ocrx_word' id='word_1_434' title='bbox 2285 2895 2624 2942; x_wconf 89' lang='lat' dir='ltr'><strong>sacramenta</strong></span> <span class='ocrx_word' id='word_1_435' title='bbox 2671 2890 2990 2946; x_wconf 86' lang='lat' dir='ltr'><strong>universalis</strong></span> <span class='ocrx_word' id='word_1_436' title='bbox 3030 2885 3321 2949; x_wconf 69' lang='lat' dir='ltr'><strong>Ecclesite,</strong></span> <span class='ocrx_word' id='word_1_437' title='bbox 3357 2884 3474 2937; x_wconf 73' lang='lat' dir='ltr'><strong>hate</strong></span> 
     </span>
    </p>
   </div>
   <div class='ocr_carea' id='block_1_61' title="bbox 1885 2974 3464 3050">
    <p class='ocr_par' dir='ltr' id='par_1_61' title="bbox 1885 2974 3464 3050">
     <span class='ocr_line' id='line_1_61' title="bbox 1885 2974 3464 3050; baseline -0.003 -19"><span class='ocrx_word' id='word_1_438' title='bbox 1885 2979 2048 3032; x_wconf 89' lang='lat' dir='ltr'><strong>etiam</strong></span> <span class='ocrx_word' id='word_1_439' title='bbox 2081 2978 2332 3032; x_wconf 87' lang='lat' dir='ltr'><strong>salutaris</strong></span> <span class='ocrx_word' id='word_1_440' title='bbox 2371 2977 2655 3032; x_wconf 89' lang='lat' dir='ltr'><strong>instructio</strong></span> <span class='ocrx_word' id='word_1_441' title='bbox 2681 2979 3046 3050; x_wconf 83' lang='lat' dir='ltr'><strong>cujuscunque</strong></span> <span class='ocrx_word' id='word_1_442' title='bbox 3069 2976 3240 3032; x_wconf 88' lang='lat' dir='ltr'><strong>lidelis</strong></span> <span class='ocrx_word' id='word_1_443' title='bbox 3268 2974 3464 3028; x_wconf 79' lang='lat' dir='ltr'><strong>animae</strong></span> 
     </span>
    </p>
   </div>
   <div class='ocr_carea' id='block_1_62' title="bbox 175 3053 3466 3142">
    <p class='ocr_par' dir='ltr' id='par_1_62' title="bbox 175 3053 3466 3142">
     <span class='ocr_line' id='line_1_62' title="bbox 175 3053 3466 3142; baseline -0.002 -16"><span class='ocrx_word' id='word_1_444' title='bbox 175 3069 266 3126; x_wconf 88' lang='lat' dir='ltr'><strong>.ad</strong></span> <span class='ocrx_word' id='word_1_445' title='bbox 315 3066 518 3124; x_wconf 88' lang='lat' dir='ltr'><strong>fontem</strong></span> <span class='ocrx_word' id='word_1_446' title='bbox 545 3109 560 3132; x_wconf 90' lang='lat'><strong>,</strong></span> <span class='ocrx_word' id='word_1_447' title='bbox 589 3076 643 3123; x_wconf 89' lang='lat' dir='ltr'><strong>et</strong></span> <span class='ocrx_word' id='word_1_448' title='bbox 677 3069 856 3124; x_wconf 88' lang='lat' dir='ltr'><strong>hausit</strong></span> <span class='ocrx_word' id='word_1_449' title='bbox 885 3070 1316 3140; x_wconf 84' lang='lat' dir='ltr'><strong>limpidissintam</strong></span> <span class='ocrx_word' id='word_1_450' title='bbox 1361 3081 1524 3141; x_wconf 88' lang='lat' dir='ltr'><strong>atque</strong></span> <span class='ocrx_word' id='word_1_451' title='bbox 1570 3073 1778 3142; x_wconf 82' lang='lat' dir='ltr'><strong>perspi-</strong></span> <span class='ocrx_word' id='word_1_452' title='bbox 1805 3053 1852 3116; x_wconf 70' lang='grc' dir='ltr'>Ο</span> <span class='ocrx_word' id='word_1_453' title='bbox 1883 3067 2226 3124; x_wconf 73' lang='lat' dir='ltr'><strong>Christianae.</strong></span> <span class='ocrx_word' id='word_1_454' title='bbox 2272 3069 2424 3134; x_wconf 88' lang='lat' dir='ltr'><strong>Quod</strong></span> <span class='ocrx_word' id='word_1_455' title='bbox 2451 3069 2594 3122; x_wconf 89' lang='lat' dir='ltr'><strong>enim</strong></span> <span class='ocrx_word' id='word_1_456' title='bbox 2638 3085 2762 3124; x_wconf 86' lang='lat' dir='ltr'><strong>arca</strong></span> <span class='ocrx_word' id='word_1_457' title='bbox 2805 3087 2899 3139; x_wconf 92' lang='lat' dir='ltr'><strong>per</strong></span> <span class='ocrx_word' id='word_1_458' title='bbox 2926 3069 3298 3123; x_wconf 85' lang='lat' dir='ltr'><strong>adumbratam</strong></span> <span class='ocrx_word' id='word_1_459' title='bbox 3324 3079 3466 3136; x_wconf 77' lang='lat' dir='ltr'><strong>pra:—</strong></span> 
     </span>
    </p>
   </div>
   <div class='ocr_carea' id='block_1_63' title="bbox 199 3159 1803 3232">
    <p class='ocr_par' dir='ltr' id='par_1_63' title="bbox 199 3159 1803 3232">
     <span class='ocr_line' id='line_1_63' title="bbox 199 3159 1803 3232; baseline 0.005 -22"><span class='ocrx_word' id='word_1_460' title='bbox 199 3171 360 3212; x_wconf 88' lang='lat' dir='ltr'><strong>cuam</strong></span> <span class='ocrx_word' id='word_1_461' title='bbox 390 3159 456 3212; x_wconf 92' lang='lat' dir='ltr'><strong>de</strong></span> <span class='ocrx_word' id='word_1_462' title='bbox 480 3159 654 3214; x_wconf 89' lang='lat' dir='ltr'><strong>salute</strong></span> <span class='ocrx_word' id='word_1_463' title='bbox 681 3161 918 3230; x_wconf 72' lang='lat' dir='ltr'><strong>gentium</strong></span> <span class='ocrx_word' id='word_1_464' title='bbox 951 3163 1260 3230; x_wconf 87' lang='lat' dir='ltr'><strong>puritatem.</strong></span> <span class='ocrx_word' id='word_1_465' title='bbox 1295 3161 1543 3232; x_wconf 87' lang='lat' dir='ltr'><strong>Nunquid</strong></span> <span class='ocrx_word' id='word_1_466' title='bbox 1573 3175 1626 3217; x_wconf 90' lang='lat' dir='ltr'><strong>et</strong></span> <span class='ocrx_word' id='word_1_467' title='bbox 1651 3161 1803 3220; x_wconf 58' lang='grc' dir='ltr'><strong>δεῖμ’</strong></span> 
     </span>
    </p>
   </div>
   <div class='ocr_carea' id='block_1_64' title="bbox 201 3250 1780 3326">
    <p class='ocr_par' dir='ltr' id='par_1_64' title="bbox 201 3250 1780 3326">
     <span class='ocr_line' id='line_1_64' title="bbox 201 3250 1780 3326; baseline 0.004 -22"><span class='ocrx_word' id='word_1_468' title='bbox 201 3259 286 3304; x_wconf 89' lang='lat' dir='ltr'><strong>tus</strong></span> <span class='ocrx_word' id='word_1_469' title='bbox 323 3251 428 3305; x_wconf 88' lang='lat' dir='ltr'><strong>iste</strong></span> <span class='ocrx_word' id='word_1_470' title='bbox 475 3250 902 3307; x_wconf 70' lang='lat' dir='ltr'><strong>Bartholomaeus</strong></span> <span class='ocrx_word' id='word_1_471' title='bbox 952 3252 1016 3307; x_wconf 90' lang='lat' dir='ltr'><strong>de</strong></span> <span class='ocrx_word' id='word_1_472' title='bbox 1048 3253 1378 3324; x_wconf 86' lang='lat' dir='ltr'><strong>plenitudine</strong></span> <span class='ocrx_word' id='word_1_473' title='bbox 1427 3254 1592 3310; x_wconf 86' lang='lat' dir='ltr'><strong>fontis</strong></span> <span class='ocrx_word' id='word_1_474' title='bbox 1623 3257 1780 3326; x_wconf 86' lang='lat' dir='ltr'><strong>hujus</strong></span> 
     </span>
    </p>
   </div>
   <div class='ocr_carea' id='block_1_65' title="bbox 199 3339 1781 3416">
    <p class='ocr_par' dir='ltr' id='par_1_65' title="bbox 199 3339 1781 3416">
     <span class='ocr_line' id='line_1_65' title="bbox 199 3339 1781 3416; baseline 0.005 -24"><span class='ocrx_word' id='word_1_475' title='bbox 199 3339 450 3394; x_wconf 89' lang='lat' dir='ltr'><strong>haustum</strong></span> <span class='ocrx_word' id='word_1_476' title='bbox 475 3341 712 3396; x_wconf 69' lang='lat' dir='ltr'><strong>cwlestis</strong></span> <span class='ocrx_word' id='word_1_477' title='bbox 735 3342 920 3412; x_wconf 73' lang='lat' dir='ltr'><strong>gratia:</strong></span> <span class='ocrx_word' id='word_1_478' title='bbox 955 3359 1060 3398; x_wconf 88' lang='lat' dir='ltr'><strong>non</strong></span> <span class='ocrx_word' id='word_1_479' title='bbox 1091 3345 1350 3413; x_wconf 88' lang='lat' dir='ltr'><strong>percepit,</strong></span> <span class='ocrx_word' id='word_1_480' title='bbox 1375 3345 1590 3414; x_wconf 87' lang='lat' dir='ltr'><strong>quando</strong></span> <span class='ocrx_word' id='word_1_481' title='bbox 1621 3362 1781 3416; x_wconf 89' lang='lat' dir='ltr'><strong>super</strong></span> 
     </span>
    </p>
   </div>
   <div class='ocr_carea' id='block_1_66' title="bbox 196 3432 1780 3503">
    <p class='ocr_par' dir='ltr' id='par_1_66' title="bbox 196 3432 1780 3503">
     <span class='ocr_line' id='line_1_66' title="bbox 196 3432 1780 3503; baseline 0.005 -21"><span class='ocrx_word' id='word_1_482' title='bbox 196 3443 320 3482; x_wconf 90' lang='lat' dir='ltr'><strong>eum</strong></span> <span class='ocrx_word' id='word_1_483' title='bbox 349 3445 468 3484; x_wconf 85' lang='lat' dir='ltr'><strong>euut</strong></span> <span class='ocrx_word' id='word_1_484' title='bbox 492 3432 818 3500; x_wconf 87' lang='lat' dir='ltr'><strong>coapostolis</strong></span> <span class='ocrx_word' id='word_1_485' title='bbox 842 3432 956 3486; x_wconf 85' lang='lat' dir='ltr'><strong>suis</strong></span> <span class='ocrx_word' id='word_1_486' title='bbox 977 3433 1225 3488; x_wconf 88' lang='lat' dir='ltr'><strong>omnibus</strong></span> <span class='ocrx_word' id='word_1_487' title='bbox 1248 3433 1780 3503; x_wconf 86' lang='lat' dir='ltr'><strong>venitSpiritussan-</strong></span> 
     </span>
    </p>
   </div>
   <div class='ocr_carea' id='block_1_67' title="bbox 195 3521 1778 3595">
    <p class='ocr_par' dir='ltr' id='par_1_67' title="bbox 195 3521 1778 3595">
     <span class='ocr_line' id='line_1_67' title="bbox 195 3521 1778 3595; baseline 0.004 -21"><span class='ocrx_word' id='word_1_488' title='bbox 195 3530 314 3574; x_wconf 83' lang='lat' dir='ltr'><strong>ctus</strong></span> <span class='ocrx_word' id='word_1_489' title='bbox 345 3521 396 3572; x_wconf 86' lang='lat' dir='ltr'><strong>in</strong></span> <span class='ocrx_word' id='word_1_490' title='bbox 449 3521 742 3590; x_wconf 75' lang='lat' dir='ltr'><strong>ignitarum</strong></span> <span class='ocrx_word' id='word_1_491' title='bbox 785 3522 1096 3577; x_wconf 86' lang='lat' dir='ltr'><strong>diversitate</strong></span> <span class='ocrx_word' id='word_1_492' title='bbox 1137 3523 1472 3594; x_wconf 83' lang='lat' dir='ltr'><strong>linguarum?</strong></span> <span class='ocrx_word' id='word_1_493' title='bbox 1507 3524 1644 3595; x_wconf 81' lang='lat' dir='ltr'><strong>(Act.</strong></span> <span class='ocrx_word' id='word_1_494' title='bbox 1693 3526 1778 3595; x_wconf 89' lang='grc' dir='ltr'>ιι.)</span> 
     </span>
    </p>
   </div>
   <div class='ocr_carea' id='block_1_68' title="bbox 195 3613 1779 3688">
    <p class='ocr_par' dir='ltr' id='par_1_68' title="bbox 195 3613 1779 3688">
     <span class='ocr_line' id='line_1_68' title="bbox 195 3613 1779 3688; baseline 0.003 -20"><span class='ocrx_word' id='word_1_495' title='bbox 195 3613 300 3668; x_wconf 81' lang='lat' dir='ltr'><strong>Sed</strong></span> <span class='ocrx_word' id='word_1_496' title='bbox 331 3614 420 3681; x_wconf 90' lang='lat' dir='ltr'><strong>qui</strong></span> <span class='ocrx_word' id='word_1_497' title='bbox 449 3614 624 3683; x_wconf 76' lang='lat' dir='ltr'><strong>ignem</strong></span> <span class='ocrx_word' id='word_1_498' title='bbox 655 3615 827 3680; x_wconf 85' lang='lat' dir='ltr'><strong>audis,</strong></span> <span class='ocrx_word' id='word_1_499' title='bbox 856 3631 1052 3686; x_wconf 86' lang='lat' dir='ltr'><strong>aquam</strong></span> <span class='ocrx_word' id='word_1_500' title='bbox 1079 3617 1304 3672; x_wconf 78' lang='lat' dir='ltr'><strong>forsitan</strong></span> <span class='ocrx_word' id='word_1_501' title='bbox 1339 3635 1444 3672; x_wconf 89' lang='lat' dir='ltr'><strong>non</strong></span> <span class='ocrx_word' id='word_1_502' title='bbox 1485 3619 1779 3688; x_wconf 82' lang='lat' dir='ltr'><strong>intelligis?</strong></span> 
     </span>
    </p>
   </div>
   <div class='ocr_carea' id='block_1_69' title="bbox 197 3704 1773 3778">
    <p class='ocr_par' dir='ltr' id='par_1_69' title="bbox 197 3704 1773 3778">
     <span class='ocr_line' id='line_1_69' title="bbox 197 3704 1773 3778; baseline 0.004 -20"><span class='ocrx_word' id='word_1_503' title='bbox 197 3704 336 3758; x_wconf 83' lang='lat' dir='ltr'><strong>Audi</strong></span> <span class='ocrx_word' id='word_1_504' title='bbox 361 3706 630 3774; x_wconf 83' lang='lat' dir='ltr'><strong>quomodo</strong></span> <span class='ocrx_word' id='word_1_505' title='bbox 659 3705 918 3762; x_wconf 86' lang='lat' dir='ltr'><strong>Dominus</strong></span> <span class='ocrx_word' id='word_1_506' title='bbox 937 3709 1184 3763; x_wconf 86' lang='lat' dir='ltr'><strong>eutndem</strong></span> <span class='ocrx_word' id='word_1_507' title='bbox 1211 3709 1469 3778; x_wconf 81' lang='lat' dir='ltr'><strong>Spiritum</strong></span> <span class='ocrx_word' id='word_1_508' title='bbox 1495 3719 1738 3766; x_wconf 89' lang='lat' dir='ltr'><strong>sanctum</strong></span> <span class='ocrx_word' id='word_1_509' title='bbox 1761 3753 1773 3774; x_wconf 87' lang='lat'><strong>,</strong></span> 
     </span>
    </p>
   </div>
   <div class='ocr_carea' id='block_1_70' title="bbox 194 3795 1776 3872">
    <p class='ocr_par' dir='ltr' id='par_1_70' title="bbox 194 3795 1776 3872">
     <span class='ocr_line' id='line_1_70' title="bbox 194 3795 1776 3872; baseline 0.005 -26"><span class='ocrx_word' id='word_1_510' title='bbox 194 3795 286 3864; x_wconf 89' lang='lat' dir='ltr'><strong>qui</strong></span> <span class='ocrx_word' id='word_1_511' title='bbox 333 3795 386 3848; x_wconf 91' lang='lat' dir='ltr'><strong>in</strong></span> <span class='ocrx_word' id='word_1_512' title='bbox 419 3797 541 3865; x_wconf 79' lang='lat' dir='ltr'><strong>igne</strong></span> <span class='ocrx_word' id='word_1_513' title='bbox 575 3813 734 3864; x_wconf 88' lang='lat' dir='ltr'><strong>super</strong></span> <span class='ocrx_word' id='word_1_514' title='bbox 777 3798 1050 3866; x_wconf 87' lang='lat' dir='ltr'><strong>apostolos</strong></span> <span class='ocrx_word' id='word_1_515' title='bbox 1083 3801 1264 3865; x_wconf 89' lang='lat' dir='ltr'><strong>venit,</strong></span> <span class='ocrx_word' id='word_1_516' title='bbox 1300 3817 1496 3872; x_wconf 83' lang='lat' dir='ltr'><strong>aquam</strong></span> <span class='ocrx_word' id='word_1_517' title='bbox 1545 3803 1776 3856; x_wconf 89' lang='lat' dir='ltr'><strong>vocavit.</strong></span> 
     </span>
    </p>
   </div>
   <div class='ocr_carea' id='block_1_71' title="bbox 199 3885 1772 3958">
    <p class='ocr_par' dir='ltr' id='par_1_71' title="bbox 199 3885 1772 3958">
     <span class='ocr_line' id='line_1_71' title="bbox 199 3885 1772 3958; baseline 0.008 -22"><span class='ocrx_word' id='word_1_518' title='bbox 199 3906 216 3936; x_wconf 77' lang='grc' dir='ltr'><strong>ι</strong></span> <span class='ocrx_word' id='word_1_519' title='bbox 255 3885 314 3940; x_wconf 87' lang='lat' dir='ltr'><strong>Si</strong></span> <span class='ocrx_word' id='word_1_520' title='bbox 359 3887 522 3956; x_wconf 88' lang='lat' dir='ltr'><strong>quis,</strong></span> <span class='ocrx_word' id='word_1_521' title='bbox 554 3888 764 3958; x_wconf 86' lang='lat' dir='ltr'><strong>inquit,</strong></span> <span class='ocrx_word' id='word_1_522' title='bbox 811 3891 961 3954; x_wconf 88' lang='lat' dir='ltr'><strong>sitit,</strong></span> <span class='ocrx_word' id='word_1_523' title='bbox 1009 3893 1188 3946; x_wconf 86' lang='lat' dir='ltr'><strong>veniat</strong></span> <span class='ocrx_word' id='word_1_524' title='bbox 1217 3894 1286 3946; x_wconf 88' lang='lat' dir='ltr'><strong>ad</strong></span> <span class='ocrx_word' id='word_1_525' title='bbox 1319 3910 1406 3947; x_wconf 89' lang='lat' dir='ltr'><strong>me</strong></span> <span class='ocrx_word' id='word_1_526' title='bbox 1441 3903 1498 3948; x_wconf 88' lang='lat' dir='ltr'><strong>et</strong></span> <span class='ocrx_word' id='word_1_527' title='bbox 1542 3893 1712 3950; x_wconf 88' lang='lat' dir='ltr'><strong>bibat.</strong></span> <span class='ocrx_word' id='word_1_528' title='bbox 1751 3915 1772 3948; x_wconf 78' lang='grc' dir='ltr'><strong>ι</strong></span> 
     </span>
    </p>
   </div>
   <div class='ocr_carea' id='block_1_72' title="bbox 193 3973 1778 4046">
    <p class='ocr_par' dir='ltr' id='par_1_72' title="bbox 193 3973 1778 4046">
     <span class='ocr_line' id='line_1_72' title="bbox 193 3973 1778 4046; baseline 0.007 -20"><span class='ocrx_word' id='word_1_529' title='bbox 193 3973 422 4044; x_wconf 79' lang='lat' dir='ltr'><strong>Moxque</strong></span> <span class='ocrx_word' id='word_1_530' title='bbox 468 3977 742 4046; x_wconf 78' lang='lat' dir='ltr'><strong>sul-.junxit</strong></span> <span class='ocrx_word' id='word_1_531' title='bbox 771 3997 784 4030; x_wconf 91' lang='lat'>:</span> <span class='ocrx_word' id='word_1_532' title='bbox 821 3998 838 4029; x_wconf 76' lang='grc' dir='ltr'><strong>ι</strong></span> <span class='ocrx_word' id='word_1_533' title='bbox 879 3981 976 4044; x_wconf 80' lang='lat' dir='ltr'><strong>Qui</strong></span> <span class='ocrx_word' id='word_1_534' title='bbox 1011 3983 1182 4036; x_wconf 88' lang='lat' dir='ltr'><strong>credit</strong></span> <span class='ocrx_word' id='word_1_535' title='bbox 1211 3983 1262 4034; x_wconf 91' lang='lat' dir='ltr'><strong>in</strong></span> <span class='ocrx_word' id='word_1_536' title='bbox 1295 3999 1400 4046; x_wconf 91' lang='lat' dir='ltr'><strong>me,</strong></span> <span class='ocrx_word' id='word_1_537' title='bbox 1431 4002 1448 4033; x_wconf 72' lang='grc' dir='ltr'><strong>ι</strong></span> <span class='ocrx_word' id='word_1_538' title='bbox 1483 3984 1622 4037; x_wconf 91' lang='lat' dir='ltr'><strong>sicut</strong></span> <span class='ocrx_word' id='word_1_539' title='bbox 1650 3984 1778 4038; x_wconf 91' lang='lat' dir='ltr'><strong>dicit</strong></span> 
     </span>
    </p>
   </div>
   <div class='ocr_carea' id='block_1_73' title="bbox 190 4065 1772 4142">
    <p class='ocr_par' dir='ltr' id='par_1_73' title="bbox 190 4065 1772 4142">
     <span class='ocr_line' id='line_1_73' title="bbox 190 4065 1772 4142; baseline 0.006 -24"><span class='ocrx_word' id='word_1_540' title='bbox 190 4065 494 4134; x_wconf 88' lang='lat' dir='ltr'><strong>Scriptura,</strong></span> <span class='ocrx_word' id='word_1_541' title='bbox 513 4067 763 4122; x_wconf 70' lang='lat' dir='ltr'><strong>«ﬂumina</strong></span> <span class='ocrx_word' id='word_1_542' title='bbox 787 4070 853 4124; x_wconf 91' lang='lat' dir='ltr'><strong>de</strong></span> <span class='ocrx_word' id='word_1_543' title='bbox 875 4079 1060 4126; x_wconf 88' lang='lat' dir='ltr'><strong>ventre</strong></span> <span class='ocrx_word' id='word_1_544' title='bbox 1085 4073 1202 4141; x_wconf 90' lang='lat' dir='ltr'><strong>ejus</strong></span> <span class='ocrx_word' id='word_1_545' title='bbox 1223 4073 1390 4128; x_wconf 84' lang='lat' dir='ltr'><strong>fluent</strong></span> <span class='ocrx_word' id='word_1_546' title='bbox 1409 4091 1562 4142; x_wconf 78' lang='lat' dir='ltr'><strong>aqua:</strong></span> <span class='ocrx_word' id='word_1_547' title='bbox 1584 4077 1736 4130; x_wconf 67' lang='lat' dir='ltr'><strong>vivat.</strong></span> <span class='ocrx_word' id='word_1_548' title='bbox 1753 4097 1772 4128; x_wconf 74' lang='grc' dir='ltr'><strong>ι</strong></span> 
     </span>
    </p>
   </div>
   <div class='ocr_carea' id='block_1_74' title="bbox 193 4151 1774 4236">
    <p class='ocr_par' dir='ltr' id='par_1_74' title="bbox 193 4151 1774 4236">
     <span class='ocr_line' id='line_1_74' title="bbox 193 4151 1774 4236; baseline 0.008 -28"><span class='ocrx_word' id='word_1_549' title='bbox 193 4151 307 4208; x_wconf 86' lang='lat' dir='ltr'><strong>lloc</strong></span> <span class='ocrx_word' id='word_1_550' title='bbox 337 4165 518 4210; x_wconf 90' lang='lat' dir='ltr'><strong>autem</strong></span> <span class='ocrx_word' id='word_1_551' title='bbox 540 4197 554 4220; x_wconf 91' lang='lat'><strong>,</strong></span> <span class='ocrx_word' id='word_1_552' title='bbox 593 4159 666 4212; x_wconf 80' lang='lat' dir='ltr'><strong>ait</strong></span> <span class='ocrx_word' id='word_1_553' title='bbox 695 4161 1026 4230; x_wconf 81' lang='lat' dir='ltr'><strong>evangelista</strong></span> <span class='ocrx_word' id='word_1_554' title='bbox 1049 4203 1062 4224; x_wconf 90' lang='lat'><strong>,</strong></span> <span class='ocrx_word' id='word_1_555' title='bbox 1091 4162 1228 4218; x_wconf 76' lang='lat' dir='ltr'><strong>dixit</strong></span> <span class='ocrx_word' id='word_1_556' title='bbox 1277 4166 1342 4219; x_wconf 90' lang='lat' dir='ltr'><strong>de</strong></span> <span class='ocrx_word' id='word_1_557' title='bbox 1377 4164 1582 4235; x_wconf 88' lang='lat' dir='ltr'><strong>Spiritu</strong></span> <span class='ocrx_word' id='word_1_558' title='bbox 1614 4183 1774 4236; x_wconf 89' lang='lat' dir='ltr'><strong>quem</strong></span> 
     </span>
    </p>
   </div>
   <div class='ocr_carea' id='block_1_75' title="bbox 191 4247 1777 4328">
    <p class='ocr_par' dir='ltr' id='par_1_75' title="bbox 191 4247 1777 4328">
     <span class='ocr_line' id='line_1_75' title="bbox 191 4247 1777 4328; baseline 0.011 -32"><span class='ocrx_word' id='word_1_559' title='bbox 191 4247 470 4314; x_wconf 87' lang='lat' dir='ltr'><strong>accepturi</strong></span> <span class='ocrx_word' id='word_1_560' title='bbox 518 4257 674 4302; x_wconf 89' lang='lat' dir='ltr'><strong>erant</strong></span> <span class='ocrx_word' id='word_1_561' title='bbox 718 4251 1000 4307; x_wconf 84' lang='lat' dir='ltr'><strong>credentes</strong></span> <span class='ocrx_word' id='word_1_562' title='bbox 1029 4252 1082 4306; x_wconf 89' lang='lat' dir='ltr'><strong>in</strong></span> <span class='ocrx_word' id='word_1_563' title='bbox 1126 4270 1247 4308; x_wconf 89' lang='lat' dir='ltr'><strong>eum</strong></span> <span class='ocrx_word' id='word_1_564' title='bbox 1281 4256 1460 4324; x_wconf 85' lang='lat' dir='ltr'><strong>(Joau.</strong></span> <span class='ocrx_word' id='word_1_565' title='bbox 1493 4259 1608 4328; x_wconf 80' lang='lat' dir='ltr'><strong>vn).</strong></span> <span class='ocrx_word' id='word_1_566' title='bbox 1652 4279 1670 4310; x_wconf 83' lang='grc' dir='ltr'><strong>ι</strong></span> <span class='ocrx_word' id='word_1_567' title='bbox 1703 4259 1777 4314; x_wconf 85' lang='lat' dir='ltr'><strong>De</strong></span> 
     </span>
    </p>
   </div>
   <div class='ocr_carea' id='block_1_76' title="bbox 191 4338 1774 4414">
    <p class='ocr_par' dir='ltr' id='par_1_76' title="bbox 191 4338 1774 4414">
     <span class='ocr_line' id='line_1_76' title="bbox 191 4338 1774 4414; baseline 0.011 -26"><span class='ocrx_word' id='word_1_568' title='bbox 191 4338 390 4406; x_wconf 86' lang='lat' dir='ltr'><strong>quibus</strong></span> <span class='ocrx_word' id='word_1_569' title='bbox 434 4341 781 4396; x_wconf 80' lang='lat' dir='ltr'><strong>credentibus</strong></span> <span class='ocrx_word' id='word_1_570' title='bbox 827 4359 922 4412; x_wconf 88' lang='lat' dir='ltr'><strong>per</strong></span> <span class='ocrx_word' id='word_1_571' title='bbox 955 4345 1278 4414; x_wconf 86' lang='lat' dir='ltr'><strong>Prophetaut</strong></span> <span class='ocrx_word' id='word_1_572' title='bbox 1327 4349 1564 4403; x_wconf 84' lang='lat' dir='ltr'><strong>dicitur:</strong></span> <span class='ocrx_word' id='word_1_573' title='bbox 1605 4371 1622 4403; x_wconf 73' lang='grc' dir='ltr'><strong>ι</strong></span> <span class='ocrx_word' id='word_1_574' title='bbox 1659 4351 1774 4406; x_wconf 89' lang='lat' dir='ltr'><strong>lue-</strong></span> 
     </span>
    </p>
   </div>
   <div class='ocr_carea' id='block_1_77' title="bbox 189 4431 1777 4505">
    <p class='ocr_par' dir='ltr' id='par_1_77' title="bbox 189 4431 1777 4505">
     <span class='ocr_line' id='line_1_77' title="bbox 189 4431 1777 4505; baseline 0.009 -21"><span class='ocrx_word' id='word_1_575' title='bbox 189 4431 518 4486; x_wconf 83' lang='lat' dir='ltr'><strong>hriabunlur</strong></span> <span class='ocrx_word' id='word_1_576' title='bbox 565 4433 633 4486; x_wconf 90' lang='lat' dir='ltr'><strong>ab</strong></span> <span class='ocrx_word' id='word_1_577' title='bbox 683 4434 928 4491; x_wconf 86' lang='lat' dir='ltr'><strong>ubertate</strong></span> <span class='ocrx_word' id='word_1_578' title='bbox 981 4438 1170 4494; x_wconf 87' lang='lat' dir='ltr'><strong>domus</strong></span> <span class='ocrx_word' id='word_1_579' title='bbox 1221 4449 1324 4494; x_wconf 65' lang='lat' dir='ltr'><strong>tua:</strong></span> <span class='ocrx_word' id='word_1_580' title='bbox 1359 4483 1372 4505; x_wconf 95' lang='lat'><strong>,</strong></span> <span class='ocrx_word' id='word_1_581' title='bbox 1431 4449 1484 4495; x_wconf 92' lang='lat' dir='ltr'><strong>et</strong></span> <span class='ocrx_word' id='word_1_582' title='bbox 1540 4452 1777 4499; x_wconf 84' lang='lat' dir='ltr'><strong>torrente</strong></span> 
     </span>
    </p>
   </div>
   <div class='ocr_carea' id='block_1_78' title="bbox 189 4521 1776 4602">
    <p class='ocr_par' dir='ltr' id='par_1_78' title="bbox 189 4521 1776 4602">
     <span class='ocr_line' id='line_1_78' title="bbox 189 4521 1776 4602; baseline 0.013 -32"><span class='ocrx_word' id='word_1_583' title='bbox 189 4521 485 4590; x_wconf 85' lang='lat' dir='ltr'><strong>voluptatis</strong></span> <span class='ocrx_word' id='word_1_584' title='bbox 533 4533 635 4578; x_wconf 69' lang='lat' dir='ltr'><strong>tute</strong></span> <span class='ocrx_word' id='word_1_585' title='bbox 675 4526 886 4594; x_wconf 87' lang='lat' dir='ltr'><strong>potabis</strong></span> <span class='ocrx_word' id='word_1_586' title='bbox 931 4543 1060 4594; x_wconf 88' lang='lat' dir='ltr'><strong>eos,</strong></span> <span class='ocrx_word' id='word_1_587' title='bbox 1109 4532 1362 4598; x_wconf 87' lang='lat' dir='ltr'><strong>quoniam</strong></span> <span class='ocrx_word' id='word_1_588' title='bbox 1399 4534 1538 4602; x_wconf 88' lang='lat' dir='ltr'><strong>apud</strong></span> <span class='ocrx_word' id='word_1_589' title='bbox 1593 4544 1642 4590; x_wconf 88' lang='lat' dir='ltr'><strong>te</strong></span> <span class='ocrx_word' id='word_1_590' title='bbox 1689 4545 1776 4590; x_wconf 89' lang='lat' dir='ltr'><strong>est</strong></span> 
     </span>
    </p>
   </div>
   <div class='ocr_carea' id='block_1_79' title="bbox 193 4609 1770 4693">
    <p class='ocr_par' dir='ltr' id='par_1_79' title="bbox 193 4609 1770 4693">
     <span class='ocr_line' id='line_1_79' title="bbox 193 4609 1770 4693; baseline 0.01 -31"><span class='ocrx_word' id='word_1_591' title='bbox 193 4609 310 4666; x_wconf 87' lang='lat' dir='ltr'><strong>fons</strong></span> <span class='ocrx_word' id='word_1_592' title='bbox 337 4613 458 4667; x_wconf 73' lang='lat' dir='ltr'><strong>vita:</strong></span> <span class='ocrx_word' id='word_1_593' title='bbox 493 4611 664 4682; x_wconf 78' lang='lat' dir='ltr'><strong>(Psal.</strong></span> <span class='ocrx_word' id='word_1_594' title='bbox 699 4617 882 4684; x_wconf 77' lang='lat' dir='ltr'><strong>xxxv).</strong></span> <span class='ocrx_word' id='word_1_595' title='bbox 919 4636 938 4668; x_wconf 79' lang='grc' dir='ltr'><strong>ι</strong></span> <span class='ocrx_word' id='word_1_596' title='bbox 973 4617 1282 4689; x_wconf 86' lang='lat' dir='ltr'><strong>Philosophi</strong></span> <span class='ocrx_word' id='word_1_597' title='bbox 1313 4622 1498 4677; x_wconf 89' lang='lat' dir='ltr'><strong>dicunt</strong></span> <span class='ocrx_word' id='word_1_598' title='bbox 1541 4626 1770 4693; x_wconf 82' lang='lat' dir='ltr'><strong>spatium</strong></span> 
     </span>
    </p>
   </div>
   <div class='ocr_carea' id='block_1_80' title="bbox 193 4705 1772 4780">
    <p class='ocr_par' dir='ltr' id='par_1_80' title="bbox 193 4705 1772 4780">
     <span class='ocr_line' id='line_1_80' title="bbox 193 4705 1772 4780; baseline 0.009 -24"><span class='ocrx_word' id='word_1_599' title='bbox 193 4718 362 4758; x_wconf 72' lang='lat' dir='ltr'><strong>aerea:</strong></span> <span class='ocrx_word' id='word_1_600' title='bbox 387 4705 770 4760; x_wconf 88' lang='lat' dir='ltr'><strong>crassitudinis</strong></span> <span class='ocrx_word' id='word_1_601' title='bbox 794 4724 897 4762; x_wconf 90' lang='lat' dir='ltr'><strong>non</strong></span> <span class='ocrx_word' id='word_1_602' title='bbox 926 4709 1153 4778; x_wconf 88' lang='lat' dir='ltr'><strong>amplius</strong></span> <span class='ocrx_word' id='word_1_603' title='bbox 1177 4727 1338 4780; x_wconf 91' lang='lat' dir='ltr'><strong>quam</strong></span> <span class='ocrx_word' id='word_1_604' title='bbox 1369 4713 1554 4768; x_wconf 87' lang='lat' dir='ltr'><strong>decem</strong></span> <span class='ocrx_word' id='word_1_605' title='bbox 1585 4717 1772 4770; x_wconf 87' lang='lat' dir='ltr'><strong>stadiis</strong></span> 
     </span>
    </p>
   </div>
   <div class='ocr_carea' id='block_1_81' title="bbox 193 4796 1768 4875">
    <p class='ocr_par' dir='ltr' id='par_1_81' title="bbox 193 4796 1768 4875">
     <span class='ocr_line' id='line_1_81' title="bbox 193 4796 1768 4875; baseline 0.008 -28"><span class='ocrx_word' id='word_1_606' title='bbox 193 4809 214 4846; x_wconf 75' lang='grc' dir='ltr'><strong>ι</strong></span> <span class='ocrx_word' id='word_1_607' title='bbox 245 4804 390 4850; x_wconf 88' lang='lat' dir='ltr'><strong>terra</strong></span> <span class='ocrx_word' id='word_1_608' title='bbox 424 4796 656 4852; x_wconf 89' lang='lat' dir='ltr'><strong>distendi</strong></span> <span class='ocrx_word' id='word_1_609' title='bbox 683 4837 697 4862; x_wconf 95' lang='lat'><strong>,</strong></span> <span class='ocrx_word' id='word_1_610' title='bbox 746 4813 863 4867; x_wconf 71' lang='lat' dir='ltr'><strong>qua:</strong></span> <span class='ocrx_word' id='word_1_611' title='bbox 905 4801 1059 4854; x_wconf 89' lang='lat' dir='ltr'><strong>nobis</strong></span> <span class='ocrx_word' id='word_1_612' title='bbox 1103 4803 1389 4872; x_wconf 87' lang='lat' dir='ltr'><strong>aliquando</strong></span> <span class='ocrx_word' id='word_1_613' title='bbox 1427 4806 1556 4860; x_wconf 89' lang='lat' dir='ltr'><strong>solis</strong></span> <span class='ocrx_word' id='word_1_614' title='bbox 1587 4807 1768 4875; x_wconf 84' lang='lat' dir='ltr'><strong>splen-</strong></span> 
     </span>
    </p>
   </div>
   <div class='ocr_carea' id='block_1_82' title="bbox 187 4887 1767 4964">
    <p class='ocr_par' dir='ltr' id='par_1_82' title="bbox 187 4887 1767 4964">
     <span class='ocr_line' id='line_1_82' title="bbox 187 4887 1767 4964; baseline 0.009 -24"><span class='ocrx_word' id='word_1_615' title='bbox 187 4887 372 4940; x_wconf 85' lang='lat' dir='ltr'><strong>dorem</strong></span> <span class='ocrx_word' id='word_1_616' title='bbox 422 4889 692 4944; x_wconf 87' lang='lat' dir='ltr'><strong>subtrahit</strong></span> <span class='ocrx_word' id='word_1_617' title='bbox 739 4901 788 4946; x_wconf 86' lang='lat' dir='ltr'><strong>et</strong></span> <span class='ocrx_word' id='word_1_618' title='bbox 847 4893 1053 4961; x_wconf 91' lang='lat' dir='ltr'><strong>pluvias</strong></span> <span class='ocrx_word' id='word_1_619' title='bbox 1087 4893 1276 4948; x_wconf 89' lang='lat' dir='ltr'><strong>fundit.</strong></span> <span class='ocrx_word' id='word_1_620' title='bbox 1325 4895 1444 4950; x_wconf 70' lang='lat' dir='ltr'><strong>Istat</strong></span> <span class='ocrx_word' id='word_1_621' title='bbox 1494 4913 1662 4964; x_wconf 85' lang='lat' dir='ltr'><strong>vero,</strong></span> <span class='ocrx_word' id='word_1_622' title='bbox 1701 4899 1767 4954; x_wconf 87' lang='lat' dir='ltr'><strong>de</strong></span> 
     </span>
    </p>
   </div>
   <div class='ocr_carea' id='block_1_83' title="bbox 197 4979 1766 5049">
    <p class='ocr_par' dir='ltr' id='par_1_83' title="bbox 197 4979 1766 5049">
     <span class='ocr_line' id='line_1_83' title="bbox 197 4979 1766 5049; baseline 0.01 -19"><span class='ocrx_word' id='word_1_623' title='bbox 197 4979 381 5046; x_wconf 73' lang='grc' dir='ltr'>ιιιίιιιιε</span> <span class='ocrx_word' id='word_1_624' title='bbox 431 4997 572 5036; x_wconf 89' lang='lat' dir='ltr'><strong>nunc</strong></span> <span class='ocrx_word' id='word_1_625' title='bbox 615 4981 886 5049; x_wconf 86' lang='lat' dir='ltr'><strong>loquimur</strong></span> <span class='ocrx_word' id='word_1_626' title='bbox 911 5025 923 5046; x_wconf 88' lang='lat'><strong>,</strong></span> <span class='ocrx_word' id='word_1_627' title='bbox 955 4985 1126 5038; x_wconf 80' lang='lat' dir='ltr'><strong>nubes</strong></span> <span class='ocrx_word' id='word_1_628' title='bbox 1154 4987 1410 5040; x_wconf 67' lang='lat' dir='ltr'><strong>caelorum</strong></span> <span class='ocrx_word' id='word_1_629' title='bbox 1442 4990 1586 5042; x_wconf 83' lang='lat' dir='ltr'><strong>celsa</strong></span> <span class='ocrx_word' id='word_1_630' title='bbox 1622 5001 1766 5046; x_wconf 83' lang='lat' dir='ltr'><strong>tran-</strong></span> 
     </span>
    </p>
   </div>
   <div class='ocr_carea' id='block_1_84' title="bbox 185 5072 1762 5146">
    <p class='ocr_par' dir='ltr' id='par_1_84' title="bbox 185 5072 1762 5146">
     <span class='ocr_line' id='line_1_84' title="bbox 185 5072 1762 5146; baseline 0.008 -23"><span class='ocrx_word' id='word_1_631' title='bbox 185 5072 486 5136; x_wconf 84' lang='lat' dir='ltr'><strong>scendunt,</strong></span> <span class='ocrx_word' id='word_1_632' title='bbox 521 5082 574 5126; x_wconf 93' lang='lat' dir='ltr'><strong>et</strong></span> <span class='ocrx_word' id='word_1_633' title='bbox 621 5073 796 5126; x_wconf 90' lang='lat' dir='ltr'><strong>lumen</strong></span> <span class='ocrx_word' id='word_1_634' title='bbox 845 5076 958 5128; x_wconf 90' lang='lat' dir='ltr'><strong>vcri</strong></span> <span class='ocrx_word' id='word_1_635' title='bbox 1011 5075 1151 5131; x_wconf 88' lang='lat' dir='ltr'><strong>Solis</strong></span> <span class='ocrx_word' id='word_1_636' title='bbox 1193 5092 1296 5132; x_wconf 92' lang='lat' dir='ltr'><strong>non</strong></span> <span class='ocrx_word' id='word_1_637' title='bbox 1347 5077 1637 5146; x_wconf 86' lang='lat' dir='ltr'><strong>auferunt,</strong></span> <span class='ocrx_word' id='word_1_638' title='bbox 1672 5083 1762 5138; x_wconf 90' lang='lat' dir='ltr'><strong>sed</strong></span> 
     </span>
    </p>
   </div>
   <div class='ocr_carea' id='block_1_85' title="bbox 185 5163 1764 5232">
    <p class='ocr_par' dir='ltr' id='par_1_85' title="bbox 185 5163 1764 5232">
     <span class='ocr_line' id='line_1_85' title="bbox 185 5163 1764 5232; baseline 0.01 -19"><span class='ocrx_word' id='word_1_639' title='bbox 185 5163 493 5216; x_wconf 87' lang='lat' dir='ltr'><strong>ostendunt.</strong></span> <span class='ocrx_word' id='word_1_640' title='bbox 551 5164 624 5218; x_wconf 88' lang='lat' dir='ltr'><strong>De</strong></span> <span class='ocrx_word' id='word_1_641' title='bbox 671 5165 860 5232; x_wconf 89' lang='lat' dir='ltr'><strong>quibus</strong></span> <span class='ocrx_word' id='word_1_642' title='bbox 891 5169 1053 5221; x_wconf 84' lang='lat' dir='ltr'><strong>etiam</strong></span> <span class='ocrx_word' id='word_1_643' title='bbox 1109 5167 1208 5222; x_wconf 89' lang='lat' dir='ltr'><strong>sub</strong></span> <span class='ocrx_word' id='word_1_644' title='bbox 1235 5167 1516 5222; x_wconf 85' lang='lat' dir='ltr'><strong>ﬂuviorum</strong></span> <span class='ocrx_word' id='word_1_645' title='bbox 1549 5177 1764 5228; x_wconf 79' lang='lat' dir='ltr'><strong>notuine</strong></span> 
     </span>
    </p>
   </div>
   <div class='ocr_carea' id='block_1_86' title="bbox 185 5251 1768 5322">
    <p class='ocr_par' dir='ltr' id='par_1_86' title="bbox 185 5251 1768 5322">
     <span class='ocr_line' id='line_1_86' title="bbox 185 5251 1768 5322; baseline 0.011 -19"><span class='ocrx_word' id='word_1_646' title='bbox 185 5265 284 5316; x_wconf 84' lang='lat' dir='ltr'><strong>per</strong></span> <span class='ocrx_word' id='word_1_647' title='bbox 334 5251 682 5308; x_wconf 73' lang='lat' dir='ltr'><strong>Salotuoneut</strong></span> <span class='ocrx_word' id='word_1_648' title='bbox 733 5257 930 5314; x_wconf 86' lang='lat' dir='ltr'><strong>dicitur</strong></span> <span class='ocrx_word' id='word_1_649' title='bbox 959 5272 972 5310; x_wconf 92' lang='lat'><strong>:</strong></span> <span class='ocrx_word' id='word_1_650' title='bbox 1007 5277 1024 5307; x_wconf 77' lang='grc' dir='ltr'><strong>ι</strong></span> <span class='ocrx_word' id='word_1_651' title='bbox 1059 5259 1250 5314; x_wconf 87' lang='lat' dir='ltr'><strong>Omnia</strong></span> <span class='ocrx_word' id='word_1_652' title='bbox 1281 5258 1500 5314; x_wconf 82' lang='lat' dir='ltr'><strong>[lumina</strong></span> <span class='ocrx_word' id='word_1_653' title='bbox 1561 5267 1768 5322; x_wconf 81' lang='lat' dir='ltr'><strong>intrant</strong></span> 
     </span>
    </p>
   </div>
   <div class='ocr_carea' id='block_1_87' title="bbox 1884 3157 3472 3230">
    <p class='ocr_par' dir='ltr' id='par_1_87' title="bbox 1884 3157 3472 3230">
     <span class='ocr_line' id='line_1_87' title="bbox 1884 3157 3472 3230; baseline -0.003 -16"><span class='ocrx_word' id='word_1_654' title='bbox 1884 3159 2137 3214; x_wconf 85' lang='lat' dir='ltr'><strong>tendebat</strong></span> <span class='ocrx_word' id='word_1_655' title='bbox 2185 3160 2506 3230; x_wconf 77' lang='lat' dir='ltr'><strong>imaginem,</strong></span> <span class='ocrx_word' id='word_1_656' title='bbox 2539 3161 2642 3214; x_wconf 91' lang='lat' dir='ltr'><strong>hoc</strong></span> <span class='ocrx_word' id='word_1_657' title='bbox 2685 3176 2826 3214; x_wconf 91' lang='lat' dir='ltr'><strong>nunc</strong></span> <span class='ocrx_word' id='word_1_658' title='bbox 2867 3159 3144 3224; x_wconf 86' lang='lat' dir='ltr'><strong>Ecclesia,</strong></span> <span class='ocrx_word' id='word_1_659' title='bbox 3194 3157 3275 3212; x_wconf 92' lang='lat' dir='ltr'><strong>vel</strong></span> <span class='ocrx_word' id='word_1_660' title='bbox 3319 3171 3472 3226; x_wconf 69' lang='lat' dir='ltr'><strong>quat-</strong></span> 
     </span>
    </p>
   </div>
   <div class='ocr_carea' id='block_1_88' title="bbox 1881 3250 3475 3322">
    <p class='ocr_par' dir='ltr' id='par_1_88' title="bbox 1881 3250 3475 3322">
     <span class='ocr_line' id='line_1_88' title="bbox 1881 3250 3475 3322; baseline -0.001 -18"><span class='ocrx_word' id='word_1_661' title='bbox 1881 3269 1986 3322; x_wconf 92' lang='lat' dir='ltr'><strong>que</strong></span> <span class='ocrx_word' id='word_1_662' title='bbox 2033 3268 2186 3306; x_wconf 87' lang='lat' dir='ltr'><strong>mens</strong></span> <span class='ocrx_word' id='word_1_663' title='bbox 2229 3251 2362 3320; x_wconf 87' lang='lat' dir='ltr'><strong>justi</strong></span> <span class='ocrx_word' id='word_1_664' title='bbox 2413 3266 2509 3319; x_wconf 89' lang='lat' dir='ltr'><strong>per</strong></span> <span class='ocrx_word' id='word_1_665' title='bbox 2537 3250 2967 3306; x_wconf 73' lang='lat' dir='ltr'><strong>efﬁcacissimam</strong></span> <span class='ocrx_word' id='word_1_666' title='bbox 3001 3261 3054 3306; x_wconf 87' lang='lat' dir='ltr'><strong>et</strong></span> <span class='ocrx_word' id='word_1_667' title='bbox 3084 3259 3320 3320; x_wconf 87' lang='lat' dir='ltr'><strong>apertam</strong></span> <span class='ocrx_word' id='word_1_668' title='bbox 3352 3263 3475 3317; x_wconf 91' lang='lat' dir='ltr'><strong>pos-</strong></span> 
     </span>
    </p>
   </div>
   <div class='ocr_carea' id='block_1_89' title="bbox 1882 3341 3470 3416">
    <p class='ocr_par' dir='ltr' id='par_1_89' title="bbox 1882 3341 3470 3416">
     <span class='ocr_line' id='line_1_89' title="bbox 1882 3341 3470 3416; baseline -0.001 -20"><span class='ocrx_word' id='word_1_669' title='bbox 1882 3344 2020 3396; x_wconf 91' lang='lat' dir='ltr'><strong>sidet</strong></span> <span class='ocrx_word' id='word_1_670' title='bbox 2064 3344 2370 3397; x_wconf 82' lang='lat' dir='ltr'><strong>veritatem.</strong></span> <span class='ocrx_word' id='word_1_671' title='bbox 2421 3343 2547 3398; x_wconf 68' lang='lat' dir='ltr'><strong>llaec</strong></span> <span class='ocrx_word' id='word_1_672' title='bbox 2587 3343 2748 3416; x_wconf 66' lang='grc'><strong>214</strong></span> <span class='ocrx_word' id='word_1_673' title='bbox 2781 3345 2920 3398; x_wconf 88' lang='lat' dir='ltr'><strong>beati</strong></span> <span class='ocrx_word' id='word_1_674' title='bbox 2966 3342 3190 3412; x_wconf 83' lang='lat' dir='ltr'><strong>apostoli</strong></span> <span class='ocrx_word' id='word_1_675' title='bbox 3229 3341 3470 3411; x_wconf 77' lang='lat' dir='ltr'><strong>mystica:</strong></span> 
     </span>
    </p>
   </div>
   <div class='ocr_carea' id='block_1_90' title="bbox 1883 3431 3466 3502">
    <p class='ocr_par' dir='ltr' id='par_1_90' title="bbox 1883 3431 3466 3502">
     <span class='ocr_line' id='line_1_90' title="bbox 1883 3431 3466 3502; baseline -0.003 -16"><span class='ocrx_word' id='word_1_676' title='bbox 1883 3431 2190 3486; x_wconf 64' lang='lat' dir='ltr'><strong>refectioals</strong></span> <span class='ocrx_word' id='word_1_677' title='bbox 2211 3432 2462 3488; x_wconf 87' lang='lat' dir='ltr'><strong>alimenta</strong></span> <span class='ocrx_word' id='word_1_678' title='bbox 2489 3435 2806 3502; x_wconf 87' lang='lat' dir='ltr'><strong>portabant,</strong></span> <span class='ocrx_word' id='word_1_679' title='bbox 2836 3434 2948 3488; x_wconf 73' lang='lat' dir='ltr'><strong>luce</strong></span> <span class='ocrx_word' id='word_1_680' title='bbox 2990 3443 3242 3502; x_wconf 87' lang='lat' dir='ltr'><strong>tanquam</strong></span> <span class='ocrx_word' id='word_1_681' title='bbox 3269 3445 3466 3500; x_wconf 88' lang='lat' dir='ltr'><strong>panem</strong></span> 
     </span>
    </p>
   </div>
   <div class='ocr_carea' id='block_1_91' title="bbox 1881 3525 3469 3596">
    <p class='ocr_par' dir='ltr' id='par_1_91' title="bbox 1881 3525 3469 3596">
     <span class='ocr_line' id='line_1_91' title="bbox 1881 3525 3469 3596; baseline -0.002 -19"><span class='ocrx_word' id='word_1_682' title='bbox 1881 3525 2118 3595; x_wconf 79' lang='lat' dir='ltr'><strong>parvulis</strong></span> <span class='ocrx_word' id='word_1_683' title='bbox 2137 3527 2456 3594; x_wconf 76' lang='lat' dir='ltr'><strong>exponendo</strong></span> <span class='ocrx_word' id='word_1_684' title='bbox 2481 3525 2817 3596; x_wconf 79' lang='lat' dir='ltr'><strong>frangebant.</strong></span> <span class='ocrx_word' id='word_1_685' title='bbox 2843 3525 2974 3578; x_wconf 83' lang='lat' dir='ltr'><strong>Nam</strong></span> <span class='ocrx_word' id='word_1_686' title='bbox 2999 3533 3280 3594; x_wconf 89' lang='lat' dir='ltr'><strong>postquam</strong></span> <span class='ocrx_word' id='word_1_687' title='bbox 3305 3538 3469 3576; x_wconf 89' lang='lat' dir='ltr'><strong>evan-</strong></span> 
     </span>
    </p>
   </div>
   <div class='ocr_carea' id='block_1_92' title="bbox 1879 3611 3472 3686">
    <p class='ocr_par' dir='ltr' id='par_1_92' title="bbox 1879 3611 3472 3686">
     <span class='ocr_line' id='line_1_92' title="bbox 1879 3611 3472 3686; baseline -0.003 -16"><span class='ocrx_word' id='word_1_688' title='bbox 1879 3617 2082 3686; x_wconf 83' lang='lat' dir='ltr'><strong>gelicus</strong></span> <span class='ocrx_word' id='word_1_689' title='bbox 2133 3616 2220 3670; x_wconf 91' lang='lat' dir='ltr'><strong>ille</strong></span> <span class='ocrx_word' id='word_1_690' title='bbox 2279 3631 2456 3670; x_wconf 89' lang='lat' dir='ltr'><strong>sermo</strong></span> <span class='ocrx_word' id='word_1_691' title='bbox 2489 3616 2752 3686; x_wconf 88' lang='lat' dir='ltr'><strong>prorupit,</strong></span> <span class='ocrx_word' id='word_1_692' title='bbox 2805 3614 3058 3684; x_wconf 84' lang='lat' dir='ltr'><strong>quoniam</strong></span> <span class='ocrx_word' id='word_1_693' title='bbox 3109 3613 3318 3682; x_wconf 87' lang='lat' dir='ltr'><strong>aperuit</strong></span> <span class='ocrx_word' id='word_1_694' title='bbox 3367 3611 3472 3666; x_wconf 77' lang='lat' dir='ltr'><strong>illis</strong></span> 
     </span>
    </p>
   </div>
   <div class='ocr_carea' id='block_1_93' title="bbox 1879 3701 3469 3777">
    <p class='ocr_par' dir='ltr' id='par_1_93' title="bbox 1879 3701 3469 3777">
     <span class='ocr_line' id='line_1_93' title="bbox 1879 3701 3469 3777; baseline -0.006 -13"><span class='ocrx_word' id='word_1_695' title='bbox 1879 3724 2139 3772; x_wconf 85' lang='lat' dir='ltr'><strong>sensum,</strong></span> <span class='ocrx_word' id='word_1_696' title='bbox 2199 3717 2254 3762; x_wconf 93' lang='lat' dir='ltr'><strong>ut</strong></span> <span class='ocrx_word' id='word_1_697' title='bbox 2302 3707 2661 3777; x_wconf 83' lang='lat' dir='ltr'><strong>intelligerent</strong></span> <span class='ocrx_word' id='word_1_698' title='bbox 2718 3706 3028 3774; x_wconf 83' lang='lat' dir='ltr'><strong>Scripturas</strong></span> <span class='ocrx_word' id='word_1_699' title='bbox 3074 3703 3224 3774; x_wconf 66' lang='grc' dir='ltr'><strong>(ιη.</strong></span> <span class='ocrx_word' id='word_1_700' title='bbox 3273 3701 3421 3772; x_wconf 81' lang='lat' dir='ltr'><strong>xxiv)</strong></span> <span class='ocrx_word' id='word_1_701' title='bbox 3454 3742 3469 3765; x_wconf 87' lang='lat'><strong>,</strong></span> 
     </span>
    </p>
   </div>
   <div class='ocr_carea' id='block_1_94' title="bbox 1881 3792 3469 3869">
    <p class='ocr_par' dir='ltr' id='par_1_94' title="bbox 1881 3792 3469 3869">
     <span class='ocr_line' id='line_1_94' title="bbox 1881 3792 3469 3869; baseline -0.005 -17"><span class='ocrx_word' id='word_1_702' title='bbox 1881 3800 2194 3869; x_wconf 88' lang='lat' dir='ltr'><strong>prophetica</strong></span> <span class='ocrx_word' id='word_1_703' title='bbox 2229 3798 2446 3868; x_wconf 87' lang='lat' dir='ltr'><strong>querela</strong></span> <span class='ocrx_word' id='word_1_704' title='bbox 2489 3797 2722 3852; x_wconf 88' lang='lat' dir='ltr'><strong>cessavit</strong></span> <span class='ocrx_word' id='word_1_705' title='bbox 2745 3837 2760 3860; x_wconf 95' lang='lat'><strong>,</strong></span> <span class='ocrx_word' id='word_1_706' title='bbox 2787 3811 2890 3865; x_wconf 89' lang='lat' dir='ltr'><strong>qua</strong></span> <span class='ocrx_word' id='word_1_707' title='bbox 2921 3795 3117 3849; x_wconf 90' lang='lat' dir='ltr'><strong>dicitur</strong></span> <span class='ocrx_word' id='word_1_708' title='bbox 3147 3811 3159 3845; x_wconf 90' lang='lat'><strong>:</strong></span> <span class='ocrx_word' id='word_1_709' title='bbox 3195 3812 3213 3844; x_wconf 79' lang='grc' dir='ltr'><strong>ι</strong></span> <span class='ocrx_word' id='word_1_710' title='bbox 3249 3792 3469 3846; x_wconf 86' lang='lat' dir='ltr'><strong>Parvuli</strong></span> 
     </span>
    </p>
   </div>
   <div class='ocr_carea' id='block_1_95' title="bbox 1879 3882 3470 3961">
    <p class='ocr_par' dir='ltr' id='par_1_95' title="bbox 1879 3882 3470 3961">
     <span class='ocr_line' id='line_1_95' title="bbox 1879 3882 3470 3961; baseline -0.005 -19"><span class='ocrx_word' id='word_1_711' title='bbox 1879 3892 2150 3961; x_wconf 87' lang='lat' dir='ltr'><strong>petierunt</strong></span> <span class='ocrx_word' id='word_1_712' title='bbox 2197 3905 2388 3958; x_wconf 89' lang='lat' dir='ltr'><strong>panem</strong></span> <span class='ocrx_word' id='word_1_713' title='bbox 2424 3929 2440 3952; x_wconf 93' lang='lat'><strong>,</strong></span> <span class='ocrx_word' id='word_1_714' title='bbox 2495 3897 2549 3940; x_wconf 90' lang='lat' dir='ltr'><strong>et</strong></span> <span class='ocrx_word' id='word_1_715' title='bbox 2596 3903 2702 3942; x_wconf 92' lang='lat' dir='ltr'><strong>non</strong></span> <span class='ocrx_word' id='word_1_716' title='bbox 2761 3895 2880 3940; x_wconf 87' lang='lat' dir='ltr'><strong>erat</strong></span> <span class='ocrx_word' id='word_1_717' title='bbox 2931 3885 3020 3953; x_wconf 86' lang='lat' dir='ltr'><strong>qui</strong></span> <span class='ocrx_word' id='word_1_718' title='bbox 3069 3885 3342 3952; x_wconf 83' lang='lat' dir='ltr'><strong>frangeret</strong></span> <span class='ocrx_word' id='word_1_719' title='bbox 3391 3882 3470 3935; x_wconf 89' lang='lat' dir='ltr'><strong>eis</strong></span> 
     </span>
    </p>
   </div>
   <div class='ocr_carea' id='block_1_96' title="bbox 1882 3973 3470 4052">
    <p class='ocr_par' dir='ltr' id='par_1_96' title="bbox 1882 3973 3470 4052">
     <span class='ocr_line' id='line_1_96' title="bbox 1882 3973 3470 4052; baseline -0.007 -18"><span class='ocrx_word' id='word_1_720' title='bbox 1882 3981 2096 4052; x_wconf 66' lang='lat' dir='ltr'><strong>(Thr-en.</strong></span> <span class='ocrx_word' id='word_1_721' title='bbox 2129 3981 2223 4050; x_wconf 85' lang='lat' dir='ltr'><strong>tv).</strong></span> <span class='ocrx_word' id='word_1_722' title='bbox 2266 3999 2283 4030; x_wconf 84' lang='grc' dir='ltr'><strong>ι</strong></span> <span class='ocrx_word' id='word_1_723' title='bbox 2319 3979 2417 4032; x_wconf 86' lang='lat' dir='ltr'><strong>llic</strong></span> <span class='ocrx_word' id='word_1_724' title='bbox 2443 3987 2526 4032; x_wconf 84' lang='lat' dir='ltr'><strong>est</strong></span> <span class='ocrx_word' id='word_1_725' title='bbox 2551 3979 2703 4046; x_wconf 89' lang='lat' dir='ltr'><strong>panis</strong></span> <span class='ocrx_word' id='word_1_726' title='bbox 2731 3977 2820 4030; x_wconf 87' lang='lat' dir='ltr'><strong>ille</strong></span> <span class='ocrx_word' id='word_1_727' title='bbox 2861 3975 3208 4044; x_wconf 85' lang='lat' dir='ltr'><strong>quotidianus</strong></span> <span class='ocrx_word' id='word_1_728' title='bbox 3230 4013 3244 4036; x_wconf 94' lang='lat'><strong>,</strong></span> <span class='ocrx_word' id='word_1_729' title='bbox 3274 3973 3470 4024; x_wconf 82' lang='lat' dir='ltr'><strong>fratres</strong></span> 
     </span>
    </p>
   </div>
   <div class='ocr_carea' id='block_1_97' title="bbox 1881 4067 3466 4141">
    <p class='ocr_par' dir='ltr' id='par_1_97' title="bbox 1881 4067 3466 4141">
     <span class='ocr_line' id='line_1_97' title="bbox 1881 4067 3466 4141; baseline -0.006 -14"><span class='ocrx_word' id='word_1_730' title='bbox 1881 4075 1983 4128; x_wconf 85' lang='lat' dir='ltr'><strong>tnei</strong></span> <span class='ocrx_word' id='word_1_731' title='bbox 2012 4114 2027 4136; x_wconf 91' lang='lat'><strong>,</strong></span> <span class='ocrx_word' id='word_1_732' title='bbox 2076 4089 2234 4141; x_wconf 89' lang='lat' dir='ltr'><strong>quem</strong></span> <span class='ocrx_word' id='word_1_733' title='bbox 2285 4087 2381 4124; x_wconf 88' lang='lat' dir='ltr'><strong>nos</strong></span> <span class='ocrx_word' id='word_1_734' title='bbox 2416 4071 2624 4124; x_wconf 80' lang='lat' dir='ltr'><strong>Veritas</strong></span> <span class='ocrx_word' id='word_1_735' title='bbox 2651 4069 2833 4124; x_wconf 90' lang='lat' dir='ltr'><strong>docuit</strong></span> <span class='ocrx_word' id='word_1_736' title='bbox 2874 4067 3147 4122; x_wconf 88' lang='lat' dir='ltr'><strong>inhianter</strong></span> <span class='ocrx_word' id='word_1_737' title='bbox 3176 4073 3466 4136; x_wconf 80' lang='lat' dir='ltr'><strong>expetere;</strong></span> 
     </span>
    </p>
   </div>
   <div class='ocr_carea' id='block_1_98' title="bbox 1879 4155 3472 4234">
    <p class='ocr_par' dir='ltr' id='par_1_98' title="bbox 1879 4155 3472 4234">
     <span class='ocr_line' id='line_1_98' title="bbox 1879 4155 3472 4234; baseline -0.006 -14"><span class='ocrx_word' id='word_1_738' title='bbox 1879 4167 1980 4220; x_wconf 88' lang='lat' dir='ltr'><strong>hoc</strong></span> <span class='ocrx_word' id='word_1_739' title='bbox 2015 4166 2252 4220; x_wconf 64' lang='lat' dir='ltr'><strong>caelestis</strong></span> <span class='ocrx_word' id='word_1_740' title='bbox 2299 4165 2575 4234; x_wconf 72' lang='lat' dir='ltr'><strong>sapientize</strong></span> <span class='ocrx_word' id='word_1_741' title='bbox 2619 4158 3062 4231; x_wconf 87' lang='lat' dir='ltr'><strong>pabulum,quod</strong></span> <span class='ocrx_word' id='word_1_742' title='bbox 3107 4159 3364 4214; x_wconf 91' lang='lat' dir='ltr'><strong>debemus</strong></span> <span class='ocrx_word' id='word_1_743' title='bbox 3383 4155 3472 4224; x_wconf 85' lang='lat' dir='ltr'><strong>ju-</strong></span> 
     </span>
    </p>
   </div>
   <div class='ocr_carea' id='block_1_99' title="bbox 1879 4259 2990 4328">
    <p class='ocr_par' dir='ltr' id='par_1_99' title="bbox 1879 4259 2990 4328">
     <span class='ocr_line' id='line_1_99' title="bbox 1879 4259 2990 4328; baseline 0.004 -16"><span class='ocrx_word' id='word_1_744' title='bbox 1879 4261 2018 4328; x_wconf 80' lang='lat' dir='ltr'><strong>gitcr</strong></span> <span class='ocrx_word' id='word_1_745' title='bbox 2059 4259 2287 4312; x_wconf 84' lang='lat' dir='ltr'><strong>esurire.</strong></span> <span class='ocrx_word' id='word_1_746' title='bbox 2665 4275 2668 4278; x_wconf 84' lang='lat'>&#39;</span> <span class='ocrx_word' id='word_1_747' title='bbox 2973 4307 2990 4320; x_wconf 69' lang='lat'><strong>_,</strong></span> 
     </span>
    </p>
   </div>
   <div class='ocr_carea' id='block_1_100' title="bbox 1949 4344 3470 4419">
    <p class='ocr_par' dir='ltr' id='par_1_100' title="bbox 1949 4344 3470 4419">
     <span class='ocr_line' id='line_1_100' title="bbox 1949 4344 3470 4419; baseline -0.007 -14"><span class='ocrx_word' id='word_1_748' title='bbox 1949 4352 2228 4406; x_wconf 84' lang='lat' dir='ltr'><strong>Audianus</strong></span> <span class='ocrx_word' id='word_1_749' title='bbox 2257 4351 2438 4419; x_wconf 87' lang='lat' dir='ltr'><strong>itaque</strong></span> <span class='ocrx_word' id='word_1_750' title='bbox 2471 4365 2568 4418; x_wconf 89' lang='lat' dir='ltr'><strong>per</strong></span> <span class='ocrx_word' id='word_1_751' title='bbox 2597 4365 2659 4406; x_wconf 89' lang='lat' dir='ltr'><strong>os</strong></span> <span class='ocrx_word' id='word_1_752' title='bbox 2685 4347 2986 4404; x_wconf 85' lang='lat' dir='ltr'><strong>Salomonis</strong></span> <span class='ocrx_word' id='word_1_753' title='bbox 3009 4344 3338 4414; x_wconf 88' lang='lat' dir='ltr'><strong>Sapientiam</strong></span> <span class='ocrx_word' id='word_1_754' title='bbox 3371 4356 3470 4396; x_wconf 87' lang='lat' dir='ltr'><strong>nos</strong></span> 
     </span>
    </p>
   </div>
   <div class='ocr_carea' id='block_1_101' title="bbox 1881 4435 3467 4512">
    <p class='ocr_par' dir='ltr' id='par_1_101' title="bbox 1881 4435 3467 4512">
     <span class='ocr_line' id='line_1_101' title="bbox 1881 4435 3467 4512; baseline -0.006 -15"><span class='ocrx_word' id='word_1_755' title='bbox 1881 4446 1947 4498; x_wconf 90' lang='lat' dir='ltr'><strong>ad</strong></span> <span class='ocrx_word' id='word_1_756' title='bbox 1993 4459 2233 4498; x_wconf 89' lang='lat' dir='ltr'><strong>mensam</strong></span> <span class='ocrx_word' id='word_1_757' title='bbox 2274 4443 2571 4512; x_wconf 88' lang='lat' dir='ltr'><strong>spiritualis</strong></span> <span class='ocrx_word' id='word_1_758' title='bbox 2617 4443 2881 4494; x_wconf 72' lang='lat' dir='ltr'><strong>alimonim</strong></span> <span class='ocrx_word' id='word_1_759' title='bbox 2920 4439 3083 4493; x_wconf 89' lang='lat' dir='ltr'><strong>claris</strong></span> <span class='ocrx_word' id='word_1_760' title='bbox 3131 4437 3354 4490; x_wconf 91' lang='lat' dir='ltr'><strong>vocibus</strong></span> <span class='ocrx_word' id='word_1_761' title='bbox 3387 4435 3467 4487; x_wconf 93' lang='lat' dir='ltr'><strong>in-</strong></span> 
     </span>
    </p>
   </div>
   <div class='ocr_carea' id='block_1_102' title="bbox 1879 4527 3472 4601">
    <p class='ocr_par' dir='ltr' id='par_1_102' title="bbox 1879 4527 3472 4601">
     <span class='ocr_line' id='line_1_102' title="bbox 1879 4527 3472 4601; baseline -0.007 -11"><span class='ocrx_word' id='word_1_762' title='bbox 1879 4537 2176 4590; x_wconf 88' lang='lat' dir='ltr'><strong>vitantem:</strong></span> <span class='ocrx_word' id='word_1_763' title='bbox 2207 4551 2224 4584; x_wconf 76' lang='grc' dir='ltr'><strong>ι</strong></span> <span class='ocrx_word' id='word_1_764' title='bbox 2260 4533 2568 4601; x_wconf 88' lang='lat' dir='ltr'><strong>Sapientia,</strong></span> <span class='ocrx_word' id='word_1_765' title='bbox 2619 4532 2818 4599; x_wconf 88' lang='lat' dir='ltr'><strong>inquit,</strong></span> <span class='ocrx_word' id='word_1_766' title='bbox 2884 4528 3180 4582; x_wconf 85' lang='lat' dir='ltr'><strong>immolavit</strong></span> <span class='ocrx_word' id='word_1_767' title='bbox 3225 4527 3472 4579; x_wconf 87' lang='lat' dir='ltr'><strong>victimas</strong></span> 
     </span>
    </p>
   </div>
   <div class='ocr_carea' id='block_1_103' title="bbox 1877 4621 3474 4689">
    <p class='ocr_par' dir='ltr' id='par_1_103' title="bbox 1877 4621 3474 4689">
     <span class='ocr_line' id='line_1_103' title="bbox 1877 4621 3474 4689; baseline -0.01 -8"><span class='ocrx_word' id='word_1_768' title='bbox 1877 4643 2036 4689; x_wconf 88' lang='lat' dir='ltr'><strong>suas,</strong></span> <span class='ocrx_word' id='word_1_769' title='bbox 2081 4624 2298 4678; x_wconf 88' lang='lat' dir='ltr'><strong>miscuit</strong></span> <span class='ocrx_word' id='word_1_770' title='bbox 2334 4623 2518 4676; x_wconf 91' lang='lat' dir='ltr'><strong>vinum</strong></span> <span class='ocrx_word' id='word_1_771' title='bbox 2561 4632 2616 4676; x_wconf 91' lang='lat' dir='ltr'><strong>et</strong></span> <span class='ocrx_word' id='word_1_772' title='bbox 2645 4621 2926 4688; x_wconf 88' lang='lat' dir='ltr'><strong>proposuit</strong></span> <span class='ocrx_word' id='word_1_773' title='bbox 2975 4631 3216 4672; x_wconf 89' lang='lat' dir='ltr'><strong>mensam</strong></span> <span class='ocrx_word' id='word_1_774' title='bbox 3271 4629 3424 4668; x_wconf 90' lang='lat' dir='ltr'><strong>suam</strong></span> <span class='ocrx_word' id='word_1_775' title='bbox 3451 4631 3474 4678; x_wconf 86' lang='lat'><strong>;_</strong></span> 
     </span>
    </p>
   </div>
   <div class='ocr_carea' id='block_1_104' title="bbox 1877 4705 3472 4778">
    <p class='ocr_par' dir='ltr' id='par_1_104' title="bbox 1877 4705 3472 4778">
     <span class='ocr_line' id='line_1_104' title="bbox 1877 4705 3472 4778; baseline -0.007 -8"><span class='ocrx_word' id='word_1_776' title='bbox 1877 4718 2022 4772; x_wconf 90' lang='lat' dir='ltr'><strong>misit</strong></span> <span class='ocrx_word' id='word_1_777' title='bbox 2072 4713 2296 4769; x_wconf 86' lang='lat' dir='ltr'><strong>ancillas</strong></span> <span class='ocrx_word' id='word_1_778' title='bbox 2344 4729 2507 4778; x_wconf 91' lang='lat' dir='ltr'><strong>suas,</strong></span> <span class='ocrx_word' id='word_1_779' title='bbox 2566 4722 2625 4764; x_wconf 89' lang='lat' dir='ltr'><strong>ut</strong></span> <span class='ocrx_word' id='word_1_780' title='bbox 2665 4719 2924 4766; x_wconf 87' lang='lat' dir='ltr'><strong>vocarent</strong></span> <span class='ocrx_word' id='word_1_781' title='bbox 2968 4710 3034 4762; x_wconf 89' lang='lat' dir='ltr'><strong>ad</strong></span> <span class='ocrx_word' id='word_1_782' title='bbox 3077 4720 3293 4766; x_wconf 86' lang='lat' dir='ltr'><strong>arcem,</strong></span> <span class='ocrx_word' id='word_1_783' title='bbox 3322 4715 3374 4758; x_wconf 91' lang='lat' dir='ltr'><strong>et</strong></span> <span class='ocrx_word' id='word_1_784' title='bbox 3401 4705 3472 4759; x_wconf 81' lang='lat' dir='ltr'><strong>ad</strong></span> 
     </span>
    </p>
   </div>
   <div class='ocr_carea' id='block_1_105' title="bbox 1877 4796 3474 4874">
    <p class='ocr_par' dir='ltr' id='par_1_105' title="bbox 1877 4796 3474 4874">
     <span class='ocr_line' id='line_1_105' title="bbox 1877 4796 3474 4874; baseline -0.01 -9"><span class='ocrx_word' id='word_1_785' title='bbox 1877 4810 2076 4865; x_wconf 50' lang='lat' dir='ltr'><strong>muenia</strong></span> <span class='ocrx_word' id='word_1_786' title='bbox 2107 4807 2370 4864; x_wconf 87' lang='lat' dir='ltr'><strong>civitatis:</strong></span> <span class='ocrx_word' id='word_1_787' title='bbox 2395 4806 2442 4860; x_wconf 88' lang='lat' dir='ltr'><strong>si</strong></span> <span class='ocrx_word' id='word_1_788' title='bbox 2469 4805 2590 4874; x_wconf 89' lang='lat' dir='ltr'><strong>quis</strong></span> <span class='ocrx_word' id='word_1_789' title='bbox 2615 4813 2696 4858; x_wconf 87' lang='lat' dir='ltr'><strong>est</strong></span> <span class='ocrx_word' id='word_1_790' title='bbox 2727 4801 3002 4872; x_wconf 87' lang='lat' dir='ltr'><strong>parvulus,</strong></span> <span class='ocrx_word' id='word_1_791' title='bbox 3035 4801 3220 4857; x_wconf 91' lang='lat' dir='ltr'><strong>veniat</strong></span> <span class='ocrx_word' id='word_1_792' title='bbox 3247 4796 3316 4848; x_wconf 85' lang='lat' dir='ltr'><strong>ad</strong></span> <span class='ocrx_word' id='word_1_793' title='bbox 3351 4812 3474 4864; x_wconf 77' lang='lat' dir='ltr'><strong>me;</strong></span> 
     </span>
    </p>
   </div>
   <div class='ocr_carea' id='block_1_106' title="bbox 1876 4893 3488 4970">
    <p class='ocr_par' dir='ltr' id='par_1_106' title="bbox 1876 4893 3488 4970">
     <span class='ocr_line' id='line_1_106' title="bbox 1876 4893 3488 4970; baseline -0.002 -14"><span class='ocrx_word' id='word_1_794' title='bbox 1876 4906 2095 4967; x_wconf 83' lang='lat' dir='ltr'><strong>venite,</strong></span> <span class='ocrx_word' id='word_1_795' title='bbox 2137 4902 2404 4958; x_wconf 87' lang='lat' dir='ltr'><strong>comeditc</strong></span> <span class='ocrx_word' id='word_1_796' title='bbox 2452 4916 2642 4970; x_wconf 85' lang='lat' dir='ltr'><strong>panem</strong></span> <span class='ocrx_word' id='word_1_797' title='bbox 2691 4915 2909 4960; x_wconf 86' lang='lat' dir='ltr'><strong>meum,</strong></span> <span class='ocrx_word' id='word_1_798' title='bbox 2969 4909 3028 4953; x_wconf 88' lang='lat' dir='ltr'><strong>et</strong></span> <span class='ocrx_word' id='word_1_799' title='bbox 3083 4895 3254 4954; x_wconf 85' lang='lat' dir='ltr'><strong>bibite</strong></span> <span class='ocrx_word' id='word_1_800' title='bbox 3293 4893 3488 4952; x_wconf 82' lang='lat' dir='ltr'><strong>viuum</strong></span> 
     </span>
    </p>
   </div>
   <div class='ocr_carea' id='block_1_107' title="bbox 1875 4985 3510 5069">
    <p class='ocr_par' dir='ltr' id='par_1_107' title="bbox 1875 4985 3510 5069">
     <span class='ocr_line' id='line_1_107' title="bbox 1875 4985 3510 5069; baseline -0.009 -17"><span class='ocrx_word' id='word_1_801' title='bbox 1875 5001 2018 5069; x_wconf 89' lang='lat' dir='ltr'><strong>quod</strong></span> <span class='ocrx_word' id='word_1_802' title='bbox 2048 4996 2238 5051; x_wconf 87' lang='lat' dir='ltr'><strong>miscui</strong></span> <span class='ocrx_word' id='word_1_803' title='bbox 2281 4995 2432 5050; x_wconf 88' lang='lat' dir='ltr'><strong>vobis</strong></span> <span class='ocrx_word' id='word_1_804' title='bbox 2472 4995 2656 5065; x_wconf 84' lang='lat' dir='ltr'><strong>(Prov.</strong></span> <span class='ocrx_word' id='word_1_805' title='bbox 2697 4995 2794 5062; x_wconf 67' lang='lat' dir='ltr'><strong>Ix).</strong></span> <span class='ocrx_word' id='word_1_806' title='bbox 2827 5011 2847 5043; x_wconf 74' lang='grc' dir='ltr'><strong>ι</strong></span> <span class='ocrx_word' id='word_1_807' title='bbox 2884 4989 3138 5048; x_wconf 88' lang='lat' dir='ltr'><strong>Christus</strong></span> <span class='ocrx_word' id='word_1_808' title='bbox 3177 4985 3328 5040; x_wconf 86' lang='lat' dir='ltr'><strong>enim</strong></span> <span class='ocrx_word' id='word_1_809' title='bbox 3353 5025 3368 5048; x_wconf 89' lang='lat'><strong>,</strong></span> <span class='ocrx_word' id='word_1_810' title='bbox 3393 4999 3510 5055; x_wconf 73' lang='lat' dir='ltr'><strong>qu“</strong></span> 
     </span>
    </p>
   </div>
   <div class='ocr_carea' id='block_1_108' title="bbox 1877 5080 3518 5160">
    <p class='ocr_par' dir='ltr' id='par_1_108' title="bbox 1877 5080 3518 5160">
     <span class='ocr_line' id='line_1_108' title="bbox 1877 5080 3518 5160; baseline -0.011 -17"><span class='ocrx_word' id='word_1_811' title='bbox 1877 5091 2139 5160; x_wconf 86' lang='lat' dir='ltr'><strong>sapientia</strong></span> <span class='ocrx_word' id='word_1_812' title='bbox 2183 5087 2364 5140; x_wconf 88' lang='lat' dir='ltr'><strong>Patris</strong></span> <span class='ocrx_word' id='word_1_813' title='bbox 2403 5095 2528 5150; x_wconf 87' lang='lat' dir='ltr'><strong>est,</strong></span> <span class='ocrx_word' id='word_1_814' title='bbox 2576 5083 2830 5138; x_wconf 83' lang='lat' dir='ltr'><strong>victimas</strong></span> <span class='ocrx_word' id='word_1_815' title='bbox 2871 5080 3218 5141; x_wconf 79' lang='lat' dir='ltr'><strong>immolavit.</strong></span> <span class='ocrx_word' id='word_1_816' title='bbox 3268 5090 3394 5127; x_wconf 88' lang='lat' dir='ltr'><strong>cum</strong></span> <span class='ocrx_word' id='word_1_817' title='bbox 3432 5088 3518 5140; x_wconf 63' lang='lat' dir='ltr'><strong>aq</strong></span> 
     </span>
    </p>
   </div>
   <div class='ocr_carea' id='block_1_109' title="bbox 1869 5166 3526 5240">
    <p class='ocr_par' dir='ltr' id='par_1_109' title="bbox 1869 5166 3526 5240">
     <span class='ocr_line' id='line_1_109' title="bbox 1869 5166 3526 5240; baseline -0.005 -5"><span class='ocrx_word' id='word_1_818' title='bbox 1869 5192 2076 5237; x_wconf 68' lang='lat' dir='ltr'><strong>nostrae</strong></span> <span class='ocrx_word' id='word_1_819' title='bbox 2106 5175 2428 5233; x_wconf 84' lang='lat' dir='ltr'><strong>imitationis</strong></span> <span class='ocrx_word' id='word_1_820' title='bbox 2455 5174 2764 5240; x_wconf 80' lang='lat' dir='ltr'><strong>exemplum</strong></span> <span class='ocrx_word' id='word_1_821' title='bbox 2798 5175 2989 5226; x_wconf 86' lang='lat' dir='ltr'><strong>beatos</strong></span> <span class='ocrx_word' id='word_1_822' title='bbox 3027 5177 3300 5238; x_wconf 77' lang='lat' dir='ltr'><strong>martyres</strong></span> <span class='ocrx_word' id='word_1_823' title='bbox 3325 5166 3526 5226; x_wconf 72' lang='grc' dir='ltr'><strong>0οεῖῶ</strong></span> 
     </span>
    </p>
   </div>
   <div class='ocr_carea' id='block_1_110' title="bbox 1879 5253 3532 5328">
    <p class='ocr_par' dir='ltr' id='par_1_110' title="bbox 1879 5253 3532 5328">
     <span class='ocr_line' id='line_1_110' title="bbox 1879 5253 3532 5328; baseline -0.013 0"><span class='ocrx_word' id='word_1_824' title='bbox 1879 5272 2143 5328; x_wconf 81' lang='lat' dir='ltr'><strong>permisit.</strong></span> <span class='ocrx_word' id='word_1_825' title='bbox 2192 5267 2648 5326; x_wconf 87' lang='lat' dir='ltr'><strong>Miscuitvinum,</strong></span> <span class='ocrx_word' id='word_1_826' title='bbox 2693 5265 2821 5328; x_wconf 85' lang='lat' dir='ltr'><strong>quia</strong></span> <span class='ocrx_word' id='word_1_827' title='bbox 2871 5262 3196 5328; x_wconf 85' lang='lat' dir='ltr'><strong>propinavit</strong></span> <span class='ocrx_word' id='word_1_828' title='bbox 3232 5253 3532 5315; x_wconf 82' lang='lat' dir='ltr'><strong>erodenti.</strong></span> 
     </span>
    </p>
   </div>
  </div>
