  <div class='ocr_page' id='page_1' title='image "/cluster/home/n/w/nwhite01/storage/ocr_20150623/144/hvd.32044010574010/371.png"; bbox 0 0 3978 5328; ppageno 0'>
   <div class='ocr_carea' id='block_1_1' title="bbox 540 328 649 386">
    <p class='ocr_par' dir='ltr' id='par_1_1' title="bbox 540 328 649 386">
     <span class='ocr_line' id='line_1_1' title="bbox 540 328 649 386; baseline -0.018 -1"><span class='ocrx_word' id='word_1_1' title='bbox 540 328 649 386; x_wconf 65' lang='grc' dir='ltr'><strong>τδι</strong></span> 
     </span>
    </p>
   </div>
   <div class='ocr_carea' id='block_1_2' title="bbox 1185 301 3251 379">
    <p class='ocr_par' dir='ltr' id='par_1_2' title="bbox 1185 301 3251 379">
     <span class='ocr_line' id='line_1_2' title="bbox 1185 301 3251 379; baseline -0.01 -2"><span class='ocrx_word' id='word_1_2' title='bbox 1185 322 1242 379; x_wconf 90' lang='lat' dir='ltr'><strong>S.</strong></span> <span class='ocrx_word' id='word_1_3' title='bbox 1283 321 1486 378; x_wconf 81' lang='lat' dir='ltr'><strong>PETRI</strong></span> <span class='ocrx_word' id='word_1_4' title='bbox 1519 318 1800 376; x_wconf 80' lang='lat' dir='ltr'><strong>DAMIANI</strong></span> <span class='ocrx_word' id='word_1_5' title='bbox 1840 318 1990 375; x_wconf 84' lang='lat' dir='ltr'><strong>OPP.</strong></span> <span class='ocrx_word' id='word_1_6' title='bbox 2016 314 2193 372; x_wconf 79' lang='lat' dir='ltr'><strong>PARS</strong></span> <span class='ocrx_word' id='word_1_7' title='bbox 2229 312 2359 369; x_wconf 83' lang='lat' dir='ltr'><strong>SEU</strong></span> <span class='ocrx_word' id='word_1_8' title='bbox 2390 307 2625 368; x_wconf 82' lang='lat' dir='ltr'><strong>TOMUS</strong></span> <span class='ocrx_word' id='word_1_9' title='bbox 2659 306 2722 362; x_wconf 89' lang='lat' dir='ltr'><strong>II.</strong></span> <span class='ocrx_word' id='word_1_10' title='bbox 2754 333 2823 346; x_wconf 87' lang='lat'><strong>--</strong></span> <span class='ocrx_word' id='word_1_11' title='bbox 2863 301 3251 360; x_wconf 74' lang='lat' dir='ltr'><strong>SERMONES.</strong></span> 
     </span>
    </p>
   </div>
   <div class='ocr_carea' id='block_1_3' title="bbox 3686 297 3795 355">
    <p class='ocr_par' dir='ltr' id='par_1_3' title="bbox 3686 297 3795 355">
     <span class='ocr_line' id='line_1_3' title="bbox 3686 297 3795 355; baseline -0.037 0"><span class='ocrx_word' id='word_1_12' title='bbox 3686 297 3795 355; x_wconf 68' lang='lat'><strong>7&#39;52</strong></span> 
     </span>
    </p>
   </div>
   <div class='ocr_carea' id='block_1_4' title="bbox 542 410 3800 512">
    <p class='ocr_par' dir='ltr' id='par_1_4' title="bbox 542 410 3800 512">
     <span class='ocr_line' id='line_1_4' title="bbox 542 410 3800 512; baseline -0.01 -8"><span class='ocrx_word' id='word_1_13' title='bbox 542 449 646 504; x_wconf 81' lang='lat' dir='ltr'><strong>nisi</strong></span> <span class='ocrx_word' id='word_1_14' title='bbox 675 455 755 512; x_wconf 93' lang='lat' dir='ltr'><strong>ut,</strong></span> <span class='ocrx_word' id='word_1_15' title='bbox 778 446 959 500; x_wconf 88' lang='lat' dir='ltr'><strong>relicta</strong></span> <span class='ocrx_word' id='word_1_16' title='bbox 986 442 1129 497; x_wconf 76' lang='lat' dir='ltr'><strong>fame</strong></span> <span class='ocrx_word' id='word_1_17' title='bbox 1156 443 1370 507; x_wconf 85' lang='lat' dir='ltr'><strong>saeculi,</strong></span> <span class='ocrx_word' id='word_1_18' title='bbox 1397 454 1745 509; x_wconf 81' lang='lat' dir='ltr'><strong>preperemus</strong></span> <span class='ocrx_word' id='word_1_19' title='bbox 1779 444 1843 491; x_wconf 78' lang='lat' dir='ltr'><strong>ad</strong></span> <span class='ocrx_word' id='word_1_20' title='bbox 1873 449 2115 492; x_wconf 82' lang='lat' dir='ltr'><strong>mensam</strong></span> <span class='ocrx_word' id='word_1_21' title='bbox 2146 445 2189 501; x_wconf 70' lang='grc' dir='ltr'><strong>Α</strong></span> <span class='ocrx_word' id='word_1_22' title='bbox 2217 436 2272 482; x_wconf 89' lang='lat' dir='ltr'><strong>et</strong></span> <span class='ocrx_word' id='word_1_23' title='bbox 2322 424 2524 494; x_wconf 78' lang='lat' dir='ltr'><strong>Spiritu</strong></span> <span class='ocrx_word' id='word_1_24' title='bbox 2552 431 2735 477; x_wconf 83' lang='lat' dir='ltr'><strong>sancto</strong></span> <span class='ocrx_word' id='word_1_25' title='bbox 2773 429 2903 474; x_wconf 78' lang='lat' dir='ltr'><strong>vim</strong></span> <span class='ocrx_word' id='word_1_26' title='bbox 2935 432 2990 472; x_wconf 89' lang='lat' dir='ltr'><strong>et</strong></span> <span class='ocrx_word' id='word_1_27' title='bbox 3026 428 3214 484; x_wconf 85' lang='lat' dir='ltr'><strong>regnat</strong></span> <span class='ocrx_word' id='word_1_28' title='bbox 3246 430 3300 470; x_wconf 81' lang='lat' dir='ltr'><strong>tn</strong></span> <span class='ocrx_word' id='word_1_29' title='bbox 3346 411 3547 469; x_wconf 57' lang='lat' dir='ltr'><strong>secula</strong></span> <span class='ocrx_word' id='word_1_30' title='bbox 3567 410 3800 470; x_wconf 59' lang='lat' dir='ltr'><strong>saecula-</strong></span> 
     </span>
    </p>
   </div>
   <div class='ocr_carea' id='block_1_5' title="bbox 542 527 2114 602">
    <p class='ocr_par' dir='ltr' id='par_1_5' title="bbox 542 527 2114 602">
     <span class='ocr_line' id='line_1_5' title="bbox 542 527 2114 602; baseline -0.01 -8"><span class='ocrx_word' id='word_1_31' title='bbox 542 539 682 593; x_wconf 85' lang='lat' dir='ltr'><strong>Dei?</strong></span> <span class='ocrx_word' id='word_1_32' title='bbox 730 535 836 591; x_wconf 85' lang='lat' dir='ltr'><strong>Sed</strong></span> <span class='ocrx_word' id='word_1_33' title='bbox 872 535 940 590; x_wconf 90' lang='lat' dir='ltr'><strong>ad</strong></span> <span class='ocrx_word' id='word_1_34' title='bbox 984 534 1124 588; x_wconf 88' lang='lat' dir='ltr'><strong>hanc</strong></span> <span class='ocrx_word' id='word_1_35' title='bbox 1149 531 1482 602; x_wconf 65' lang='lat' dir='ltr'><strong>ingrediendi</strong></span> <span class='ocrx_word' id='word_1_36' title='bbox 1508 529 1711 584; x_wconf 88' lang='lat' dir='ltr'><strong>aditum</strong></span> <span class='ocrx_word' id='word_1_37' title='bbox 1742 527 1979 595; x_wconf 72' lang='lat' dir='ltr'><strong>reperire</strong></span> <span class='ocrx_word' id='word_1_38' title='bbox 2007 539 2114 579; x_wconf 91' lang='lat' dir='ltr'><strong>non</strong></span> 
     </span>
    </p>
   </div>
   <div class='ocr_carea' id='block_1_6' title="bbox 540 618 2115 700">
    <p class='ocr_par' dir='ltr' id='par_1_6' title="bbox 540 618 2115 700">
     <span class='ocr_line' id='line_1_6' title="bbox 540 618 2115 700; baseline -0.008 -16"><span class='ocrx_word' id='word_1_39' title='bbox 540 643 860 700; x_wconf 80' lang='lat' dir='ltr'><strong>possumus,</strong></span> <span class='ocrx_word' id='word_1_40' title='bbox 903 625 1005 681; x_wconf 84' lang='lat' dir='ltr'><strong>nisi</strong></span> <span class='ocrx_word' id='word_1_41' title='bbox 1047 639 1145 694; x_wconf 82' lang='lat' dir='ltr'><strong>per</strong></span> <span class='ocrx_word' id='word_1_42' title='bbox 1186 634 1403 679; x_wconf 84' lang='lat' dir='ltr'><strong>sanctos</strong></span> <span class='ocrx_word' id='word_1_43' title='bbox 1432 621 1739 691; x_wconf 85' lang='lat' dir='ltr'><strong>apostolos,</strong></span> <span class='ocrx_word' id='word_1_44' title='bbox 1787 618 1982 687; x_wconf 79' lang='lat' dir='ltr'><strong>quibus</strong></span> <span class='ocrx_word' id='word_1_45' title='bbox 2010 618 2115 672; x_wconf 83' lang='lat' dir='ltr'><strong>cla-</strong></span> 
     </span>
    </p>
   </div>
   <div class='ocr_carea' id='block_1_7' title="bbox 498 706 2119 787">
    <p class='ocr_par' dir='ltr' id='par_1_7' title="bbox 498 706 2119 787">
     <span class='ocr_line' id='line_1_7' title="bbox 498 706 2119 787; baseline -0.004 -18"><span class='ocrx_word' id='word_1_46' title='bbox 498 733 504 737; x_wconf 70' lang='grc'><strong>’</strong></span> <span class='ocrx_word' id='word_1_47' title='bbox 533 733 635 774; x_wconf 86' lang='lat' dir='ltr'><strong>ves</strong></span> <span class='ocrx_word' id='word_1_48' title='bbox 678 715 978 772; x_wconf 69' lang='lat' dir='ltr'><strong>commissae</strong></span> <span class='ocrx_word' id='word_1_49' title='bbox 1006 724 1132 771; x_wconf 91' lang='lat' dir='ltr'><strong>sunt</strong></span> <span class='ocrx_word' id='word_1_50' title='bbox 1158 714 1306 782; x_wconf 84' lang='lat' dir='ltr'><strong>regni</strong></span> <span class='ocrx_word' id='word_1_51' title='bbox 1334 711 1593 767; x_wconf 65' lang='lat' dir='ltr'><strong>caelorum</strong></span> <span class='ocrx_word' id='word_1_52' title='bbox 1635 708 1798 780; x_wconf 83' lang='lat' dir='ltr'><strong>(Joan</strong></span> <span class='ocrx_word' id='word_1_53' title='bbox 1822 709 1938 787; x_wconf 56' lang='lat' dir='ltr'><strong>xv).</strong></span> <span class='ocrx_word' id='word_1_54' title='bbox 1964 706 2119 762; x_wconf 85' lang='lat' dir='ltr'><strong>Unde</strong></span> 
     </span>
    </p>
   </div>
   <div class='ocr_carea' id='block_1_8' title="bbox 541 796 2118 876">
    <p class='ocr_par' dir='ltr' id='par_1_8' title="bbox 541 796 2118 876">
     <span class='ocr_line' id='line_1_8' title="bbox 541 796 2118 876; baseline -0.008 -13"><span class='ocrx_word' id='word_1_55' title='bbox 541 808 803 876; x_wconf 90' lang='lat' dir='ltr'><strong>scriptum</strong></span> <span class='ocrx_word' id='word_1_56' title='bbox 845 815 969 862; x_wconf 90' lang='lat' dir='ltr'><strong>est:</strong></span> <span class='ocrx_word' id='word_1_57' title='bbox 998 826 1016 858; x_wconf 76' lang='grc' dir='ltr'>ι</span> <span class='ocrx_word' id='word_1_58' title='bbox 1055 804 1328 876; x_wconf 76' lang='lat' dir='ltr'><strong>Sapientia</strong></span> <span class='ocrx_word' id='word_1_59' title='bbox 1364 802 1495 858; x_wconf 83' lang='lat' dir='ltr'><strong>foris</strong></span> <span class='ocrx_word' id='word_1_60' title='bbox 1528 799 1814 870; x_wconf 68' lang='lat' dir='ltr'><strong>praedicat,</strong></span> <span class='ocrx_word' id='word_1_61' title='bbox 1844 799 1899 852; x_wconf 89' lang='lat' dir='ltr'><strong>in</strong></span> <span class='ocrx_word' id='word_1_62' title='bbox 1927 796 2118 866; x_wconf 87' lang='lat' dir='ltr'><strong>plateis</strong></span> 
     </span>
    </p>
   </div>
   <div class='ocr_carea' id='block_1_9' title="bbox 543 888 2119 965">
    <p class='ocr_par' dir='ltr' id='par_1_9' title="bbox 543 888 2119 965">
     <span class='ocr_line' id='line_1_9' title="bbox 543 888 2119 965; baseline -0.006 -12"><span class='ocrx_word' id='word_1_63' title='bbox 543 899 636 954; x_wconf 92' lang='lat' dir='ltr'><strong>dat</strong></span> <span class='ocrx_word' id='word_1_64' title='bbox 674 913 858 953; x_wconf 89' lang='lat' dir='ltr'><strong>vocem</strong></span> <span class='ocrx_word' id='word_1_65' title='bbox 909 912 1058 952; x_wconf 89' lang='lat' dir='ltr'><strong>suam</strong></span> <span class='ocrx_word' id='word_1_66' title='bbox 1084 937 1099 962; x_wconf 91' lang='lat'><strong>,</strong></span> <span class='ocrx_word' id='word_1_67' title='bbox 1142 897 1195 951; x_wconf 92' lang='lat' dir='ltr'><strong>in</strong></span> <span class='ocrx_word' id='word_1_68' title='bbox 1233 895 1409 965; x_wconf 89' lang='lat' dir='ltr'><strong>capite</strong></span> <span class='ocrx_word' id='word_1_69' title='bbox 1450 892 1730 948; x_wconf 87' lang='lat' dir='ltr'><strong>turbarum</strong></span> <span class='ocrx_word' id='word_1_70' title='bbox 1763 890 2031 955; x_wconf 82' lang='lat' dir='ltr'><strong>clamitat,</strong></span> <span class='ocrx_word' id='word_1_71' title='bbox 2062 888 2119 944; x_wconf 87' lang='lat' dir='ltr'><strong>in</strong></span> 
     </span>
    </p>
   </div>
   <div class='ocr_carea' id='block_1_10' title="bbox 543 982 2119 1058">
    <p class='ocr_par' dir='ltr' id='par_1_10' title="bbox 543 982 2119 1058">
     <span class='ocr_line' id='line_1_10' title="bbox 543 982 2119 1058; baseline -0.005 -16"><span class='ocrx_word' id='word_1_72' title='bbox 543 987 749 1043; x_wconf 74' lang='lat' dir='ltr'><strong>foribus</strong></span> <span class='ocrx_word' id='word_1_73' title='bbox 789 996 1064 1058; x_wconf 87' lang='lat' dir='ltr'><strong>portarum</strong></span> <span class='ocrx_word' id='word_1_74' title='bbox 1095 984 1275 1056; x_wconf 86' lang='lat' dir='ltr'><strong>(Prov.</strong></span> <span class='ocrx_word' id='word_1_75' title='bbox 1324 986 1385 1054; x_wconf 81' lang='grc' dir='ltr'><strong>ι).</strong></span> <span class='ocrx_word' id='word_1_76' title='bbox 1422 1004 1440 1036; x_wconf 74' lang='grc' dir='ltr'><strong>ι</strong></span> <span class='ocrx_word' id='word_1_77' title='bbox 1466 983 1568 1052; x_wconf 89' lang='lat' dir='ltr'><strong>Ipsi</strong></span> <span class='ocrx_word' id='word_1_78' title='bbox 1597 982 1794 1052; x_wconf 85' lang='lat' dir='ltr'><strong>quippe</strong></span> <span class='ocrx_word' id='word_1_79' title='bbox 1812 989 1939 1035; x_wconf 93' lang='lat' dir='ltr'><strong>sunt</strong></span> <span class='ocrx_word' id='word_1_80' title='bbox 1959 986 2119 1050; x_wconf 89' lang='lat' dir='ltr'><strong>caput</strong></span> 
     </span>
    </p>
   </div>
   <div class='ocr_carea' id='block_1_11' title="bbox 541 1070 2122 1145">
    <p class='ocr_par' dir='ltr' id='par_1_11' title="bbox 541 1070 2122 1145">
     <span class='ocr_line' id='line_1_11' title="bbox 541 1070 2122 1145; baseline -0.006 -15"><span class='ocrx_word' id='word_1_81' title='bbox 541 1079 823 1131; x_wconf 87' lang='lat' dir='ltr'><strong>turbarum</strong></span> <span class='ocrx_word' id='word_1_82' title='bbox 864 1074 1117 1145; x_wconf 76' lang='lat' dir='ltr'><strong>foresque</strong></span> <span class='ocrx_word' id='word_1_83' title='bbox 1157 1083 1466 1144; x_wconf 88' lang='lat' dir='ltr'><strong>portarum,</strong></span> <span class='ocrx_word' id='word_1_84' title='bbox 1500 1072 1622 1140; x_wconf 83' lang='lat' dir='ltr'><strong>quia</strong></span> <span class='ocrx_word' id='word_1_85' title='bbox 1653 1070 1755 1140; x_wconf 87' lang='lat' dir='ltr'><strong>ipsi</strong></span> <span class='ocrx_word' id='word_1_86' title='bbox 1798 1078 1925 1126; x_wconf 90' lang='lat' dir='ltr'><strong>sunt</strong></span> <span class='ocrx_word' id='word_1_87' title='bbox 1951 1083 2122 1138; x_wconf 81' lang='lat' dir='ltr'><strong>popu-</strong></span> 
     </span>
    </p>
   </div>
   <div class='ocr_carea' id='block_1_12' title="bbox 542 1157 2120 1235">
    <p class='ocr_par' dir='ltr' id='par_1_12' title="bbox 542 1157 2120 1235">
     <span class='ocr_line' id='line_1_12' title="bbox 542 1157 2120 1235; baseline -0.006 -15"><span class='ocrx_word' id='word_1_88' title='bbox 542 1167 717 1221; x_wconf 92' lang='lat' dir='ltr'><strong>lorum</strong></span> <span class='ocrx_word' id='word_1_89' title='bbox 756 1166 1054 1235; x_wconf 83' lang='lat' dir='ltr'><strong>principes,</strong></span> <span class='ocrx_word' id='word_1_90' title='bbox 1109 1179 1174 1219; x_wconf 89' lang='lat' dir='ltr'><strong>ac</strong></span> <span class='ocrx_word' id='word_1_91' title='bbox 1216 1177 1463 1233; x_wconf 62' lang='lat' dir='ltr'><strong>supernae</strong></span> <span class='ocrx_word' id='word_1_92' title='bbox 1494 1159 1795 1216; x_wconf 82' lang='lat' dir='ltr'><strong>Jerusalem</strong></span> <span class='ocrx_word' id='word_1_93' title='bbox 1830 1174 1929 1230; x_wconf 88' lang='lat' dir='ltr'><strong>per</strong></span> <span class='ocrx_word' id='word_1_94' title='bbox 1957 1157 2120 1213; x_wconf 86' lang='lat' dir='ltr'><strong>subli-</strong></span> 
     </span>
    </p>
   </div>
   <div class='ocr_carea' id='block_1_13' title="bbox 540 1248 2121 1322">
    <p class='ocr_par' dir='ltr' id='par_1_13' title="bbox 540 1248 2121 1322">
     <span class='ocr_line' id='line_1_13' title="bbox 540 1248 2121 1322; baseline -0.006 -14"><span class='ocrx_word' id='word_1_95' title='bbox 540 1255 732 1309; x_wconf 73' lang='lat' dir='ltr'><strong>nzioris</strong></span> <span class='ocrx_word' id='word_1_96' title='bbox 774 1253 1106 1311; x_wconf 73' lang='lat' dir='ltr'><strong>excellentia:</strong></span> <span class='ocrx_word' id='word_1_97' title='bbox 1142 1251 1482 1322; x_wconf 79' lang='lat' dir='ltr'><strong>privilegium</strong></span> <span class='ocrx_word' id='word_1_98' title='bbox 1523 1251 1805 1320; x_wconf 72' lang='lat' dir='ltr'><strong>ianitores.</strong></span> <span class='ocrx_word' id='word_1_99' title='bbox 1852 1248 1957 1318; x_wconf 89' lang='lat' dir='ltr'><strong>Ipsi</strong></span> <span class='ocrx_word' id='word_1_100' title='bbox 1996 1254 2121 1303; x_wconf 91' lang='lat' dir='ltr'><strong>sunt</strong></span> 
     </span>
    </p>
   </div>
   <div class='ocr_carea' id='block_1_14' title="bbox 541 1335 2122 1413">
    <p class='ocr_par' dir='ltr' id='par_1_14' title="bbox 541 1335 2122 1413">
     <span class='ocr_line' id='line_1_14' title="bbox 541 1335 2122 1413; baseline -0.004 -17"><span class='ocrx_word' id='word_1_101' title='bbox 541 1344 753 1413; x_wconf 79' lang='lat' dir='ltr'><strong>regales</strong></span> <span class='ocrx_word' id='word_1_102' title='bbox 784 1344 885 1398; x_wconf 64' lang='lat' dir='ltr'><strong>illae</strong></span> <span class='ocrx_word' id='word_1_103' title='bbox 913 1343 1088 1405; x_wconf 84' lang='lat' dir='ltr'><strong>sedes,</strong></span> <span class='ocrx_word' id='word_1_104' title='bbox 1119 1343 1184 1396; x_wconf 90' lang='lat' dir='ltr'><strong>de</strong></span> <span class='ocrx_word' id='word_1_105' title='bbox 1218 1342 1414 1412; x_wconf 83' lang='lat' dir='ltr'><strong>quibus</strong></span> <span class='ocrx_word' id='word_1_106' title='bbox 1454 1340 1505 1394; x_wconf 92' lang='lat' dir='ltr'><strong>in</strong></span> <span class='ocrx_word' id='word_1_107' title='bbox 1548 1340 1689 1395; x_wconf 86' lang='lat' dir='ltr'><strong>libro</strong></span> <span class='ocrx_word' id='word_1_108' title='bbox 1720 1337 2010 1408; x_wconf 68' lang='lat' dir='ltr'><strong>Sapientiae</strong></span> <span class='ocrx_word' id='word_1_109' title='bbox 2040 1335 2122 1391; x_wconf 85' lang='lat' dir='ltr'><strong>di-</strong></span> 
     </span>
    </p>
   </div>
   <div class='ocr_carea' id='block_1_15' title="bbox 538 1426 2119 1491">
    <p class='ocr_par' dir='ltr' id='par_1_15' title="bbox 538 1426 2119 1491">
     <span class='ocr_line' id='line_1_15' title="bbox 538 1426 2119 1491; baseline -0.005 -4"><span class='ocrx_word' id='word_1_110' title='bbox 538 1434 686 1487; x_wconf 83' lang='lat' dir='ltr'><strong>citur</strong></span> <span class='ocrx_word' id='word_1_111' title='bbox 716 1448 729 1486; x_wconf 91' lang='lat'><strong>:</strong></span> <span class='ocrx_word' id='word_1_112' title='bbox 765 1450 785 1483; x_wconf 70' lang='grc' dir='ltr'><strong>α</strong></span> <span class='ocrx_word' id='word_1_113' title='bbox 834 1431 966 1485; x_wconf 91' lang='lat' dir='ltr'><strong>Dum</strong></span> <span class='ocrx_word' id='word_1_114' title='bbox 1015 1431 1249 1486; x_wconf 87' lang='lat' dir='ltr'><strong>medium</strong></span> <span class='ocrx_word' id='word_1_115' title='bbox 1297 1429 1568 1486; x_wconf 85' lang='lat' dir='ltr'><strong>silentium</strong></span> <span class='ocrx_word' id='word_1_116' title='bbox 1607 1436 1851 1484; x_wconf 84' lang='lat' dir='ltr'><strong>tenerent</strong></span> <span class='ocrx_word' id='word_1_117' title='bbox 1896 1426 2076 1481; x_wconf 89' lang='lat' dir='ltr'><strong>omnia</strong></span> <span class='ocrx_word' id='word_1_118' title='bbox 2101 1465 2119 1491; x_wconf 90' lang='lat'><strong>,</strong></span> 
     </span>
    </p>
   </div>
   <div class='ocr_carea' id='block_1_16' title="bbox 541 1515 2122 1584">
    <p class='ocr_par' dir='ltr' id='par_1_16' title="bbox 541 1515 2122 1584">
     <span class='ocr_line' id='line_1_16' title="bbox 541 1515 2122 1584; baseline -0.007 -4"><span class='ocrx_word' id='word_1_119' title='bbox 541 1536 596 1580; x_wconf 86' lang='lat' dir='ltr'><strong>et</strong></span> <span class='ocrx_word' id='word_1_120' title='bbox 652 1541 757 1580; x_wconf 79' lang='lat' dir='ltr'><strong>nox</strong></span> <span class='ocrx_word' id='word_1_121' title='bbox 800 1525 855 1579; x_wconf 93' lang='lat' dir='ltr'><strong>in</strong></span> <span class='ocrx_word' id='word_1_122' title='bbox 911 1538 1010 1579; x_wconf 89' lang='lat' dir='ltr'><strong>suo</strong></span> <span class='ocrx_word' id='word_1_123' title='bbox 1046 1538 1210 1579; x_wconf 86' lang='lat' dir='ltr'><strong>cursu</strong></span> <span class='ocrx_word' id='word_1_124' title='bbox 1249 1522 1483 1576; x_wconf 89' lang='lat' dir='ltr'><strong>medium</strong></span> <span class='ocrx_word' id='word_1_125' title='bbox 1516 1520 1621 1575; x_wconf 87' lang='lat' dir='ltr'><strong>iter</strong></span> <span class='ocrx_word' id='word_1_126' title='bbox 1665 1515 2122 1584; x_wconf 58' lang='lat' dir='ltr'><strong>haberet,.omni-</strong></span> 
     </span>
    </p>
   </div>
   <div class='ocr_carea' id='block_1_17' title="bbox 544 1609 2121 1686">
    <p class='ocr_par' dir='ltr' id='par_1_17' title="bbox 544 1609 2121 1686">
     <span class='ocr_line' id='line_1_17' title="bbox 544 1609 2121 1686; baseline -0.003 -17"><span class='ocrx_word' id='word_1_127' title='bbox 544 1627 736 1686; x_wconf 56' lang='lat' dir='ltr'><strong>potens</strong></span> <span class='ocrx_word' id='word_1_128' title='bbox 784 1632 964 1672; x_wconf 85' lang='lat' dir='ltr'><strong>sermo</strong></span> <span class='ocrx_word' id='word_1_129' title='bbox 1011 1625 1162 1681; x_wconf 86' lang='lat' dir='ltr'><strong>tuus,</strong></span> <span class='ocrx_word' id='word_1_130' title='bbox 1208 1614 1464 1678; x_wconf 86' lang='lat' dir='ltr'><strong>Domine,</strong></span> <span class='ocrx_word' id='word_1_131' title='bbox 1496 1612 1562 1669; x_wconf 90' lang='lat' dir='ltr'><strong>de</strong></span> <span class='ocrx_word' id='word_1_132' title='bbox 1608 1611 1746 1667; x_wconf 86' lang='lat' dir='ltr'><strong>coelo</strong></span> <span class='ocrx_word' id='word_1_133' title='bbox 1790 1626 1822 1666; x_wconf 90' lang='lat' dir='ltr'><strong>a</strong></span> <span class='ocrx_word' id='word_1_134' title='bbox 1853 1609 2121 1680; x_wconf 73' lang='lat' dir='ltr'><strong>regalibus</strong></span> 
     </span>
    </p>
   </div>
   <div class='ocr_carea' id='block_1_18' title="bbox 539 1696 2118 1779">
    <p class='ocr_par' dir='ltr' id='par_1_18' title="bbox 539 1696 2118 1779">
     <span class='ocr_line' id='line_1_18' title="bbox 539 1696 2118 1779; baseline -0.004 -18"><span class='ocrx_word' id='word_1_135' title='bbox 539 1696 762 1763; x_wconf 80' lang='lat' dir='ltr'><strong>sedibus</strong></span> <span class='ocrx_word' id='word_1_136' title='bbox 803 1707 944 1762; x_wconf 85' lang='lat' dir='ltr'><strong>venit</strong></span> <span class='ocrx_word' id='word_1_137' title='bbox 971 1706 1124 1779; x_wconf 88' lang='lat' dir='ltr'><strong>(Sap.</strong></span> <span class='ocrx_word' id='word_1_138' title='bbox 1156 1705 1333 1777; x_wconf 69' lang='lat' dir='ltr'><strong>nm).</strong></span> <span class='ocrx_word' id='word_1_139' title='bbox 1367 1725 1386 1758; x_wconf 76' lang='grc' dir='ltr'><strong><em>ι</em></strong></span> <span class='ocrx_word' id='word_1_140' title='bbox 1417 1705 1474 1759; x_wconf 85' lang='grc' dir='ltr'><strong>1η</strong></span> <span class='ocrx_word' id='word_1_141' title='bbox 1515 1704 1742 1759; x_wconf 86' lang='lat' dir='ltr'><strong>adventu</strong></span> <span class='ocrx_word' id='word_1_142' title='bbox 1784 1702 1981 1772; x_wconf 88' lang='lat' dir='ltr'><strong>quippe</strong></span> <span class='ocrx_word' id='word_1_143' title='bbox 2008 1699 2118 1755; x_wconf 91' lang='lat' dir='ltr'><strong>Do-</strong></span> 
     </span>
    </p>
   </div>
   <div class='ocr_carea' id='block_1_19' title="bbox 545 1779 2196 1863">
    <p class='ocr_par' dir='ltr' id='par_1_19' title="bbox 545 1779 2196 1863">
     <span class='ocr_line' id='line_1_19' title="bbox 545 1779 2196 1863; baseline -0.001 -13"><span class='ocrx_word' id='word_1_144' title='bbox 545 1798 675 1852; x_wconf 89' lang='lat' dir='ltr'><strong>mini</strong></span> <span class='ocrx_word' id='word_1_145' title='bbox 727 1800 959 1854; x_wconf 90' lang='lat' dir='ltr'><strong>medinm</strong></span> <span class='ocrx_word' id='word_1_146' title='bbox 1005 1799 1276 1854; x_wconf 88' lang='lat' dir='ltr'><strong>silentium</strong></span> <span class='ocrx_word' id='word_1_147' title='bbox 1326 1797 1505 1852; x_wconf 91' lang='lat' dir='ltr'><strong>omnia</strong></span> <span class='ocrx_word' id='word_1_148' title='bbox 1557 1796 1948 1860; x_wconf 88' lang='lat' dir='ltr'><strong>continebant,</strong></span> <span class='ocrx_word' id='word_1_149' title='bbox 1996 1794 2120 1863; x_wconf 85' lang='lat' dir='ltr'><strong>quia</strong></span> <span class='ocrx_word' id='word_1_150' title='bbox 2151 1779 2196 1840; x_wconf 84' lang='grc' dir='ltr'><strong><em>Β</em></strong></span> 
     </span>
    </p>
   </div>
   <div class='ocr_carea' id='block_1_20' title="bbox 537 1884 2121 1968">
    <p class='ocr_par' dir='ltr' id='par_1_20' title="bbox 537 1884 2121 1968">
     <span class='ocr_line' id='line_1_20' title="bbox 537 1884 2121 1968; baseline -0.003 -26"><span class='ocrx_word' id='word_1_151' title='bbox 537 1890 651 1960; x_wconf 79' lang='lat' dir='ltr'><strong>jam</strong></span> <span class='ocrx_word' id='word_1_152' title='bbox 698 1899 752 1944; x_wconf 89' lang='lat' dir='ltr'><strong>et</strong></span> <span class='ocrx_word' id='word_1_153' title='bbox 796 1891 1068 1961; x_wconf 71' lang='lat' dir='ltr'><strong>prephettc</strong></span> <span class='ocrx_word' id='word_1_154' title='bbox 1111 1898 1486 1968; x_wconf 84' lang='lat' dir='ltr'><strong>cessaverant,</strong></span> <span class='ocrx_word' id='word_1_155' title='bbox 1518 1896 1572 1942; x_wconf 89' lang='lat' dir='ltr'><strong>et</strong></span> <span class='ocrx_word' id='word_1_156' title='bbox 1618 1888 1851 1941; x_wconf 89' lang='lat' dir='ltr'><strong>nondum</strong></span> <span class='ocrx_word' id='word_1_157' title='bbox 1893 1884 2121 1955; x_wconf 91' lang='lat' dir='ltr'><strong>apostoli</strong></span> 
     </span>
    </p>
   </div>
   <div class='ocr_carea' id='block_1_21' title="bbox 546 1975 2121 2053">
    <p class='ocr_par' dir='ltr' id='par_1_21' title="bbox 546 1975 2121 2053">
     <span class='ocr_line' id='line_1_21' title="bbox 546 1975 2121 2053; baseline -0.006 -17"><span class='ocrx_word' id='word_1_158' title='bbox 546 1984 612 2037; x_wconf 87' lang='lat' dir='ltr'><strong>ad</strong></span> <span class='ocrx_word' id='word_1_159' title='bbox 659 1984 1053 2053; x_wconf 72' lang='lat' dir='ltr'><strong>prmdicandam</strong></span> <span class='ocrx_word' id='word_1_160' title='bbox 1102 1999 1253 2039; x_wconf 66' lang='lat' dir='ltr'><strong>novae</strong></span> <span class='ocrx_word' id='word_1_161' title='bbox 1303 1982 1424 2035; x_wconf 82' lang='lat' dir='ltr'><strong>ﬁdei</strong></span> <span class='ocrx_word' id='word_1_162' title='bbox 1456 1981 1683 2050; x_wconf 85' lang='lat' dir='ltr'><strong>gratiam</strong></span> <span class='ocrx_word' id='word_1_163' title='bbox 1725 1976 2030 2032; x_wconf 88' lang='lat' dir='ltr'><strong>veniebant.</strong></span> <span class='ocrx_word' id='word_1_164' title='bbox 2063 1975 2121 2028; x_wconf 90' lang='lat' dir='ltr'><strong>In</strong></span> 
     </span>
    </p>
   </div>
   <div class='ocr_carea' id='block_1_22' title="bbox 544 2067 2121 2144">
    <p class='ocr_par' dir='ltr' id='par_1_22' title="bbox 544 2067 2121 2144">
     <span class='ocr_line' id='line_1_22' title="bbox 544 2067 2121 2144; baseline -0.005 -16"><span class='ocrx_word' id='word_1_165' title='bbox 544 2076 774 2144; x_wconf 85' lang='lat' dir='ltr'><strong>quodam</strong></span> <span class='ocrx_word' id='word_1_166' title='bbox 820 2076 977 2144; x_wconf 85' lang='lat' dir='ltr'><strong>plane</strong></span> <span class='ocrx_word' id='word_1_167' title='bbox 1005 2076 1235 2129; x_wconf 91' lang='lat' dir='ltr'><strong>mundus</strong></span> <span class='ocrx_word' id='word_1_168' title='bbox 1273 2071 1571 2128; x_wconf 84' lang='lat' dir='ltr'><strong>meditullio</strong></span> <span class='ocrx_word' id='word_1_169' title='bbox 1598 2069 1963 2130; x_wconf 86' lang='lat' dir='ltr'><strong>consistebat,</strong></span> <span class='ocrx_word' id='word_1_170' title='bbox 1994 2067 2121 2121; x_wconf 88' lang='lat' dir='ltr'><strong>dum</strong></span> 
     </span>
    </p>
   </div>
   <div class='ocr_carea' id='block_1_23' title="bbox 545 2162 2120 2235">
    <p class='ocr_par' dir='ltr' id='par_1_23' title="bbox 545 2162 2120 2235">
     <span class='ocr_line' id='line_1_23' title="bbox 545 2162 2120 2235; baseline -0.005 -16"><span class='ocrx_word' id='word_1_171' title='bbox 545 2173 601 2219; x_wconf 86' lang='lat' dir='ltr'><strong>et</strong></span> <span class='ocrx_word' id='word_1_172' title='bbox 642 2166 1022 2235; x_wconf 89' lang='lat' dir='ltr'><strong>prophetarum</strong></span> <span class='ocrx_word' id='word_1_173' title='bbox 1072 2178 1408 2234; x_wconf 84' lang='lat' dir='ltr'><strong>nequaquam</strong></span> <span class='ocrx_word' id='word_1_174' title='bbox 1462 2162 1679 2216; x_wconf 89' lang='lat' dir='ltr'><strong>oracula</strong></span> <span class='ocrx_word' id='word_1_175' title='bbox 1737 2166 2120 2229; x_wconf 83' lang='lat' dir='ltr'><strong>superessent,</strong></span> 
     </span>
    </p>
   </div>
   <div class='ocr_carea' id='block_1_24' title="bbox 546 2248 2123 2323">
    <p class='ocr_par' dir='ltr' id='par_1_24' title="bbox 546 2248 2123 2323">
     <span class='ocr_line' id='line_1_24' title="bbox 546 2248 2123 2323; baseline -0.004 -15"><span class='ocrx_word' id='word_1_176' title='bbox 546 2264 603 2308; x_wconf 89' lang='lat' dir='ltr'><strong>et</strong></span> <span class='ocrx_word' id='word_1_177' title='bbox 653 2254 944 2323; x_wconf 89' lang='lat' dir='ltr'><strong>apostolica</strong></span> <span class='ocrx_word' id='word_1_178' title='bbox 993 2255 1227 2309; x_wconf 92' lang='lat' dir='ltr'><strong>nondum</strong></span> <span class='ocrx_word' id='word_1_179' title='bbox 1276 2252 1585 2323; x_wconf 77' lang='lat' dir='ltr'><strong>pnedicatio</strong></span> <span class='ocrx_word' id='word_1_180' title='bbox 1627 2257 1955 2305; x_wconf 84' lang='lat' dir='ltr'><strong>coruscaret.</strong></span> <span class='ocrx_word' id='word_1_181' title='bbox 1985 2248 2123 2316; x_wconf 82' lang='lat' dir='ltr'><strong>Quid</strong></span> 
     </span>
    </p>
   </div>
   <div class='ocr_carea' id='block_1_25' title="bbox 549 2339 2123 2414">
    <p class='ocr_par' dir='ltr' id='par_1_25' title="bbox 549 2339 2123 2414">
     <span class='ocr_line' id='line_1_25' title="bbox 549 2339 2123 2414; baseline -0.003 -18"><span class='ocrx_word' id='word_1_182' title='bbox 549 2356 729 2398; x_wconf 87' lang='lat' dir='ltr'><strong>autem</strong></span> <span class='ocrx_word' id='word_1_183' title='bbox 776 2344 865 2399; x_wconf 91' lang='lat' dir='ltr'><strong>hic</strong></span> <span class='ocrx_word' id='word_1_184' title='bbox 907 2360 1015 2399; x_wconf 82' lang='lat' dir='ltr'><strong>nox</strong></span> <span class='ocrx_word' id='word_1_185' title='bbox 1055 2343 1370 2414; x_wconf 82' lang='lat' dir='ltr'><strong>intelligitur</strong></span> <span class='ocrx_word' id='word_1_186' title='bbox 1394 2384 1409 2406; x_wconf 94' lang='lat'><strong>,</strong></span> <span class='ocrx_word' id='word_1_187' title='bbox 1440 2343 1541 2397; x_wconf 90' lang='lat' dir='ltr'><strong>nisi</strong></span> <span class='ocrx_word' id='word_1_188' title='bbox 1587 2341 1833 2397; x_wconf 84' lang='lat' dir='ltr'><strong>diabolus</strong></span> <span class='ocrx_word' id='word_1_189' title='bbox 1855 2382 1868 2405; x_wconf 89' lang='lat'><strong>,</strong></span> <span class='ocrx_word' id='word_1_190' title='bbox 1902 2339 1993 2407; x_wconf 84' lang='lat' dir='ltr'><strong>qui</strong></span> <span class='ocrx_word' id='word_1_191' title='bbox 2024 2354 2123 2393; x_wconf 84' lang='lat' dir='ltr'><strong>au-</strong></span> 
     </span>
    </p>
   </div>
   <div class='ocr_carea' id='block_1_26' title="bbox 548 2428 2124 2503">
    <p class='ocr_par' dir='ltr' id='par_1_26' title="bbox 548 2428 2124 2503">
     <span class='ocr_line' id='line_1_26' title="bbox 548 2428 2124 2503; baseline -0.001 -18"><span class='ocrx_word' id='word_1_192' title='bbox 548 2441 666 2486; x_wconf 86' lang='lat' dir='ltr'><strong>ctor</strong></span> <span class='ocrx_word' id='word_1_193' title='bbox 712 2440 796 2487; x_wconf 90' lang='lat' dir='ltr'><strong>est</strong></span> <span class='ocrx_word' id='word_1_194' title='bbox 850 2433 1234 2488; x_wconf 74' lang='lat' dir='ltr'><strong>tenebrarum?</strong></span> <span class='ocrx_word' id='word_1_195' title='bbox 1282 2432 1374 2503; x_wconf 90' lang='lat' dir='ltr'><strong>qui</strong></span> <span class='ocrx_word' id='word_1_196' title='bbox 1424 2432 1677 2485; x_wconf 89' lang='lat' dir='ltr'><strong>nimirum</strong></span> <span class='ocrx_word' id='word_1_197' title='bbox 1730 2428 2124 2501; x_wconf 70' lang='lat' dir='ltr'><strong>miodantmodo</strong></span> 
     </span>
    </p>
   </div>
   <div class='ocr_carea' id='block_1_27' title="bbox 548 2518 2123 2591">
    <p class='ocr_par' dir='ltr' id='par_1_27' title="bbox 548 2518 2123 2591">
     <span class='ocr_line' id='line_1_27' title="bbox 548 2518 2123 2591; baseline -0.003 -15"><span class='ocrx_word' id='word_1_198' title='bbox 548 2531 678 2576; x_wconf 90' lang='lat' dir='ltr'><strong>tunc</strong></span> <span class='ocrx_word' id='word_1_199' title='bbox 720 2522 994 2588; x_wconf 87' lang='lat' dir='ltr'><strong>ambulat,</strong></span> <span class='ocrx_word' id='word_1_200' title='bbox 1029 2538 1151 2579; x_wconf 90' lang='lat' dir='ltr'><strong>cum</strong></span> <span class='ocrx_word' id='word_1_201' title='bbox 1200 2540 1305 2580; x_wconf 92' lang='lat' dir='ltr'><strong>non</strong></span> <span class='ocrx_word' id='word_1_202' title='bbox 1351 2522 1509 2578; x_wconf 84' lang='lat' dir='ltr'><strong>facile</strong></span> <span class='ocrx_word' id='word_1_203' title='bbox 1542 2522 1682 2577; x_wconf 87' lang='lat' dir='ltr'><strong>valet</strong></span> <span class='ocrx_word' id='word_1_204' title='bbox 1731 2520 1954 2591; x_wconf 85' lang='lat' dir='ltr'><strong>implere</strong></span> <span class='ocrx_word' id='word_1_205' title='bbox 1983 2518 2123 2589; x_wconf 86' lang='lat' dir='ltr'><strong>quod</strong></span> 
     </span>
    </p>
   </div>
   <div class='ocr_carea' id='block_1_28' title="bbox 547 2609 2123 2679">
    <p class='ocr_par' dir='ltr' id='par_1_28' title="bbox 547 2609 2123 2679">
     <span class='ocr_line' id='line_1_28' title="bbox 547 2609 2123 2679; baseline -0.001 -16"><span class='ocrx_word' id='word_1_206' title='bbox 547 2619 735 2679; x_wconf 87' lang='lat' dir='ltr'><strong>optat;</strong></span> <span class='ocrx_word' id='word_1_207' title='bbox 777 2621 905 2666; x_wconf 90' lang='lat' dir='ltr'><strong>tunc</strong></span> <span class='ocrx_word' id='word_1_208' title='bbox 949 2626 1077 2666; x_wconf 84' lang='lat' dir='ltr'><strong>vero</strong></span> <span class='ocrx_word' id='word_1_209' title='bbox 1128 2613 1337 2676; x_wconf 91' lang='lat' dir='ltr'><strong>currit,</strong></span> <span class='ocrx_word' id='word_1_210' title='bbox 1396 2626 1516 2667; x_wconf 92' lang='lat' dir='ltr'><strong>cum</strong></span> <span class='ocrx_word' id='word_1_211' title='bbox 1568 2609 1787 2664; x_wconf 67' lang='lat' dir='ltr'><strong>malitiae</strong></span> <span class='ocrx_word' id='word_1_212' title='bbox 1837 2625 1949 2663; x_wconf 74' lang='lat' dir='ltr'><strong>sua:</strong></span> <span class='ocrx_word' id='word_1_213' title='bbox 2000 2617 2123 2663; x_wconf 84' lang='lat' dir='ltr'><strong>vota</strong></span> 
     </span>
    </p>
   </div>
   <div class='ocr_carea' id='block_1_29' title="bbox 549 2699 2128 2771">
    <p class='ocr_par' dir='ltr' id='par_1_29' title="bbox 549 2699 2128 2771">
     <span class='ocr_line' id='line_1_29' title="bbox 549 2699 2128 2771; baseline -0.003 -15"><span class='ocrx_word' id='word_1_214' title='bbox 549 2702 755 2771; x_wconf 87' lang='lat' dir='ltr'><strong>absque</strong></span> <span class='ocrx_word' id='word_1_215' title='bbox 808 2701 916 2756; x_wconf 92' lang='lat' dir='ltr'><strong>nllo</strong></span> <span class='ocrx_word' id='word_1_216' title='bbox 956 2703 1397 2758; x_wconf 78' lang='lat' dir='ltr'><strong>rontradictionis</strong></span> <span class='ocrx_word' id='word_1_217' title='bbox 1445 2700 1723 2756; x_wconf 78' lang='lat' dir='ltr'><strong>obstaculo</strong></span> <span class='ocrx_word' id='word_1_218' title='bbox 1772 2699 2022 2769; x_wconf 76' lang='lat' dir='ltr'><strong>perlicit;</strong></span> <span class='ocrx_word' id='word_1_219' title='bbox 2072 2706 2128 2753; x_wconf 89' lang='lat' dir='ltr'><strong>et</strong></span> 
     </span>
    </p>
   </div>
   <div class='ocr_carea' id='block_1_30' title="bbox 548 2791 2122 2865">
    <p class='ocr_par' dir='ltr' id='par_1_30' title="bbox 548 2791 2122 2865">
     <span class='ocr_line' id='line_1_30' title="bbox 548 2791 2122 2865; baseline -0.003 -19"><span class='ocrx_word' id='word_1_220' title='bbox 548 2808 657 2847; x_wconf 88' lang='lat' dir='ltr'><strong>non</strong></span> <span class='ocrx_word' id='word_1_221' title='bbox 683 2792 796 2861; x_wconf 90' lang='lat' dir='ltr'><strong>jam</strong></span> <span class='ocrx_word' id='word_1_222' title='bbox 847 2795 971 2849; x_wconf 65' lang='lat' dir='ltr'><strong>vitae</strong></span> <span class='ocrx_word' id='word_1_223' title='bbox 1014 2795 1309 2865; x_wconf 84' lang='lat' dir='ltr'><strong>marginem</strong></span> <span class='ocrx_word' id='word_1_224' title='bbox 1334 2835 1348 2859; x_wconf 95' lang='lat'><strong>,</strong></span> <span class='ocrx_word' id='word_1_225' title='bbox 1396 2793 1488 2847; x_wconf 88' lang='lat' dir='ltr'><strong>sed</strong></span> <span class='ocrx_word' id='word_1_226' title='bbox 1537 2792 1770 2847; x_wconf 72' lang='lat' dir='ltr'><strong>modium</strong></span> <span class='ocrx_word' id='word_1_227' title='bbox 1806 2791 1910 2844; x_wconf 88' lang='lat' dir='ltr'><strong>iter</strong></span> <span class='ocrx_word' id='word_1_228' title='bbox 1940 2799 2122 2855; x_wconf 86' lang='lat' dir='ltr'><strong>tenet,</strong></span> 
     </span>
    </p>
   </div>
   <div class='ocr_carea' id='block_1_31' title="bbox 546 2880 2127 2952">
    <p class='ocr_par' dir='ltr' id='par_1_31' title="bbox 546 2880 2127 2952">
     <span class='ocr_line' id='line_1_31' title="bbox 546 2880 2127 2952; baseline 0 -17"><span class='ocrx_word' id='word_1_229' title='bbox 546 2883 674 2937; x_wconf 89' lang='lat' dir='ltr'><strong>dum</strong></span> <span class='ocrx_word' id='word_1_230' title='bbox 704 2884 835 2938; x_wconf 82' lang='lat' dir='ltr'><strong>nihil</strong></span> <span class='ocrx_word' id='word_1_231' title='bbox 864 2884 964 2939; x_wconf 93' lang='lat' dir='ltr'><strong>sibi</strong></span> <span class='ocrx_word' id='word_1_232' title='bbox 1001 2886 1144 2939; x_wconf 83' lang='lat' dir='ltr'><strong>videt</strong></span> <span class='ocrx_word' id='word_1_233' title='bbox 1173 2897 1490 2949; x_wconf 88' lang='lat' dir='ltr'><strong>occurrere,</strong></span> <span class='ocrx_word' id='word_1_234' title='bbox 1521 2883 1661 2952; x_wconf 86' lang='lat' dir='ltr'><strong>quod</strong></span> <span class='ocrx_word' id='word_1_235' title='bbox 1691 2882 1773 2936; x_wconf 89' lang='lat' dir='ltr'><strong>sui</strong></span> <span class='ocrx_word' id='word_1_236' title='bbox 1804 2896 1996 2936; x_wconf 87' lang='lat' dir='ltr'><strong>cursus</strong></span> <span class='ocrx_word' id='word_1_237' title='bbox 2027 2880 2127 2935; x_wconf 91' lang='lat' dir='ltr'><strong>im-</strong></span> 
     </span>
    </p>
   </div>
   <div class='ocr_carea' id='block_1_32' title="bbox 548 2973 1274 3042">
    <p class='ocr_par' dir='ltr' id='par_1_32' title="bbox 548 2973 1274 3042">
     <span class='ocr_line' id='line_1_32' title="bbox 548 2973 1274 3042; baseline -0.001 -16"><span class='ocrx_word' id='word_1_238' title='bbox 548 2980 732 3042; x_wconf 87' lang='lat' dir='ltr'><strong>petum</strong></span> <span class='ocrx_word' id='word_1_239' title='bbox 766 2973 941 3027; x_wconf 88' lang='lat' dir='ltr'><strong>valeat</strong></span> <span class='ocrx_word' id='word_1_240' title='bbox 977 2974 1274 3028; x_wconf 84' lang='lat' dir='ltr'><strong>retardare.</strong></span> 
     </span>
    </p>
   </div>
   <div class='ocr_carea' id='block_1_33' title="bbox 618 3062 2128 3135">
    <p class='ocr_par' dir='ltr' id='par_1_33' title="bbox 618 3062 2128 3135">
     <span class='ocr_line' id='line_1_33' title="bbox 618 3062 2128 3135; baseline 0.001 -17"><span class='ocrx_word' id='word_1_241' title='bbox 618 3062 751 3118; x_wconf 87' lang='lat' dir='ltr'><strong>Cum</strong></span> <span class='ocrx_word' id='word_1_242' title='bbox 796 3065 959 3135; x_wconf 78' lang='lat' dir='ltr'><strong>igitur</strong></span> <span class='ocrx_word' id='word_1_243' title='bbox 993 3065 1092 3120; x_wconf 87' lang='lat' dir='ltr'><strong>sub</strong></span> <span class='ocrx_word' id='word_1_244' title='bbox 1137 3073 1244 3119; x_wconf 89' lang='lat' dir='ltr'><strong>tam</strong></span> <span class='ocrx_word' id='word_1_245' title='bbox 1276 3064 1438 3120; x_wconf 80' lang='lat' dir='ltr'><strong>noxio</strong></span> <span class='ocrx_word' id='word_1_246' title='bbox 1482 3065 1713 3119; x_wconf 88' lang='lat' dir='ltr'><strong>mundus</strong></span> <span class='ocrx_word' id='word_1_247' title='bbox 1756 3063 1972 3119; x_wconf 90' lang='lat' dir='ltr'><strong>silentio</strong></span> <span class='ocrx_word' id='word_1_248' title='bbox 2003 3078 2128 3119; x_wconf 85' lang='lat' dir='ltr'><strong>con-</strong></span> 
     </span>
    </p>
   </div>
   <div class='ocr_carea' id='block_1_34' title="bbox 2217 520 2593 577">
    <p class='ocr_par' dir='ltr' id='par_1_34' title="bbox 2217 520 2593 577">
     <span class='ocr_line' id='line_1_34' title="bbox 2217 520 2593 577; baseline -0.019 0"><span class='ocrx_word' id='word_1_249' title='bbox 2217 535 2359 577; x_wconf 85' lang='lat' dir='ltr'><strong>rum.</strong></span> <span class='ocrx_word' id='word_1_250' title='bbox 2392 520 2593 572; x_wconf 80' lang='lat' dir='ltr'><strong>Amen.</strong></span> 
     </span>
    </p>
   </div>
   <div class='ocr_carea' id='block_1_35' title="bbox 2961 648 3041 665">
    <p class='ocr_par' dir='ltr' id='par_1_35' title="bbox 2961 648 3041 665">
     <span class='ocr_line' id='line_1_35' title="bbox 2961 648 3041 665; baseline 0 0"><span class='ocrx_word' id='word_1_251' title='bbox 2961 648 3041 665; x_wconf 40' lang='lat' dir='ltr'><strong>ﬂ</strong></span> 
     </span>
    </p>
   </div>
   <div class='ocr_carea' id='block_1_36' title="bbox 2791 733 3217 792">
    <p class='ocr_par' dir='ltr' id='par_1_36' title="bbox 2791 733 3217 792">
     <span class='ocr_line' id='line_1_36' title="bbox 2791 733 3217 792; baseline -0.012 0"><span class='ocrx_word' id='word_1_252' title='bbox 2791 733 3217 792; x_wconf 80' lang='lat' dir='ltr'><strong>SEPTEMBER.</strong></span> 
     </span>
    </p>
   </div>
   <div class='ocr_carea' id='block_1_37' title="bbox 2219 845 3478 923">
    <p class='ocr_par' dir='ltr' id='par_1_37' title="bbox 2219 845 3478 923">
     <span class='ocr_line' id='line_1_37' title="bbox 2219 845 3478 923; baseline -0.014 -4"><span class='ocrx_word' id='word_1_253' title='bbox 2219 860 2269 921; x_wconf 83' lang='grc' dir='ltr'><strong>Ι.</strong></span> <span class='ocrx_word' id='word_1_254' title='bbox 2311 855 2522 916; x_wconf 81' lang='lat' dir='ltr'><strong>Sermo</strong></span> <span class='ocrx_word' id='word_1_255' title='bbox 2581 850 2653 912; x_wconf 80' lang='lat' dir='ltr'><strong>de</strong></span> <span class='ocrx_word' id='word_1_256' title='bbox 2700 851 2767 911; x_wconf 86' lang='lat' dir='ltr'><strong>S.</strong></span> <span class='ocrx_word' id='word_1_257' title='bbox 2814 849 3058 908; x_wconf 77' lang='lat' dir='ltr'><strong>Victore</strong></span> <span class='ocrx_word' id='word_1_258' title='bbox 3108 845 3478 923; x_wconf 60' lang='lat' dir='ltr'><strong>con/essen.</strong></span> 
     </span>
    </p>
   </div>
   <div class='ocr_carea' id='block_1_38' title="bbox 2222 915 3805 1021">
    <p class='ocr_par' dir='ltr' id='par_1_38' title="bbox 2222 915 3805 1021">
     <span class='ocr_line' id='line_1_38' title="bbox 2222 915 3805 1021; baseline -0.012 -26"><span class='ocrx_word' id='word_1_259' title='bbox 2437 932 2646 1021; x_wconf 59' lang='lat' dir='ltr'><strong>Sermo</strong></span> <span class='ocrx_word' id='word_1_260' title='bbox 2709 927 2748 988; x_wconf 86' lang='grc' dir='ltr'><em>Ι</em></span> <span class='ocrx_word' id='word_1_261' title='bbox 2798 926 2865 988; x_wconf 77' lang='lat' dir='ltr'><strong>in</strong></span> <span class='ocrx_word' id='word_1_262' title='bbox 2930 915 3276 986; x_wconf 76' lang='lat' dir='ltr'><strong>Nativitaie</strong></span> <span class='ocrx_word' id='word_1_263' title='bbox 3349 920 3425 984; x_wconf 83' lang='grc' dir='ltr'><strong>Β.</strong></span> <span class='ocrx_word' id='word_1_264' title='bbox 3522 915 3805 997; x_wconf 71' lang='lat' dir='ltr'><strong>Virgini:</strong></span> 
     </span>
    </p>
   </div>
   <div class='ocr_carea' id='block_1_39' title="bbox 2295 1010 3053 1150">
    <p class='ocr_par' dir='ltr' id='par_1_39' title="bbox 2295 1010 3053 1150">
     <span class='ocr_line' id='line_1_39' title="bbox 2295 1010 2537 1071; baseline -0.004 0"><span class='ocrx_word' id='word_1_265' title='bbox 2295 1010 2537 1071; x_wconf 65' lang='lat' dir='ltr'><strong>Marica.</strong></span> 
     </span>
     <span class='ocr_line' id='line_1_40' title="bbox 2297 1081 3053 1150; baseline -0.015 0"><span class='ocrx_word' id='word_1_266' title='bbox 2297 1089 2508 1150; x_wconf 77' lang='lat' dir='ltr'><strong>Sermo</strong></span> <span class='ocrx_word' id='word_1_267' title='bbox 2569 1083 2640 1147; x_wconf 83' lang='grc' dir='ltr'><strong>ΙΙ</strong></span> <span class='ocrx_word' id='word_1_268' title='bbox 2698 1083 2770 1145; x_wconf 80' lang='lat' dir='ltr'><strong>de</strong></span> <span class='ocrx_word' id='word_1_269' title='bbox 2823 1081 3053 1142; x_wconf 75' lang='lat' dir='ltr'><strong>eadem.</strong></span> 
     </span>
    </p>
   </div>
   <div class='ocr_carea' id='block_1_40' title="bbox 2307 1158 2995 1226">
    <p class='ocr_par' dir='ltr' id='par_1_40' title="bbox 2307 1158 2995 1226">
     <span class='ocr_line' id='line_1_41' title="bbox 2307 1158 2995 1226; baseline -0.012 0"><span class='ocrx_word' id='word_1_270' title='bbox 2307 1165 2500 1226; x_wconf 77' lang='lat' dir='ltr'><strong>Hemi</strong></span> <span class='ocrx_word' id='word_1_271' title='bbox 2506 1163 2593 1225; x_wconf 81' lang='lat' dir='ltr'><strong>lia</strong></span> <span class='ocrx_word' id='word_1_272' title='bbox 2646 1161 2719 1223; x_wconf 84' lang='lat' dir='ltr'><strong>de</strong></span> <span class='ocrx_word' id='word_1_273' title='bbox 2771 1158 2995 1221; x_wconf 79' lang='lat' dir='ltr'><strong>eadem.</strong></span> 
     </span>
    </p>
   </div>
   <div class='ocr_carea' id='block_1_41' title="bbox 2220 1231 3798 1304">
    <p class='ocr_par' dir='ltr' id='par_1_41' title="bbox 2220 1231 3798 1304">
     <span class='ocr_line' id='line_1_42' title="bbox 2220 1231 3798 1304; baseline -0.01 1"><span class='ocrx_word' id='word_1_274' title='bbox 2220 1243 2393 1304; x_wconf 85' lang='lat' dir='ltr'><strong>XIV.</strong></span> <span class='ocrx_word' id='word_1_275' title='bbox 2447 1241 2667 1303; x_wconf 80' lang='lat' dir='ltr'><strong>Sermo</strong></span> <span class='ocrx_word' id='word_1_276' title='bbox 2718 1238 2753 1300; x_wconf 86' lang='grc'><strong><em>1</em></strong></span> <span class='ocrx_word' id='word_1_277' title='bbox 2820 1237 2894 1298; x_wconf 80' lang='lat' dir='ltr'><strong>de</strong></span> <span class='ocrx_word' id='word_1_278' title='bbox 2956 1234 3335 1297; x_wconf 74' lang='lat' dir='ltr'><strong>exultatione</strong></span> <span class='ocrx_word' id='word_1_279' title='bbox 3406 1233 3474 1294; x_wconf 92' lang='lat' dir='ltr'><strong>S.</strong></span> <span class='ocrx_word' id='word_1_280' title='bbox 3551 1231 3798 1293; x_wconf 71' lang='lat' dir='ltr'><strong>crucis.</strong></span> 
     </span>
    </p>
   </div>
   <div class='ocr_carea' id='block_1_42' title="bbox 2299 1314 3047 1383">
    <p class='ocr_par' dir='ltr' id='par_1_42' title="bbox 2299 1314 3047 1383">
     <span class='ocr_line' id='line_1_43' title="bbox 2299 1314 3047 1383; baseline -0.008 -1"><span class='ocrx_word' id='word_1_281' title='bbox 2299 1323 2508 1383; x_wconf 79' lang='lat' dir='ltr'><strong>Sermo</strong></span> <span class='ocrx_word' id='word_1_282' title='bbox 2571 1319 2640 1381; x_wconf 80' lang='lat' dir='ltr'><strong>II</strong></span> <span class='ocrx_word' id='word_1_283' title='bbox 2698 1317 2772 1378; x_wconf 84' lang='lat' dir='ltr'><strong>de</strong></span> <span class='ocrx_word' id='word_1_284' title='bbox 2825 1314 3047 1376; x_wconf 78' lang='lat' dir='ltr'><strong>eadem.</strong></span> 
     </span>
    </p>
   </div>
   <div class='ocr_carea' id='block_1_43' title="bbox 2220 1387 3806 1470">
    <p class='ocr_par' dir='ltr' id='par_1_43' title="bbox 2220 1387 3806 1470">
     <span class='ocr_line' id='line_1_44' title="bbox 2220 1387 3806 1470; baseline -0.008 -10"><span class='ocrx_word' id='word_1_285' title='bbox 2220 1399 2398 1460; x_wconf 90' lang='lat' dir='ltr'><strong>XXI.</strong></span> <span class='ocrx_word' id='word_1_286' title='bbox 2440 1399 2649 1460; x_wconf 85' lang='lat' dir='ltr'><strong>Sermo</strong></span> <span class='ocrx_word' id='word_1_287' title='bbox 2718 1395 2790 1456; x_wconf 81' lang='lat' dir='ltr'><strong>de</strong></span> <span class='ocrx_word' id='word_1_288' title='bbox 2848 1394 2916 1457; x_wconf 91' lang='lat' dir='ltr'><strong>S.</strong></span> <span class='ocrx_word' id='word_1_289' title='bbox 2986 1391 3330 1465; x_wconf 72' lang='lat' dir='ltr'><strong>Matthwo,</strong></span> <span class='ocrx_word' id='word_1_290' title='bbox 3393 1387 3685 1470; x_wconf 73' lang='lat' dir='ltr'><strong>apostolo</strong></span> <span class='ocrx_word' id='word_1_291' title='bbox 3750 1395 3806 1447; x_wconf 76' lang='lat' dir='ltr'><strong>et</strong></span> 
     </span>
    </p>
   </div>
   <div class='ocr_carea' id='block_1_44' title="bbox 2300 1476 3041 1615">
    <p class='ocr_par' dir='ltr' id='par_1_44' title="bbox 2300 1476 3041 1615">
     <span class='ocr_line' id='line_1_45' title="bbox 2300 1476 3041 1615; baseline -0.007 -1"><span class='ocrx_word' id='word_1_292' title='bbox 2300 1476 2759 1615; x_wconf 51' lang='grc' dir='ltr'><strong>ἓῖῗθτιζιῃοειῗῖαᾶσ</strong></span> <span class='ocrx_word' id='word_1_293' title='bbox 2812 1568 2879 1612; x_wconf 87' lang='lat' dir='ltr'><strong>eo</strong></span> <span class='ocrx_word' id='word_1_294' title='bbox 2887 1549 3041 1610; x_wconf 83' lang='lat' dir='ltr'><strong>dem.</strong></span> 
     </span>
    </p>
   </div>
   <div class='ocr_carea' id='block_1_45' title="bbox 2298 1627 2988 1694">
    <p class='ocr_par' dir='ltr' id='par_1_45' title="bbox 2298 1627 2988 1694">
     <span class='ocr_line' id='line_1_46' title="bbox 2298 1627 2988 1694; baseline -0.007 0"><span class='ocrx_word' id='word_1_295' title='bbox 2298 1631 2583 1694; x_wconf 76' lang='lat' dir='ltr'><strong>Homilt&#39;a</strong></span> <span class='ocrx_word' id='word_1_296' title='bbox 2633 1629 2705 1691; x_wconf 83' lang='lat' dir='ltr'><strong>de</strong></span> <span class='ocrx_word' id='word_1_297' title='bbox 2761 1627 2988 1691; x_wconf 84' lang='lat' dir='ltr'><strong>eodem.</strong></span> 
     </span>
    </p>
   </div>
   <div class='ocr_carea' id='block_1_46' title="bbox 2222 1698 3808 1781">
    <p class='ocr_par' dir='ltr' id='par_1_46' title="bbox 2222 1698 3808 1781">
     <span class='ocr_line' id='line_1_47' title="bbox 2222 1698 3808 1781; baseline -0.005 -8"><span class='ocrx_word' id='word_1_298' title='bbox 2222 1711 2468 1773; x_wconf 90' lang='lat' dir='ltr'><strong>XXIX.</strong></span> <span class='ocrx_word' id='word_1_299' title='bbox 2512 1711 2723 1772; x_wconf 85' lang='lat' dir='ltr'><strong>Sermo</strong></span> <span class='ocrx_word' id='word_1_300' title='bbox 2784 1707 2857 1768; x_wconf 83' lang='lat' dir='ltr'><strong>de</strong></span> <span class='ocrx_word' id='word_1_301' title='bbox 2916 1706 2981 1769; x_wconf 84' lang='lat' dir='ltr'><strong>S.</strong></span> <span class='ocrx_word' id='word_1_302' title='bbox 3045 1703 3348 1767; x_wconf 73' lang='lat' dir='ltr'><strong>Michaeie</strong></span> <span class='ocrx_word' id='word_1_303' title='bbox 3407 1698 3808 1781; x_wconf 77' lang='lat' dir='ltr'><strong>archangela.</strong></span> 
     </span>
    </p>
   </div>
   <div class='ocr_carea' id='block_1_47' title="bbox 2749 1812 3271 1904">
    <p class='ocr_par' dir='ltr' id='par_1_47' title="bbox 2749 1812 3271 1904">
     <span class='ocr_line' id='line_1_48' title="bbox 2749 1812 3271 1904; baseline -0.011 1"><span class='ocrx_word' id='word_1_304' title='bbox 2749 1850 2783 1885; x_wconf 71' lang='grc' dir='ltr'><strong>ιιι</strong></span> <span class='ocrx_word' id='word_1_305' title='bbox 2820 1846 3051 1904; x_wconf 75' lang='lat' dir='ltr'><strong>senno</strong></span> <span class='ocrx_word' id='word_1_306' title='bbox 3087 1812 3271 1902; x_wconf 77' lang='lat' dir='ltr'><strong>mn.</strong></span> 
     </span>
    </p>
   </div>
   <div class='ocr_carea' id='block_1_48' title="bbox 2325 1950 3707 2023">
    <p class='ocr_par' dir='ltr' id='par_1_48' title="bbox 2325 1950 3707 2023">
     <span class='ocr_line' id='line_1_49' title="bbox 2325 1950 3707 2023; baseline -0.009 -8"><span class='ocrx_word' id='word_1_307' title='bbox 2325 1974 2392 2015; x_wconf 75' lang='lat' dir='ltr'><strong>ne</strong></span> <span class='ocrx_word' id='word_1_308' title='bbox 2431 1973 2633 2015; x_wconf 58' lang='lat' dir='ltr'><strong>assero</strong></span> <span class='ocrx_word' id='word_1_309' title='bbox 2669 1972 2900 2014; x_wconf 74' lang='lat' dir='ltr'><strong>uerene</strong></span> <span class='ocrx_word' id='word_1_310' title='bbox 2936 1962 3286 2011; x_wconf 64' lang='lat' dir='ltr'><strong>cessassent.</strong></span> <span class='ocrx_word' id='word_1_311' title='bbox 3329 1952 3369 2023; x_wconf 86' lang='grc' dir='ltr'><strong>(ι</strong></span> <span class='ocrx_word' id='word_1_312' title='bbox 3409 1950 3707 2018; x_wconf 67' lang='lat' dir='ltr'><strong>serrane.)</strong></span> 
     </span>
    </p>
   </div>
   <div class='ocr_carea' id='block_1_49' title="bbox 2292 2062 3815 2139">
    <p class='ocr_par' dir='ltr' id='par_1_49' title="bbox 2292 2062 3815 2139">
     <span class='ocr_line' id='line_1_50' title="bbox 2292 2062 3815 2139; baseline -0.008 -13"><span class='ocrx_word' id='word_1_313' title='bbox 2292 2070 2390 2126; x_wconf 89' lang='lat' dir='ltr'><strong>IIic</strong></span> <span class='ocrx_word' id='word_1_314' title='bbox 2435 2070 2527 2125; x_wconf 88' lang='lat' dir='ltr'><strong>ille</strong></span> <span class='ocrx_word' id='word_1_315' title='bbox 2568 2082 2791 2139; x_wconf 86' lang='lat' dir='ltr'><strong>magnus</strong></span> <span class='ocrx_word' id='word_1_316' title='bbox 2832 2066 3191 2123; x_wconf 84' lang='lat' dir='ltr'><strong>Providentiae</strong></span> <span class='ocrx_word' id='word_1_317' title='bbox 3212 2063 3401 2120; x_wconf 90' lang='lat' dir='ltr'><strong>oculus</strong></span> <span class='ocrx_word' id='word_1_318' title='bbox 3427 2062 3655 2116; x_wconf 87' lang='lat' dir='ltr'><strong>dulciori</strong></span> <span class='ocrx_word' id='word_1_319' title='bbox 3686 2075 3815 2114; x_wconf 86' lang='lat' dir='ltr'><strong>ver-</strong></span> 
     </span>
    </p>
   </div>
   <div class='ocr_carea' id='block_1_50' title="bbox 2222 2151 3813 2218">
    <p class='ocr_par' dir='ltr' id='par_1_50' title="bbox 2222 2151 3813 2218">
     <span class='ocr_line' id='line_1_51' title="bbox 2222 2151 3813 2218; baseline -0.009 0"><span class='ocrx_word' id='word_1_320' title='bbox 2222 2163 2352 2218; x_wconf 89' lang='lat' dir='ltr'><strong>bere</strong></span> <span class='ocrx_word' id='word_1_321' title='bbox 2395 2175 2612 2217; x_wconf 91' lang='lat' dir='ltr'><strong>carnem</strong></span> <span class='ocrx_word' id='word_1_322' title='bbox 2643 2158 2935 2216; x_wconf 88' lang='lat' dir='ltr'><strong>carnaliter</strong></span> <span class='ocrx_word' id='word_1_323' title='bbox 2967 2155 3333 2212; x_wconf 85' lang='lat' dir='ltr'><strong>ambulantem</strong></span> <span class='ocrx_word' id='word_1_324' title='bbox 3381 2151 3572 2207; x_wconf 76' lang='lat' dir='ltr'><strong>alllixit</strong></span> <span class='ocrx_word' id='word_1_325' title='bbox 3599 2160 3657 2207; x_wconf 91' lang='lat' dir='ltr'><strong>et</strong></span> <span class='ocrx_word' id='word_1_326' title='bbox 3685 2166 3813 2205; x_wconf 82' lang='lat' dir='ltr'><strong>cou-</strong></span> 
     </span>
    </p>
   </div>
   <div class='ocr_carea' id='block_1_51' title="bbox 2224 2241 3812 2316">
    <p class='ocr_par' dir='ltr' id='par_1_51' title="bbox 2224 2241 3812 2316">
     <span class='ocr_line' id='line_1_52' title="bbox 2224 2241 3812 2316; baseline -0.009 -9"><span class='ocrx_word' id='word_1_327' title='bbox 2224 2251 2341 2307; x_wconf 81' lang='lat' dir='ltr'><strong>ﬁxit</strong></span> <span class='ocrx_word' id='word_1_328' title='bbox 2371 2251 2563 2307; x_wconf 88' lang='lat' dir='ltr'><strong>timore</strong></span> <span class='ocrx_word' id='word_1_329' title='bbox 2603 2264 2722 2306; x_wconf 91' lang='lat' dir='ltr'><strong>suo.</strong></span> <span class='ocrx_word' id='word_1_330' title='bbox 2755 2247 2857 2316; x_wconf 86' lang='lat' dir='ltr'><strong>Qui</strong></span> <span class='ocrx_word' id='word_1_331' title='bbox 2897 2247 3042 2303; x_wconf 89' lang='lat' dir='ltr'><strong>enim</strong></span> <span class='ocrx_word' id='word_1_332' title='bbox 3080 2243 3393 2315; x_wconf 84' lang='lat' dir='ltr'><strong>patientiam</strong></span> <span class='ocrx_word' id='word_1_333' title='bbox 3433 2241 3561 2305; x_wconf 90' lang='lat' dir='ltr'><strong>Dei,</strong></span> <span class='ocrx_word' id='word_1_334' title='bbox 3593 2253 3812 2309; x_wconf 69' lang='lat' dir='ltr'><strong>parum</strong></span> 
     </span>
    </p>
   </div>
   <div class='ocr_carea' id='block_1_52' title="bbox 2225 2329 3814 2413">
    <p class='ocr_par' dir='ltr' id='par_1_52' title="bbox 2225 2329 3814 2413">
     <span class='ocr_line' id='line_1_53' title="bbox 2225 2329 3814 2413; baseline -0.01 -15"><span class='ocrx_word' id='word_1_335' title='bbox 2225 2342 2455 2408; x_wconf 84' lang='lat' dir='ltr'><strong>inferni,</strong></span> <span class='ocrx_word' id='word_1_336' title='bbox 2497 2340 2725 2413; x_wconf 77' lang='lat' dir='ltr'><strong>gloriam</strong></span> <span class='ocrx_word' id='word_1_337' title='bbox 2779 2338 2932 2410; x_wconf 88' lang='lat' dir='ltr'><strong>regni</strong></span> <span class='ocrx_word' id='word_1_338' title='bbox 2970 2337 3150 2391; x_wconf 92' lang='lat' dir='ltr'><strong>animo</strong></span> <span class='ocrx_word' id='word_1_339' title='bbox 3189 2332 3509 2389; x_wconf 89' lang='lat' dir='ltr'><strong>irreverenti</strong></span> <span class='ocrx_word' id='word_1_340' title='bbox 3544 2338 3601 2386; x_wconf 91' lang='lat' dir='ltr'><strong>et</strong></span> <span class='ocrx_word' id='word_1_341' title='bbox 3645 2329 3814 2385; x_wconf 77' lang='lat' dir='ltr'><strong>infru-</strong></span> 
     </span>
    </p>
   </div>
   <div class='ocr_carea' id='block_1_53' title="bbox 2225 2429 3818 2501">
    <p class='ocr_par' dir='ltr' id='par_1_53' title="bbox 2225 2429 3818 2501">
     <span class='ocr_line' id='line_1_54' title="bbox 2225 2429 3818 2501; baseline -0.008 -13"><span class='ocrx_word' id='word_1_342' title='bbox 2225 2435 2337 2488; x_wconf 69' lang='grc' dir='ltr'><strong>ιιίεο</strong></span> <span class='ocrx_word' id='word_1_343' title='bbox 2370 2442 2800 2501; x_wconf 73' lang='lat' dir='ltr'><strong>contempserant</strong></span> <span class='ocrx_word' id='word_1_344' title='bbox 2821 2469 2836 2494; x_wconf 79' lang='lat'><strong>,</strong></span> <span class='ocrx_word' id='word_1_345' title='bbox 2882 2437 3109 2500; x_wconf 89' lang='lat' dir='ltr'><strong>paratus</strong></span> <span class='ocrx_word' id='word_1_346' title='bbox 3154 2439 3295 2489; x_wconf 89' lang='lat' dir='ltr'><strong>sum,</strong></span> <span class='ocrx_word' id='word_1_347' title='bbox 3321 2432 3377 2479; x_wconf 74' lang='grc' dir='ltr'>ει</span> <span class='ocrx_word' id='word_1_348' title='bbox 3404 2439 3508 2478; x_wconf 91' lang='lat' dir='ltr'><strong>non</strong></span> <span class='ocrx_word' id='word_1_349' title='bbox 3549 2437 3671 2478; x_wconf 89' lang='lat' dir='ltr'><strong>sum</strong></span> <span class='ocrx_word' id='word_1_350' title='bbox 3700 2429 3818 2475; x_wconf 71' lang='grc' dir='ltr'><strong>ωτι-</strong></span> 
     </span>
    </p>
   </div>
   <div class='ocr_carea' id='block_1_54' title="bbox 2224 2511 3809 2590">
    <p class='ocr_par' dir='ltr' id='par_1_54' title="bbox 2224 2511 3809 2590">
     <span class='ocr_line' id='line_1_55' title="bbox 2224 2511 3809 2590; baseline -0.01 -10"><span class='ocrx_word' id='word_1_351' title='bbox 2224 2526 2412 2590; x_wconf 87' lang='lat' dir='ltr'><strong>batus,</strong></span> <span class='ocrx_word' id='word_1_352' title='bbox 2442 2530 2501 2577; x_wconf 94' lang='lat' dir='ltr'><strong>ut</strong></span> <span class='ocrx_word' id='word_1_353' title='bbox 2539 2520 2837 2578; x_wconf 85' lang='lat' dir='ltr'><strong>custodiam</strong></span> <span class='ocrx_word' id='word_1_354' title='bbox 2865 2518 3119 2575; x_wconf 89' lang='lat' dir='ltr'><strong>mandata</strong></span> <span class='ocrx_word' id='word_1_355' title='bbox 3145 2516 3356 2571; x_wconf 88' lang='lat' dir='ltr'><strong>Domini</strong></span> <span class='ocrx_word' id='word_1_356' title='bbox 3387 2512 3560 2585; x_wconf 74' lang='grc' dir='ltr'><strong>(Ρωι.</strong></span> <span class='ocrx_word' id='word_1_357' title='bbox 3590 2511 3809 2577; x_wconf 70' lang='lat' dir='ltr'><strong>cum).</strong></span> 
     </span>
    </p>
   </div>
   <div class='ocr_carea' id='block_1_55' title="bbox 2225 2602 3805 2669">
    <p class='ocr_par' dir='ltr' id='par_1_55' title="bbox 2225 2602 3805 2669">
     <span class='ocr_line' id='line_1_56' title="bbox 2225 2602 3805 2669; baseline -0.008 -1"><span class='ocrx_word' id='word_1_358' title='bbox 2225 2614 2374 2669; x_wconf 92' lang='lat' dir='ltr'><strong>Intus</strong></span> <span class='ocrx_word' id='word_1_359' title='bbox 2411 2620 2531 2668; x_wconf 91' lang='lat' dir='ltr'><strong>erat</strong></span> <span class='ocrx_word' id='word_1_360' title='bbox 2576 2626 2739 2667; x_wconf 87' lang='lat' dir='ltr'><strong>urens</strong></span> <span class='ocrx_word' id='word_1_361' title='bbox 2779 2609 3108 2666; x_wconf 88' lang='lat' dir='ltr'><strong>conscientia</strong></span> <span class='ocrx_word' id='word_1_362' title='bbox 3149 2605 3336 2661; x_wconf 89' lang='lat' dir='ltr'><strong>multis</strong></span> <span class='ocrx_word' id='word_1_363' title='bbox 3384 2603 3637 2657; x_wconf 79' lang='lat' dir='ltr'><strong>obvoluta</strong></span> <span class='ocrx_word' id='word_1_364' title='bbox 3694 2602 3805 2656; x_wconf 81' lang='lat' dir='ltr'><strong>cri-</strong></span> 
     </span>
    </p>
   </div>
   <div class='ocr_carea' id='block_1_56' title="bbox 2227 2694 3815 2769">
    <p class='ocr_par' dir='ltr' id='par_1_56' title="bbox 2227 2694 3815 2769">
     <span class='ocr_line' id='line_1_57' title="bbox 2227 2694 3815 2769; baseline -0.007 -10"><span class='ocrx_word' id='word_1_365' title='bbox 2227 2704 2494 2769; x_wconf 75' lang='lat' dir='ltr'><strong>minibus,</strong></span> <span class='ocrx_word' id='word_1_366' title='bbox 2526 2710 2580 2759; x_wconf 88' lang='lat' dir='ltr'><strong>et</strong></span> <span class='ocrx_word' id='word_1_367' title='bbox 2612 2701 2906 2757; x_wconf 89' lang='lat' dir='ltr'><strong>artillcioso</strong></span> <span class='ocrx_word' id='word_1_368' title='bbox 2933 2699 3202 2756; x_wconf 84' lang='lat' dir='ltr'><strong>velamine</strong></span> <span class='ocrx_word' id='word_1_369' title='bbox 3240 2695 3618 2752; x_wconf 71' lang='lat' dir='ltr'><strong>detestandum</strong></span> <span class='ocrx_word' id='word_1_370' title='bbox 3652 2694 3815 2750; x_wconf 53' lang='lat' dir='ltr'><strong>sileo-</strong></span> 
     </span>
    </p>
   </div>
   <div class='ocr_carea' id='block_1_57' title="bbox 2228 2783 3815 2865">
    <p class='ocr_par' dir='ltr' id='par_1_57' title="bbox 2228 2783 3815 2865">
     <span class='ocr_line' id='line_1_58' title="bbox 2228 2783 3815 2865; baseline -0.009 -17"><span class='ocrx_word' id='word_1_371' title='bbox 2228 2796 2359 2850; x_wconf 90' lang='lat' dir='ltr'><strong>tium</strong></span> <span class='ocrx_word' id='word_1_372' title='bbox 2388 2794 2615 2865; x_wconf 84' lang='lat' dir='ltr'><strong>diligens</strong></span> <span class='ocrx_word' id='word_1_373' title='bbox 2646 2792 2765 2862; x_wconf 90' lang='lat' dir='ltr'><strong>plus</strong></span> <span class='ocrx_word' id='word_1_374' title='bbox 2795 2790 3031 2860; x_wconf 81' lang='lat' dir='ltr'><strong>elegerat</strong></span> <span class='ocrx_word' id='word_1_375' title='bbox 3066 2788 3201 2842; x_wconf 87' lang='lat' dir='ltr'><strong>mori</strong></span> <span class='ocrx_word' id='word_1_376' title='bbox 3228 2800 3391 2855; x_wconf 85' lang='lat' dir='ltr'><strong>quam</strong></span> <span class='ocrx_word' id='word_1_377' title='bbox 3438 2783 3610 2855; x_wconf 89' lang='lat' dir='ltr'><strong>loqui,</strong></span> <span class='ocrx_word' id='word_1_378' title='bbox 3638 2786 3815 2853; x_wconf 69' lang='lat' dir='ltr'><strong>perin-</strong></span> 
     </span>
    </p>
   </div>
   <div class='ocr_carea' id='block_1_58' title="bbox 2227 2879 3811 2958">
    <p class='ocr_par' dir='ltr' id='par_1_58' title="bbox 2227 2879 3811 2958">
     <span class='ocr_line' id='line_1_59' title="bbox 2227 2879 3811 2958; baseline -0.006 -14"><span class='ocrx_word' id='word_1_379' title='bbox 2227 2903 2388 2958; x_wconf 86' lang='lat' dir='ltr'><strong>quam</strong></span> <span class='ocrx_word' id='word_1_380' title='bbox 2438 2887 2635 2943; x_wconf 87' lang='lat' dir='ltr'><strong>redire.</strong></span> <span class='ocrx_word' id='word_1_381' title='bbox 2673 2885 2763 2941; x_wconf 86' lang='lat' dir='ltr'><strong>Sic</strong></span> <span class='ocrx_word' id='word_1_382' title='bbox 2799 2882 3174 2938; x_wconf 90' lang='lat' dir='ltr'><strong>obdurationis</strong></span> <span class='ocrx_word' id='word_1_383' title='bbox 3216 2896 3328 2936; x_wconf 68' lang='lat' dir='ltr'><strong>sua:</strong></span> <span class='ocrx_word' id='word_1_384' title='bbox 3355 2879 3563 2950; x_wconf 83' lang='lat' dir='ltr'><strong>legibus</strong></span> <span class='ocrx_word' id='word_1_385' title='bbox 3604 2893 3811 2948; x_wconf 73' lang='lat' dir='ltr'><strong>preSSa.</strong></span> 
     </span>
    </p>
   </div>
   <div class='ocr_carea' id='block_1_59' title="bbox 2227 2967 3815 3035">
    <p class='ocr_par' dir='ltr' id='par_1_59' title="bbox 2227 2967 3815 3035">
     <span class='ocr_line' id='line_1_60' title="bbox 2227 2967 3815 3035; baseline -0.01 0"><span class='ocrx_word' id='word_1_386' title='bbox 2227 2978 2413 3035; x_wconf 82' lang='lat' dir='ltr'><strong>oculos</strong></span> <span class='ocrx_word' id='word_1_387' title='bbox 2455 2991 2583 3032; x_wconf 89' lang='lat' dir='ltr'><strong>suos</strong></span> <span class='ocrx_word' id='word_1_388' title='bbox 2617 2984 2882 3031; x_wconf 86' lang='lat' dir='ltr'><strong>statuerat</strong></span> <span class='ocrx_word' id='word_1_389' title='bbox 2936 2972 3211 3028; x_wconf 85' lang='lat' dir='ltr'><strong>declinare</strong></span> <span class='ocrx_word' id='word_1_390' title='bbox 3241 2972 3293 3025; x_wconf 88' lang='lat' dir='ltr'><strong>in</strong></span> <span class='ocrx_word' id='word_1_391' title='bbox 3336 2979 3559 3025; x_wconf 87' lang='lat' dir='ltr'><strong>terram.</strong></span> <span class='ocrx_word' id='word_1_392' title='bbox 3590 2968 3700 3023; x_wconf 90' lang='lat' dir='ltr'><strong>Sed</strong></span> <span class='ocrx_word' id='word_1_393' title='bbox 3730 2967 3815 3020; x_wconf 81' lang='lat' dir='ltr'><strong>ille</strong></span> 
     </span>
    </p>
   </div>
   <div class='ocr_carea' id='block_1_60' title="bbox 2229 3057 3814 3138">
    <p class='ocr_par' dir='ltr' id='par_1_60' title="bbox 2229 3057 3814 3138">
     <span class='ocr_line' id='line_1_61' title="bbox 2229 3057 3814 3138; baseline -0.004 -21"><span class='ocrx_word' id='word_1_394' title='bbox 2229 3069 2321 3138; x_wconf 83' lang='lat' dir='ltr'><strong>qni</strong></span> <span class='ocrx_word' id='word_1_395' title='bbox 2366 3082 2472 3120; x_wconf 87' lang='lat' dir='ltr'><strong>non</strong></span> <span class='ocrx_word' id='word_1_396' title='bbox 2522 3065 2722 3120; x_wconf 87' lang='lat' dir='ltr'><strong>dormit</strong></span> <span class='ocrx_word' id='word_1_397' title='bbox 2767 3077 2943 3132; x_wconf 86' lang='lat' dir='ltr'><strong>neque</strong></span> <span class='ocrx_word' id='word_1_398' title='bbox 2991 3061 3286 3125; x_wconf 89' lang='lat' dir='ltr'><strong>dormitat,</strong></span> <span class='ocrx_word' id='word_1_399' title='bbox 3332 3058 3587 3130; x_wconf 87' lang='lat' dir='ltr'><strong>pauperis</strong></span> <span class='ocrx_word' id='word_1_400' title='bbox 3622 3057 3814 3111; x_wconf 76' lang='lat' dir='ltr'><strong>anima:</strong></span> 
     </span>
    </p>
   </div>
   <div class='ocr_carea' id='block_1_61' title="bbox 551 3139 2122 3228">
    <p class='ocr_par' dir='ltr' id='par_1_61' title="bbox 551 3153 2122 3222">
     <span class='ocr_line' id='line_1_62' title="bbox 551 3153 2122 3222; baseline 0 -15"><span class='ocrx_word' id='word_1_401' title='bbox 551 3153 868 3217; x_wconf 89' lang='lat' dir='ltr'><strong>ticescerct,</strong></span> <span class='ocrx_word' id='word_1_402' title='bbox 915 3164 970 3208; x_wconf 90' lang='lat' dir='ltr'><strong>et</strong></span> <span class='ocrx_word' id='word_1_403' title='bbox 1021 3154 1136 3208; x_wconf 67' lang='lat' dir='ltr'><strong>haec</strong></span> <span class='ocrx_word' id='word_1_404' title='bbox 1181 3153 1247 3208; x_wconf 89' lang='lat' dir='ltr'><strong>ad</strong></span> <span class='ocrx_word' id='word_1_405' title='bbox 1286 3154 1586 3222; x_wconf 85' lang='lat' dir='ltr'><strong>perdendos</strong></span> <span class='ocrx_word' id='word_1_406' title='bbox 1633 3154 1877 3207; x_wconf 84' lang='lat' dir='ltr'><strong>homines</strong></span> <span class='ocrx_word' id='word_1_407' title='bbox 1914 3153 2122 3209; x_wconf 73' lang='lat' dir='ltr'><strong>occasio</strong></span> 
     </span>
    </p>
   </div>
   <div class='ocr_carea' id='block_1_62' title="bbox 2227 3139 3817 3228">
    <p class='ocr_par' dir='ltr' id='par_1_62' title="bbox 2233 3152 3817 3228">
     <span class='ocr_line' id='line_1_63' title="bbox 2233 3152 3817 3228; baseline -0.01 -13"><span class='ocrx_word' id='word_1_408' title='bbox 2233 3159 2567 3221; x_wconf 81' lang='lat' dir='ltr'><strong>recordatus,</strong></span> <span class='ocrx_word' id='word_1_409' title='bbox 2594 3171 2848 3228; x_wconf 89' lang='lat' dir='ltr'><strong>agressus</strong></span> <span class='ocrx_word' id='word_1_410' title='bbox 2888 3164 2971 3210; x_wconf 91' lang='lat' dir='ltr'><strong>est</strong></span> <span class='ocrx_word' id='word_1_411' title='bbox 3001 3154 3226 3225; x_wconf 84' lang='lat' dir='ltr'><strong>ﬂagellis</strong></span> <span class='ocrx_word' id='word_1_412' title='bbox 3249 3153 3469 3208; x_wconf 82' lang='lat' dir='ltr'><strong>vincere</strong></span> <span class='ocrx_word' id='word_1_413' title='bbox 3508 3165 3670 3221; x_wconf 89' lang='lat' dir='ltr'><strong>quam</strong></span> <span class='ocrx_word' id='word_1_414' title='bbox 3699 3152 3817 3203; x_wconf 72' lang='lat' dir='ltr'><strong>vin.</strong></span> 
     </span>
    </p>
   </div>
   <div class='ocr_carea' id='block_1_63' title="bbox 551 3244 2128 3314">
    <p class='ocr_par' dir='ltr' id='par_1_63' title="bbox 551 3244 2128 3314">
     <span class='ocr_line' id='line_1_64' title="bbox 551 3244 2128 3314; baseline 0.001 -17"><span class='ocrx_word' id='word_1_415' title='bbox 551 3244 821 3298; x_wconf 82' lang='lat' dir='ltr'><strong>diabolum</strong></span> <span class='ocrx_word' id='word_1_416' title='bbox 870 3254 1221 3314; x_wconf 85' lang='lat' dir='ltr'><strong>provocaret,</strong></span> <span class='ocrx_word' id='word_1_417' title='bbox 1272 3245 1357 3301; x_wconf 91' lang='lat' dir='ltr'><strong>ille</strong></span> <span class='ocrx_word' id='word_1_418' title='bbox 1399 3261 1502 3300; x_wconf 92' lang='lat' dir='ltr'><strong>non</strong></span> <span class='ocrx_word' id='word_1_419' title='bbox 1547 3246 1705 3301; x_wconf 86' lang='lat' dir='ltr'><strong>modo</strong></span> <span class='ocrx_word' id='word_1_420' title='bbox 1746 3245 1981 3301; x_wconf 86' lang='lat' dir='ltr'><strong>medium</strong></span> <span class='ocrx_word' id='word_1_421' title='bbox 2024 3246 2128 3299; x_wconf 90' lang='lat' dir='ltr'><strong>iter</strong></span> 
     </span>
    </p>
   </div>
   <div class='ocr_carea' id='block_1_64' title="bbox 551 3335 2129 3406">
    <p class='ocr_par' dir='ltr' id='par_1_64' title="bbox 551 3335 2129 3406">
     <span class='ocr_line' id='line_1_65' title="bbox 551 3335 2129 3406; baseline -0.001 -16"><span class='ocrx_word' id='word_1_422' title='bbox 551 3336 815 3399; x_wconf 87' lang='lat' dir='ltr'><strong>habebat,</strong></span> <span class='ocrx_word' id='word_1_423' title='bbox 864 3335 956 3390; x_wconf 88' lang='lat' dir='ltr'><strong>scd</strong></span> <span class='ocrx_word' id='word_1_424' title='bbox 995 3345 1050 3390; x_wconf 93' lang='lat' dir='ltr'><strong>et</strong></span> <span class='ocrx_word' id='word_1_425' title='bbox 1093 3336 1380 3399; x_wconf 88' lang='lat' dir='ltr'><strong>currebat,</strong></span> <span class='ocrx_word' id='word_1_426' title='bbox 1412 3337 1538 3405; x_wconf 87' lang='lat' dir='ltr'><strong>quia</strong></span> <span class='ocrx_word' id='word_1_427' title='bbox 1587 3335 1844 3406; x_wconf 87' lang='lat' dir='ltr'><strong>quidquid</strong></span> <span class='ocrx_word' id='word_1_428' title='bbox 1879 3335 2129 3404; x_wconf 71' lang='lat' dir='ltr'><strong>nequitiae</strong></span> 
     </span>
    </p>
   </div>
   <div class='ocr_carea' id='block_1_65' title="bbox 549 3423 2127 3494">
    <p class='ocr_par' dir='ltr' id='par_1_65' title="bbox 549 3423 2127 3494">
     <span class='ocr_line' id='line_1_66' title="bbox 549 3423 2127 3494; baseline -0.001 -14"><span class='ocrx_word' id='word_1_429' title='bbox 549 3440 661 3480; x_wconf 68' lang='lat' dir='ltr'><strong>suae</strong></span> <span class='ocrx_word' id='word_1_430' title='bbox 693 3434 872 3480; x_wconf 90' lang='lat' dir='ltr'><strong>mente</strong></span> <span class='ocrx_word' id='word_1_431' title='bbox 901 3434 1223 3494; x_wconf 88' lang='lat' dir='ltr'><strong>conceperat</strong></span> <span class='ocrx_word' id='word_1_432' title='bbox 1243 3464 1258 3490; x_wconf 91' lang='lat'><strong>,</strong></span> <span class='ocrx_word' id='word_1_433' title='bbox 1289 3424 1579 3481; x_wconf 89' lang='lat' dir='ltr'><strong>ellicaciter</strong></span> <span class='ocrx_word' id='word_1_434' title='bbox 1619 3424 1962 3494; x_wconf 90' lang='lat' dir='ltr'><strong>adimplebat.</strong></span> <span class='ocrx_word' id='word_1_435' title='bbox 1992 3423 2127 3479; x_wconf 81' lang='lat' dir='ltr'><strong>Nam</strong></span> 
     </span>
    </p>
   </div>
   <div class='ocr_carea' id='block_1_66' title="bbox 552 3514 2129 3586">
    <p class='ocr_par' dir='ltr' id='par_1_66' title="bbox 552 3514 2129 3586">
     <span class='ocr_line' id='line_1_67' title="bbox 552 3514 2129 3586; baseline 0 -17"><span class='ocrx_word' id='word_1_436' title='bbox 552 3523 607 3569; x_wconf 91' lang='lat' dir='ltr'><strong>et</strong></span> <span class='ocrx_word' id='word_1_437' title='bbox 643 3523 834 3570; x_wconf 89' lang='lat' dir='ltr'><strong>cuncta</strong></span> <span class='ocrx_word' id='word_1_438' title='bbox 873 3515 983 3586; x_wconf 81' lang='lat' dir='ltr'><strong>jam</strong></span> <span class='ocrx_word' id='word_1_439' title='bbox 1029 3515 1329 3571; x_wconf 81' lang='lat' dir='ltr'><strong>Romanum</strong></span> <span class='ocrx_word' id='word_1_440' title='bbox 1372 3516 1668 3586; x_wconf 88' lang='lat' dir='ltr'><strong>occupabat</strong></span> <span class='ocrx_word' id='word_1_441' title='bbox 1716 3514 2037 3584; x_wconf 90' lang='lat' dir='ltr'><strong>imperium,</strong></span> <span class='ocrx_word' id='word_1_442' title='bbox 2073 3522 2129 3569; x_wconf 94' lang='lat' dir='ltr'><strong>et</strong></span> 
     </span>
    </p>
   </div>
   <div class='ocr_carea' id='block_1_67' title="bbox 549 3604 2125 3676">
    <p class='ocr_par' dir='ltr' id='par_1_67' title="bbox 549 3604 2125 3676">
     <span class='ocr_line' id='line_1_68' title="bbox 549 3604 2125 3676; baseline 0 -18"><span class='ocrx_word' id='word_1_443' title='bbox 549 3618 772 3659; x_wconf 83' lang='lat' dir='ltr'><strong>necesse</strong></span> <span class='ocrx_word' id='word_1_444' title='bbox 818 3613 935 3658; x_wconf 91' lang='lat' dir='ltr'><strong>erat</strong></span> <span class='ocrx_word' id='word_1_445' title='bbox 978 3619 1109 3671; x_wconf 90' lang='lat' dir='ltr'><strong>eos,</strong></span> <span class='ocrx_word' id='word_1_446' title='bbox 1167 3606 1259 3675; x_wconf 89' lang='lat' dir='ltr'><strong>qui</strong></span> <span class='ocrx_word' id='word_1_447' title='bbox 1304 3605 1476 3676; x_wconf 89' lang='lat' dir='ltr'><strong>legem</strong></span> <span class='ocrx_word' id='word_1_448' title='bbox 1521 3604 1616 3659; x_wconf 91' lang='lat' dir='ltr'><strong>Dei</strong></span> <span class='ocrx_word' id='word_1_449' title='bbox 1665 3613 1890 3660; x_wconf 90' lang='lat' dir='ltr'><strong>eatenus</strong></span> <span class='ocrx_word' id='word_1_450' title='bbox 1937 3605 2125 3659; x_wconf 88' lang='lat' dir='ltr'><strong>saltem</strong></span> 
     </span>
    </p>
   </div>
   <div class='ocr_carea' id='block_1_68' title="bbox 550 3695 2130 3766">
    <p class='ocr_par' dir='ltr' id='par_1_68' title="bbox 550 3695 2130 3766">
     <span class='ocr_line' id='line_1_69' title="bbox 550 3695 2130 3766; baseline 0 -17"><span class='ocrx_word' id='word_1_451' title='bbox 550 3704 823 3764; x_wconf 90' lang='lat' dir='ltr'><strong>utcunque</strong></span> <span class='ocrx_word' id='word_1_452' title='bbox 873 3705 1193 3759; x_wconf 87' lang='lat' dir='ltr'><strong>tenuerant,</strong></span> <span class='ocrx_word' id='word_1_453' title='bbox 1236 3695 1348 3765; x_wconf 85' lang='lat' dir='ltr'><strong>jam</strong></span> <span class='ocrx_word' id='word_1_454' title='bbox 1400 3696 1622 3752; x_wconf 89' lang='lat' dir='ltr'><strong>subesse</strong></span> <span class='ocrx_word' id='word_1_455' title='bbox 1652 3695 1860 3765; x_wconf 85' lang='lat' dir='ltr'><strong>legibus</strong></span> <span class='ocrx_word' id='word_1_456' title='bbox 1899 3710 2130 3766; x_wconf 84' lang='lat' dir='ltr'><strong>pagano-</strong></span> 
     </span>
    </p>
   </div>
   <div class='ocr_carea' id='block_1_69' title="bbox 551 3785 2129 3858">
    <p class='ocr_par' dir='ltr' id='par_1_69' title="bbox 551 3785 2129 3858">
     <span class='ocr_line' id='line_1_70' title="bbox 551 3785 2129 3858; baseline 0.002 -18"><span class='ocrx_word' id='word_1_457' title='bbox 551 3801 689 3840; x_wconf 90' lang='lat' dir='ltr'><strong>rum.</strong></span> <span class='ocrx_word' id='word_1_458' title='bbox 723 3785 834 3841; x_wconf 88' lang='lat' dir='ltr'><strong>Sub</strong></span> <span class='ocrx_word' id='word_1_459' title='bbox 866 3785 1027 3857; x_wconf 87' lang='lat' dir='ltr'><strong>igitur</strong></span> <span class='ocrx_word' id='word_1_460' title='bbox 1055 3789 1328 3858; x_wconf 90' lang='lat' dir='ltr'><strong>pereuntis</strong></span> <span class='ocrx_word' id='word_1_461' title='bbox 1354 3789 1536 3843; x_wconf 89' lang='lat' dir='ltr'><strong>mundi</strong></span> <span class='ocrx_word' id='word_1_462' title='bbox 1573 3788 1784 3844; x_wconf 86' lang='lat' dir='ltr'><strong>silentio</strong></span> <span class='ocrx_word' id='word_1_463' title='bbox 1819 3803 2000 3842; x_wconf 90' lang='lat' dir='ltr'><strong>sermo</strong></span> <span class='ocrx_word' id='word_1_464' title='bbox 2023 3789 2129 3843; x_wconf 92' lang='lat' dir='ltr'><strong>Do-</strong></span> 
     </span>
    </p>
   </div>
   <div class='ocr_carea' id='block_1_70' title="bbox 548 3877 2127 3949">
    <p class='ocr_par' dir='ltr' id='par_1_70' title="bbox 548 3877 2127 3949">
     <span class='ocr_line' id='line_1_71' title="bbox 548 3877 2127 3949; baseline 0.001 -18"><span class='ocrx_word' id='word_1_465' title='bbox 548 3877 679 3931; x_wconf 90' lang='lat' dir='ltr'><strong>mini</strong></span> <span class='ocrx_word' id='word_1_466' title='bbox 706 3893 733 3931; x_wconf 89' lang='lat' dir='ltr'><strong>a</strong></span> <span class='ocrx_word' id='word_1_467' title='bbox 765 3877 925 3948; x_wconf 74' lang='lat'><strong>215</strong></span> <span class='ocrx_word' id='word_1_468' title='bbox 946 3878 1212 3949; x_wconf 82' lang='lat' dir='ltr'><strong>regalibus</strong></span> <span class='ocrx_word' id='word_1_469' title='bbox 1243 3879 1461 3934; x_wconf 86' lang='lat' dir='ltr'><strong>sedibus</strong></span> <span class='ocrx_word' id='word_1_470' title='bbox 1491 3879 1674 3943; x_wconf 90' lang='lat' dir='ltr'><strong>venit,</strong></span> <span class='ocrx_word' id='word_1_471' title='bbox 1697 3880 1820 3949; x_wconf 88' lang='lat' dir='ltr'><strong>quia</strong></span> <span class='ocrx_word' id='word_1_472' title='bbox 1844 3878 1911 3932; x_wconf 89' lang='lat' dir='ltr'><strong>de</strong></span> <span class='ocrx_word' id='word_1_473' title='bbox 1945 3887 2127 3947; x_wconf 84' lang='lat' dir='ltr'><strong>pecto-</strong></span> 
     </span>
    </p>
   </div>
   <div class='ocr_carea' id='block_1_71' title="bbox 549 3968 2127 4041">
    <p class='ocr_par' dir='ltr' id='par_1_71' title="bbox 549 3968 2127 4041">
     <span class='ocr_line' id='line_1_72' title="bbox 549 3968 2127 4041; baseline 0.004 -22"><span class='ocrx_word' id='word_1_474' title='bbox 549 3968 702 4022; x_wconf 89' lang='lat' dir='ltr'><strong>ribus</strong></span> <span class='ocrx_word' id='word_1_475' title='bbox 730 3968 1060 4037; x_wconf 79' lang='lat' dir='ltr'><strong>apostolicis,</strong></span> <span class='ocrx_word' id='word_1_476' title='bbox 1086 3984 1206 4038; x_wconf 74' lang='lat' dir='ltr'><strong>qua:</strong></span> <span class='ocrx_word' id='word_1_477' title='bbox 1256 3970 1400 4041; x_wconf 86' lang='lat' dir='ltr'><strong>regis</strong></span> <span class='ocrx_word' id='word_1_478' title='bbox 1446 3970 1636 4025; x_wconf 78' lang='lat' dir='ltr'><strong>:eterni</strong></span> <span class='ocrx_word' id='word_1_479' title='bbox 1673 3969 1941 4025; x_wconf 85' lang='lat' dir='ltr'><strong>veraciter</strong></span> <span class='ocrx_word' id='word_1_480' title='bbox 1969 3968 2127 4025; x_wconf 88' lang='lat' dir='ltr'><strong>sedes</strong></span> 
     </span>
    </p>
   </div>
   <div class='ocr_carea' id='block_1_72' title="bbox 524 4059 2125 4131">
    <p class='ocr_par' dir='ltr' id='par_1_72' title="bbox 524 4059 2125 4131">
     <span class='ocr_line' id='line_1_73' title="bbox 524 4059 2125 4131; baseline 0.004 -22"><span class='ocrx_word' id='word_1_481' title='bbox 524 4064 527 4067; x_wconf 73' lang='grc'><em>’</em></span> <span class='ocrx_word' id='word_1_482' title='bbox 553 4065 670 4109; x_wconf 85' lang='lat' dir='ltr'><strong>sunt</strong></span> <span class='ocrx_word' id='word_1_483' title='bbox 698 4097 711 4121; x_wconf 92' lang='lat'><strong>,</strong></span> <span class='ocrx_word' id='word_1_484' title='bbox 747 4059 964 4113; x_wconf 87' lang='lat' dir='ltr'><strong>verbum</strong></span> <span class='ocrx_word' id='word_1_485' title='bbox 1001 4060 1322 4129; x_wconf 64' lang='lat' dir='ltr'><strong>evangelica)</strong></span> <span class='ocrx_word' id='word_1_486' title='bbox 1355 4061 1756 4129; x_wconf 70' lang='lat' dir='ltr'><strong>praedicationis</strong></span> <span class='ocrx_word' id='word_1_487' title='bbox 1784 4061 1984 4130; x_wconf 89' lang='lat' dir='ltr'><strong>erupit.</strong></span> <span class='ocrx_word' id='word_1_488' title='bbox 2016 4059 2125 4131; x_wconf 91' lang='lat' dir='ltr'><strong>Ipsi</strong></span> 
     </span>
    </p>
   </div>
   <div class='ocr_carea' id='block_1_73' title="bbox 553 4147 2124 4221">
    <p class='ocr_par' dir='ltr' id='par_1_73' title="bbox 553 4147 2124 4221">
     <span class='ocr_line' id='line_1_74' title="bbox 553 4147 2124 4221; baseline 0.006 -25"><span class='ocrx_word' id='word_1_489' title='bbox 553 4147 748 4215; x_wconf 81' lang='lat' dir='ltr'><strong>quippe</strong></span> <span class='ocrx_word' id='word_1_490' title='bbox 792 4149 997 4216; x_wconf 81' lang='lat' dir='ltr'><strong>regales</strong></span> <span class='ocrx_word' id='word_1_491' title='bbox 1044 4159 1169 4204; x_wconf 91' lang='lat' dir='ltr'><strong>sunt</strong></span> <span class='ocrx_word' id='word_1_492' title='bbox 1210 4151 1402 4216; x_wconf 89' lang='lat' dir='ltr'><strong>sedes,</strong></span> <span class='ocrx_word' id='word_1_493' title='bbox 1450 4167 1584 4221; x_wconf 87' lang='lat' dir='ltr'><strong>quas</strong></span> <span class='ocrx_word' id='word_1_494' title='bbox 1632 4153 1774 4207; x_wconf 87' lang='lat' dir='ltr'><strong>Deus</strong></span> <span class='ocrx_word' id='word_1_495' title='bbox 1821 4152 2124 4221; x_wconf 77' lang='lat' dir='ltr'><strong>inhabitat“,</strong></span> 
     </span>
    </p>
   </div>
   <div class='ocr_carea' id='block_1_74' title="bbox 552 4239 2125 4309">
    <p class='ocr_par' dir='ltr' id='par_1_74' title="bbox 552 4239 2125 4309">
     <span class='ocr_line' id='line_1_75' title="bbox 552 4239 2125 4309; baseline 0.004 -17"><span class='ocrx_word' id='word_1_496' title='bbox 552 4239 653 4307; x_wconf 85' lang='lat' dir='ltr'><strong>ipsi</strong></span> <span class='ocrx_word' id='word_1_497' title='bbox 684 4255 865 4309; x_wconf 81' lang='lat' dir='ltr'><strong>reges,</strong></span> <span class='ocrx_word' id='word_1_498' title='bbox 894 4249 947 4293; x_wconf 89' lang='lat' dir='ltr'><strong>et</strong></span> <span class='ocrx_word' id='word_1_499' title='bbox 973 4239 1161 4296; x_wconf 83' lang='lat' dir='ltr'><strong>Patres</strong></span> <span class='ocrx_word' id='word_1_500' title='bbox 1188 4241 1472 4304; x_wconf 73' lang='lat' dir='ltr'><strong>Ecclesim,</strong></span> <span class='ocrx_word' id='word_1_501' title='bbox 1502 4242 1643 4296; x_wconf 88' lang='lat' dir='ltr'><strong>sicut</strong></span> <span class='ocrx_word' id='word_1_502' title='bbox 1663 4243 1860 4297; x_wconf 78' lang='lat' dir='ltr'><strong>dicitur</strong></span> <span class='ocrx_word' id='word_1_503' title='bbox 1892 4261 1905 4297; x_wconf 91' lang='lat'><strong>:</strong></span> <span class='ocrx_word' id='word_1_504' title='bbox 1941 4263 1958 4295; x_wconf 78' lang='grc' dir='ltr'>ί</span> <span class='ocrx_word' id='word_1_505' title='bbox 1994 4244 2125 4299; x_wconf 88' lang='lat' dir='ltr'><strong>Om-</strong></span> 
     </span>
    </p>
   </div>
   <div class='ocr_carea' id='block_1_75' title="bbox 552 4326 2120 4403">
    <p class='ocr_par' dir='ltr' id='par_1_75' title="bbox 552 4326 2120 4403">
     <span class='ocr_line' id='line_1_76' title="bbox 552 4326 2120 4403; baseline 0.001 -21"><span class='ocrx_word' id='word_1_506' title='bbox 552 4330 637 4383; x_wconf 89' lang='lat' dir='ltr'><strong>nis</strong></span> <span class='ocrx_word' id='word_1_507' title='bbox 684 4329 850 4399; x_wconf 82' lang='lat' dir='ltr'><strong>glorin</strong></span> <span class='ocrx_word' id='word_1_508' title='bbox 897 4326 1014 4397; x_wconf 74' lang='lat' dir='ltr'><strong>ejus</strong></span> <span class='ocrx_word' id='word_1_509' title='bbox 1059 4329 1180 4383; x_wconf 69' lang='lat' dir='ltr'><strong>ﬁlite</strong></span> <span class='ocrx_word' id='word_1_510' title='bbox 1212 4334 1395 4399; x_wconf 78' lang='lat' dir='ltr'><strong>regum</strong></span> <span class='ocrx_word' id='word_1_511' title='bbox 1444 4329 1513 4383; x_wconf 91' lang='lat' dir='ltr'><strong>ab</strong></span> <span class='ocrx_word' id='word_1_512' title='bbox 1539 4329 1681 4383; x_wconf 90' lang='lat' dir='ltr'><strong>intus</strong></span> <span class='ocrx_word' id='word_1_513' title='bbox 1707 4328 1877 4399; x_wconf 66' lang='lat' dir='ltr'><strong>(Paul.</strong></span> <span class='ocrx_word' id='word_1_514' title='bbox 1908 4337 2071 4403; x_wconf 80' lang='lat' dir='ltr'><strong>xuv).</strong></span> <span class='ocrx_word' id='word_1_515' title='bbox 2102 4352 2120 4384; x_wconf 75' lang='grc' dir='ltr'><strong>ι</strong></span> 
     </span>
    </p>
   </div>
   <div class='ocr_carea' id='block_1_76' title="bbox 552 4418 2126 4491">
    <p class='ocr_par' dir='ltr' id='par_1_76' title="bbox 552 4418 2126 4491">
     <span class='ocr_line' id='line_1_77' title="bbox 552 4418 2126 4491; baseline 0.003 -18"><span class='ocrx_word' id='word_1_516' title='bbox 552 4419 641 4474; x_wconf 82' lang='lat' dir='ltr'><strong>Isti</strong></span> <span class='ocrx_word' id='word_1_517' title='bbox 697 4435 828 4475; x_wconf 88' lang='lat' dir='ltr'><strong>sane</strong></span> <span class='ocrx_word' id='word_1_518' title='bbox 881 4435 1035 4491; x_wconf 80' lang='lat' dir='ltr'><strong>reges</strong></span> <span class='ocrx_word' id='word_1_519' title='bbox 1081 4421 1273 4474; x_wconf 90' lang='lat' dir='ltr'><strong>armati</strong></span> <span class='ocrx_word' id='word_1_520' title='bbox 1323 4418 1500 4490; x_wconf 86' lang='lat' dir='ltr'><strong>gladio</strong></span> <span class='ocrx_word' id='word_1_521' title='bbox 1552 4421 1801 4489; x_wconf 85' lang='lat' dir='ltr'><strong>spiritus,</strong></span> <span class='ocrx_word' id='word_1_522' title='bbox 1853 4424 1994 4490; x_wconf 91' lang='lat' dir='ltr'><strong>quod</strong></span> <span class='ocrx_word' id='word_1_523' title='bbox 2044 4432 2126 4478; x_wconf 83' lang='lat' dir='ltr'><strong>est</strong></span> 
     </span>
    </p>
   </div>
   <div class='ocr_carea' id='block_1_77' title="bbox 554 4500 2123 4581">
    <p class='ocr_par' dir='ltr' id='par_1_77' title="bbox 554 4500 2123 4581">
     <span class='ocr_line' id='line_1_78' title="bbox 554 4500 2123 4581; baseline 0.003 -19"><span class='ocrx_word' id='word_1_524' title='bbox 554 4512 774 4565; x_wconf 86' lang='lat' dir='ltr'><strong>verbum</strong></span> <span class='ocrx_word' id='word_1_525' title='bbox 793 4511 882 4565; x_wconf 91' lang='lat' dir='ltr'><strong>Dei</strong></span> <span class='ocrx_word' id='word_1_526' title='bbox 903 4508 1113 4581; x_wconf 75' lang='lat' dir='ltr'><strong>(Ep/tea.</strong></span> <span class='ocrx_word' id='word_1_527' title='bbox 1131 4511 1227 4579; x_wconf 78' lang='lat' dir='ltr'><strong>vr),</strong></span> <span class='ocrx_word' id='word_1_528' title='bbox 1242 4500 1585 4564; x_wconf 74' lang='lat' dir='ltr'><strong>debellat-unt</strong></span> <span class='ocrx_word' id='word_1_529' title='bbox 1600 4510 1894 4580; x_wconf 88' lang='lat' dir='ltr'><strong>principem</strong></span> <span class='ocrx_word' id='word_1_530' title='bbox 1919 4514 2123 4567; x_wconf 86' lang='lat' dir='ltr'><strong>mundi.</strong></span> 
     </span>
    </p>
   </div>
   <div class='ocr_carea' id='block_1_78' title="bbox 524 4602 2123 4674">
    <p class='ocr_par' dir='ltr' id='par_1_78' title="bbox 524 4602 2123 4674">
     <span class='ocr_line' id='line_1_79' title="bbox 524 4602 2123 4674; baseline 0.001 -17"><span class='ocrx_word' id='word_1_531' title='bbox 524 4603 629 4657; x_wconf 75' lang='lat' dir='ltr'><strong>De</strong></span> <span class='ocrx_word' id='word_1_532' title='bbox 655 4617 763 4672; x_wconf 91' lang='lat' dir='ltr'><strong>quo</strong></span> <span class='ocrx_word' id='word_1_533' title='bbox 790 4602 1040 4657; x_wconf 88' lang='lat' dir='ltr'><strong>nimirum</strong></span> <span class='ocrx_word' id='word_1_534' title='bbox 1072 4603 1432 4673; x_wconf 87' lang='lat' dir='ltr'><strong>apostolorum</strong></span> <span class='ocrx_word' id='word_1_535' title='bbox 1463 4604 1640 4671; x_wconf 86' lang='lat' dir='ltr'><strong>gladio</strong></span> <span class='ocrx_word' id='word_1_536' title='bbox 1677 4603 1871 4674; x_wconf 89' lang='lat' dir='ltr'><strong>legitur</strong></span> <span class='ocrx_word' id='word_1_537' title='bbox 1903 4619 1918 4658; x_wconf 91' lang='lat'><strong>:</strong></span> <span class='ocrx_word' id='word_1_538' title='bbox 1957 4623 1974 4656; x_wconf 71' lang='grc' dir='ltr'>ι</span> <span class='ocrx_word' id='word_1_539' title='bbox 2011 4605 2123 4659; x_wconf 65' lang='lat' dir='ltr'><strong>Du-o</strong></span> 
     </span>
    </p>
   </div>
   <div class='ocr_carea' id='block_1_79' title="bbox 554 4690 2123 4764">
    <p class='ocr_par' dir='ltr' id='par_1_79' title="bbox 554 4690 2123 4764">
     <span class='ocr_line' id='line_1_80' title="bbox 554 4690 2123 4764; baseline 0.002 -19"><span class='ocrx_word' id='word_1_540' title='bbox 554 4707 646 4746; x_wconf 88' lang='lat' dir='ltr'><strong>rus</strong></span> <span class='ocrx_word' id='word_1_541' title='bbox 683 4690 978 4746; x_wconf 85' lang='lat' dir='ltr'><strong>debellator</strong></span> <span class='ocrx_word' id='word_1_542' title='bbox 1024 4691 1080 4746; x_wconf 89' lang='lat' dir='ltr'><strong>in</strong></span> <span class='ocrx_word' id='word_1_543' title='bbox 1125 4693 1354 4747; x_wconf 85' lang='lat' dir='ltr'><strong>mediam</strong></span> <span class='ocrx_word' id='word_1_544' title='bbox 1404 4693 1713 4748; x_wconf 85' lang='lat' dir='ltr'><strong>exterminii</strong></span> <span class='ocrx_word' id='word_1_545' title='bbox 1763 4702 1967 4748; x_wconf 89' lang='lat' dir='ltr'><strong>terram</strong></span> <span class='ocrx_word' id='word_1_546' title='bbox 1998 4709 2123 4764; x_wconf 58' lang='lat' dir='ltr'><strong>pro-</strong></span> 
     </span>
    </p>
   </div>
   <div class='ocr_carea' id='block_1_80' title="bbox 550 4779 2120 4851">
    <p class='ocr_par' dir='ltr' id='par_1_80' title="bbox 550 4779 2120 4851">
     <span class='ocr_line' id='line_1_81' title="bbox 550 4779 2120 4851; baseline 0.003 -17"><span class='ocrx_word' id='word_1_547' title='bbox 550 4780 744 4844; x_wconf 88' lang='lat' dir='ltr'><strong>silivit,</strong></span> <span class='ocrx_word' id='word_1_548' title='bbox 776 4779 983 4850; x_wconf 79' lang='lat' dir='ltr'><strong>gladius</strong></span> <span class='ocrx_word' id='word_1_549' title='bbox 1025 4789 1216 4835; x_wconf 88' lang='lat' dir='ltr'><strong>acutus</strong></span> <span class='ocrx_word' id='word_1_550' title='bbox 1243 4780 1608 4835; x_wconf 77' lang='lat' dir='ltr'><strong>insimulatum</strong></span> <span class='ocrx_word' id='word_1_551' title='bbox 1655 4781 1939 4851; x_wconf 83' lang='lat' dir='ltr'><strong>imperium</strong></span> <span class='ocrx_word' id='word_1_552' title='bbox 1969 4784 2120 4838; x_wconf 87' lang='lat' dir='ltr'><strong>tuum</strong></span> 
     </span>
    </p>
   </div>
   <div class='ocr_carea' id='block_1_81' title="bbox 551 4868 2119 4943">
    <p class='ocr_par' dir='ltr' id='par_1_81' title="bbox 551 4868 2119 4943">
     <span class='ocr_line' id='line_1_82' title="bbox 551 4868 2119 4943; baseline 0.006 -24"><span class='ocrx_word' id='word_1_553' title='bbox 551 4877 790 4936; x_wconf 86' lang='lat' dir='ltr'><strong>portans,</strong></span> <span class='ocrx_word' id='word_1_554' title='bbox 818 4875 873 4922; x_wconf 91' lang='lat' dir='ltr'><strong>et</strong></span> <span class='ocrx_word' id='word_1_555' title='bbox 916 4878 1065 4921; x_wconf 88' lang='lat' dir='ltr'><strong>stans</strong></span> <span class='ocrx_word' id='word_1_556' title='bbox 1105 4868 1328 4937; x_wconf 89' lang='lat' dir='ltr'><strong>replevit</strong></span> <span class='ocrx_word' id='word_1_557' title='bbox 1371 4869 1555 4922; x_wconf 79' lang='lat' dir='ltr'><strong>omnia</strong></span> <span class='ocrx_word' id='word_1_558' title='bbox 1604 4878 1778 4923; x_wconf 89' lang='lat' dir='ltr'><strong>morte</strong></span> <span class='ocrx_word' id='word_1_559' title='bbox 1804 4910 1818 4936; x_wconf 96' lang='lat'><strong>,</strong></span> <span class='ocrx_word' id='word_1_560' title='bbox 1865 4880 1919 4926; x_wconf 91' lang='lat' dir='ltr'><strong>et</strong></span> <span class='ocrx_word' id='word_1_561' title='bbox 1950 4888 2119 4943; x_wconf 89' lang='lat' dir='ltr'><strong>usque</strong></span> 
     </span>
    </p>
   </div>
   <div class='ocr_carea' id='block_1_82' title="bbox 549 4958 2112 5033">
    <p class='ocr_par' dir='ltr' id='par_1_82' title="bbox 549 4958 2112 5033">
     <span class='ocr_line' id='line_1_83' title="bbox 549 4958 2112 5033; baseline 0.002 -21"><span class='ocrx_word' id='word_1_562' title='bbox 549 4958 616 5012; x_wconf 86' lang='lat' dir='ltr'><strong>ad</strong></span> <span class='ocrx_word' id='word_1_563' title='bbox 653 4959 851 5013; x_wconf 61' lang='lat' dir='ltr'><strong>caelum</strong></span> <span class='ocrx_word' id='word_1_564' title='bbox 899 4958 1196 5029; x_wconf 80' lang='lat' dir='ltr'><strong>attingebat</strong></span> <span class='ocrx_word' id='word_1_565' title='bbox 1228 4968 1378 5014; x_wconf 88' lang='lat' dir='ltr'><strong>stans</strong></span> <span class='ocrx_word' id='word_1_566' title='bbox 1412 4959 1466 5013; x_wconf 92' lang='lat' dir='ltr'><strong>in</strong></span> <span class='ocrx_word' id='word_1_567' title='bbox 1506 4968 1653 5014; x_wconf 91' lang='lat' dir='ltr'><strong>terra</strong></span> <span class='ocrx_word' id='word_1_568' title='bbox 1692 4958 1844 5029; x_wconf 83' lang='lat' dir='ltr'><strong>(Sap.</strong></span> <span class='ocrx_word' id='word_1_569' title='bbox 1880 4976 2056 5033; x_wconf 70' lang='lat' dir='ltr'><strong>nun).</strong></span> <span class='ocrx_word' id='word_1_570' title='bbox 2094 4981 2112 5015; x_wconf 78' lang='grc' dir='ltr'><strong><em>ι</em></strong></span> 
     </span>
    </p>
   </div>
   <div class='ocr_carea' id='block_1_83' title="bbox 2234 3239 3817 3307">
    <p class='ocr_par' dir='ltr' id='par_1_83' title="bbox 2234 3239 3817 3307">
     <span class='ocr_line' id='line_1_84' title="bbox 2234 3239 3817 3307; baseline -0.009 0"><span class='ocrx_word' id='word_1_571' title='bbox 2234 3266 2360 3307; x_wconf 87' lang='lat' dir='ltr'><strong>cere</strong></span> <span class='ocrx_word' id='word_1_572' title='bbox 2401 3249 2680 3305; x_wconf 82' lang='lat' dir='ltr'><strong>beneﬁciis</strong></span> <span class='ocrx_word' id='word_1_573' title='bbox 2716 3263 2822 3302; x_wconf 89' lang='lat' dir='ltr'><strong>non</strong></span> <span class='ocrx_word' id='word_1_574' title='bbox 2857 3246 3089 3301; x_wconf 86' lang='lat' dir='ltr'><strong>valebat.</strong></span> <span class='ocrx_word' id='word_1_575' title='bbox 3133 3245 3301 3299; x_wconf 80' lang='lat' dir='ltr'><strong>Adest</strong></span> <span class='ocrx_word' id='word_1_576' title='bbox 3340 3243 3429 3297; x_wconf 88' lang='lat' dir='ltr'><strong>illa</strong></span> <span class='ocrx_word' id='word_1_577' title='bbox 3470 3242 3708 3297; x_wconf 82' lang='lat' dir='ltr'><strong>maxima</strong></span> <span class='ocrx_word' id='word_1_578' title='bbox 3741 3239 3817 3293; x_wconf 80' lang='lat' dir='ltr'><strong>fe-</strong></span> 
     </span>
    </p>
   </div>
   <div class='ocr_carea' id='block_1_84' title="bbox 2229 3331 3813 3410">
    <p class='ocr_par' dir='ltr' id='par_1_84' title="bbox 2229 3331 3813 3410">
     <span class='ocr_line' id='line_1_85' title="bbox 2229 3331 3813 3410; baseline -0.008 -14"><span class='ocrx_word' id='word_1_579' title='bbox 2229 3342 2377 3401; x_wconf 85' lang='lat' dir='ltr'><strong>bris,</strong></span> <span class='ocrx_word' id='word_1_580' title='bbox 2424 3355 2583 3410; x_wconf 90' lang='lat' dir='ltr'><strong>quam</strong></span> <span class='ocrx_word' id='word_1_581' title='bbox 2613 3346 2825 3394; x_wconf 88' lang='lat' dir='ltr'><strong>acutam</strong></span> <span class='ocrx_word' id='word_1_582' title='bbox 2871 3336 3078 3409; x_wconf 86' lang='lat' dir='ltr'><strong>physici</strong></span> <span class='ocrx_word' id='word_1_583' title='bbox 3130 3335 3441 3397; x_wconf 88' lang='lat' dir='ltr'><strong>nominant,</strong></span> <span class='ocrx_word' id='word_1_584' title='bbox 3472 3342 3529 3387; x_wconf 91' lang='lat' dir='ltr'><strong>et</strong></span> <span class='ocrx_word' id='word_1_585' title='bbox 3556 3331 3813 3388; x_wconf 82' lang='lat' dir='ltr'><strong>membris</strong></span> 
     </span>
    </p>
   </div>
   <div class='ocr_carea' id='block_1_85' title="bbox 2227 3422 3812 3502">
    <p class='ocr_par' dir='ltr' id='par_1_85' title="bbox 2227 3422 3812 3502">
     <span class='ocr_line' id='line_1_86' title="bbox 2227 3422 3812 3502; baseline -0.009 -14"><span class='ocrx_word' id='word_1_586' title='bbox 2227 3433 2478 3488; x_wconf 90' lang='lat' dir='ltr'><strong>omnibus</strong></span> <span class='ocrx_word' id='word_1_587' title='bbox 2516 3430 2784 3502; x_wconf 83' lang='lat' dir='ltr'><strong>profusius</strong></span> <span class='ocrx_word' id='word_1_588' title='bbox 2834 3427 3115 3498; x_wconf 82' lang='lat' dir='ltr'><strong>superfusa</strong></span> <span class='ocrx_word' id='word_1_589' title='bbox 3164 3428 3327 3498; x_wconf 76' lang='lat'><strong>216</strong></span> <span class='ocrx_word' id='word_1_590' title='bbox 3363 3422 3659 3480; x_wconf 83' lang='lat' dir='ltr'><strong>miserabili</strong></span> <span class='ocrx_word' id='word_1_591' title='bbox 3691 3437 3812 3477; x_wconf 78' lang='lat' dir='ltr'><strong>enr-</strong></span> 
     </span>
    </p>
   </div>
   <div class='ocr_carea' id='block_1_86' title="bbox 2226 3510 3810 3594">
    <p class='ocr_par' dir='ltr' id='par_1_86' title="bbox 2226 3510 3810 3594">
     <span class='ocr_line' id='line_1_87' title="bbox 2226 3510 3810 3594; baseline -0.011 -16"><span class='ocrx_word' id='word_1_592' title='bbox 2226 3523 2342 3594; x_wconf 90' lang='lat' dir='ltr'><strong>pori</strong></span> <span class='ocrx_word' id='word_1_593' title='bbox 2376 3522 2591 3577; x_wconf 85' lang='lat' dir='ltr'><strong>insedit.</strong></span> <span class='ocrx_word' id='word_1_594' title='bbox 2645 3520 3015 3592; x_wconf 74' lang='lat' dir='ltr'><strong>Exaggeratur</strong></span> <span class='ocrx_word' id='word_1_595' title='bbox 3064 3517 3241 3582; x_wconf 83' lang='lat' dir='ltr'><strong>calor,</strong></span> <span class='ocrx_word' id='word_1_596' title='bbox 3275 3524 3328 3571; x_wconf 92' lang='lat' dir='ltr'><strong>et</strong></span> <span class='ocrx_word' id='word_1_597' title='bbox 3372 3515 3425 3569; x_wconf 93' lang='lat' dir='ltr'><strong>in</strong></span> <span class='ocrx_word' id='word_1_598' title='bbox 3476 3513 3648 3583; x_wconf 88' lang='lat' dir='ltr'><strong>ipsam</strong></span> <span class='ocrx_word' id='word_1_599' title='bbox 3699 3510 3810 3565; x_wconf 83' lang='lat' dir='ltr'><strong>ani-</strong></span> 
     </span>
    </p>
   </div>
   <div class='ocr_carea' id='block_1_87' title="bbox 2228 3601 3813 3684">
    <p class='ocr_par' dir='ltr' id='par_1_87' title="bbox 2228 3601 3813 3684">
     <span class='ocr_line' id='line_1_88' title="bbox 2228 3601 3813 3684; baseline -0.009 -14"><span class='ocrx_word' id='word_1_600' title='bbox 2228 3631 2330 3671; x_wconf 62' lang='lat' dir='ltr'><strong>mae</strong></span> <span class='ocrx_word' id='word_1_601' title='bbox 2382 3616 2564 3669; x_wconf 85' lang='lat' dir='ltr'><strong>sedem</strong></span> <span class='ocrx_word' id='word_1_602' title='bbox 2618 3613 2758 3684; x_wconf 85' lang='lat' dir='ltr'><strong>ignis</strong></span> <span class='ocrx_word' id='word_1_603' title='bbox 2813 3610 3053 3666; x_wconf 78' lang='lat' dir='ltr'><strong>furiosus</strong></span> <span class='ocrx_word' id='word_1_604' title='bbox 3102 3608 3374 3678; x_wconf 87' lang='lat' dir='ltr'><strong>irrumpit.</strong></span> <span class='ocrx_word' id='word_1_605' title='bbox 3420 3605 3540 3660; x_wconf 77' lang='lat' dir='ltr'><strong>Jam</strong></span> <span class='ocrx_word' id='word_1_606' title='bbox 3588 3601 3813 3659; x_wconf 77' lang='lat' dir='ltr'><strong>ﬂammis</strong></span> 
     </span>
    </p>
   </div>
   <div class='ocr_carea' id='block_1_88' title="bbox 2224 3685 3810 3774">
    <p class='ocr_par' dir='ltr' id='par_1_88' title="bbox 2224 3685 3810 3774">
     <span class='ocr_line' id='line_1_89' title="bbox 2224 3685 3810 3774; baseline -0.009 -15"><span class='ocrx_word' id='word_1_607' title='bbox 2224 3685 2507 3759; x_wconf 56' lang='lat' dir='ltr'><strong>ultricibus</strong></span> <span class='ocrx_word' id='word_1_608' title='bbox 2538 3701 2809 3774; x_wconf 88' lang='lat' dir='ltr'><strong>peccantis</strong></span> <span class='ocrx_word' id='word_1_609' title='bbox 2827 3699 3129 3756; x_wconf 82' lang='lat' dir='ltr'><strong>substantia</strong></span> <span class='ocrx_word' id='word_1_610' title='bbox 3158 3697 3546 3768; x_wconf 83' lang='lat' dir='ltr'><strong>conﬂagratnr,</strong></span> <span class='ocrx_word' id='word_1_611' title='bbox 3573 3702 3629 3748; x_wconf 90' lang='lat' dir='ltr'><strong>et</strong></span> <span class='ocrx_word' id='word_1_612' title='bbox 3656 3703 3810 3747; x_wconf 86' lang='lat' dir='ltr'><strong>aeter-</strong></span> 
     </span>
    </p>
   </div>
   <div class='ocr_carea' id='block_1_89' title="bbox 2226 3781 3810 3863">
    <p class='ocr_par' dir='ltr' id='par_1_89' title="bbox 2226 3781 3810 3863">
     <span class='ocr_line' id='line_1_90' title="bbox 2226 3781 3810 3863; baseline -0.009 -14"><span class='ocrx_word' id='word_1_613' title='bbox 2226 3794 2425 3849; x_wconf 87' lang='lat' dir='ltr'><strong>nalinm</strong></span> <span class='ocrx_word' id='word_1_614' title='bbox 2456 3794 2621 3849; x_wconf 91' lang='lat' dir='ltr'><strong>sentit</strong></span> <span class='ocrx_word' id='word_1_615' title='bbox 2647 3791 2902 3863; x_wconf 74' lang='lat' dir='ltr'><strong>przeludia</strong></span> <span class='ocrx_word' id='word_1_616' title='bbox 2930 3799 3339 3847; x_wconf 90' lang='lat' dir='ltr'><strong>tormentorum.</strong></span> <span class='ocrx_word' id='word_1_617' title='bbox 3372 3784 3687 3855; x_wconf 85' lang='lat' dir='ltr'><strong>Intelligens</strong></span> <span class='ocrx_word' id='word_1_618' title='bbox 3715 3781 3810 3851; x_wconf 77' lang='lat' dir='ltr'><strong>igi-</strong></span> 
     </span>
    </p>
   </div>
   <div class='ocr_carea' id='block_1_90' title="bbox 2232 3876 3811 3955">
    <p class='ocr_par' dir='ltr' id='par_1_90' title="bbox 2232 3876 3811 3955">
     <span class='ocr_line' id='line_1_91' title="bbox 2232 3876 3811 3955; baseline -0.006 -15"><span class='ocrx_word' id='word_1_619' title='bbox 2232 3895 2321 3953; x_wconf 81' lang='lat' dir='ltr'><strong>tur</strong></span> <span class='ocrx_word' id='word_1_620' title='bbox 2345 3885 2470 3955; x_wconf 87' lang='lat' dir='ltr'><strong>quia</strong></span> <span class='ocrx_word' id='word_1_621' title='bbox 2506 3905 2524 3937; x_wconf 73' lang='grc' dir='ltr'><strong><em>ι</em></strong></span> <span class='ocrx_word' id='word_1_622' title='bbox 2551 3884 2881 3940; x_wconf 90' lang='lat' dir='ltr'><strong>horrendum</strong></span> <span class='ocrx_word' id='word_1_623' title='bbox 2912 3891 2995 3938; x_wconf 91' lang='lat' dir='ltr'><strong>est</strong></span> <span class='ocrx_word' id='word_1_624' title='bbox 3038 3881 3280 3936; x_wconf 89' lang='lat' dir='ltr'><strong>incidere</strong></span> <span class='ocrx_word' id='word_1_625' title='bbox 3313 3878 3366 3933; x_wconf 84' lang='lat' dir='ltr'><strong>in</strong></span> <span class='ocrx_word' id='word_1_626' title='bbox 3393 3893 3589 3932; x_wconf 87' lang='lat' dir='ltr'><strong>manus</strong></span> <span class='ocrx_word' id='word_1_627' title='bbox 3614 3876 3712 3932; x_wconf 89' lang='lat' dir='ltr'><strong>Dei</strong></span> <span class='ocrx_word' id='word_1_628' title='bbox 3738 3876 3811 3930; x_wconf 54' lang='lat' dir='ltr'><strong>vi.</strong></span> 
     </span>
    </p>
   </div>
   <div class='ocr_carea' id='block_1_91' title="bbox 2224 3968 3811 4046">
    <p class='ocr_par' dir='ltr' id='par_1_91' title="bbox 2224 3968 3811 4046">
     <span class='ocr_line' id='line_1_92' title="bbox 2224 3968 3811 4046; baseline -0.008 -15"><span class='ocrx_word' id='word_1_629' title='bbox 2224 3976 2405 4031; x_wconf 83' lang='lat' dir='ltr'><strong>ventis</strong></span> <span class='ocrx_word' id='word_1_630' title='bbox 2435 3973 2621 4046; x_wconf 81' lang='lat' dir='ltr'><strong>(Hebr.</strong></span> <span class='ocrx_word' id='word_1_631' title='bbox 2650 3973 2737 4045; x_wconf 83' lang='lat' dir='ltr'><strong>x),</strong></span> <span class='ocrx_word' id='word_1_632' title='bbox 2776 3992 2795 4026; x_wconf 77' lang='grc' dir='ltr'>ι</span> <span class='ocrx_word' id='word_1_633' title='bbox 2828 3971 3280 4043; x_wconf 86' lang='lat' dir='ltr'><strong>multiplicitatem</strong></span> <span class='ocrx_word' id='word_1_634' title='bbox 3330 3968 3640 4024; x_wconf 75' lang='lat' dir='ltr'><strong>facinorum</strong></span> <span class='ocrx_word' id='word_1_635' title='bbox 3670 3980 3811 4021; x_wconf 76' lang='lat' dir='ltr'><strong>meo-</strong></span> 
     </span>
    </p>
   </div>
   <div class='ocr_carea' id='block_1_92' title="bbox 2227 4061 3805 4137">
    <p class='ocr_par' dir='ltr' id='par_1_92' title="bbox 2227 4061 3805 4137">
     <span class='ocr_line' id='line_1_93' title="bbox 2227 4061 3805 4137; baseline -0.008 -15"><span class='ocrx_word' id='word_1_636' title='bbox 2227 4082 2347 4122; x_wconf 90' lang='lat' dir='ltr'><strong>rum</strong></span> <span class='ocrx_word' id='word_1_637' title='bbox 2378 4066 2636 4137; x_wconf 90' lang='lat' dir='ltr'><strong>recolligo</strong></span> <span class='ocrx_word' id='word_1_638' title='bbox 2655 4107 2670 4131; x_wconf 90' lang='lat'><strong>,</strong></span> <span class='ocrx_word' id='word_1_639' title='bbox 2698 4065 2981 4122; x_wconf 76' lang='lat' dir='ltr'><strong>confessus</strong></span> <span class='ocrx_word' id='word_1_640' title='bbox 3012 4064 3118 4129; x_wconf 90' lang='lat' dir='ltr'><strong>illi,</strong></span> <span class='ocrx_word' id='word_1_641' title='bbox 3150 4077 3310 4134; x_wconf 91' lang='lat' dir='ltr'><strong>quem</strong></span> <span class='ocrx_word' id='word_1_642' title='bbox 3336 4061 3536 4117; x_wconf 86' lang='lat' dir='ltr'><strong>electio</strong></span> <span class='ocrx_word' id='word_1_643' title='bbox 3570 4068 3805 4130; x_wconf 88' lang='lat' dir='ltr'><strong>patrem,</strong></span> 
     </span>
    </p>
   </div>
   <div class='ocr_carea' id='block_1_93' title="bbox 2227 4148 3803 4221">
    <p class='ocr_par' dir='ltr' id='par_1_93' title="bbox 2227 4148 3803 4221">
     <span class='ocr_line' id='line_1_94' title="bbox 2227 4148 3803 4221; baseline -0.008 -10"><span class='ocrx_word' id='word_1_644' title='bbox 2227 4158 2459 4213; x_wconf 89' lang='lat' dir='ltr'><strong>amicitia</strong></span> <span class='ocrx_word' id='word_1_645' title='bbox 2482 4157 2715 4221; x_wconf 80' lang='lat' dir='ltr'><strong>ﬁdelem,</strong></span> <span class='ocrx_word' id='word_1_646' title='bbox 2733 4154 3071 4210; x_wconf 82' lang='lat' dir='ltr'><strong>familiaritas</strong></span> <span class='ocrx_word' id='word_1_647' title='bbox 3097 4160 3403 4209; x_wconf 88' lang='lat' dir='ltr'><strong>consortem</strong></span> <span class='ocrx_word' id='word_1_648' title='bbox 3430 4150 3615 4207; x_wconf 83' lang='lat' dir='ltr'><strong>ell‘ecit</strong></span> <span class='ocrx_word' id='word_1_649' title='bbox 3647 4148 3803 4219; x_wconf 85' lang='lat' dir='ltr'><strong>(II5).</strong></span> 
     </span>
    </p>
   </div>
   <div class='ocr_carea' id='block_1_94' title="bbox 2229 4240 3804 4316">
    <p class='ocr_par' dir='ltr' id='par_1_94' title="bbox 2229 4240 3804 4316">
     <span class='ocr_line' id='line_1_95' title="bbox 2229 4240 3804 4316; baseline -0.006 -15"><span class='ocrx_word' id='word_1_650' title='bbox 2229 4245 2421 4302; x_wconf 89' lang='lat' dir='ltr'><strong>Utrum</strong></span> <span class='ocrx_word' id='word_1_651' title='bbox 2470 4247 2650 4303; x_wconf 89' lang='lat' dir='ltr'><strong>taliter</strong></span> <span class='ocrx_word' id='word_1_652' title='bbox 2674 4245 3014 4316; x_wconf 85' lang='lat' dir='ltr'><strong>responderit</strong></span> <span class='ocrx_word' id='word_1_653' title='bbox 3043 4243 3278 4314; x_wconf 89' lang='lat' dir='ltr'><strong>qualiter</strong></span> <span class='ocrx_word' id='word_1_654' title='bbox 3306 4257 3406 4313; x_wconf 88' lang='lat' dir='ltr'><strong>ego</strong></span> <span class='ocrx_word' id='word_1_655' title='bbox 3436 4240 3804 4299; x_wconf 86' lang='lat' dir='ltr'><strong>clamaverim.</strong></span> 
     </span>
    </p>
   </div>
   <div class='ocr_carea' id='block_1_95' title="bbox 2226 4329 3806 4406">
    <p class='ocr_par' dir='ltr' id='par_1_95' title="bbox 2226 4329 3806 4406">
     <span class='ocr_line' id='line_1_96' title="bbox 2226 4329 3806 4406; baseline -0.008 -13"><span class='ocrx_word' id='word_1_656' title='bbox 2226 4337 2341 4406; x_wconf 86' lang='lat' dir='ltr'><strong>ejus</strong></span> <span class='ocrx_word' id='word_1_657' title='bbox 2387 4336 2697 4393; x_wconf 88' lang='lat' dir='ltr'><strong>discretioni</strong></span> <span class='ocrx_word' id='word_1_658' title='bbox 2746 4335 2929 4393; x_wconf 90' lang='lat' dir='ltr'><strong>censui</strong></span> <span class='ocrx_word' id='word_1_659' title='bbox 2982 4333 3414 4403; x_wconf 88' lang='lat' dir='ltr'><strong>relinquendum.</strong></span> <span class='ocrx_word' id='word_1_660' title='bbox 3438 4330 3497 4385; x_wconf 92' lang='lat' dir='ltr'><strong>In</strong></span> <span class='ocrx_word' id='word_1_661' title='bbox 3538 4329 3806 4401; x_wconf 87' lang='lat' dir='ltr'><strong>proposito</strong></span> 
     </span>
    </p>
   </div>
   <div class='ocr_carea' id='block_1_96' title="bbox 2228 4414 3805 4495">
    <p class='ocr_par' dir='ltr' id='par_1_96' title="bbox 2228 4414 3805 4495">
     <span class='ocr_line' id='line_1_97' title="bbox 2228 4414 3805 4495; baseline -0.01 -12"><span class='ocrx_word' id='word_1_662' title='bbox 2228 4443 2349 4483; x_wconf 90' lang='lat' dir='ltr'><strong>meo</strong></span> <span class='ocrx_word' id='word_1_663' title='bbox 2392 4435 2476 4482; x_wconf 90' lang='lat' dir='ltr'><strong>est</strong></span> <span class='ocrx_word' id='word_1_664' title='bbox 2520 4436 2576 4481; x_wconf 91' lang='lat' dir='ltr'><strong>et</strong></span> <span class='ocrx_word' id='word_1_665' title='bbox 2620 4426 2892 4495; x_wconf 63' lang='lat' dir='ltr'><strong>praeterita</strong></span> <span class='ocrx_word' id='word_1_666' title='bbox 2945 4439 3062 4480; x_wconf 88' lang='lat' dir='ltr'><strong>mea</strong></span> <span class='ocrx_word' id='word_1_667' title='bbox 3110 4422 3366 4493; x_wconf 89' lang='lat' dir='ltr'><strong>plangere</strong></span> <span class='ocrx_word' id='word_1_668' title='bbox 3407 4427 3463 4475; x_wconf 92' lang='lat' dir='ltr'><strong>et</strong></span> <span class='ocrx_word' id='word_1_669' title='bbox 3510 4432 3709 4475; x_wconf 87' lang='lat' dir='ltr'><strong>cavere</strong></span> <span class='ocrx_word' id='word_1_670' title='bbox 3731 4414 3805 4469; x_wconf 58' lang='lat' dir='ltr'><strong>lup</strong></span> 
     </span>
    </p>
   </div>
   <div class='ocr_carea' id='block_1_97' title="bbox 2232 4506 3805 4586">
    <p class='ocr_par' dir='ltr' id='par_1_97' title="bbox 2232 4506 3805 4586">
     <span class='ocr_line' id='line_1_98' title="bbox 2232 4506 3805 4586; baseline -0.006 -14"><span class='ocrx_word' id='word_1_671' title='bbox 2232 4528 2373 4572; x_wconf 90' lang='lat' dir='ltr'><strong>tura.</strong></span> <span class='ocrx_word' id='word_1_672' title='bbox 2424 4519 2596 4573; x_wconf 86' lang='lat' dir='ltr'><strong>Donet</strong></span> <span class='ocrx_word' id='word_1_673' title='bbox 2640 4516 2729 4572; x_wconf 90' lang='lat' dir='ltr'><strong>ille</strong></span> <span class='ocrx_word' id='word_1_674' title='bbox 2773 4506 3388 4586; x_wconf 49' lang='lat' dir='ltr'><strong>perseverantiaquui</strong></span> <span class='ocrx_word' id='word_1_675' title='bbox 3429 4508 3805 4582; x_wconf 79' lang='lat' dir='ltr'><strong>negligentiam</strong></span> 
     </span>
    </p>
   </div>
   <div class='ocr_carea' id='block_1_98' title="bbox 2227 4601 3801 4677">
    <p class='ocr_par' dir='ltr' id='par_1_98' title="bbox 2227 4601 3801 4677">
     <span class='ocr_line' id='line_1_99' title="bbox 2227 4601 3801 4677; baseline -0.007 -13"><span class='ocrx_word' id='word_1_676' title='bbox 2227 4607 2502 4665; x_wconf 80' lang='lat' dir='ltr'><strong>excitavit.</strong></span> <span class='ocrx_word' id='word_1_677' title='bbox 2530 4606 2590 4662; x_wconf 88' lang='lat' dir='ltr'><strong>In</strong></span> <span class='ocrx_word' id='word_1_678' title='bbox 2619 4606 2788 4677; x_wconf 90' lang='lat' dir='ltr'><strong>ipsius</strong></span> <span class='ocrx_word' id='word_1_679' title='bbox 2819 4605 3190 4661; x_wconf 89' lang='lat' dir='ltr'><strong>misericordia</strong></span> <span class='ocrx_word' id='word_1_680' title='bbox 3211 4645 3227 4671; x_wconf 92' lang='lat'><strong>,</strong></span> <span class='ocrx_word' id='word_1_681' title='bbox 3256 4618 3360 4659; x_wconf 92' lang='lat' dir='ltr'><strong>non</strong></span> <span class='ocrx_word' id='word_1_682' title='bbox 3396 4601 3449 4657; x_wconf 91' lang='lat' dir='ltr'><strong>in</strong></span> <span class='ocrx_word' id='word_1_683' title='bbox 3471 4601 3687 4673; x_wconf 74' lang='lat' dir='ltr'><strong>iustitia</strong></span> <span class='ocrx_word' id='word_1_684' title='bbox 3713 4613 3801 4653; x_wconf 78' lang='lat' dir='ltr'><strong>sua</strong></span> 
     </span>
    </p>
   </div>
   <div class='ocr_carea' id='block_1_99' title="bbox 2224 4691 3800 4763">
    <p class='ocr_par' dir='ltr' id='par_1_99' title="bbox 2224 4691 3800 4763">
     <span class='ocr_line' id='line_1_100' title="bbox 2224 4691 3800 4763; baseline -0.008 -8"><span class='ocrx_word' id='word_1_685' title='bbox 2224 4699 2452 4755; x_wconf 82' lang='lat' dir='ltr'><strong>conﬁdit</strong></span> <span class='ocrx_word' id='word_1_686' title='bbox 2495 4712 2685 4754; x_wconf 88' lang='lat' dir='ltr'><strong>servus</strong></span> <span class='ocrx_word' id='word_1_687' title='bbox 2734 4712 2904 4763; x_wconf 91' lang='lat' dir='ltr'><strong>suus,</strong></span> <span class='ocrx_word' id='word_1_688' title='bbox 2956 4707 3014 4752; x_wconf 92' lang='lat' dir='ltr'><strong>ut</strong></span> <span class='ocrx_word' id='word_1_689' title='bbox 3059 4696 3268 4752; x_wconf 86' lang='lat' dir='ltr'><strong>memor</strong></span> <span class='ocrx_word' id='word_1_690' title='bbox 3320 4695 3394 4749; x_wconf 87' lang='lat' dir='ltr'><strong>sit</strong></span> <span class='ocrx_word' id='word_1_691' title='bbox 3439 4691 3800 4748; x_wconf 85' lang='lat' dir='ltr'><strong>mandatorum</strong></span> 
     </span>
    </p>
   </div>
   <div class='ocr_carea' id='block_1_100' title="bbox 2227 4782 3800 4861">
    <p class='ocr_par' dir='ltr' id='par_1_100' title="bbox 2227 4782 3800 4861">
     <span class='ocr_line' id='line_1_101' title="bbox 2227 4782 3800 4861; baseline -0.008 -16"><span class='ocrx_word' id='word_1_692' title='bbox 2227 4792 2395 4861; x_wconf 90' lang='lat' dir='ltr'><strong>ipsius</strong></span> <span class='ocrx_word' id='word_1_693' title='bbox 2437 4807 2541 4846; x_wconf 93' lang='lat' dir='ltr'><strong>non</strong></span> <span class='ocrx_word' id='word_1_694' title='bbox 2577 4790 2749 4846; x_wconf 91' lang='lat' dir='ltr'><strong>solum</strong></span> <span class='ocrx_word' id='word_1_695' title='bbox 2777 4789 2842 4844; x_wconf 86' lang='lat' dir='ltr'><strong>ad</strong></span> <span class='ocrx_word' id='word_1_696' title='bbox 2869 4789 3242 4851; x_wconf 87' lang='lat' dir='ltr'><strong>scribendum,</strong></span> <span class='ocrx_word' id='word_1_697' title='bbox 3275 4786 3369 4841; x_wconf 91' lang='lat' dir='ltr'><strong>sed</strong></span> <span class='ocrx_word' id='word_1_698' title='bbox 3409 4785 3476 4839; x_wconf 91' lang='lat' dir='ltr'><strong>ad</strong></span> <span class='ocrx_word' id='word_1_699' title='bbox 3507 4782 3800 4839; x_wconf 78' lang='lat' dir='ltr'><strong>faciendum</strong></span> 
     </span>
    </p>
   </div>
   <div class='ocr_carea' id='block_1_101' title="bbox 2224 4873 3801 4951">
    <p class='ocr_par' dir='ltr' id='par_1_101' title="bbox 2224 4873 3801 4951">
     <span class='ocr_line' id='line_1_102' title="bbox 2224 4873 3801 4951; baseline -0.007 -17"><span class='ocrx_word' id='word_1_700' title='bbox 2224 4895 2306 4934; x_wconf 90' lang='lat' dir='ltr'><strong>ea.</strong></span> <span class='ocrx_word' id='word_1_701' title='bbox 2329 4880 2454 4935; x_wconf 70' lang='lat' dir='ltr'><strong>llam</strong></span> <span class='ocrx_word' id='word_1_702' title='bbox 2483 4895 2611 4951; x_wconf 90' lang='lat' dir='ltr'><strong>ergo</strong></span> <span class='ocrx_word' id='word_1_703' title='bbox 2634 4894 2794 4935; x_wconf 88' lang='lat' dir='ltr'><strong>causa</strong></span> <span class='ocrx_word' id='word_1_704' title='bbox 2818 4879 2918 4933; x_wconf 78' lang='lat' dir='ltr'><strong>fuit</strong></span> <span class='ocrx_word' id='word_1_705' title='bbox 2947 4877 3127 4949; x_wconf 85' lang='lat' dir='ltr'><strong>operis</strong></span> <span class='ocrx_word' id='word_1_706' title='bbox 3153 4876 3458 4944; x_wconf 86' lang='lat' dir='ltr'><strong>interrupti.</strong></span> <span class='ocrx_word' id='word_1_707' title='bbox 3492 4873 3619 4927; x_wconf 66' lang='lat' dir='ltr'><strong>Ilaac</strong></span> <span class='ocrx_word' id='word_1_708' title='bbox 3648 4880 3801 4924; x_wconf 61' lang='lat' dir='ltr'><strong>tanta</strong></span> 
     </span>
    </p>
   </div>
   <div class='ocr_carea' id='block_1_102' title="bbox 2223 4964 3796 5036">
    <p class='ocr_par' dir='ltr' id='par_1_102' title="bbox 2223 4964 3796 5036">
     <span class='ocr_line' id='line_1_103' title="bbox 2223 4964 3796 5036; baseline -0.011 -10"><span class='ocrx_word' id='word_1_709' title='bbox 2223 4972 2608 5025; x_wconf 79' lang='lat' dir='ltr'><strong>taciturnitatis</strong></span> <span class='ocrx_word' id='word_1_710' title='bbox 2649 4971 2902 5035; x_wconf 75' lang='lat' dir='ltr'><strong>occasio;</strong></span> <span class='ocrx_word' id='word_1_711' title='bbox 2938 4983 3082 5023; x_wconf 90' lang='lat' dir='ltr'><strong>nunc</strong></span> <span class='ocrx_word' id='word_1_712' title='bbox 3115 4967 3277 5036; x_wconf 84' lang='lat' dir='ltr'><strong>igitur</strong></span> <span class='ocrx_word' id='word_1_713' title='bbox 3311 4964 3614 5020; x_wconf 86' lang='lat' dir='ltr'><strong>scribemus</strong></span> <span class='ocrx_word' id='word_1_714' title='bbox 3655 4967 3796 5013; x_wconf 74' lang='lat' dir='ltr'><strong>tanto</strong></span> 
     </span>
    </p>
   </div>
  </div>
