  <div class='ocr_page' id='page_1' title='image "/cluster/home/n/w/nwhite01/storage/ocr_20150623/144/hvd.32044010574010/372.png"; bbox 0 0 3978 5328; ppageno 0'>
   <div class='ocr_carea' id='block_1_1' title="bbox 249 311 366 380">
    <p class='ocr_par' dir='ltr' id='par_1_1' title="bbox 249 311 366 380">
     <span class='ocr_line' id='line_1_1' title="bbox 249 311 366 380; baseline 0 0"><span class='ocrx_word' id='word_1_1' title='bbox 249 311 366 380; x_wconf 64' lang='grc' dir='ltr'>τις</span> 
     </span>
    </p>
   </div>
   <div class='ocr_carea' id='block_1_2' title="bbox 1667 315 2110 374">
    <p class='ocr_par' dir='ltr' id='par_1_2' title="bbox 1667 315 2110 374">
     <span class='ocr_line' id='line_1_2' title="bbox 1667 315 2110 374; baseline -0.005 0"><span class='ocrx_word' id='word_1_2' title='bbox 1667 315 1897 374; x_wconf 71' lang='lat' dir='ltr'><strong>SERMU</strong></span> <span class='ocrx_word' id='word_1_3' title='bbox 1936 315 2110 372; x_wconf 71' lang='lat' dir='ltr'><strong>XLIII.</strong></span> 
     </span>
    </p>
   </div>
   <div class='ocr_carea' id='block_1_3' title="bbox 3403 325 3510 382">
    <p class='ocr_par' dir='ltr' id='par_1_3' title="bbox 3403 325 3510 382">
     <span class='ocr_line' id='line_1_3' title="bbox 3403 325 3510 382; baseline 0 -1"><span class='ocrx_word' id='word_1_4' title='bbox 3403 325 3510 382; x_wconf 68' lang='grc' dir='ltr'><strong>πει</strong></span> 
     </span>
    </p>
   </div>
   <div class='ocr_carea' id='block_1_4' title="bbox 253 427 3510 512">
    <p class='ocr_par' dir='ltr' id='par_1_4' title="bbox 253 427 3510 512">
     <span class='ocr_line' id='line_1_4' title="bbox 253 427 3510 512; baseline 0.002 -22"><span class='ocrx_word' id='word_1_5' title='bbox 253 438 482 512; x_wconf 82' lang='lat' dir='ltr'><strong>quitatis</strong></span> <span class='ocrx_word' id='word_1_6' title='bbox 517 433 646 492; x_wconf 76' lang='lat' dir='ltr'><strong>ﬁdes</strong></span> <span class='ocrx_word' id='word_1_7' title='bbox 669 479 682 502; x_wconf 93' lang='lat'><strong>,</strong></span> <span class='ocrx_word' id='word_1_8' title='bbox 713 427 951 507; x_wconf 87' lang='lat' dir='ltr'><strong>quotidie</strong></span> <span class='ocrx_word' id='word_1_9' title='bbox 973 435 1290 491; x_wconf 86' lang='lat' dir='ltr'><strong>residemus.</strong></span> <span class='ocrx_word' id='word_1_10' title='bbox 1341 433 1436 491; x_wconf 83' lang='lat' dir='ltr'><strong>Hic</strong></span> <span class='ocrx_word' id='word_1_11' title='bbox 1470 443 1554 489; x_wconf 85' lang='lat' dir='ltr'><strong>est</strong></span> <span class='ocrx_word' id='word_1_12' title='bbox 1593 436 1706 496; x_wconf 87' lang='lat' dir='ltr'><strong>vir,</strong></span> <span class='ocrx_word' id='word_1_13' title='bbox 1739 433 1828 502; x_wconf 87' lang='lat' dir='ltr'><strong>qui</strong></span> <span class='ocrx_word' id='word_1_14' title='bbox 1859 439 1907 496; x_wconf 77' lang='grc' dir='ltr'>Α</span> <span class='ocrx_word' id='word_1_15' title='bbox 1939 441 2020 488; x_wconf 90' lang='lat' dir='ltr'><strong>tus</strong></span> <span class='ocrx_word' id='word_1_16' title='bbox 2043 435 2372 512; x_wconf 77' lang='lat' dir='ltr'><strong>estsalutem</strong></span> <span class='ocrx_word' id='word_1_17' title='bbox 2419 438 2470 491; x_wconf 90' lang='lat' dir='ltr'><strong>in</strong></span> <span class='ocrx_word' id='word_1_18' title='bbox 2519 441 2690 494; x_wconf 80' lang='lat' dir='ltr'><strong>medio</strong></span> <span class='ocrx_word' id='word_1_19' title='bbox 2717 449 2872 495; x_wconf 66' lang='lat' dir='ltr'><strong>terrm</strong></span> <span class='ocrx_word' id='word_1_20' title='bbox 2897 435 3070 511; x_wconf 75' lang='lat' dir='ltr'><strong>(Paul.</strong></span> <span class='ocrx_word' id='word_1_21' title='bbox 3095 441 3510 512; x_wconf 71' lang='lat' dir='ltr'><strong>LXXUI).TCI&#39;I&quot;.B</strong></span> 
     </span>
    </p>
   </div>
   <div class='ocr_carea' id='block_1_5' title="bbox 255 524 1834 592">
    <p class='ocr_par' dir='ltr' id='par_1_5' title="bbox 255 524 1834 592">
     <span class='ocr_line' id='line_1_5' title="bbox 255 524 1834 592; baseline -0.002 -8"><span class='ocrx_word' id='word_1_22' title='bbox 255 531 312 584; x_wconf 81' lang='lat' dir='ltr'><strong>in</strong></span> <span class='ocrx_word' id='word_1_23' title='bbox 361 529 562 582; x_wconf 82' lang='lat' dir='ltr'><strong>virtute</strong></span> <span class='ocrx_word' id='word_1_24' title='bbox 613 527 822 581; x_wconf 84' lang='lat' dir='ltr'><strong>Domini</strong></span> <span class='ocrx_word' id='word_1_25' title='bbox 865 527 1126 580; x_wconf 89' lang='lat' dir='ltr'><strong>virtutum</strong></span> <span class='ocrx_word' id='word_1_26' title='bbox 1180 524 1346 592; x_wconf 79' lang='lat' dir='ltr'><strong>signis</strong></span> <span class='ocrx_word' id='word_1_27' title='bbox 1390 533 1444 580; x_wconf 87' lang='lat' dir='ltr'><strong>et</strong></span> <span class='ocrx_word' id='word_1_28' title='bbox 1499 526 1834 582; x_wconf 76' lang='lat' dir='ltr'><strong>mirabilibus</strong></span> 
     </span>
    </p>
   </div>
   <div class='ocr_carea' id='block_1_6' title="bbox 255 613 1834 687">
    <p class='ocr_par' dir='ltr' id='par_1_6' title="bbox 255 613 1834 687">
     <span class='ocr_line' id='line_1_6' title="bbox 255 613 1834 687; baseline 0 -17"><span class='ocrx_word' id='word_1_29' title='bbox 255 617 527 687; x_wconf 86' lang='lat' dir='ltr'><strong>gloriosus</strong></span> <span class='ocrx_word' id='word_1_30' title='bbox 564 613 794 680; x_wconf 76' lang='lat' dir='ltr'><strong>eﬂulsit,</strong></span> <span class='ocrx_word' id='word_1_31' title='bbox 845 614 1099 685; x_wconf 90' lang='lat' dir='ltr'><strong>apostolis</strong></span> <span class='ocrx_word' id='word_1_32' title='bbox 1125 621 1180 666; x_wconf 90' lang='lat' dir='ltr'><strong>et</strong></span> <span class='ocrx_word' id='word_1_33' title='bbox 1227 613 1535 682; x_wconf 75' lang='lat' dir='ltr'><strong>apostolicis</strong></span> <span class='ocrx_word' id='word_1_34' title='bbox 1571 615 1700 670; x_wconf 90' lang='lat' dir='ltr'><strong>viris</strong></span> <span class='ocrx_word' id='word_1_35' title='bbox 1735 617 1834 670; x_wconf 85' lang='lat' dir='ltr'><strong>nti-</strong></span> 
     </span>
    </p>
   </div>
   <div class='ocr_carea' id='block_1_7' title="bbox 255 701 1832 776">
    <p class='ocr_par' dir='ltr' id='par_1_7' title="bbox 255 701 1832 776">
     <span class='ocr_line' id='line_1_7' title="bbox 255 701 1832 776; baseline 0 -16"><span class='ocrx_word' id='word_1_36' title='bbox 255 705 566 762; x_wconf 88' lang='lat' dir='ltr'><strong>raculorum</strong></span> <span class='ocrx_word' id='word_1_37' title='bbox 595 705 760 776; x_wconf 90' lang='lat' dir='ltr'><strong>gloria</strong></span> <span class='ocrx_word' id='word_1_38' title='bbox 789 705 1200 774; x_wconf 89' lang='lat' dir='ltr'><strong>comparandus.</strong></span> <span class='ocrx_word' id='word_1_39' title='bbox 1232 701 1359 768; x_wconf 78' lang='lat' dir='ltr'><strong>Qua:</strong></span> <span class='ocrx_word' id='word_1_40' title='bbox 1382 713 1436 758; x_wconf 91' lang='lat' dir='ltr'><strong>et</strong></span> <span class='ocrx_word' id='word_1_41' title='bbox 1463 715 1660 774; x_wconf 89' lang='lat' dir='ltr'><strong>quanta</strong></span> <span class='ocrx_word' id='word_1_42' title='bbox 1691 708 1832 772; x_wconf 88' lang='lat' dir='ltr'><strong>sint,</strong></span> 
     </span>
    </p>
   </div>
   <div class='ocr_carea' id='block_1_8' title="bbox 255 795 1832 866">
    <p class='ocr_par' dir='ltr' id='par_1_8' title="bbox 255 795 1832 866">
     <span class='ocr_line' id='line_1_8' title="bbox 255 795 1832 866; baseline 0 -16"><span class='ocrx_word' id='word_1_43' title='bbox 255 806 310 850; x_wconf 88' lang='lat' dir='ltr'><strong>et</strong></span> <span class='ocrx_word' id='word_1_44' title='bbox 353 805 554 866; x_wconf 88' lang='lat' dir='ltr'><strong>quanta</strong></span> <span class='ocrx_word' id='word_1_45' title='bbox 606 795 936 850; x_wconf 80' lang='lat' dir='ltr'><strong>sublimitate</strong></span> <span class='ocrx_word' id='word_1_46' title='bbox 991 795 1290 864; x_wconf 69' lang='lat' dir='ltr'><strong>fulgentia.</strong></span> <span class='ocrx_word' id='word_1_47' title='bbox 1350 796 1560 851; x_wconf 78' lang='lat' dir='ltr'><strong>libellus</strong></span> <span class='ocrx_word' id='word_1_48' title='bbox 1609 797 1674 850; x_wconf 89' lang='lat' dir='ltr'><strong>de</strong></span> <span class='ocrx_word' id='word_1_49' title='bbox 1725 797 1832 850; x_wconf 84' lang='lat' dir='ltr'><strong>vita</strong></span> 
     </span>
    </p>
   </div>
   <div class='ocr_carea' id='block_1_9' title="bbox 255 883 1836 952">
    <p class='ocr_par' dir='ltr' id='par_1_9' title="bbox 255 883 1836 952">
     <span class='ocr_line' id='line_1_9' title="bbox 255 883 1836 952; baseline -0.001 -11"><span class='ocrx_word' id='word_1_50' title='bbox 255 895 310 941; x_wconf 89' lang='lat' dir='ltr'><strong>et</strong></span> <span class='ocrx_word' id='word_1_51' title='bbox 355 895 482 940; x_wconf 90' lang='lat' dir='ltr'><strong>ortu</strong></span> <span class='ocrx_word' id='word_1_52' title='bbox 513 883 630 952; x_wconf 84' lang='lat' dir='ltr'><strong>ejus</strong></span> <span class='ocrx_word' id='word_1_53' title='bbox 674 885 834 939; x_wconf 85' lang='lat' dir='ltr'><strong>latius</strong></span> <span class='ocrx_word' id='word_1_54' title='bbox 881 896 1134 940; x_wconf 66' lang='lat' dir='ltr'><strong>curatus</strong></span> <span class='ocrx_word' id='word_1_55' title='bbox 1177 887 1368 943; x_wconf 87' lang='lat' dir='ltr'><strong>suilicit</strong></span> <span class='ocrx_word' id='word_1_56' title='bbox 1399 887 1654 941; x_wconf 75' lang='lat' dir='ltr'><strong>indicare.</strong></span> <span class='ocrx_word' id='word_1_57' title='bbox 1703 885 1836 939; x_wconf 88' lang='lat' dir='ltr'><strong>lluic</strong></span> 
     </span>
    </p>
   </div>
   <div class='ocr_carea' id='block_1_10' title="bbox 255 973 1836 1044">
    <p class='ocr_par' dir='ltr' id='par_1_10' title="bbox 255 973 1836 1044">
     <span class='ocr_line' id='line_1_10' title="bbox 255 973 1836 1044; baseline 0 -17"><span class='ocrx_word' id='word_1_58' title='bbox 255 973 630 1043; x_wconf 77' lang='lat' dir='ltr'><strong>significanter</strong></span> <span class='ocrx_word' id='word_1_59' title='bbox 674 973 936 1040; x_wconf 78' lang='lat' dir='ltr'><strong>assignari</strong></span> <span class='ocrx_word' id='word_1_60' title='bbox 987 985 1164 1042; x_wconf 79' lang='lat' dir='ltr'><strong>potest</strong></span> <span class='ocrx_word' id='word_1_61' title='bbox 1201 975 1326 1028; x_wconf 84' lang='lat' dir='ltr'><strong>illud</strong></span> <span class='ocrx_word' id='word_1_62' title='bbox 1371 977 1514 1044; x_wconf 68' lang='lat' dir='ltr'><strong>quod</strong></span> <span class='ocrx_word' id='word_1_63' title='bbox 1545 977 1596 1027; x_wconf 82' lang='lat' dir='ltr'><strong>in</strong></span> <span class='ocrx_word' id='word_1_64' title='bbox 1631 973 1718 1028; x_wconf 89' lang='lat' dir='ltr'><strong>illa</strong></span> <span class='ocrx_word' id='word_1_65' title='bbox 1750 989 1836 1027; x_wconf 85' lang='lat' dir='ltr'><strong>so-</strong></span> 
     </span>
    </p>
   </div>
   <div class='ocr_carea' id='block_1_11' title="bbox 253 1063 1830 1136">
    <p class='ocr_par' dir='ltr' id='par_1_11' title="bbox 253 1063 1830 1136">
     <span class='ocr_line' id='line_1_11' title="bbox 253 1063 1830 1136; baseline 0 -18"><span class='ocrx_word' id='word_1_66' title='bbox 253 1063 420 1119; x_wconf 85' lang='lat' dir='ltr'><strong>lemni</strong></span> <span class='ocrx_word' id='word_1_67' title='bbox 471 1063 678 1118; x_wconf 82' lang='lat' dir='ltr'><strong>visione</strong></span> <span class='ocrx_word' id='word_1_68' title='bbox 726 1065 917 1134; x_wconf 73' lang='lat' dir='ltr'><strong>angelo</strong></span> <span class='ocrx_word' id='word_1_69' title='bbox 963 1065 1158 1136; x_wconf 82' lang='lat' dir='ltr'><strong>Ephesi</strong></span> <span class='ocrx_word' id='word_1_70' title='bbox 1208 1067 1462 1124; x_wconf 74' lang='lat' dir='ltr'><strong>Ecclesia:</strong></span> <span class='ocrx_word' id='word_1_71' title='bbox 1509 1065 1762 1120; x_wconf 76' lang='lat' dir='ltr'><strong>scribitur</strong></span> <span class='ocrx_word' id='word_1_72' title='bbox 1817 1079 1830 1118; x_wconf 93' lang='lat'>:</span> 
     </span>
    </p>
   </div>
   <div class='ocr_carea' id='block_1_12' title="bbox 259 1151 1832 1230">
    <p class='ocr_par' dir='ltr' id='par_1_12' title="bbox 259 1151 1832 1230">
     <span class='ocr_line' id='line_1_12' title="bbox 259 1151 1832 1230; baseline 0.001 -23"><span class='ocrx_word' id='word_1_73' title='bbox 259 1174 278 1207; x_wconf 72' lang='grc' dir='ltr'><strong>ι</strong></span> <span class='ocrx_word' id='word_1_74' title='bbox 317 1151 570 1208; x_wconf 73' lang='lat' dir='ltr'><strong>Vincenti</strong></span> <span class='ocrx_word' id='word_1_75' title='bbox 615 1154 756 1208; x_wconf 85' lang='lat' dir='ltr'><strong>dabo</strong></span> <span class='ocrx_word' id='word_1_76' title='bbox 804 1155 965 1230; x_wconf 89' lang='lat' dir='ltr'><strong>edere</strong></span> <span class='ocrx_word' id='word_1_77' title='bbox 1005 1155 1072 1209; x_wconf 90' lang='lat' dir='ltr'><strong>de</strong></span> <span class='ocrx_word' id='word_1_78' title='bbox 1120 1155 1264 1226; x_wconf 84' lang='lat' dir='ltr'><strong>ligno</strong></span> <span class='ocrx_word' id='word_1_79' title='bbox 1305 1157 1428 1210; x_wconf 75' lang='lat' dir='ltr'><strong>vitas</strong></span> <span class='ocrx_word' id='word_1_80' title='bbox 1453 1197 1467 1221; x_wconf 96' lang='lat'><strong>,</strong></span> <span class='ocrx_word' id='word_1_81' title='bbox 1497 1156 1640 1226; x_wconf 83' lang='lat' dir='ltr'><strong>quod</strong></span> <span class='ocrx_word' id='word_1_82' title='bbox 1667 1155 1832 1210; x_wconf 86' lang='lat' dir='ltr'><strong>estin</strong></span> 
     </span>
    </p>
   </div>
   <div class='ocr_carea' id='block_1_13' title="bbox 253 1241 1833 1316">
    <p class='ocr_par' dir='ltr' id='par_1_13' title="bbox 253 1241 1833 1316">
     <span class='ocr_line' id='line_1_13' title="bbox 253 1241 1833 1316; baseline 0.001 -19"><span class='ocrx_word' id='word_1_83' title='bbox 253 1245 506 1314; x_wconf 83' lang='lat' dir='ltr'><strong>paradiso</strong></span> <span class='ocrx_word' id='word_1_84' title='bbox 555 1243 648 1298; x_wconf 90' lang='lat' dir='ltr'><strong>Dei</strong></span> <span class='ocrx_word' id='word_1_85' title='bbox 681 1245 784 1298; x_wconf 91' lang='lat' dir='ltr'><strong>mei</strong></span> <span class='ocrx_word' id='word_1_86' title='bbox 819 1241 1000 1316; x_wconf 79' lang='lat' dir='ltr'><strong>(Apoc.</strong></span> <span class='ocrx_word' id='word_1_87' title='bbox 1033 1245 1114 1316; x_wconf 89' lang='grc' dir='ltr'>ιι).</span> <span class='ocrx_word' id='word_1_88' title='bbox 1153 1267 1170 1297; x_wconf 77' lang='grc' dir='ltr'><strong>ι</strong></span> <span class='ocrx_word' id='word_1_89' title='bbox 1201 1244 1322 1315; x_wconf 82' lang='lat' dir='ltr'><strong>[pse</strong></span> <span class='ocrx_word' id='word_1_90' title='bbox 1368 1247 1592 1309; x_wconf 86' lang='lat' dir='ltr'><strong>etenim,</strong></span> <span class='ocrx_word' id='word_1_91' title='bbox 1638 1261 1833 1300; x_wconf 89' lang='lat' dir='ltr'><strong>nomen</strong></span> 
     </span>
    </p>
   </div>
   <div class='ocr_carea' id='block_1_14' title="bbox 250 1334 1833 1406">
    <p class='ocr_par' dir='ltr' id='par_1_14' title="bbox 250 1334 1833 1406">
     <span class='ocr_line' id='line_1_14' title="bbox 250 1334 1833 1406; baseline 0.001 -19"><span class='ocrx_word' id='word_1_92' title='bbox 250 1347 320 1388; x_wconf 80' lang='lat' dir='ltr'><strong>ex</strong></span> <span class='ocrx_word' id='word_1_93' title='bbox 365 1349 530 1404; x_wconf 83' lang='lat' dir='ltr'><strong>Opere</strong></span> <span class='ocrx_word' id='word_1_94' title='bbox 571 1335 814 1396; x_wconf 82' lang='lat' dir='ltr'><strong>sortitus.</strong></span> <span class='ocrx_word' id='word_1_95' title='bbox 847 1345 971 1390; x_wconf 88' lang='lat' dir='ltr'><strong>ante</strong></span> <span class='ocrx_word' id='word_1_96' title='bbox 1001 1334 1131 1390; x_wconf 83' lang='lat' dir='ltr'><strong>vicit</strong></span> <span class='ocrx_word' id='word_1_97' title='bbox 1158 1351 1320 1406; x_wconf 80' lang='lat' dir='ltr'><strong>quam</strong></span> <span class='ocrx_word' id='word_1_98' title='bbox 1361 1336 1578 1390; x_wconf 76' lang='lat' dir='ltr'><strong>vincere</strong></span> <span class='ocrx_word' id='word_1_99' title='bbox 1614 1343 1833 1400; x_wconf 81' lang='lat' dir='ltr'><strong>nosset;</strong></span> 
     </span>
    </p>
   </div>
   <div class='ocr_carea' id='block_1_15' title="bbox 253 1423 1832 1494">
    <p class='ocr_par' dir='ltr' id='par_1_15' title="bbox 253 1423 1832 1494">
     <span class='ocr_line' id='line_1_15' title="bbox 253 1423 1832 1494; baseline 0.002 -18"><span class='ocrx_word' id='word_1_100' title='bbox 253 1438 354 1478; x_wconf 86' lang='lat' dir='ltr'><strong>nec</strong></span> <span class='ocrx_word' id='word_1_101' title='bbox 421 1423 716 1493; x_wconf 87' lang='lat' dir='ltr'><strong>quemlibet</strong></span> <span class='ocrx_word' id='word_1_102' title='bbox 767 1423 1016 1489; x_wconf 91' lang='lat' dir='ltr'><strong>hostem,</strong></span> <span class='ocrx_word' id='word_1_103' title='bbox 1076 1425 1168 1479; x_wconf 85' lang='lat' dir='ltr'><strong>sed</strong></span> <span class='ocrx_word' id='word_1_104' title='bbox 1217 1425 1365 1482; x_wconf 83' lang='lat' dir='ltr'><strong>illum</strong></span> <span class='ocrx_word' id='word_1_105' title='bbox 1435 1425 1502 1480; x_wconf 91' lang='lat' dir='ltr'><strong>de</strong></span> <span class='ocrx_word' id='word_1_106' title='bbox 1549 1441 1656 1494; x_wconf 91' lang='lat' dir='ltr'><strong>quo</strong></span> <span class='ocrx_word' id='word_1_107' title='bbox 1711 1441 1832 1480; x_wconf 86' lang='lat' dir='ltr'><strong>rara</strong></span> 
     </span>
    </p>
   </div>
   <div class='ocr_carea' id='block_1_16' title="bbox 252 1517 1836 1588">
    <p class='ocr_par' dir='ltr' id='par_1_16' title="bbox 252 1517 1836 1588">
     <span class='ocr_line' id='line_1_16' title="bbox 252 1517 1836 1588; baseline 0 -18"><span class='ocrx_word' id='word_1_108' title='bbox 252 1525 308 1570; x_wconf 79' lang='lat' dir='ltr'><strong>et</strong></span> <span class='ocrx_word' id='word_1_109' title='bbox 351 1531 628 1585; x_wconf 88' lang='lat' dir='ltr'><strong>nunquam</strong></span> <span class='ocrx_word' id='word_1_110' title='bbox 683 1530 872 1571; x_wconf 89' lang='lat' dir='ltr'><strong>secura</strong></span> <span class='ocrx_word' id='word_1_111' title='bbox 916 1517 1164 1572; x_wconf 75' lang='lat' dir='ltr'><strong>victoria.</strong></span> <span class='ocrx_word' id='word_1_112' title='bbox 1211 1517 1438 1588; x_wconf 86' lang='lat' dir='ltr'><strong>Lignum</strong></span> <span class='ocrx_word' id='word_1_113' title='bbox 1475 1517 1599 1571; x_wconf 72' lang='lat' dir='ltr'><strong>vita:</strong></span> <span class='ocrx_word' id='word_1_114' title='bbox 1633 1526 1714 1572; x_wconf 90' lang='lat' dir='ltr'><strong>est</strong></span> <span class='ocrx_word' id='word_1_115' title='bbox 1750 1531 1836 1570; x_wconf 64' lang='lat' dir='ltr'><strong>saa</strong></span> 
     </span>
    </p>
   </div>
   <div class='ocr_carea' id='block_1_17' title="bbox 249 1607 1836 1680">
    <p class='ocr_par' dir='ltr' id='par_1_17' title="bbox 249 1607 1836 1680">
     <span class='ocr_line' id='line_1_17' title="bbox 249 1607 1836 1680; baseline 0.003 -20"><span class='ocrx_word' id='word_1_116' title='bbox 249 1608 494 1678; x_wconf 86' lang='lat' dir='ltr'><strong>pientia,</strong></span> <span class='ocrx_word' id='word_1_117' title='bbox 551 1609 616 1662; x_wconf 91' lang='lat' dir='ltr'><strong>de</strong></span> <span class='ocrx_word' id='word_1_118' title='bbox 665 1610 820 1680; x_wconf 88' lang='lat' dir='ltr'><strong>cujus</strong></span> <span class='ocrx_word' id='word_1_119' title='bbox 869 1607 1042 1664; x_wconf 74' lang='lat' dir='ltr'><strong>fructu</strong></span> <span class='ocrx_word' id='word_1_120' title='bbox 1092 1621 1147 1664; x_wconf 87' lang='lat' dir='ltr'><strong>et</strong></span> <span class='ocrx_word' id='word_1_121' title='bbox 1196 1611 1283 1664; x_wconf 90' lang='lat' dir='ltr'><strong>hic</strong></span> <span class='ocrx_word' id='word_1_122' title='bbox 1335 1611 1386 1664; x_wconf 91' lang='lat' dir='ltr'><strong>in</strong></span> <span class='ocrx_word' id='word_1_123' title='bbox 1437 1625 1530 1679; x_wconf 85' lang='lat' dir='ltr'><strong>spe</strong></span> <span class='ocrx_word' id='word_1_124' title='bbox 1562 1649 1578 1674; x_wconf 92' lang='lat'><strong>,</strong></span> <span class='ocrx_word' id='word_1_125' title='bbox 1623 1619 1678 1664; x_wconf 88' lang='lat' dir='ltr'><strong>et</strong></span> <span class='ocrx_word' id='word_1_126' title='bbox 1727 1609 1836 1665; x_wconf 87' lang='lat' dir='ltr'><strong>illic</strong></span> 
     </span>
    </p>
   </div>
   <div class='ocr_carea' id='block_1_18' title="bbox 250 1697 1832 1770">
    <p class='ocr_par' dir='ltr' id='par_1_18' title="bbox 250 1697 1832 1770">
     <span class='ocr_line' id='line_1_18' title="bbox 250 1697 1832 1770; baseline 0.001 -18"><span class='ocrx_word' id='word_1_127' title='bbox 250 1699 543 1752; x_wconf 87' lang='lat' dir='ltr'><strong>manducat</strong></span> <span class='ocrx_word' id='word_1_128' title='bbox 567 1697 620 1752; x_wconf 89' lang='lat' dir='ltr'><strong>in</strong></span> <span class='ocrx_word' id='word_1_129' title='bbox 647 1714 736 1764; x_wconf 90' lang='lat' dir='ltr'><strong>re,</strong></span> <span class='ocrx_word' id='word_1_130' title='bbox 770 1697 948 1754; x_wconf 85' lang='lat' dir='ltr'><strong>fructu</strong></span> <span class='ocrx_word' id='word_1_131' title='bbox 981 1699 1166 1770; x_wconf 90' lang='lat' dir='ltr'><strong>utique</strong></span> <span class='ocrx_word' id='word_1_132' title='bbox 1195 1701 1442 1770; x_wconf 91' lang='lat' dir='ltr'><strong>specioso</strong></span> <span class='ocrx_word' id='word_1_133' title='bbox 1481 1709 1534 1756; x_wconf 85' lang='lat' dir='ltr'><strong>et</strong></span> <span class='ocrx_word' id='word_1_134' title='bbox 1565 1701 1832 1770; x_wconf 88' lang='lat' dir='ltr'><strong>pretioso;</strong></span> 
     </span>
    </p>
   </div>
   <div class='ocr_carea' id='block_1_19' title="bbox 250 1769 1906 1862">
    <p class='ocr_par' dir='ltr' id='par_1_19' title="bbox 250 1769 1906 1862">
     <span class='ocr_line' id='line_1_19' title="bbox 250 1769 1906 1862; baseline 0.001 -19"><span class='ocrx_word' id='word_1_135' title='bbox 250 1791 500 1859; x_wconf 86' lang='lat' dir='ltr'><strong>specioso</strong></span> <span class='ocrx_word' id='word_1_136' title='bbox 543 1801 761 1860; x_wconf 85' lang='lat' dir='ltr'><strong>prepter</strong></span> <span class='ocrx_word' id='word_1_137' title='bbox 791 1769 1328 1862; x_wconf 24' lang='lat' dir='ltr'><strong>speciemppretioso</strong></span> <span class='ocrx_word' id='word_1_138' title='bbox 1369 1769 1588 1862; x_wconf 84' lang='lat' dir='ltr'><strong>propter</strong></span> <span class='ocrx_word' id='word_1_139' title='bbox 1633 1792 1832 1846; x_wconf 88' lang='lat' dir='ltr'><strong>utilita-</strong></span> <span class='ocrx_word' id='word_1_140' title='bbox 1867 1769 1906 1828; x_wconf 73' lang='grc' dir='ltr'><strong>Β</strong></span> 
     </span>
    </p>
   </div>
   <div class='ocr_carea' id='block_1_20' title="bbox 249 1881 1831 1952">
    <p class='ocr_par' dir='ltr' id='par_1_20' title="bbox 249 1881 1831 1952">
     <span class='ocr_line' id='line_1_20' title="bbox 249 1881 1831 1952; baseline 0.001 -18"><span class='ocrx_word' id='word_1_141' title='bbox 249 1891 380 1935; x_wconf 86' lang='lat' dir='ltr'><strong>tem.</strong></span> <span class='ocrx_word' id='word_1_142' title='bbox 429 1881 554 1937; x_wconf 69' lang='lat' dir='ltr'><strong>llasc</strong></span> <span class='ocrx_word' id='word_1_143' title='bbox 606 1891 692 1936; x_wconf 88' lang='lat' dir='ltr'><strong>est</strong></span> <span class='ocrx_word' id='word_1_144' title='bbox 733 1881 820 1936; x_wconf 88' lang='lat' dir='ltr'><strong>illa</strong></span> <span class='ocrx_word' id='word_1_145' title='bbox 869 1882 1115 1937; x_wconf 88' lang='lat' dir='ltr'><strong>sublimis</strong></span> <span class='ocrx_word' id='word_1_146' title='bbox 1167 1883 1326 1938; x_wconf 86' lang='lat' dir='ltr'><strong>arbor</strong></span> <span class='ocrx_word' id='word_1_147' title='bbox 1357 1924 1372 1948; x_wconf 96' lang='lat'><strong>,</strong></span> <span class='ocrx_word' id='word_1_148' title='bbox 1429 1881 1584 1952; x_wconf 86' lang='lat' dir='ltr'><strong>cujus</strong></span> <span class='ocrx_word' id='word_1_149' title='bbox 1640 1883 1831 1936; x_wconf 87' lang='lat' dir='ltr'><strong>umbra</strong></span> 
     </span>
    </p>
   </div>
   <div class='ocr_carea' id='block_1_21' title="bbox 247 1973 1830 2046">
    <p class='ocr_par' dir='ltr' id='par_1_21' title="bbox 247 1973 1830 2046">
     <span class='ocr_line' id='line_1_21' title="bbox 247 1973 1830 2046; baseline 0.001 -20"><span class='ocrx_word' id='word_1_150' title='bbox 247 1981 490 2040; x_wconf 81' lang='lat' dir='ltr'><strong>montes,</strong></span> <span class='ocrx_word' id='word_1_151' title='bbox 541 1984 597 2028; x_wconf 91' lang='lat' dir='ltr'><strong>et</strong></span> <span class='ocrx_word' id='word_1_152' title='bbox 642 1975 862 2030; x_wconf 87' lang='lat' dir='ltr'><strong>arbusta</strong></span> <span class='ocrx_word' id='word_1_153' title='bbox 909 1976 1100 2030; x_wconf 89' lang='lat' dir='ltr'><strong>cedros</strong></span> <span class='ocrx_word' id='word_1_154' title='bbox 1147 1975 1242 2029; x_wconf 90' lang='lat' dir='ltr'><strong>Dei</strong></span> <span class='ocrx_word' id='word_1_155' title='bbox 1286 1985 1618 2046; x_wconf 82' lang='lat' dir='ltr'><strong>operuerunt</strong></span> <span class='ocrx_word' id='word_1_156' title='bbox 1657 1973 1830 2046; x_wconf 78' lang='lat' dir='ltr'><strong>(Psal.</strong></span> 
     </span>
    </p>
   </div>
   <div class='ocr_carea' id='block_1_22' title="bbox 247 2065 1833 2137">
    <p class='ocr_par' dir='ltr' id='par_1_22' title="bbox 247 2065 1833 2137">
     <span class='ocr_line' id='line_1_22' title="bbox 247 2065 1833 2137; baseline 0.003 -19"><span class='ocrx_word' id='word_1_157' title='bbox 247 2065 458 2133; x_wconf 64' lang='lat' dir='ltr'><strong>una).</strong></span> <span class='ocrx_word' id='word_1_158' title='bbox 492 2065 697 2122; x_wconf 88' lang='lat' dir='ltr'><strong>Cedrus</strong></span> <span class='ocrx_word' id='word_1_159' title='bbox 741 2065 955 2132; x_wconf 86' lang='lat' dir='ltr'><strong>Libani,</strong></span> <span class='ocrx_word' id='word_1_160' title='bbox 983 2083 1104 2137; x_wconf 72' lang='lat' dir='ltr'><strong>qua:</strong></span> <span class='ocrx_word' id='word_1_161' title='bbox 1153 2083 1368 2122; x_wconf 89' lang='lat' dir='ltr'><strong>ramosa</strong></span> <span class='ocrx_word' id='word_1_162' title='bbox 1421 2069 1689 2122; x_wconf 87' lang='lat' dir='ltr'><strong>densitate</strong></span> <span class='ocrx_word' id='word_1_163' title='bbox 1736 2083 1833 2122; x_wconf 91' lang='lat' dir='ltr'><strong>an-</strong></span> 
     </span>
    </p>
   </div>
   <div class='ocr_carea' id='block_1_23' title="bbox 251 2154 1834 2228">
    <p class='ocr_par' dir='ltr' id='par_1_23' title="bbox 251 2154 1834 2228">
     <span class='ocr_line' id='line_1_23' title="bbox 251 2154 1834 2228; baseline 0.001 -20"><span class='ocrx_word' id='word_1_164' title='bbox 251 2154 452 2228; x_wconf 79' lang='lat' dir='ltr'><strong>gelicas</strong></span> <span class='ocrx_word' id='word_1_165' title='bbox 485 2159 798 2226; x_wconf 85' lang='lat' dir='ltr'><strong>perumbrat</strong></span> <span class='ocrx_word' id='word_1_166' title='bbox 845 2159 1124 2212; x_wconf 84' lang='lat' dir='ltr'><strong>stationes.</strong></span> <span class='ocrx_word' id='word_1_167' title='bbox 1177 2159 1288 2212; x_wconf 87' lang='lat' dir='ltr'><strong>Stth</strong></span> <span class='ocrx_word' id='word_1_168' title='bbox 1335 2159 1523 2211; x_wconf 72' lang='lat' dir='ltr'><strong>umbra</strong></span> <span class='ocrx_word' id='word_1_169' title='bbox 1561 2159 1719 2227; x_wconf 83' lang='lat' dir='ltr'><strong>hujus</strong></span> <span class='ocrx_word' id='word_1_170' title='bbox 1747 2173 1834 2210; x_wconf 86' lang='lat' dir='ltr'><strong>ar-</strong></span> 
     </span>
    </p>
   </div>
   <div class='ocr_carea' id='block_1_24' title="bbox 249 2245 1833 2317">
    <p class='ocr_par' dir='ltr' id='par_1_24' title="bbox 249 2245 1833 2317">
     <span class='ocr_line' id='line_1_24' title="bbox 249 2245 1833 2317; baseline 0.001 -17"><span class='ocrx_word' id='word_1_171' title='bbox 249 2245 402 2300; x_wconf 76' lang='lat' dir='ltr'><strong>boris</strong></span> <span class='ocrx_word' id='word_1_172' title='bbox 450 2248 598 2300; x_wconf 87' lang='lat' dir='ltr'><strong>sedet</strong></span> <span class='ocrx_word' id='word_1_173' title='bbox 650 2260 875 2316; x_wconf 79' lang='lat' dir='ltr'><strong>sponsa,</strong></span> <span class='ocrx_word' id='word_1_174' title='bbox 923 2260 976 2302; x_wconf 92' lang='lat' dir='ltr'><strong>et</strong></span> <span class='ocrx_word' id='word_1_175' title='bbox 1011 2247 1218 2302; x_wconf 86' lang='lat' dir='ltr'><strong>fructus</strong></span> <span class='ocrx_word' id='word_1_176' title='bbox 1263 2247 1378 2316; x_wconf 88' lang='lat' dir='ltr'><strong>ejus</strong></span> <span class='ocrx_word' id='word_1_177' title='bbox 1423 2249 1591 2304; x_wconf 75' lang='lat' dir='ltr'><strong>dulcis</strong></span> <span class='ocrx_word' id='word_1_178' title='bbox 1633 2245 1833 2317; x_wconf 83' lang='lat' dir='ltr'><strong>gutturi</strong></span> 
     </span>
    </p>
   </div>
   <div class='ocr_carea' id='block_1_25' title="bbox 251 2336 1836 2408">
    <p class='ocr_par' dir='ltr' id='par_1_25' title="bbox 251 2336 1836 2408">
     <span class='ocr_line' id='line_1_25' title="bbox 251 2336 1836 2408; baseline 0.004 -20"><span class='ocrx_word' id='word_1_179' title='bbox 251 2351 348 2396; x_wconf 83' lang='lat' dir='ltr'><strong>suo</strong></span> <span class='ocrx_word' id='word_1_180' title='bbox 383 2336 562 2406; x_wconf 72' lang='lat' dir='ltr'><strong>(Cant.</strong></span> <span class='ocrx_word' id='word_1_181' title='bbox 595 2337 678 2408; x_wconf 72' lang='lat' dir='ltr'><strong>It).</strong></span> <span class='ocrx_word' id='word_1_182' title='bbox 705 2338 842 2394; x_wconf 86' lang='lat' dir='ltr'><strong>lluie</strong></span> <span class='ocrx_word' id='word_1_183' title='bbox 868 2339 1096 2394; x_wconf 85' lang='lat' dir='ltr'><strong>dicimus</strong></span> <span class='ocrx_word' id='word_1_184' title='bbox 1124 2359 1136 2390; x_wconf 94' lang='lat'>:</span> <span class='ocrx_word' id='word_1_185' title='bbox 1169 2339 1223 2394; x_wconf 86' lang='lat' dir='ltr'><strong>in</strong></span> <span class='ocrx_word' id='word_1_186' title='bbox 1255 2342 1446 2394; x_wconf 70' lang='lat' dir='ltr'><strong>umbra</strong></span> <span class='ocrx_word' id='word_1_187' title='bbox 1477 2353 1566 2395; x_wconf 88' lang='lat' dir='ltr'><strong>tua</strong></span> <span class='ocrx_word' id='word_1_188' title='bbox 1591 2341 1836 2394; x_wconf 80' lang='lat' dir='ltr'><strong>vivemus</strong></span> 
     </span>
    </p>
   </div>
   <div class='ocr_carea' id='block_1_26' title="bbox 251 2416 1834 2498">
    <p class='ocr_par' dir='ltr' id='par_1_26' title="bbox 251 2416 1834 2498">
     <span class='ocr_line' id='line_1_26' title="bbox 251 2416 1834 2498; baseline 0.004 -21"><span class='ocrx_word' id='word_1_189' title='bbox 251 2425 396 2480; x_wconf 90' lang='lat' dir='ltr'><strong>inter</strong></span> <span class='ocrx_word' id='word_1_190' title='bbox 437 2416 650 2495; x_wconf 78' lang='lat' dir='ltr'><strong>gentes.</strong></span> <span class='ocrx_word' id='word_1_191' title='bbox 698 2426 868 2496; x_wconf 86' lang='lat' dir='ltr'><strong>Hujus</strong></span> <span class='ocrx_word' id='word_1_192' title='bbox 905 2429 1278 2484; x_wconf 89' lang='lat' dir='ltr'><strong>umbraculum</strong></span> <span class='ocrx_word' id='word_1_193' title='bbox 1327 2431 1558 2498; x_wconf 75' lang='lat' dir='ltr'><strong>protegit</strong></span> <span class='ocrx_word' id='word_1_194' title='bbox 1605 2429 1672 2484; x_wconf 88' lang='lat' dir='ltr'><strong>ab</strong></span> <span class='ocrx_word' id='word_1_195' title='bbox 1698 2437 1834 2484; x_wconf 81' lang='lat' dir='ltr'><strong>aestu</strong></span> 
     </span>
    </p>
   </div>
   <div class='ocr_carea' id='block_1_27' title="bbox 249 2515 1836 2586">
    <p class='ocr_par' dir='ltr' id='par_1_27' title="bbox 249 2515 1836 2586">
     <span class='ocr_line' id='line_1_27' title="bbox 249 2515 1836 2586; baseline 0.003 -16"><span class='ocrx_word' id='word_1_196' title='bbox 249 2515 350 2570; x_wconf 87' lang='lat' dir='ltr'><strong>diei</strong></span> <span class='ocrx_word' id='word_1_197' title='bbox 402 2517 454 2570; x_wconf 88' lang='lat' dir='ltr'><strong>in</strong></span> <span class='ocrx_word' id='word_1_198' title='bbox 485 2519 832 2572; x_wconf 87' lang='lat' dir='ltr'><strong>securitatem</strong></span> <span class='ocrx_word' id='word_1_199' title='bbox 853 2560 866 2582; x_wconf 96' lang='lat'><strong>,</strong></span> <span class='ocrx_word' id='word_1_200' title='bbox 899 2529 953 2574; x_wconf 91' lang='lat' dir='ltr'><strong>et</strong></span> <span class='ocrx_word' id='word_1_201' title='bbox 999 2520 1407 2576; x_wconf 82' lang='lat' dir='ltr'><strong>absconsionem</strong></span> <span class='ocrx_word' id='word_1_202' title='bbox 1439 2536 1470 2574; x_wconf 87' lang='lat' dir='ltr'><strong>a</strong></span> <span class='ocrx_word' id='word_1_203' title='bbox 1508 2521 1749 2586; x_wconf 86' lang='lat' dir='ltr'><strong>turbine,</strong></span> <span class='ocrx_word' id='word_1_204' title='bbox 1779 2529 1836 2575; x_wconf 89' lang='lat' dir='ltr'><strong>et</strong></span> 
     </span>
    </p>
   </div>
   <div class='ocr_carea' id='block_1_28' title="bbox 247 2605 1834 2682">
    <p class='ocr_par' dir='ltr' id='par_1_28' title="bbox 247 2605 1834 2682">
     <span class='ocr_line' id='line_1_28' title="bbox 247 2605 1834 2682; baseline 0.004 -23"><span class='ocrx_word' id='word_1_205' title='bbox 247 2621 277 2660; x_wconf 80' lang='lat' dir='ltr'><strong>a</strong></span> <span class='ocrx_word' id='word_1_206' title='bbox 324 2605 506 2676; x_wconf 87' lang='lat' dir='ltr'><strong>pluvia</strong></span> <span class='ocrx_word' id='word_1_207' title='bbox 549 2607 692 2678; x_wconf 77' lang='lat' dir='ltr'><strong>(Im.</strong></span> <span class='ocrx_word' id='word_1_208' title='bbox 747 2610 851 2678; x_wconf 93' lang='lat' dir='ltr'><strong>tv).</strong></span> <span class='ocrx_word' id='word_1_209' title='bbox 899 2611 1010 2666; x_wconf 91' lang='lat' dir='ltr'><strong>lloc</strong></span> <span class='ocrx_word' id='word_1_210' title='bbox 1051 2619 1135 2666; x_wconf 87' lang='lat' dir='ltr'><strong>est</strong></span> <span class='ocrx_word' id='word_1_211' title='bbox 1179 2611 1306 2664; x_wconf 91' lang='lat' dir='ltr'><strong>illud</strong></span> <span class='ocrx_word' id='word_1_212' title='bbox 1351 2627 1578 2682; x_wconf 87' lang='lat' dir='ltr'><strong>granum</strong></span> <span class='ocrx_word' id='word_1_213' title='bbox 1629 2612 1834 2680; x_wconf 82' lang='lat' dir='ltr'><strong>sinapis</strong></span> 
     </span>
    </p>
   </div>
   <div class='ocr_carea' id='block_1_29' title="bbox 249 2697 1835 2770">
    <p class='ocr_par' dir='ltr' id='par_1_29' title="bbox 249 2697 1835 2770">
     <span class='ocr_line' id='line_1_29' title="bbox 249 2697 1835 2770; baseline 0.004 -22"><span class='ocrx_word' id='word_1_214' title='bbox 249 2697 390 2764; x_wconf 87' lang='lat' dir='ltr'><strong>quod</strong></span> <span class='ocrx_word' id='word_1_215' title='bbox 435 2697 492 2751; x_wconf 88' lang='lat' dir='ltr'><strong>in</strong></span> <span class='ocrx_word' id='word_1_216' title='bbox 533 2707 686 2751; x_wconf 85' lang='lat' dir='ltr'><strong>utero</strong></span> <span class='ocrx_word' id='word_1_217' title='bbox 731 2697 971 2770; x_wconf 74' lang='lat' dir='ltr'><strong>Virginis</strong></span> <span class='ocrx_word' id='word_1_218' title='bbox 1013 2699 1106 2756; x_wconf 78' lang='lat' dir='ltr'><strong>Dei</strong></span> <span class='ocrx_word' id='word_1_219' title='bbox 1153 2699 1330 2755; x_wconf 83' lang='lat' dir='ltr'><strong>Patris</strong></span> <span class='ocrx_word' id='word_1_220' title='bbox 1381 2701 1632 2754; x_wconf 87' lang='lat' dir='ltr'><strong>manibus</strong></span> <span class='ocrx_word' id='word_1_221' title='bbox 1675 2700 1835 2755; x_wconf 89' lang='lat' dir='ltr'><strong>semi-</strong></span> 
     </span>
    </p>
   </div>
   <div class='ocr_carea' id='block_1_30' title="bbox 250 2783 1836 2854">
    <p class='ocr_par' dir='ltr' id='par_1_30' title="bbox 250 2783 1836 2854">
     <span class='ocr_line' id='line_1_30' title="bbox 250 2783 1836 2854; baseline 0.004 -16"><span class='ocrx_word' id='word_1_222' title='bbox 250 2793 472 2849; x_wconf 85' lang='lat' dir='ltr'><strong>natum,</strong></span> <span class='ocrx_word' id='word_1_223' title='bbox 521 2787 700 2840; x_wconf 90' lang='lat' dir='ltr'><strong>minus</strong></span> <span class='ocrx_word' id='word_1_224' title='bbox 749 2783 849 2840; x_wconf 77' lang='lat' dir='ltr'><strong>fuit</strong></span> <span class='ocrx_word' id='word_1_225' title='bbox 895 2788 1148 2843; x_wconf 90' lang='lat' dir='ltr'><strong>omnibus</strong></span> <span class='ocrx_word' id='word_1_226' title='bbox 1201 2787 1439 2844; x_wconf 75' lang='lat' dir='ltr'><strong>oleribus</strong></span> <span class='ocrx_word' id='word_1_227' title='bbox 1489 2797 1688 2854; x_wconf 70' lang='lat' dir='ltr'><strong>terrae,</strong></span> <span class='ocrx_word' id='word_1_228' title='bbox 1739 2789 1836 2844; x_wconf 90' lang='lat' dir='ltr'><strong>sed</strong></span> 
     </span>
    </p>
   </div>
   <div class='ocr_carea' id='block_1_31' title="bbox 245 2875 1836 2944">
    <p class='ocr_par' dir='ltr' id='par_1_31' title="bbox 245 2875 1836 2944">
     <span class='ocr_line' id='line_1_31' title="bbox 245 2875 1836 2944; baseline 0.004 -16"><span class='ocrx_word' id='word_1_229' title='bbox 245 2875 299 2928; x_wconf 86' lang='lat' dir='ltr'><strong>in</strong></span> <span class='ocrx_word' id='word_1_230' title='bbox 345 2882 554 2928; x_wconf 82' lang='lat' dir='ltr'><strong>tantam</strong></span> <span class='ocrx_word' id='word_1_231' title='bbox 605 2875 944 2934; x_wconf 83' lang='lat' dir='ltr'><strong>altitudian</strong></span> <span class='ocrx_word' id='word_1_232' title='bbox 990 2879 1332 2944; x_wconf 66' lang='lat' dir='ltr'><strong>exsurrexit,</strong></span> <span class='ocrx_word' id='word_1_233' title='bbox 1385 2887 1443 2933; x_wconf 88' lang='lat' dir='ltr'><strong>ut</strong></span> <span class='ocrx_word' id='word_1_234' title='bbox 1479 2879 1698 2932; x_wconf 88' lang='lat' dir='ltr'><strong>veniant</strong></span> <span class='ocrx_word' id='word_1_235' title='bbox 1748 2896 1836 2935; x_wconf 88' lang='lat' dir='ltr'><strong>vo-</strong></span> 
     </span>
    </p>
   </div>
   <div class='ocr_carea' id='block_1_32' title="bbox 244 2964 1830 3042">
    <p class='ocr_par' dir='ltr' id='par_1_32' title="bbox 244 2964 1830 3042">
     <span class='ocr_line' id='line_1_32' title="bbox 244 2964 1830 3042; baseline 0 -18"><span class='ocrx_word' id='word_1_236' title='bbox 244 2964 422 3024; x_wconf 83' lang='lat' dir='ltr'><strong>lucres</strong></span> <span class='ocrx_word' id='word_1_237' title='bbox 465 2967 614 3030; x_wconf 71' lang='lat' dir='ltr'><strong>cmli,</strong></span> <span class='ocrx_word' id='word_1_238' title='bbox 648 2976 700 3021; x_wconf 92' lang='lat' dir='ltr'><strong>et</strong></span> <span class='ocrx_word' id='word_1_239' title='bbox 729 2967 981 3023; x_wconf 88' lang='lat' dir='ltr'><strong>habitent</strong></span> <span class='ocrx_word' id='word_1_240' title='bbox 1011 2969 1063 3022; x_wconf 92' lang='lat' dir='ltr'><strong>in</strong></span> <span class='ocrx_word' id='word_1_241' title='bbox 1095 2969 1262 3024; x_wconf 87' lang='lat' dir='ltr'><strong>ramis</strong></span> <span class='ocrx_word' id='word_1_242' title='bbox 1287 2971 1402 3038; x_wconf 84' lang='lat' dir='ltr'><strong>ejus</strong></span> <span class='ocrx_word' id='word_1_243' title='bbox 1435 2969 1651 3040; x_wconf 78' lang='lat' dir='ltr'><strong>(Hatllt.</strong></span> <span class='ocrx_word' id='word_1_244' title='bbox 1681 2973 1830 3042; x_wconf 72' lang='lat' dir='ltr'><strong>XIII);</strong></span> 
     </span>
    </p>
   </div>
   <div class='ocr_carea' id='block_1_33' title="bbox 243 3057 1836 3131">
    <p class='ocr_par' dir='ltr' id='par_1_33' title="bbox 243 3057 1836 3131">
     <span class='ocr_line' id='line_1_33' title="bbox 243 3057 1836 3131; baseline 0.001 -17"><span class='ocrx_word' id='word_1_245' title='bbox 243 3057 482 3127; x_wconf 84' lang='lat' dir='ltr'><strong>lignum,</strong></span> <span class='ocrx_word' id='word_1_246' title='bbox 509 3058 648 3128; x_wconf 90' lang='lat' dir='ltr'><strong>quod</strong></span> <span class='ocrx_word' id='word_1_247' title='bbox 689 3059 988 3129; x_wconf 87' lang='lat' dir='ltr'><strong>plautatum</strong></span> <span class='ocrx_word' id='word_1_248' title='bbox 1031 3071 1114 3115; x_wconf 85' lang='lat' dir='ltr'><strong>est</strong></span> <span class='ocrx_word' id='word_1_249' title='bbox 1161 3076 1319 3116; x_wconf 86' lang='lat' dir='ltr'><strong>secus</strong></span> <span class='ocrx_word' id='word_1_250' title='bbox 1363 3061 1621 3116; x_wconf 89' lang='lat' dir='ltr'><strong>decursus</strong></span> <span class='ocrx_word' id='word_1_251' title='bbox 1669 3077 1836 3131; x_wconf 89' lang='lat' dir='ltr'><strong>aqua-</strong></span> 
     </span>
    </p>
   </div>
   <div class='ocr_carea' id='block_1_34' title="bbox 1935 511 3510 602">
    <p class='ocr_par' dir='ltr' id='par_1_34' title="bbox 1935 511 3510 602">
     <span class='ocr_line' id='line_1_34' title="bbox 1935 511 3510 602; baseline 0.007 -26"><span class='ocrx_word' id='word_1_252' title='bbox 1935 511 2305 593; x_wconf 36' lang='lat' dir='ltr'><strong>utique&#39;illius,</strong></span> <span class='ocrx_word' id='word_1_253' title='bbox 2337 525 2401 582; x_wconf 89' lang='lat' dir='ltr'><strong>de</strong></span> <span class='ocrx_word' id='word_1_254' title='bbox 2426 543 2528 597; x_wconf 88' lang='lat' dir='ltr'><strong>qua</strong></span> <span class='ocrx_word' id='word_1_255' title='bbox 2553 529 2812 599; x_wconf 88' lang='lat' dir='ltr'><strong>scriptum</strong></span> <span class='ocrx_word' id='word_1_256' title='bbox 2841 539 2924 585; x_wconf 89' lang='lat' dir='ltr'><strong>est</strong></span> <span class='ocrx_word' id='word_1_257' title='bbox 2953 548 2970 587; x_wconf 88' lang='lat'><strong>:</strong></span> <span class='ocrx_word' id='word_1_258' title='bbox 3007 549 3024 582; x_wconf 81' lang='grc' dir='ltr'><strong>ι</strong></span> <span class='ocrx_word' id='word_1_259' title='bbox 3055 529 3222 586; x_wconf 82' lang='lat' dir='ltr'><strong>Nemo</strong></span> <span class='ocrx_word' id='word_1_260' title='bbox 3261 535 3510 602; x_wconf 67' lang='lat' dir='ltr'><strong>erat&#39;qui</strong></span> 
     </span>
    </p>
   </div>
   <div class='ocr_carea' id='block_1_35' title="bbox 1933 617 3510 690">
    <p class='ocr_par' dir='ltr' id='par_1_35' title="bbox 1933 617 3510 690">
     <span class='ocr_line' id='line_1_35' title="bbox 1933 617 3510 690; baseline 0.008 -22"><span class='ocrx_word' id='word_1_261' title='bbox 1933 625 2248 684; x_wconf 85' lang='lat' dir='ltr'><strong>operaretur</strong></span> <span class='ocrx_word' id='word_1_262' title='bbox 2273 627 2472 672; x_wconf 88' lang='lat' dir='ltr'><strong>terram</strong></span> <span class='ocrx_word' id='word_1_263' title='bbox 2496 617 2646 690; x_wconf 81' lang='lat' dir='ltr'><strong>(Cen.</strong></span> <span class='ocrx_word' id='word_1_264' title='bbox 2671 619 2754 690; x_wconf 93' lang='grc' dir='ltr'>ιι).</span> <span class='ocrx_word' id='word_1_265' title='bbox 2778 640 2797 672; x_wconf 78' lang='grc' dir='ltr'><strong>ι</strong></span> <span class='ocrx_word' id='word_1_266' title='bbox 2817 621 2912 676; x_wconf 88' lang='lat' dir='ltr'><strong>Est</strong></span> <span class='ocrx_word' id='word_1_267' title='bbox 2933 623 3093 676; x_wconf 88' lang='lat' dir='ltr'><strong>etiam</strong></span> <span class='ocrx_word' id='word_1_268' title='bbox 3127 623 3180 676; x_wconf 90' lang='lat' dir='ltr'><strong>in</strong></span> <span class='ocrx_word' id='word_1_269' title='bbox 3209 625 3388 678; x_wconf 91' lang='lat' dir='ltr'><strong>medio</strong></span> <span class='ocrx_word' id='word_1_270' title='bbox 3409 625 3510 680; x_wconf 86' lang='lat' dir='ltr'><strong>Ec-</strong></span> 
     </span>
    </p>
   </div>
   <div class='ocr_carea' id='block_1_36' title="bbox 1933 704 3510 769">
    <p class='ocr_par' dir='ltr' id='par_1_36' title="bbox 1933 704 3510 769">
     <span class='ocr_line' id='line_1_36' title="bbox 1933 704 3510 769; baseline 0.006 -12"><span class='ocrx_word' id='word_1_271' title='bbox 1933 704 2130 769; x_wconf 68' lang='lat' dir='ltr'><strong>clesiae,</strong></span> <span class='ocrx_word' id='word_1_272' title='bbox 2169 705 2380 760; x_wconf 89' lang='lat' dir='ltr'><strong>dicente</strong></span> <span class='ocrx_word' id='word_1_273' title='bbox 2417 707 2740 763; x_wconf 85' lang='lat' dir='ltr'><strong>Psalmista:</strong></span> <span class='ocrx_word' id='word_1_274' title='bbox 2787 727 2806 761; x_wconf 80' lang='grc' dir='ltr'><strong>ι</strong></span> <span class='ocrx_word' id='word_1_275' title='bbox 2845 710 3214 766; x_wconf 85' lang='lat' dir='ltr'><strong>Sanctiticavit</strong></span> <span class='ocrx_word' id='word_1_276' title='bbox 3261 711 3510 768; x_wconf 87' lang='lat' dir='ltr'><strong>taberna-</strong></span> 
     </span>
    </p>
   </div>
   <div class='ocr_carea' id='block_1_37' title="bbox 1933 793 3510 870">
    <p class='ocr_par' dir='ltr' id='par_1_37' title="bbox 1933 793 3510 870">
     <span class='ocr_line' id='line_1_37' title="bbox 1933 793 3510 870; baseline 0.006 -22"><span class='ocrx_word' id='word_1_277' title='bbox 1933 793 2114 848; x_wconf 89' lang='lat' dir='ltr'><strong>culum</strong></span> <span class='ocrx_word' id='word_1_278' title='bbox 2144 810 2298 850; x_wconf 90' lang='lat' dir='ltr'><strong>sunm</strong></span> <span class='ocrx_word' id='word_1_279' title='bbox 2351 797 2698 854; x_wconf 83' lang='lat' dir='ltr'><strong>Altissimus:</strong></span> <span class='ocrx_word' id='word_1_280' title='bbox 2729 799 2869 854; x_wconf 89' lang='lat' dir='ltr'><strong>Deus</strong></span> <span class='ocrx_word' id='word_1_281' title='bbox 2925 799 2981 854; x_wconf 89' lang='lat' dir='ltr'><strong>in</strong></span> <span class='ocrx_word' id='word_1_282' title='bbox 3035 799 3211 855; x_wconf 87' lang='lat' dir='ltr'><strong>medio</strong></span> <span class='ocrx_word' id='word_1_283' title='bbox 3257 799 3373 870; x_wconf 87' lang='lat' dir='ltr'><strong>ejus</strong></span> <span class='ocrx_word' id='word_1_284' title='bbox 3401 817 3510 858; x_wconf 87' lang='lat' dir='ltr'><strong>non</strong></span> 
     </span>
    </p>
   </div>
   <div class='ocr_carea' id='block_1_38' title="bbox 1935 883 2818 956">
    <p class='ocr_par' dir='ltr' id='par_1_38' title="bbox 1935 883 2818 956">
     <span class='ocr_line' id='line_1_38' title="bbox 1935 883 2818 956; baseline 0.006 -21"><span class='ocrx_word' id='word_1_285' title='bbox 1935 885 2364 939; x_wconf 82' lang='lat' dir='ltr'><strong>commovebitur</strong></span> <span class='ocrx_word' id='word_1_286' title='bbox 2386 883 2558 956; x_wconf 75' lang='lat' dir='ltr'><strong>(Paul.</strong></span> <span class='ocrx_word' id='word_1_287' title='bbox 2589 887 2766 956; x_wconf 74' lang='lat' dir='ltr'><strong>XLIII).</strong></span> <span class='ocrx_word' id='word_1_288' title='bbox 2799 907 2818 940; x_wconf 75' lang='grc' dir='ltr'><strong>ι</strong></span> 
     </span>
    </p>
   </div>
   <div class='ocr_carea' id='block_1_39' title="bbox 2003 972 3510 1050">
    <p class='ocr_par' dir='ltr' id='par_1_39' title="bbox 2003 972 3510 1050">
     <span class='ocr_line' id='line_1_39' title="bbox 2003 972 3510 1050; baseline 0.006 -23"><span class='ocrx_word' id='word_1_289' title='bbox 2003 972 2328 1046; x_wconf 85' lang='lat' dir='ltr'><strong>Colligantus</strong></span> <span class='ocrx_word' id='word_1_290' title='bbox 2379 991 2548 1046; x_wconf 89' lang='lat' dir='ltr'><strong>pauca</strong></span> <span class='ocrx_word' id='word_1_291' title='bbox 2581 979 2647 1034; x_wconf 91' lang='lat' dir='ltr'><strong>de</strong></span> <span class='ocrx_word' id='word_1_292' title='bbox 2695 979 2955 1050; x_wconf 85' lang='lat' dir='ltr'><strong>pluribus,</strong></span> <span class='ocrx_word' id='word_1_293' title='bbox 3001 981 3232 1050; x_wconf 85' lang='lat' dir='ltr'><strong>qualiter</strong></span> <span class='ocrx_word' id='word_1_294' title='bbox 3259 981 3510 1038; x_wconf 84' lang='lat' dir='ltr'><strong>Salvator</strong></span> 
     </span>
    </p>
   </div>
   <div class='ocr_carea' id='block_1_40' title="bbox 1935 1065 3510 1136">
    <p class='ocr_par' dir='ltr' id='par_1_40' title="bbox 1935 1065 3510 1136">
     <span class='ocr_line' id='line_1_40' title="bbox 1935 1065 3510 1136; baseline 0.004 -18"><span class='ocrx_word' id='word_1_295' title='bbox 1935 1065 2142 1119; x_wconf 90' lang='lat' dir='ltr'><strong>medius</strong></span> <span class='ocrx_word' id='word_1_296' title='bbox 2181 1065 2272 1130; x_wconf 88' lang='lat' dir='ltr'><strong>sit,</strong></span> <span class='ocrx_word' id='word_1_297' title='bbox 2317 1075 2372 1120; x_wconf 90' lang='lat' dir='ltr'><strong>et</strong></span> <span class='ocrx_word' id='word_1_298' title='bbox 2426 1083 2640 1136; x_wconf 88' lang='lat' dir='ltr'><strong>semper</strong></span> <span class='ocrx_word' id='word_1_299' title='bbox 2679 1069 2732 1122; x_wconf 93' lang='lat' dir='ltr'><strong>in</strong></span> <span class='ocrx_word' id='word_1_300' title='bbox 2785 1071 2963 1126; x_wconf 89' lang='lat' dir='ltr'><strong>medio</strong></span> <span class='ocrx_word' id='word_1_301' title='bbox 3011 1071 3276 1126; x_wconf 88' lang='lat' dir='ltr'><strong>videatur.</strong></span> <span class='ocrx_word' id='word_1_302' title='bbox 3333 1070 3510 1126; x_wconf 65' lang='lat' dir='ltr'><strong>(Vul-</strong></span> 
     </span>
    </p>
   </div>
   <div class='ocr_carea' id='block_1_41' title="bbox 1935 1156 3506 1232">
    <p class='ocr_par' dir='ltr' id='par_1_41' title="bbox 1935 1156 3506 1232">
     <span class='ocr_line' id='line_1_41' title="bbox 1935 1156 3506 1232; baseline 0.005 -23"><span class='ocrx_word' id='word_1_303' title='bbox 1935 1171 2028 1226; x_wconf 83' lang='lat' dir='ltr'><strong>pes</strong></span> <span class='ocrx_word' id='word_1_304' title='bbox 2079 1156 2262 1212; x_wconf 86' lang='lat' dir='ltr'><strong>foveas</strong></span> <span class='ocrx_word' id='word_1_305' title='bbox 2315 1157 2542 1223; x_wconf 88' lang='lat' dir='ltr'><strong>habent,</strong></span> <span class='ocrx_word' id='word_1_306' title='bbox 2588 1167 2642 1213; x_wconf 90' lang='lat' dir='ltr'><strong>et</strong></span> <span class='ocrx_word' id='word_1_307' title='bbox 2675 1159 2924 1215; x_wconf 83' lang='lat' dir='ltr'><strong>volucres</strong></span> <span class='ocrx_word' id='word_1_308' title='bbox 2981 1161 3106 1215; x_wconf 67' lang='lat' dir='ltr'><strong>coeli</strong></span> <span class='ocrx_word' id='word_1_309' title='bbox 3154 1161 3310 1216; x_wconf 86' lang='lat' dir='ltr'><strong>nidos</strong></span> <span class='ocrx_word' id='word_1_310' title='bbox 3351 1161 3506 1232; x_wconf 84' lang='lat' dir='ltr'><strong>(Luc.</strong></span> 
     </span>
    </p>
   </div>
   <div class='ocr_carea' id='block_1_42' title="bbox 1936 1247 3510 1324">
    <p class='ocr_par' dir='ltr' id='par_1_42' title="bbox 1936 1247 3510 1324">
     <span class='ocr_line' id='line_1_42' title="bbox 1936 1247 3510 1324; baseline 0.006 -26"><span class='ocrx_word' id='word_1_311' title='bbox 1936 1247 2048 1316; x_wconf 78' lang='lat' dir='ltr'><strong>Ix);</strong></span> <span class='ocrx_word' id='word_1_312' title='bbox 2086 1267 2104 1298; x_wconf 79' lang='grc' dir='ltr'><strong>ι</strong></span> <span class='ocrx_word' id='word_1_313' title='bbox 2137 1247 2251 1316; x_wconf 86' lang='lat' dir='ltr'><strong>ipse</strong></span> <span class='ocrx_word' id='word_1_314' title='bbox 2279 1263 2384 1302; x_wconf 92' lang='lat' dir='ltr'><strong>non</strong></span> <span class='ocrx_word' id='word_1_315' title='bbox 2409 1249 2572 1304; x_wconf 86' lang='lat' dir='ltr'><strong>habet</strong></span> <span class='ocrx_word' id='word_1_316' title='bbox 2601 1250 2808 1316; x_wconf 89' lang='lat' dir='ltr'><strong>nidum,</strong></span> <span class='ocrx_word' id='word_1_317' title='bbox 2833 1250 3040 1305; x_wconf 85' lang='lat' dir='ltr'><strong>foveam</strong></span> <span class='ocrx_word' id='word_1_318' title='bbox 3071 1251 3307 1321; x_wconf 81' lang='lat' dir='ltr'><strong>ignorat,</strong></span> <span class='ocrx_word' id='word_1_319' title='bbox 3337 1268 3510 1324; x_wconf 82' lang='lat' dir='ltr'><strong>angu-</strong></span> 
     </span>
    </p>
   </div>
   <div class='ocr_carea' id='block_1_43' title="bbox 1935 1335 3510 1412">
    <p class='ocr_par' dir='ltr' id='par_1_43' title="bbox 1935 1335 3510 1412">
     <span class='ocr_line' id='line_1_43' title="bbox 1935 1335 3510 1412; baseline 0.007 -25"><span class='ocrx_word' id='word_1_320' title='bbox 1935 1335 2042 1392; x_wconf 85' lang='lat' dir='ltr'><strong>lum</strong></span> <span class='ocrx_word' id='word_1_321' title='bbox 2067 1339 2270 1403; x_wconf 86' lang='lat' dir='ltr'><strong>nescit;</strong></span> <span class='ocrx_word' id='word_1_322' title='bbox 2297 1337 2473 1394; x_wconf 90' lang='lat' dir='ltr'><strong>locum</strong></span> <span class='ocrx_word' id='word_1_323' title='bbox 2503 1339 2654 1394; x_wconf 92' lang='lat' dir='ltr'><strong>illum</strong></span> <span class='ocrx_word' id='word_1_324' title='bbox 2678 1339 2839 1410; x_wconf 82' lang='lat' dir='ltr'><strong>elegit</strong></span> <span class='ocrx_word' id='word_1_325' title='bbox 2867 1341 3008 1396; x_wconf 87' lang='lat' dir='ltr'><strong>unde</strong></span> <span class='ocrx_word' id='word_1_326' title='bbox 3035 1351 3214 1412; x_wconf 88' lang='lat' dir='ltr'><strong>pateat</strong></span> <span class='ocrx_word' id='word_1_327' title='bbox 3237 1344 3510 1408; x_wconf 87' lang='lat' dir='ltr'><strong>omnibus,</strong></span> 
     </span>
    </p>
   </div>
   <div class='ocr_carea' id='block_1_44' title="bbox 1933 1426 3507 1502">
    <p class='ocr_par' dir='ltr' id='par_1_44' title="bbox 1933 1426 3507 1502">
     <span class='ocr_line' id='line_1_44' title="bbox 1933 1426 3507 1502; baseline 0.007 -23"><span class='ocrx_word' id='word_1_328' title='bbox 1933 1426 2150 1480; x_wconf 72' lang='lat' dir='ltr'><strong>exclusa</strong></span> <span class='ocrx_word' id='word_1_329' title='bbox 2193 1443 2550 1497; x_wconf 87' lang='lat' dir='ltr'><strong>personarum</strong></span> <span class='ocrx_word' id='word_1_330' title='bbox 2604 1433 2942 1502; x_wconf 87' lang='lat' dir='ltr'><strong>acceptione.</strong></span> <span class='ocrx_word' id='word_1_331' title='bbox 2981 1431 3222 1502; x_wconf 88' lang='lat' dir='ltr'><strong>Denique</strong></span> <span class='ocrx_word' id='word_1_332' title='bbox 3253 1443 3507 1500; x_wconf 89' lang='lat' dir='ltr'><strong>etnatus,</strong></span> 
     </span>
    </p>
   </div>
   <div class='ocr_carea' id='block_1_45' title="bbox 1935 1517 3514 1591">
    <p class='ocr_par' dir='ltr' id='par_1_45' title="bbox 1935 1517 3514 1591">
     <span class='ocr_line' id='line_1_45' title="bbox 1935 1517 3514 1591; baseline 0.004 -23"><span class='ocrx_word' id='word_1_333' title='bbox 1935 1517 2142 1586; x_wconf 76' lang='lat' dir='ltr'><strong>positus</strong></span> <span class='ocrx_word' id='word_1_334' title='bbox 2191 1525 2274 1572; x_wconf 91' lang='lat' dir='ltr'><strong>est</strong></span> <span class='ocrx_word' id='word_1_335' title='bbox 2307 1519 2360 1572; x_wconf 92' lang='lat' dir='ltr'><strong>in</strong></span> <span class='ocrx_word' id='word_1_336' title='bbox 2393 1519 2570 1573; x_wconf 86' lang='lat' dir='ltr'><strong>medio</strong></span> <span class='ocrx_word' id='word_1_337' title='bbox 2615 1520 2842 1574; x_wconf 91' lang='lat' dir='ltr'><strong>duorum</strong></span> <span class='ocrx_word' id='word_1_338' title='bbox 2874 1520 3208 1586; x_wconf 89' lang='lat' dir='ltr'><strong>animalium,</strong></span> <span class='ocrx_word' id='word_1_339' title='bbox 3236 1529 3290 1574; x_wconf 90' lang='lat' dir='ltr'><strong>et</strong></span> <span class='ocrx_word' id='word_1_340' title='bbox 3318 1523 3514 1591; x_wconf 65' lang='lat' dir='ltr'><strong>quaesi-</strong></span> 
     </span>
    </p>
   </div>
   <div class='ocr_carea' id='block_1_46' title="bbox 1938 1609 3514 1684">
    <p class='ocr_par' dir='ltr' id='par_1_46' title="bbox 1938 1609 3514 1684">
     <span class='ocr_line' id='line_1_46' title="bbox 1938 1609 3514 1684; baseline 0.004 -23"><span class='ocrx_word' id='word_1_341' title='bbox 1938 1617 2023 1662; x_wconf 92' lang='lat' dir='ltr'><strong>tus</strong></span> <span class='ocrx_word' id='word_1_342' title='bbox 2050 1609 2322 1664; x_wconf 87' lang='lat' dir='ltr'><strong>invenitur</strong></span> <span class='ocrx_word' id='word_1_343' title='bbox 2351 1611 2404 1664; x_wconf 89' lang='lat' dir='ltr'><strong>in</strong></span> <span class='ocrx_word' id='word_1_344' title='bbox 2437 1611 2614 1666; x_wconf 90' lang='lat' dir='ltr'><strong>medio</strong></span> <span class='ocrx_word' id='word_1_345' title='bbox 2665 1612 2947 1666; x_wconf 87' lang='lat' dir='ltr'><strong>doctorum</strong></span> <span class='ocrx_word' id='word_1_346' title='bbox 2991 1611 3144 1684; x_wconf 88' lang='lat' dir='ltr'><strong>(Luc.</strong></span> <span class='ocrx_word' id='word_1_347' title='bbox 3177 1613 3239 1680; x_wconf 91' lang='lat' dir='ltr'><strong>II)</strong></span> <span class='ocrx_word' id='word_1_348' title='bbox 3276 1630 3289 1665; x_wconf 90' lang='lat'><strong>:</strong></span> <span class='ocrx_word' id='word_1_349' title='bbox 3324 1621 3380 1665; x_wconf 89' lang='lat' dir='ltr'><strong>et</strong></span> <span class='ocrx_word' id='word_1_350' title='bbox 3403 1629 3514 1668; x_wconf 84' lang='lat' dir='ltr'><strong>Ine-</strong></span> 
     </span>
    </p>
   </div>
   <div class='ocr_carea' id='block_1_47' title="bbox 1937 1698 3516 1772">
    <p class='ocr_par' dir='ltr' id='par_1_47' title="bbox 1937 1698 3516 1772">
     <span class='ocr_line' id='line_1_47' title="bbox 1937 1698 3516 1772; baseline 0.003 -20"><span class='ocrx_word' id='word_1_351' title='bbox 1937 1699 2061 1754; x_wconf 88' lang='lat' dir='ltr'><strong>dius</strong></span> <span class='ocrx_word' id='word_1_352' title='bbox 2089 1698 2396 1754; x_wconf 70' lang='lat' dir='ltr'><strong>Judmorum</strong></span> <span class='ocrx_word' id='word_1_353' title='bbox 2445 1711 2576 1766; x_wconf 89' lang='lat' dir='ltr'><strong>stat,</strong></span> <span class='ocrx_word' id='word_1_354' title='bbox 2613 1717 2772 1772; x_wconf 90' lang='lat' dir='ltr'><strong>quem</strong></span> <span class='ocrx_word' id='word_1_355' title='bbox 2813 1702 2912 1772; x_wconf 87' lang='lat' dir='ltr'><strong>ipsi</strong></span> <span class='ocrx_word' id='word_1_356' title='bbox 2947 1701 3215 1758; x_wconf 87' lang='lat' dir='ltr'><strong>nesciunt.</strong></span> <span class='ocrx_word' id='word_1_357' title='bbox 3247 1701 3516 1772; x_wconf 85' lang='lat' dir='ltr'><strong>Loquitur</strong></span> 
     </span>
    </p>
   </div>
   <div class='ocr_carea' id='block_1_48' title="bbox 1935 1791 3515 1862">
    <p class='ocr_par' dir='ltr' id='par_1_48' title="bbox 1935 1791 3515 1862">
     <span class='ocr_line' id='line_1_48' title="bbox 1935 1791 3515 1862; baseline 0.001 -18"><span class='ocrx_word' id='word_1_358' title='bbox 1935 1799 1990 1844; x_wconf 81' lang='lat' dir='ltr'><strong>et</strong></span> <span class='ocrx_word' id='word_1_359' title='bbox 2029 1791 2096 1844; x_wconf 88' lang='lat' dir='ltr'><strong>ad</strong></span> <span class='ocrx_word' id='word_1_360' title='bbox 2143 1791 2478 1860; x_wconf 89' lang='lat' dir='ltr'><strong>discipulos:</strong></span> <span class='ocrx_word' id='word_1_361' title='bbox 2513 1809 2530 1841; x_wconf 79' lang='grc' dir='ltr'><strong>ι</strong></span> <span class='ocrx_word' id='word_1_362' title='bbox 2583 1791 2682 1846; x_wconf 83' lang='lat' dir='ltr'><strong>Ubi</strong></span> <span class='ocrx_word' id='word_1_363' title='bbox 2735 1791 2861 1858; x_wconf 92' lang='lat' dir='ltr'><strong>duo,</strong></span> <span class='ocrx_word' id='word_1_364' title='bbox 2919 1791 3002 1846; x_wconf 85' lang='lat' dir='ltr'><strong>vel</strong></span> <span class='ocrx_word' id='word_1_365' title='bbox 3044 1801 3154 1846; x_wconf 89' lang='lat' dir='ltr'><strong>tres</strong></span> <span class='ocrx_word' id='word_1_366' title='bbox 3201 1793 3515 1862; x_wconf 80' lang='lat' dir='ltr'><strong>congregati</strong></span> 
     </span>
    </p>
   </div>
   <div class='ocr_carea' id='block_1_49' title="bbox 1938 1881 3510 1948">
    <p class='ocr_par' dir='ltr' id='par_1_49' title="bbox 1938 1881 3510 1948">
     <span class='ocr_line' id='line_1_49' title="bbox 1938 1881 3510 1948; baseline -0.001 -12"><span class='ocrx_word' id='word_1_367' title='bbox 1938 1881 2138 1937; x_wconf 80' lang='lat' dir='ltr'><strong>fuerint</strong></span> <span class='ocrx_word' id='word_1_368' title='bbox 2190 1883 2243 1936; x_wconf 88' lang='lat' dir='ltr'><strong>in</strong></span> <span class='ocrx_word' id='word_1_369' title='bbox 2303 1883 2518 1938; x_wconf 87' lang='lat' dir='ltr'><strong>nomine</strong></span> <span class='ocrx_word' id='word_1_370' title='bbox 2571 1899 2710 1948; x_wconf 91' lang='lat' dir='ltr'><strong>meo,</strong></span> <span class='ocrx_word' id='word_1_371' title='bbox 2759 1883 2832 1936; x_wconf 91' lang='lat' dir='ltr'><strong>ibi</strong></span> <span class='ocrx_word' id='word_1_372' title='bbox 2868 1899 2988 1936; x_wconf 90' lang='lat' dir='ltr'><strong>sum</strong></span> <span class='ocrx_word' id='word_1_373' title='bbox 3035 1883 3086 1936; x_wconf 90' lang='lat' dir='ltr'><strong>in</strong></span> <span class='ocrx_word' id='word_1_374' title='bbox 3117 1883 3297 1938; x_wconf 90' lang='lat' dir='ltr'><strong>medio</strong></span> <span class='ocrx_word' id='word_1_375' title='bbox 3321 1897 3510 1936; x_wconf 88' lang='lat' dir='ltr'><strong>eorum</strong></span> 
     </span>
    </p>
   </div>
   <div class='ocr_carea' id='block_1_50' title="bbox 1936 1971 3510 2041">
    <p class='ocr_par' dir='ltr' id='par_1_50' title="bbox 1936 1971 3510 2041">
     <span class='ocr_line' id='line_1_50' title="bbox 1936 1971 3510 2041; baseline 0 -17"><span class='ocrx_word' id='word_1_376' title='bbox 1936 1971 2152 2041; x_wconf 72' lang='lat' dir='ltr'><strong>(Matth.</strong></span> <span class='ocrx_word' id='word_1_377' title='bbox 2183 1971 2360 2040; x_wconf 80' lang='lat' dir='ltr'><strong>xvttt).</strong></span> <span class='ocrx_word' id='word_1_378' title='bbox 2401 1991 2420 2022; x_wconf 78' lang='grc' dir='ltr'><strong>ι</strong></span> <span class='ocrx_word' id='word_1_379' title='bbox 2447 1972 2512 2025; x_wconf 85' lang='grc' dir='ltr'>Ει</span> <span class='ocrx_word' id='word_1_380' title='bbox 2545 1989 2557 2024; x_wconf 91' lang='lat'><strong>:</strong></span> <span class='ocrx_word' id='word_1_381' title='bbox 2589 1991 2607 2023; x_wconf 78' lang='grc' dir='ltr'><strong>ι</strong></span> <span class='ocrx_word' id='word_1_382' title='bbox 2653 1971 2768 2038; x_wconf 82' lang='lat' dir='ltr'><strong>Ego</strong></span> <span class='ocrx_word' id='word_1_383' title='bbox 2803 1972 2856 2025; x_wconf 91' lang='lat' dir='ltr'><strong>in</strong></span> <span class='ocrx_word' id='word_1_384' title='bbox 2888 1973 3064 2026; x_wconf 89' lang='lat' dir='ltr'><strong>medio</strong></span> <span class='ocrx_word' id='word_1_385' title='bbox 3099 1981 3339 2026; x_wconf 88' lang='lat' dir='ltr'><strong>vestrum</strong></span> <span class='ocrx_word' id='word_1_386' title='bbox 3367 1987 3510 2036; x_wconf 91' lang='lat' dir='ltr'><strong>sum,</strong></span> 
     </span>
    </p>
   </div>
   <div class='ocr_carea' id='block_1_51' title="bbox 1935 2059 3512 2130">
    <p class='ocr_par' dir='ltr' id='par_1_51' title="bbox 1935 2059 3512 2130">
     <span class='ocr_line' id='line_1_51' title="bbox 1935 2059 3512 2130; baseline 0.001 -18"><span class='ocrx_word' id='word_1_387' title='bbox 1935 2059 2073 2112; x_wconf 88' lang='lat' dir='ltr'><strong>sicut</strong></span> <span class='ocrx_word' id='word_1_388' title='bbox 2095 2059 2184 2127; x_wconf 90' lang='lat' dir='ltr'><strong>qui</strong></span> <span class='ocrx_word' id='word_1_389' title='bbox 2212 2059 2484 2114; x_wconf 88' lang='lat' dir='ltr'><strong>ministrat</strong></span> <span class='ocrx_word' id='word_1_390' title='bbox 2510 2059 2659 2128; x_wconf 86' lang='lat' dir='ltr'><strong>(Luc.</strong></span> <span class='ocrx_word' id='word_1_391' title='bbox 2685 2061 2841 2130; x_wconf 70' lang='grc' dir='ltr'>χχιι).</span> <span class='ocrx_word' id='word_1_392' title='bbox 2873 2079 2891 2112; x_wconf 78' lang='lat' dir='ltr'><strong>t</strong></span> <span class='ocrx_word' id='word_1_393' title='bbox 2919 2060 3221 2115; x_wconf 82' lang='lat' dir='ltr'><strong>Crucifixus</strong></span> <span class='ocrx_word' id='word_1_394' title='bbox 3241 2069 3324 2115; x_wconf 91' lang='lat' dir='ltr'><strong>est</strong></span> <span class='ocrx_word' id='word_1_395' title='bbox 3347 2062 3512 2114; x_wconf 89' lang='lat' dir='ltr'><strong>etiam</strong></span> 
     </span>
    </p>
   </div>
   <div class='ocr_carea' id='block_1_52' title="bbox 1935 2150 3512 2221">
    <p class='ocr_par' dir='ltr' id='par_1_52' title="bbox 1935 2150 3512 2221">
     <span class='ocr_line' id='line_1_52' title="bbox 1935 2150 3512 2221; baseline 0.001 -18"><span class='ocrx_word' id='word_1_396' title='bbox 1935 2150 1988 2203; x_wconf 91' lang='lat' dir='ltr'><strong>in</strong></span> <span class='ocrx_word' id='word_1_397' title='bbox 2039 2151 2217 2204; x_wconf 91' lang='lat' dir='ltr'><strong>medio</strong></span> <span class='ocrx_word' id='word_1_398' title='bbox 2265 2151 2490 2205; x_wconf 89' lang='lat' dir='ltr'><strong>duorum</strong></span> <span class='ocrx_word' id='word_1_399' title='bbox 2549 2151 2816 2206; x_wconf 86' lang='lat' dir='ltr'><strong>latronum</strong></span> <span class='ocrx_word' id='word_1_400' title='bbox 2861 2171 2874 2206; x_wconf 91' lang='lat'><strong>:</strong></span> <span class='ocrx_word' id='word_1_401' title='bbox 2923 2165 3210 2221; x_wconf 84' lang='lat' dir='ltr'><strong>resurgens</strong></span> <span class='ocrx_word' id='word_1_402' title='bbox 3259 2151 3410 2206; x_wconf 83' lang='lat' dir='ltr'><strong>stetit</strong></span> <span class='ocrx_word' id='word_1_403' title='bbox 3455 2153 3512 2204; x_wconf 86' lang='lat' dir='ltr'><strong>in</strong></span> 
     </span>
    </p>
   </div>
   <div class='ocr_carea' id='block_1_53' title="bbox 1935 2241 3514 2314">
    <p class='ocr_par' dir='ltr' id='par_1_53' title="bbox 1935 2241 3514 2314">
     <span class='ocr_line' id='line_1_53' title="bbox 1935 2241 3514 2314; baseline -0.001 -19"><span class='ocrx_word' id='word_1_404' title='bbox 1935 2241 2111 2296; x_wconf 89' lang='lat' dir='ltr'><strong>medio</strong></span> <span class='ocrx_word' id='word_1_405' title='bbox 2123 2241 2511 2312; x_wconf 89' lang='lat' dir='ltr'><strong>discipulorum</strong></span> <span class='ocrx_word' id='word_1_406' title='bbox 2533 2257 2753 2296; x_wconf 88' lang='lat' dir='ltr'><strong>suorum</strong></span> <span class='ocrx_word' id='word_1_407' title='bbox 2771 2243 2952 2314; x_wconf 86' lang='lat' dir='ltr'><strong>(Joan.</strong></span> <span class='ocrx_word' id='word_1_408' title='bbox 2973 2259 3082 2303; x_wconf 68' lang='grc' dir='ltr'>χιι,</span> <span class='ocrx_word' id='word_1_409' title='bbox 3101 2242 3194 2312; x_wconf 79' lang='lat' dir='ltr'><strong>xx)</strong></span> <span class='ocrx_word' id='word_1_410' title='bbox 3213 2250 3297 2308; x_wconf 88' lang='lat' dir='ltr'><strong>;et</strong></span> <span class='ocrx_word' id='word_1_411' title='bbox 3316 2258 3341 2294; x_wconf 87' lang='lat' dir='ltr'><strong>a</strong></span> <span class='ocrx_word' id='word_1_412' title='bbox 3355 2241 3514 2296; x_wconf 84' lang='lat' dir='ltr'><strong>Joan-</strong></span> 
     </span>
    </p>
   </div>
   <div class='ocr_carea' id='block_1_54' title="bbox 1937 2317 3514 2405">
    <p class='ocr_par' dir='ltr' id='par_1_54' title="bbox 1937 2317 3514 2405">
     <span class='ocr_line' id='line_1_54' title="bbox 1937 2317 3514 2405; baseline 0.001 -18"><span class='ocrx_word' id='word_1_413' title='bbox 1937 2349 2004 2389; x_wconf 88' lang='lat' dir='ltr'><strong>ne</strong></span> <span class='ocrx_word' id='word_1_414' title='bbox 2032 2317 2290 2389; x_wconf 14' lang='lat' dir='ltr'><strong>visusiest</strong></span> <span class='ocrx_word' id='word_1_415' title='bbox 2323 2336 2374 2388; x_wconf 91' lang='lat' dir='ltr'><strong>in</strong></span> <span class='ocrx_word' id='word_1_416' title='bbox 2409 2336 2584 2389; x_wconf 89' lang='lat' dir='ltr'><strong>medio</strong></span> <span class='ocrx_word' id='word_1_417' title='bbox 2611 2345 2815 2405; x_wconf 84' lang='lat' dir='ltr'><strong>septem</strong></span> <span class='ocrx_word' id='word_1_418' title='bbox 2848 2334 3296 2390; x_wconf 90' lang='lat' dir='ltr'><strong>candelabrorum</strong></span> <span class='ocrx_word' id='word_1_419' title='bbox 3324 2347 3514 2388; x_wconf 86' lang='lat' dir='ltr'><strong>aureo-</strong></span> 
     </span>
    </p>
   </div>
   <div class='ocr_carea' id='block_1_55' title="bbox 1935 2423 3515 2496">
    <p class='ocr_par' dir='ltr' id='par_1_55' title="bbox 1935 2423 3515 2496">
     <span class='ocr_line' id='line_1_55' title="bbox 1935 2423 3515 2496; baseline 0.001 -19"><span class='ocrx_word' id='word_1_420' title='bbox 1935 2437 2055 2478; x_wconf 89' lang='lat' dir='ltr'><strong>rum</strong></span> <span class='ocrx_word' id='word_1_421' title='bbox 2114 2423 2298 2496; x_wconf 83' lang='lat' dir='ltr'><strong>(Apoc.</strong></span> <span class='ocrx_word' id='word_1_422' title='bbox 2333 2425 2394 2494; x_wconf 91' lang='lat' dir='ltr'><strong>t).</strong></span> <span class='ocrx_word' id='word_1_423' title='bbox 2447 2425 2653 2480; x_wconf 84' lang='lat' dir='ltr'><strong>Medius</strong></span> <span class='ocrx_word' id='word_1_424' title='bbox 2699 2440 2829 2492; x_wconf 81' lang='lat' dir='ltr'><strong>ergo</strong></span> <span class='ocrx_word' id='word_1_425' title='bbox 2859 2425 3096 2480; x_wconf 88' lang='lat' dir='ltr'><strong>medium</strong></span> <span class='ocrx_word' id='word_1_426' title='bbox 3128 2439 3376 2493; x_wconf 89' lang='lat' dir='ltr'><strong>sequere,</strong></span> <span class='ocrx_word' id='word_1_427' title='bbox 3409 2438 3515 2480; x_wconf 86' lang='lat' dir='ltr'><strong>nec</strong></span> 
     </span>
    </p>
   </div>
   <div class='ocr_carea' id='block_1_56' title="bbox 1937 2512 3512 2584">
    <p class='ocr_par' dir='ltr' id='par_1_56' title="bbox 1937 2512 3512 2584">
     <span class='ocr_line' id='line_1_56' title="bbox 1937 2512 3512 2584; baseline 0 -18"><span class='ocrx_word' id='word_1_428' title='bbox 1937 2512 2256 2584; x_wconf 86' lang='lat' dir='ltr'><strong>angulorum</strong></span> <span class='ocrx_word' id='word_1_429' title='bbox 2317 2515 2586 2578; x_wconf 88' lang='lat' dir='ltr'><strong>sordibus,</strong></span> <span class='ocrx_word' id='word_1_430' title='bbox 2635 2530 2736 2569; x_wconf 90' lang='lat' dir='ltr'><strong>nec</strong></span> <span class='ocrx_word' id='word_1_431' title='bbox 2777 2515 3056 2568; x_wconf 89' lang='lat' dir='ltr'><strong>fovearum</strong></span> <span class='ocrx_word' id='word_1_432' title='bbox 3099 2514 3335 2568; x_wconf 89' lang='lat' dir='ltr'><strong>tenebris</strong></span> <span class='ocrx_word' id='word_1_433' title='bbox 3366 2513 3512 2566; x_wconf 87' lang='lat' dir='ltr'><strong>dele-</strong></span> 
     </span>
    </p>
   </div>
   <div class='ocr_carea' id='block_1_57' title="bbox 1937 2601 3514 2677">
    <p class='ocr_par' dir='ltr' id='par_1_57' title="bbox 1937 2601 3514 2677">
     <span class='ocr_line' id='line_1_57' title="bbox 1937 2601 3514 2677; baseline -0.001 -19"><span class='ocrx_word' id='word_1_434' title='bbox 1937 2605 2131 2670; x_wconf 89' lang='lat' dir='ltr'><strong>cteris;</strong></span> <span class='ocrx_word' id='word_1_435' title='bbox 2195 2605 2288 2660; x_wconf 90' lang='lat' dir='ltr'><strong>sed</strong></span> <span class='ocrx_word' id='word_1_436' title='bbox 2347 2607 2433 2660; x_wconf 83' lang='lat' dir='ltr'><strong>die</strong></span> <span class='ocrx_word' id='word_1_437' title='bbox 2494 2622 2615 2662; x_wconf 89' lang='lat' dir='ltr'><strong>cum</strong></span> <span class='ocrx_word' id='word_1_438' title='bbox 2653 2609 2832 2677; x_wconf 74' lang='lat' dir='ltr'><strong>justo:</strong></span> <span class='ocrx_word' id='word_1_439' title='bbox 2871 2625 2888 2657; x_wconf 75' lang='grc' dir='ltr'><strong>ι</strong></span> <span class='ocrx_word' id='word_1_440' title='bbox 2943 2607 2998 2658; x_wconf 91' lang='lat' dir='ltr'><strong>in</strong></span> <span class='ocrx_word' id='word_1_441' title='bbox 3035 2605 3214 2660; x_wconf 90' lang='lat' dir='ltr'><strong>medio</strong></span> <span class='ocrx_word' id='word_1_442' title='bbox 3259 2601 3514 2656; x_wconf 72' lang='lat' dir='ltr'><strong>Ec&#39;clesias</strong></span> 
     </span>
    </p>
   </div>
   <div class='ocr_carea' id='block_1_58' title="bbox 1935 2693 3516 2767">
    <p class='ocr_par' dir='ltr' id='par_1_58' title="bbox 1935 2693 3516 2767">
     <span class='ocr_line' id='line_1_58' title="bbox 1935 2693 3516 2767; baseline -0.001 -20"><span class='ocrx_word' id='word_1_443' title='bbox 1935 2693 2166 2750; x_wconf 83' lang='lat' dir='ltr'><strong>laudabo</strong></span> <span class='ocrx_word' id='word_1_444' title='bbox 2195 2707 2244 2767; x_wconf 91' lang='lat' dir='ltr'><strong>t_c</strong></span> <span class='ocrx_word' id='word_1_445' title='bbox 2275 2693 2445 2767; x_wconf 83' lang='lat' dir='ltr'><strong>(Psal.</strong></span> <span class='ocrx_word' id='word_1_446' title='bbox 2485 2697 2618 2764; x_wconf 75' lang='grc' dir='ltr'>χιιι).</span> <span class='ocrx_word' id='word_1_447' title='bbox 2663 2715 2680 2748; x_wconf 78' lang='grc' dir='ltr'><strong>ι</strong></span> <span class='ocrx_word' id='word_1_448' title='bbox 2713 2695 2826 2750; x_wconf 79' lang='grc' dir='ltr'>ιιυο</span> <span class='ocrx_word' id='word_1_449' title='bbox 2864 2705 2946 2750; x_wconf 90' lang='lat' dir='ltr'><strong>est</strong></span> <span class='ocrx_word' id='word_1_450' title='bbox 2976 2695 3138 2765; x_wconf 85' lang='lat' dir='ltr'><strong>igitur</strong></span> <span class='ocrx_word' id='word_1_451' title='bbox 3161 2693 3361 2764; x_wconf 86' lang='lat' dir='ltr'><strong>lignum</strong></span> <span class='ocrx_word' id='word_1_452' title='bbox 3391 2693 3516 2746; x_wconf 64' lang='lat' dir='ltr'><strong>vita:</strong></span> 
     </span>
    </p>
   </div>
   <div class='ocr_carea' id='block_1_59' title="bbox 1937 2763 3516 2856">
    <p class='ocr_par' dir='ltr' id='par_1_59' title="bbox 1937 2763 3516 2856">
     <span class='ocr_line' id='line_1_59' title="bbox 1937 2763 3516 2856; baseline -0.001 -19"><span class='ocrx_word' id='word_1_453' title='bbox 1937 2763 2240 2854; x_wconf 80' lang='lat' dir='ltr'><strong>plaulatum</strong></span> <span class='ocrx_word' id='word_1_454' title='bbox 2284 2763 2340 2840; x_wconf 88' lang='lat' dir='ltr'><strong>in</strong></span> <span class='ocrx_word' id='word_1_455' title='bbox 2391 2787 2568 2841; x_wconf 89' lang='lat' dir='ltr'><strong>medio</strong></span> <span class='ocrx_word' id='word_1_456' title='bbox 2617 2787 2852 2856; x_wconf 85' lang='lat' dir='ltr'><strong>paradisi</strong></span> <span class='ocrx_word' id='word_1_457' title='bbox 2893 2763 3045 2855; x_wconf 76' lang='lat' dir='ltr'><strong>(Ceu.</strong></span> <span class='ocrx_word' id='word_1_458' title='bbox 3081 2785 3168 2856; x_wconf 89' lang='lat' dir='ltr'><strong>It),</strong></span> <span class='ocrx_word' id='word_1_459' title='bbox 3194 2784 3355 2837; x_wconf 90' lang='lat' dir='ltr'><strong>arbor</strong></span> <span class='ocrx_word' id='word_1_460' title='bbox 3391 2796 3516 2836; x_wconf 88' lang='lat' dir='ltr'><strong>aro-</strong></span> 
     </span>
    </p>
   </div>
   <div class='ocr_carea' id='block_1_60' title="bbox 1939 2871 3515 2946">
    <p class='ocr_par' dir='ltr' id='par_1_60' title="bbox 1939 2871 3515 2946">
     <span class='ocr_line' id='line_1_60' title="bbox 1939 2871 3515 2946; baseline -0.001 -16"><span class='ocrx_word' id='word_1_461' title='bbox 1939 2877 2157 2936; x_wconf 81' lang='lat' dir='ltr'><strong>matica.</strong></span> <span class='ocrx_word' id='word_1_462' title='bbox 2195 2877 2503 2946; x_wconf 87' lang='lat' dir='ltr'><strong>purissima,</strong></span> <span class='ocrx_word' id='word_1_463' title='bbox 2535 2876 2900 2930; x_wconf 87' lang='lat' dir='ltr'><strong>balsatttorum</strong></span> <span class='ocrx_word' id='word_1_464' title='bbox 2931 2875 3090 2930; x_wconf 83' lang='lat' dir='ltr'><strong>mella</strong></span> <span class='ocrx_word' id='word_1_465' title='bbox 3121 2873 3406 2928; x_wconf 89' lang='lat' dir='ltr'><strong>dislillans.</strong></span> <span class='ocrx_word' id='word_1_466' title='bbox 3432 2871 3515 2928; x_wconf 75' lang='lat' dir='ltr'><strong>Ex</strong></span> 
     </span>
    </p>
   </div>
   <div class='ocr_carea' id='block_1_61' title="bbox 1939 2967 3517 3038">
    <p class='ocr_par' dir='ltr' id='par_1_61' title="bbox 1939 2967 3517 3038">
     <span class='ocr_line' id='line_1_61' title="bbox 1939 2967 3517 3038; baseline -0.002 -18"><span class='ocrx_word' id='word_1_467' title='bbox 1939 2967 2098 3038; x_wconf 90' lang='lat' dir='ltr'><strong>hujus</strong></span> <span class='ocrx_word' id='word_1_468' title='bbox 2137 2967 2348 3022; x_wconf 86' lang='lat' dir='ltr'><strong>arboris</strong></span> <span class='ocrx_word' id='word_1_469' title='bbox 2413 2969 2711 3022; x_wconf 88' lang='lat' dir='ltr'><strong>substantia</strong></span> <span class='ocrx_word' id='word_1_470' title='bbox 2755 2967 3186 3038; x_wconf 78' lang='lat' dir='ltr'><strong>septemplieium</strong></span> <span class='ocrx_word' id='word_1_471' title='bbox 3241 2978 3517 3018; x_wconf 88' lang='lat' dir='ltr'><strong>ramorum</strong></span> 
     </span>
    </p>
   </div>
   <div class='ocr_carea' id='block_1_62' title="bbox 1939 3053 3518 3128">
    <p class='ocr_par' dir='ltr' id='par_1_62' title="bbox 1939 3053 3518 3128">
     <span class='ocr_line' id='line_1_62' title="bbox 1939 3053 3518 3128; baseline -0.002 -18"><span class='ocrx_word' id='word_1_472' title='bbox 1939 3072 2142 3111; x_wconf 81' lang='lat' dir='ltr'><strong>corona</strong></span> <span class='ocrx_word' id='word_1_473' title='bbox 2187 3059 2578 3128; x_wconf 86' lang='lat' dir='ltr'><strong>progerminat,</strong></span> <span class='ocrx_word' id='word_1_474' title='bbox 2611 3059 2661 3111; x_wconf 91' lang='lat' dir='ltr'><strong>itt</strong></span> <span class='ocrx_word' id='word_1_475' title='bbox 2693 3073 2922 3128; x_wconf 88' lang='lat' dir='ltr'><strong>quorum</strong></span> <span class='ocrx_word' id='word_1_476' title='bbox 2969 3056 3280 3111; x_wconf 90' lang='lat' dir='ltr'><strong>summitate</strong></span> <span class='ocrx_word' id='word_1_477' title='bbox 3310 3053 3518 3108; x_wconf 77' lang='lat' dir='ltr'><strong>fructus</strong></span> 
     </span>
    </p>
   </div>
   <div class='ocr_carea' id='block_1_63' title="bbox 243 3134 3518 3227">
    <p class='ocr_par' dir='ltr' id='par_1_63' title="bbox 243 3134 3518 3227">
     <span class='ocr_line' id='line_1_63' title="bbox 243 3134 3518 3227; baseline -0.001 -27"><span class='ocrx_word' id='word_1_478' title='bbox 243 3163 362 3202; x_wconf 86' lang='lat' dir='ltr'><strong>rum</strong></span> <span class='ocrx_word' id='word_1_479' title='bbox 396 3147 570 3216; x_wconf 79' lang='grc' dir='ltr'><strong>(Ρεαι.</strong></span> <span class='ocrx_word' id='word_1_480' title='bbox 601 3150 678 3222; x_wconf 89' lang='lat' dir='ltr'><strong>I),</strong></span> <span class='ocrx_word' id='word_1_481' title='bbox 727 3151 928 3224; x_wconf 85' lang='lat' dir='ltr'><strong>lignum</strong></span> <span class='ocrx_word' id='word_1_482' title='bbox 972 3154 1094 3208; x_wconf 74' lang='lat' dir='ltr'><strong>vitae</strong></span> <span class='ocrx_word' id='word_1_483' title='bbox 1125 3154 1176 3208; x_wconf 93' lang='lat' dir='ltr'><strong>in</strong></span> <span class='ocrx_word' id='word_1_484' title='bbox 1211 3154 1385 3210; x_wconf 86' lang='lat' dir='ltr'><strong>medio</strong></span> <span class='ocrx_word' id='word_1_485' title='bbox 1417 3155 1651 3224; x_wconf 87' lang='lat' dir='ltr'><strong>paradisi</strong></span> <span class='ocrx_word' id='word_1_486' title='bbox 1679 3155 1834 3227; x_wconf 84' lang='lat' dir='ltr'><strong>(Gen.</strong></span> <span class='ocrx_word' id='word_1_487' title='bbox 1864 3134 1909 3196; x_wconf 69' lang='grc' dir='ltr'><strong>(ἶ</strong></span> <span class='ocrx_word' id='word_1_488' title='bbox 1943 3149 2351 3220; x_wconf 82' lang='lat' dir='ltr'><strong>illidependcnt,</strong></span> <span class='ocrx_word' id='word_1_489' title='bbox 2375 3165 2509 3220; x_wconf 88' lang='lat' dir='ltr'><strong>quos</strong></span> <span class='ocrx_word' id='word_1_490' title='bbox 2533 3149 2767 3204; x_wconf 62' lang='lat' dir='ltr'><strong>cotlestis</strong></span> <span class='ocrx_word' id='word_1_491' title='bbox 2797 3149 2884 3202; x_wconf 86' lang='lat' dir='ltr'><strong>illa</strong></span> <span class='ocrx_word' id='word_1_492' title='bbox 2918 3147 3093 3201; x_wconf 75' lang='lat' dir='ltr'><strong>fistula</strong></span> <span class='ocrx_word' id='word_1_493' title='bbox 3113 3187 3128 3214; x_wconf 94' lang='lat'><strong>,</strong></span> <span class='ocrx_word' id='word_1_494' title='bbox 3157 3145 3358 3201; x_wconf 88' lang='lat' dir='ltr'><strong>Paulus</strong></span> <span class='ocrx_word' id='word_1_495' title='bbox 3387 3158 3518 3214; x_wconf 90' lang='lat' dir='ltr'><strong>apo-</strong></span> 
     </span>
    </p>
   </div>
   <div class='ocr_carea' id='block_1_64' title="bbox 245 3242 350 3310">
    <p class='ocr_par' dir='ltr' id='par_1_64' title="bbox 245 3242 350 3310">
     <span class='ocr_line' id='line_1_64' title="bbox 245 3242 350 3310; baseline 0.01 -17"><span class='ocrx_word' id='word_1_496' title='bbox 245 3242 350 3310; x_wconf 89' lang='lat' dir='ltr'><strong>tn).</strong></span> 
     </span>
    </p>
   </div>
   <div class='ocr_carea' id='block_1_65' title="bbox 313 3332 1832 3406">
    <p class='ocr_par' dir='ltr' id='par_1_65' title="bbox 313 3332 1832 3406">
     <span class='ocr_line' id='line_1_65' title="bbox 313 3332 1832 3406; baseline 0.004 -20"><span class='ocrx_word' id='word_1_497' title='bbox 313 3332 382 3386; x_wconf 88' lang='lat' dir='ltr'><strong>Et</strong></span> <span class='ocrx_word' id='word_1_498' title='bbox 450 3333 667 3389; x_wconf 89' lang='lat' dir='ltr'><strong>attende</strong></span> <span class='ocrx_word' id='word_1_499' title='bbox 725 3351 978 3406; x_wconf 87' lang='lat' dir='ltr'><strong>magnum</strong></span> <span class='ocrx_word' id='word_1_500' title='bbox 1042 3347 1460 3392; x_wconf 90' lang='lat' dir='ltr'><strong>sacramentum.</strong></span> <span class='ocrx_word' id='word_1_501' title='bbox 1517 3337 1687 3392; x_wconf 83' lang='lat' dir='ltr'><strong>Filius</strong></span> <span class='ocrx_word' id='word_1_502' title='bbox 1739 3338 1832 3394; x_wconf 86' lang='lat' dir='ltr'><strong>Dei</strong></span> 
     </span>
    </p>
   </div>
   <div class='ocr_carea' id='block_1_66' title="bbox 243 3423 1834 3494">
    <p class='ocr_par' dir='ltr' id='par_1_66' title="bbox 243 3423 1834 3494">
     <span class='ocr_line' id='line_1_66' title="bbox 243 3423 1834 3494; baseline 0.005 -20"><span class='ocrx_word' id='word_1_503' title='bbox 243 3429 390 3475; x_wconf 89' lang='lat' dir='ltr'><strong>totus</strong></span> <span class='ocrx_word' id='word_1_504' title='bbox 425 3429 482 3476; x_wconf 89' lang='lat' dir='ltr'><strong>et</strong></span> <span class='ocrx_word' id='word_1_505' title='bbox 529 3423 738 3494; x_wconf 89' lang='lat' dir='ltr'><strong>integer</strong></span> <span class='ocrx_word' id='word_1_506' title='bbox 783 3433 1059 3478; x_wconf 86' lang='lat' dir='ltr'><strong>eructatus</strong></span> <span class='ocrx_word' id='word_1_507' title='bbox 1114 3434 1196 3479; x_wconf 83' lang='lat' dir='ltr'><strong>est</strong></span> <span class='ocrx_word' id='word_1_508' title='bbox 1232 3427 1300 3482; x_wconf 90' lang='lat' dir='ltr'><strong>de</strong></span> <span class='ocrx_word' id='word_1_509' title='bbox 1347 3427 1510 3482; x_wconf 92' lang='lat' dir='ltr'><strong>corde</strong></span> <span class='ocrx_word' id='word_1_510' title='bbox 1557 3427 1734 3482; x_wconf 89' lang='lat' dir='ltr'><strong>Patris</strong></span> <span class='ocrx_word' id='word_1_511' title='bbox 1780 3428 1834 3482; x_wconf 91' lang='lat' dir='ltr'><strong>iu</strong></span> 
     </span>
    </p>
   </div>
   <div class='ocr_carea' id='block_1_67' title="bbox 241 3513 1835 3586">
    <p class='ocr_par' dir='ltr' id='par_1_67' title="bbox 241 3513 1835 3586">
     <span class='ocr_line' id='line_1_67' title="bbox 241 3513 1835 3586; baseline 0.006 -23"><span class='ocrx_word' id='word_1_512' title='bbox 241 3520 460 3574; x_wconf 82' lang='lat' dir='ltr'><strong>uterum</strong></span> <span class='ocrx_word' id='word_1_513' title='bbox 497 3513 714 3578; x_wconf 60' lang='lat' dir='ltr'><strong>Mariae,</strong></span> <span class='ocrx_word' id='word_1_514' title='bbox 756 3515 822 3568; x_wconf 89' lang='lat' dir='ltr'><strong>de</strong></span> <span class='ocrx_word' id='word_1_515' title='bbox 869 3523 1058 3570; x_wconf 87' lang='lat' dir='ltr'><strong>ventre</strong></span> <span class='ocrx_word' id='word_1_516' title='bbox 1106 3515 1292 3570; x_wconf 87' lang='lat' dir='ltr'><strong>Matris</strong></span> <span class='ocrx_word' id='word_1_517' title='bbox 1343 3517 1396 3570; x_wconf 91' lang='lat' dir='ltr'><strong>in</strong></span> <span class='ocrx_word' id='word_1_518' title='bbox 1437 3518 1702 3586; x_wconf 88' lang='lat' dir='ltr'><strong>gremium</strong></span> <span class='ocrx_word' id='word_1_519' title='bbox 1733 3517 1835 3572; x_wconf 85' lang='lat' dir='ltr'><strong>Ec-</strong></span> 
     </span>
    </p>
   </div>
   <div class='ocr_carea' id='block_1_68' title="bbox 244 3601 1830 3674">
    <p class='ocr_par' dir='ltr' id='par_1_68' title="bbox 244 3601 1830 3674">
     <span class='ocr_line' id='line_1_68' title="bbox 244 3601 1830 3674; baseline 0.004 -20"><span class='ocrx_word' id='word_1_520' title='bbox 244 3601 446 3664; x_wconf 76' lang='lat' dir='ltr'><strong>clesize.</strong></span> <span class='ocrx_word' id='word_1_521' title='bbox 478 3602 726 3669; x_wconf 85' lang='lat' dir='ltr'><strong>Quantus</strong></span> <span class='ocrx_word' id='word_1_522' title='bbox 757 3604 807 3657; x_wconf 91' lang='lat' dir='ltr'><strong>in</strong></span> <span class='ocrx_word' id='word_1_523' title='bbox 837 3604 994 3659; x_wconf 83' lang='lat' dir='ltr'><strong>Patre</strong></span> <span class='ocrx_word' id='word_1_524' title='bbox 1021 3644 1036 3668; x_wconf 94' lang='lat'><strong>,</strong></span> <span class='ocrx_word' id='word_1_525' title='bbox 1073 3613 1252 3658; x_wconf 90' lang='lat' dir='ltr'><strong>tantus</strong></span> <span class='ocrx_word' id='word_1_526' title='bbox 1283 3604 1336 3658; x_wconf 90' lang='lat' dir='ltr'><strong>in</strong></span> <span class='ocrx_word' id='word_1_527' title='bbox 1366 3605 1624 3673; x_wconf 82' lang='lat' dir='ltr'><strong>Virgine;</strong></span> <span class='ocrx_word' id='word_1_528' title='bbox 1657 3621 1830 3674; x_wconf 85' lang='lat' dir='ltr'><strong>quan-</strong></span> 
     </span>
    </p>
   </div>
   <div class='ocr_carea' id='block_1_69' title="bbox 249 3697 1832 3768">
    <p class='ocr_par' dir='ltr' id='par_1_69' title="bbox 249 3697 1832 3768">
     <span class='ocr_line' id='line_1_69' title="bbox 249 3697 1832 3768; baseline 0.002 -19"><span class='ocrx_word' id='word_1_529' title='bbox 249 3705 338 3758; x_wconf 81' lang='lat' dir='ltr'><strong>tus</strong></span> <span class='ocrx_word' id='word_1_530' title='bbox 367 3697 421 3750; x_wconf 89' lang='lat' dir='ltr'><strong>in</strong></span> <span class='ocrx_word' id='word_1_531' title='bbox 464 3697 705 3768; x_wconf 78' lang='lat' dir='ltr'><strong>Virgine,</strong></span> <span class='ocrx_word' id='word_1_532' title='bbox 749 3707 930 3752; x_wconf 87' lang='lat' dir='ltr'><strong>tantus</strong></span> <span class='ocrx_word' id='word_1_533' title='bbox 961 3699 1012 3752; x_wconf 91' lang='lat' dir='ltr'><strong>in</strong></span> <span class='ocrx_word' id='word_1_534' title='bbox 1045 3697 1295 3753; x_wconf 57' lang='lat' dir='ltr'><strong>Ecclesia!</strong></span> <span class='ocrx_word' id='word_1_535' title='bbox 1319 3699 1544 3754; x_wconf 88' lang='lat' dir='ltr'><strong>unitate.</strong></span> <span class='ocrx_word' id='word_1_536' title='bbox 1583 3698 1642 3752; x_wconf 87' lang='lat' dir='ltr'><strong>In</strong></span> <span class='ocrx_word' id='word_1_537' title='bbox 1672 3698 1832 3752; x_wconf 86' lang='lat' dir='ltr'><strong>Patre</strong></span> 
     </span>
    </p>
   </div>
   <div class='ocr_carea' id='block_1_70' title="bbox 245 3786 1829 3862">
    <p class='ocr_par' dir='ltr' id='par_1_70' title="bbox 245 3786 1829 3862">
     <span class='ocr_line' id='line_1_70' title="bbox 245 3786 1829 3862; baseline 0.003 -22"><span class='ocrx_word' id='word_1_538' title='bbox 245 3786 598 3842; x_wconf 80' lang='lat' dir='ltr'><strong>iueti&#39;abiliter</strong></span> <span class='ocrx_word' id='word_1_539' title='bbox 622 3830 636 3850; x_wconf 85' lang='lat'><strong>,</strong></span> <span class='ocrx_word' id='word_1_540' title='bbox 671 3789 722 3842; x_wconf 90' lang='lat' dir='ltr'><strong>in</strong></span> <span class='ocrx_word' id='word_1_541' title='bbox 775 3789 945 3844; x_wconf 82' lang='lat' dir='ltr'><strong>Matre</strong></span> <span class='ocrx_word' id='word_1_542' title='bbox 993 3789 1313 3844; x_wconf 73' lang='lat' dir='ltr'><strong>mirabiliter</strong></span> <span class='ocrx_word' id='word_1_543' title='bbox 1337 3831 1351 3854; x_wconf 89' lang='lat'><strong>,</strong></span> <span class='ocrx_word' id='word_1_544' title='bbox 1385 3789 1729 3862; x_wconf 86' lang='lat' dir='ltr'><strong>singulariter</strong></span> <span class='ocrx_word' id='word_1_545' title='bbox 1777 3793 1829 3844; x_wconf 87' lang='lat' dir='ltr'><strong>itt</strong></span> 
     </span>
    </p>
   </div>
   <div class='ocr_carea' id='block_1_71' title="bbox 243 3867 1826 3950">
    <p class='ocr_par' dir='ltr' id='par_1_71' title="bbox 243 3867 1826 3950">
     <span class='ocr_line' id='line_1_71' title="bbox 243 3867 1826 3950; baseline 0.003 -19"><span class='ocrx_word' id='word_1_546' title='bbox 243 3875 511 3940; x_wconf 78' lang='lat' dir='ltr'><strong>Ecclesia.</strong></span> <span class='ocrx_word' id='word_1_547' title='bbox 542 3878 674 3934; x_wconf 87' lang='lat' dir='ltr'><strong>Cum</strong></span> <span class='ocrx_word' id='word_1_548' title='bbox 699 3878 856 3934; x_wconf 87' lang='lat' dir='ltr'><strong>Patre</strong></span> <span class='ocrx_word' id='word_1_549' title='bbox 875 3877 1112 3946; x_wconf 56' lang='lat' dir='ltr'><strong>ejuslem</strong></span> <span class='ocrx_word' id='word_1_550' title='bbox 1145 3867 1197 3934; x_wconf 87' lang='lat' dir='ltr'><strong>et</strong></span> <span class='ocrx_word' id='word_1_551' title='bbox 1219 3881 1442 3950; x_wconf 76' lang='lat' dir='ltr'><strong>atqualis</strong></span> <span class='ocrx_word' id='word_1_552' title='bbox 1477 3881 1826 3947; x_wconf 66' lang='lat' dir='ltr'><strong>substantiae;</strong></span> 
     </span>
    </p>
   </div>
   <div class='ocr_carea' id='block_1_72' title="bbox 241 3967 1830 4040">
    <p class='ocr_par' dir='ltr' id='par_1_72' title="bbox 241 3967 1830 4040">
     <span class='ocr_line' id='line_1_72' title="bbox 241 3967 1830 4040; baseline 0.003 -20"><span class='ocrx_word' id='word_1_553' title='bbox 241 3982 365 4020; x_wconf 88' lang='lat' dir='ltr'><strong>eum</strong></span> <span class='ocrx_word' id='word_1_554' title='bbox 392 3967 564 4022; x_wconf 77' lang='lat' dir='ltr'><strong>Matre</strong></span> <span class='ocrx_word' id='word_1_555' title='bbox 601 3967 866 4035; x_wconf 87' lang='lat' dir='ltr'><strong>ejusdem,</strong></span> <span class='ocrx_word' id='word_1_556' title='bbox 891 3978 945 4022; x_wconf 89' lang='lat' dir='ltr'><strong>et</strong></span> <span class='ocrx_word' id='word_1_557' title='bbox 973 3969 1200 4036; x_wconf 71' lang='lat' dir='ltr'><strong>divisre;</strong></span> <span class='ocrx_word' id='word_1_558' title='bbox 1249 3987 1369 4025; x_wconf 90' lang='lat' dir='ltr'><strong>cum</strong></span> <span class='ocrx_word' id='word_1_559' title='bbox 1412 3971 1648 4025; x_wconf 81' lang='lat' dir='ltr'><strong>Ecclesia</strong></span> <span class='ocrx_word' id='word_1_560' title='bbox 1689 3972 1830 4040; x_wconf 84' lang='lat' dir='ltr'><strong>ejus-</strong></span> 
     </span>
    </p>
   </div>
   <div class='ocr_carea' id='block_1_73' title="bbox 241 4054 1830 4126">
    <p class='ocr_par' dir='ltr' id='par_1_73' title="bbox 241 4054 1830 4126">
     <span class='ocr_line' id='line_1_73' title="bbox 241 4054 1830 4126; baseline 0.004 -19"><span class='ocrx_word' id='word_1_561' title='bbox 241 4054 386 4118; x_wconf 81' lang='lat' dir='ltr'><strong>dem,</strong></span> <span class='ocrx_word' id='word_1_562' title='bbox 421 4056 582 4126; x_wconf 77' lang='lat'><strong>217</strong></span> <span class='ocrx_word' id='word_1_563' title='bbox 613 4057 706 4111; x_wconf 86' lang='lat' dir='ltr'><strong>sed</strong></span> <span class='ocrx_word' id='word_1_564' title='bbox 745 4057 989 4110; x_wconf 61' lang='lat' dir='ltr'><strong>occultae.</strong></span> <span class='ocrx_word' id='word_1_565' title='bbox 1019 4057 1108 4112; x_wconf 90' lang='lat' dir='ltr'><strong>Sic</strong></span> <span class='ocrx_word' id='word_1_566' title='bbox 1149 4057 1546 4112; x_wconf 88' lang='lat' dir='ltr'><strong>distillaverunt</strong></span> <span class='ocrx_word' id='word_1_567' title='bbox 1576 4060 1698 4113; x_wconf 88' lang='lat' dir='ltr'><strong>coeli</strong></span> <span class='ocrx_word' id='word_1_568' title='bbox 1731 4059 1830 4114; x_wconf 89' lang='lat' dir='ltr'><strong>mi-</strong></span> 
     </span>
    </p>
   </div>
   <div class='ocr_carea' id='block_1_74' title="bbox 240 4147 1827 4215">
    <p class='ocr_par' dir='ltr' id='par_1_74' title="bbox 240 4147 1827 4215">
     <span class='ocr_line' id='line_1_74' title="bbox 240 4147 1827 4215; baseline 0.001 -15"><span class='ocrx_word' id='word_1_569' title='bbox 240 4147 619 4214; x_wconf 85' lang='lat' dir='ltr'><strong>sericordiam,</strong></span> <span class='ocrx_word' id='word_1_570' title='bbox 671 4149 750 4204; x_wconf 88' lang='lat' dir='ltr'><strong>sic</strong></span> <span class='ocrx_word' id='word_1_571' title='bbox 781 4149 1016 4204; x_wconf 91' lang='lat' dir='ltr'><strong>Verbum</strong></span> <span class='ocrx_word' id='word_1_572' title='bbox 1064 4149 1154 4203; x_wconf 89' lang='lat' dir='ltr'><strong>Dei</strong></span> <span class='ocrx_word' id='word_1_573' title='bbox 1197 4150 1502 4204; x_wconf 87' lang='lat' dir='ltr'><strong>tranfusum</strong></span> <span class='ocrx_word' id='word_1_574' title='bbox 1539 4161 1644 4215; x_wconf 88' lang='lat' dir='ltr'><strong>est,</strong></span> <span class='ocrx_word' id='word_1_575' title='bbox 1669 4149 1827 4204; x_wconf 81' lang='lat' dir='ltr'><strong>etcf-</strong></span> 
     </span>
    </p>
   </div>
   <div class='ocr_carea' id='block_1_75' title="bbox 239 4237 1828 4308">
    <p class='ocr_par' dir='ltr' id='par_1_75' title="bbox 239 4237 1828 4308">
     <span class='ocr_line' id='line_1_75' title="bbox 239 4237 1828 4308; baseline 0.003 -19"><span class='ocrx_word' id='word_1_576' title='bbox 239 4237 424 4298; x_wconf 73' lang='lat' dir='ltr'><strong>fusum</strong></span> <span class='ocrx_word' id='word_1_577' title='bbox 461 4237 662 4306; x_wconf 83' lang='lat' dir='ltr'><strong>ubique</strong></span> <span class='ocrx_word' id='word_1_578' title='bbox 707 4245 898 4301; x_wconf 87' lang='lat' dir='ltr'><strong>totum,</strong></span> <span class='ocrx_word' id='word_1_579' title='bbox 953 4239 1070 4298; x_wconf 85' lang='lat' dir='ltr'><strong>sine</strong></span> <span class='ocrx_word' id='word_1_580' title='bbox 1113 4253 1219 4308; x_wconf 89' lang='lat' dir='ltr'><strong>quo</strong></span> <span class='ocrx_word' id='word_1_581' title='bbox 1254 4238 1386 4292; x_wconf 86' lang='lat' dir='ltr'><strong>nihil</strong></span> <span class='ocrx_word' id='word_1_582' title='bbox 1435 4249 1624 4292; x_wconf 90' lang='lat' dir='ltr'><strong>totum.</strong></span> <span class='ocrx_word' id='word_1_583' title='bbox 1675 4239 1828 4294; x_wconf 81' lang='lat' dir='ltr'><strong>Felix</strong></span> 
     </span>
    </p>
   </div>
   <div class='ocr_carea' id='block_1_76' title="bbox 239 4327 1826 4397">
    <p class='ocr_par' dir='ltr' id='par_1_76' title="bbox 239 4327 1826 4397">
     <span class='ocr_line' id='line_1_76' title="bbox 239 4327 1826 4397; baseline 0.001 -14"><span class='ocrx_word' id='word_1_584' title='bbox 239 4327 460 4394; x_wconf 84' lang='lat' dir='ltr'><strong>eﬂ&#39;usio,</strong></span> <span class='ocrx_word' id='word_1_585' title='bbox 516 4344 636 4397; x_wconf 72' lang='lat' dir='ltr'><strong>qum</strong></span> <span class='ocrx_word' id='word_1_586' title='bbox 685 4342 966 4383; x_wconf 82' lang='lat' dir='ltr'><strong>currentes</strong></span> <span class='ocrx_word' id='word_1_587' title='bbox 1014 4330 1444 4386; x_wconf 81' lang='lat' dir='ltr'><strong>adolescentulus</strong></span> <span class='ocrx_word' id='word_1_588' title='bbox 1484 4331 1550 4384; x_wconf 89' lang='lat' dir='ltr'><strong>ad</strong></span> <span class='ocrx_word' id='word_1_589' title='bbox 1606 4332 1826 4386; x_wconf 87' lang='lat' dir='ltr'><strong>odorem</strong></span> 
     </span>
    </p>
   </div>
   <div class='ocr_carea' id='block_1_77' title="bbox 241 4427 1824 4498">
    <p class='ocr_par' dir='ltr' id='par_1_77' title="bbox 241 4427 1824 4498">
     <span class='ocr_line' id='line_1_77' title="bbox 241 4427 1824 4498; baseline 0.001 -16"><span class='ocrx_word' id='word_1_590' title='bbox 241 4427 530 4482; x_wconf 85' lang='lat' dir='ltr'><strong>suavitatis</strong></span> <span class='ocrx_word' id='word_1_591' title='bbox 561 4427 774 4489; x_wconf 79' lang='lat' dir='ltr'><strong>invitat,</strong></span> <span class='ocrx_word' id='word_1_592' title='bbox 805 4427 920 4482; x_wconf 63' lang='lat' dir='ltr'><strong>visu</strong></span> <span class='ocrx_word' id='word_1_593' title='bbox 955 4436 1182 4488; x_wconf 83' lang='lat' dir='ltr'><strong>recreat,</strong></span> <span class='ocrx_word' id='word_1_594' title='bbox 1219 4428 1386 4482; x_wconf 89' lang='lat' dir='ltr'><strong>satiat</strong></span> <span class='ocrx_word' id='word_1_595' title='bbox 1414 4437 1598 4496; x_wconf 84' lang='lat' dir='ltr'><strong>gustu,</strong></span> <span class='ocrx_word' id='word_1_596' title='bbox 1625 4427 1824 4498; x_wconf 82' lang='lat' dir='ltr'><strong>ubique</strong></span> 
     </span>
    </p>
   </div>
   <div class='ocr_carea' id='block_1_78' title="bbox 240 4517 1823 4584">
    <p class='ocr_par' dir='ltr' id='par_1_78' title="bbox 240 4517 1823 4584">
     <span class='ocr_line' id='line_1_78' title="bbox 240 4517 1823 4584; baseline 0.003 -13"><span class='ocrx_word' id='word_1_597' title='bbox 240 4528 422 4574; x_wconf 82' lang='lat' dir='ltr'><strong>autem</strong></span> <span class='ocrx_word' id='word_1_598' title='bbox 455 4519 508 4572; x_wconf 92' lang='lat' dir='ltr'><strong>in</strong></span> <span class='ocrx_word' id='word_1_599' title='bbox 533 4519 731 4572; x_wconf 91' lang='lat' dir='ltr'><strong>medio.</strong></span> <span class='ocrx_word' id='word_1_600' title='bbox 759 4518 892 4572; x_wconf 86' lang='lat' dir='ltr'><strong>Nam</strong></span> <span class='ocrx_word' id='word_1_601' title='bbox 921 4527 976 4573; x_wconf 89' lang='lat' dir='ltr'><strong>et</strong></span> <span class='ocrx_word' id='word_1_602' title='bbox 1004 4519 1054 4570; x_wconf 92' lang='lat' dir='ltr'><strong>in</strong></span> <span class='ocrx_word' id='word_1_603' title='bbox 1075 4517 1161 4572; x_wconf 91' lang='lat' dir='ltr'><strong>illa</strong></span> <span class='ocrx_word' id='word_1_604' title='bbox 1187 4519 1404 4573; x_wconf 87' lang='lat' dir='ltr'><strong>deitatis</strong></span> <span class='ocrx_word' id='word_1_605' title='bbox 1431 4521 1685 4584; x_wconf 89' lang='lat' dir='ltr'><strong>essentia,</strong></span> <span class='ocrx_word' id='word_1_606' title='bbox 1709 4535 1823 4576; x_wconf 90' lang='lat' dir='ltr'><strong>me-</strong></span> 
     </span>
    </p>
   </div>
   <div class='ocr_carea' id='block_1_79' title="bbox 241 4607 1822 4677">
    <p class='ocr_par' dir='ltr' id='par_1_79' title="bbox 241 4607 1822 4677">
     <span class='ocr_line' id='line_1_79' title="bbox 241 4607 1822 4677; baseline 0.002 -17"><span class='ocrx_word' id='word_1_607' title='bbox 241 4609 326 4662; x_wconf 87' lang='lat' dir='ltr'><strong>dia</strong></span> <span class='ocrx_word' id='word_1_608' title='bbox 352 4617 436 4664; x_wconf 89' lang='lat' dir='ltr'><strong>est</strong></span> <span class='ocrx_word' id='word_1_609' title='bbox 457 4608 601 4663; x_wconf 89' lang='lat' dir='ltr'><strong>inter</strong></span> <span class='ocrx_word' id='word_1_610' title='bbox 621 4608 836 4662; x_wconf 87' lang='lat' dir='ltr'><strong>Patrem</strong></span> <span class='ocrx_word' id='word_1_611' title='bbox 877 4615 930 4661; x_wconf 89' lang='lat' dir='ltr'><strong>et</strong></span> <span class='ocrx_word' id='word_1_612' title='bbox 963 4607 1224 4677; x_wconf 90' lang='lat' dir='ltr'><strong>Spiritum</strong></span> <span class='ocrx_word' id='word_1_613' title='bbox 1277 4621 1505 4676; x_wconf 89' lang='lat' dir='ltr'><strong>persona</strong></span> <span class='ocrx_word' id='word_1_614' title='bbox 1537 4608 1822 4663; x_wconf 83' lang='lat' dir='ltr'><strong>familiaris</strong></span> 
     </span>
    </p>
   </div>
   <div class='ocr_carea' id='block_1_80' title="bbox 239 4696 1818 4776">
    <p class='ocr_par' dir='ltr' id='par_1_80' title="bbox 239 4696 1818 4776">
     <span class='ocr_line' id='line_1_80' title="bbox 239 4696 1818 4776; baseline 0.001 -24"><span class='ocrx_word' id='word_1_615' title='bbox 239 4699 478 4752; x_wconf 86' lang='lat' dir='ltr'><strong>humano</strong></span> <span class='ocrx_word' id='word_1_616' title='bbox 514 4699 696 4768; x_wconf 83' lang='lat' dir='ltr'><strong>generi</strong></span> <span class='ocrx_word' id='word_1_617' title='bbox 747 4697 1099 4768; x_wconf 87' lang='lat' dir='ltr'><strong>benignitate,</strong></span> <span class='ocrx_word' id='word_1_618' title='bbox 1147 4696 1466 4752; x_wconf 84' lang='lat' dir='ltr'><strong>familiarior</strong></span> <span class='ocrx_word' id='word_1_619' title='bbox 1513 4699 1818 4776; x_wconf 88' lang='lat' dir='ltr'><strong>identitate,</strong></span> 
     </span>
    </p>
   </div>
   <div class='ocr_carea' id='block_1_81' title="bbox 241 4791 1818 4864">
    <p class='ocr_par' dir='ltr' id='par_1_81' title="bbox 241 4791 1818 4864">
     <span class='ocr_line' id='line_1_81' title="bbox 241 4791 1818 4864; baseline -0.001 -18"><span class='ocrx_word' id='word_1_620' title='bbox 241 4805 360 4846; x_wconf 88' lang='lat' dir='ltr'><strong>cum</strong></span> <span class='ocrx_word' id='word_1_621' title='bbox 417 4791 534 4846; x_wconf 92' lang='lat' dir='ltr'><strong>sola</strong></span> <span class='ocrx_word' id='word_1_622' title='bbox 591 4801 792 4845; x_wconf 72' lang='lat' dir='ltr'><strong>nostra:</strong></span> <span class='ocrx_word' id='word_1_623' title='bbox 853 4793 1034 4846; x_wconf 87' lang='lat' dir='ltr'><strong>carnis</strong></span> <span class='ocrx_word' id='word_1_624' title='bbox 1069 4793 1370 4862; x_wconf 84' lang='lat' dir='ltr'><strong>susceperit</strong></span> <span class='ocrx_word' id='word_1_625' title='bbox 1419 4803 1818 4864; x_wconf 88' lang='lat' dir='ltr'><strong>paupertatem.</strong></span> 
     </span>
    </p>
   </div>
   <div class='ocr_carea' id='block_1_82' title="bbox 241 4879 1853 4959">
    <p class='ocr_par' dir='ltr' id='par_1_82' title="bbox 241 4879 1853 4959">
     <span class='ocr_line' id='line_1_82' title="bbox 241 4879 1853 4959; baseline 0.002 -23"><span class='ocrx_word' id='word_1_626' title='bbox 241 4879 394 4936; x_wconf 79' lang='lat' dir='ltr'><strong>Unde</strong></span> <span class='ocrx_word' id='word_1_627' title='bbox 455 4891 512 4936; x_wconf 90' lang='lat' dir='ltr'><strong>et</strong></span> <span class='ocrx_word' id='word_1_628' title='bbox 549 4881 740 4946; x_wconf 88' lang='lat' dir='ltr'><strong>David,</strong></span> <span class='ocrx_word' id='word_1_629' title='bbox 779 4883 831 4936; x_wconf 90' lang='lat' dir='ltr'><strong>in</strong></span> <span class='ocrx_word' id='word_1_630' title='bbox 871 4885 1036 4950; x_wconf 82' lang='lat' dir='ltr'><strong>ipsius</strong></span> <span class='ocrx_word' id='word_1_631' title='bbox 1067 4885 1366 4940; x_wconf 88' lang='lat' dir='ltr'><strong>divinitatis</strong></span> <span class='ocrx_word' id='word_1_632' title='bbox 1412 4887 1662 4958; x_wconf 77' lang='lat' dir='ltr'><strong>abyssum</strong></span> <span class='ocrx_word' id='word_1_633' title='bbox 1717 4886 1853 4959; x_wconf 38' lang='lat' dir='ltr'><strong>im-.</strong></span> 
     </span>
    </p>
   </div>
   <div class='ocr_carea' id='block_1_83' title="bbox 241 4974 1812 5041">
    <p class='ocr_par' dir='ltr' id='par_1_83' title="bbox 241 4974 1812 5041">
     <span class='ocr_line' id='line_1_83' title="bbox 241 4974 1812 5041; baseline 0.001 -13"><span class='ocrx_word' id='word_1_634' title='bbox 241 4989 476 5039; x_wconf 87' lang='lat' dir='ltr'><strong>mersus,</strong></span> <span class='ocrx_word' id='word_1_635' title='bbox 509 4974 588 5026; x_wconf 88' lang='lat' dir='ltr'><strong>ait</strong></span> <span class='ocrx_word' id='word_1_636' title='bbox 621 4989 634 5026; x_wconf 89' lang='lat'><strong>:</strong></span> <span class='ocrx_word' id='word_1_637' title='bbox 673 4991 692 5023; x_wconf 74' lang='grc' dir='ltr'><strong>ι</strong></span> <span class='ocrx_word' id='word_1_638' title='bbox 727 4975 1018 5029; x_wconf 87' lang='lat' dir='ltr'><strong>Benedicat</strong></span> <span class='ocrx_word' id='word_1_639' title='bbox 1075 4991 1174 5030; x_wconf 87' lang='lat' dir='ltr'><strong>nos</strong></span> <span class='ocrx_word' id='word_1_640' title='bbox 1223 4979 1384 5040; x_wconf 88' lang='lat' dir='ltr'><strong>Deus,</strong></span> <span class='ocrx_word' id='word_1_641' title='bbox 1437 4975 1583 5034; x_wconf 87' lang='lat' dir='ltr'><strong>Deus</strong></span> <span class='ocrx_word' id='word_1_642' title='bbox 1609 4986 1812 5041; x_wconf 85' lang='lat' dir='ltr'><strong>noster,</strong></span> 
     </span>
    </p>
   </div>
   <div class='ocr_carea' id='block_1_84' title="bbox 238 5060 1816 5137">
    <p class='ocr_par' dir='ltr' id='par_1_84' title="bbox 238 5060 1816 5137">
     <span class='ocr_line' id='line_1_84' title="bbox 238 5060 1816 5137; baseline 0 -17"><span class='ocrx_word' id='word_1_643' title='bbox 238 5060 526 5120; x_wconf 79' lang='lat' dir='ltr'><strong>benedicat</strong></span> <span class='ocrx_word' id='word_1_644' title='bbox 590 5081 689 5118; x_wconf 89' lang='lat' dir='ltr'><strong>nos</strong></span> <span class='ocrx_word' id='word_1_645' title='bbox 744 5066 880 5118; x_wconf 88' lang='lat' dir='ltr'><strong>Deus</strong></span> <span class='ocrx_word' id='word_1_646' title='bbox 932 5061 1102 5133; x_wconf 72' lang='lat' dir='ltr'><strong>(Paul.</strong></span> <span class='ocrx_word' id='word_1_647' title='bbox 1169 5066 1348 5137; x_wconf 75' lang='lat' dir='ltr'><strong>LXVI);</strong></span> <span class='ocrx_word' id='word_1_648' title='bbox 1389 5085 1407 5117; x_wconf 77' lang='grc' dir='ltr'><strong>ι</strong></span> <span class='ocrx_word' id='word_1_649' title='bbox 1470 5079 1527 5126; x_wconf 85' lang='lat' dir='ltr'><strong>et</strong></span> <span class='ocrx_word' id='word_1_650' title='bbox 1578 5069 1729 5122; x_wconf 90' lang='lat' dir='ltr'><strong>illum</strong></span> <span class='ocrx_word' id='word_1_651' title='bbox 1761 5068 1816 5120; x_wconf 85' lang='lat' dir='ltr'><strong>in</strong></span> 
     </span>
    </p>
   </div>
   <div class='ocr_carea' id='block_1_85' title="bbox 239 5153 1815 5223">
    <p class='ocr_par' dir='ltr' id='par_1_85' title="bbox 239 5153 1815 5223">
     <span class='ocr_line' id='line_1_85' title="bbox 239 5153 1815 5223; baseline 0.003 -15"><span class='ocrx_word' id='word_1_652' title='bbox 239 5153 416 5210; x_wconf 81' lang='lat' dir='ltr'><strong>medio</strong></span> <span class='ocrx_word' id='word_1_653' title='bbox 451 5153 758 5223; x_wconf 86' lang='lat' dir='ltr'><strong>majestatis</strong></span> <span class='ocrx_word' id='word_1_654' title='bbox 796 5169 914 5208; x_wconf 89' lang='lat' dir='ltr'><strong>esse</strong></span> <span class='ocrx_word' id='word_1_655' title='bbox 941 5163 1268 5223; x_wconf 82' lang='lat' dir='ltr'><strong>protestans,</strong></span> <span class='ocrx_word' id='word_1_656' title='bbox 1302 5163 1354 5208; x_wconf 86' lang='lat' dir='ltr'><strong>et</strong></span> <span class='ocrx_word' id='word_1_657' title='bbox 1383 5169 1638 5216; x_wconf 87' lang='lat' dir='ltr'><strong>nostrum</strong></span> <span class='ocrx_word' id='word_1_658' title='bbox 1671 5172 1815 5212; x_wconf 83' lang='lat' dir='ltr'><strong>asse-</strong></span> 
     </span>
    </p>
   </div>
   <div class='ocr_carea' id='block_1_86' title="bbox 1942 3238 3083 3310">
    <p class='ocr_par' dir='ltr' id='par_1_86' title="bbox 1942 3238 3083 3310">
     <span class='ocr_line' id='line_1_86' title="bbox 1942 3238 3083 3310; baseline -0.006 -14"><span class='ocrx_word' id='word_1_659' title='bbox 1942 3241 2132 3304; x_wconf 86' lang='lat' dir='ltr'><strong>stolus,</strong></span> <span class='ocrx_word' id='word_1_660' title='bbox 2165 3241 2345 3294; x_wconf 86' lang='lat' dir='ltr'><strong>verbis</strong></span> <span class='ocrx_word' id='word_1_661' title='bbox 2384 3239 2728 3310; x_wconf 87' lang='lat' dir='ltr'><strong>elegantibus</strong></span> <span class='ocrx_word' id='word_1_662' title='bbox 2755 3238 3083 3308; x_wconf 82' lang='lat' dir='ltr'><strong>explanavit.</strong></span> 
     </span>
    </p>
   </div>
   <div class='ocr_carea' id='block_1_87' title="bbox 2005 3325 3517 3396">
    <p class='ocr_par' dir='ltr' id='par_1_87' title="bbox 2005 3325 3517 3396">
     <span class='ocr_line' id='line_1_87' title="bbox 2005 3325 3517 3396; baseline -0.005 -10"><span class='ocrx_word' id='word_1_663' title='bbox 2005 3331 2222 3386; x_wconf 86' lang='lat' dir='ltr'><strong>Primus</strong></span> <span class='ocrx_word' id='word_1_664' title='bbox 2261 3347 2441 3385; x_wconf 91' lang='lat' dir='ltr'><strong>ramus</strong></span> <span class='ocrx_word' id='word_1_665' title='bbox 2465 3339 2549 3385; x_wconf 90' lang='lat' dir='ltr'><strong>est</strong></span> <span class='ocrx_word' id='word_1_666' title='bbox 2580 3331 2883 3384; x_wconf 81' lang='lat' dir='ltr'><strong>incarnatio</strong></span> <span class='ocrx_word' id='word_1_667' title='bbox 2911 3329 3031 3384; x_wconf 85' lang='lat' dir='ltr'><strong>Filii</strong></span> <span class='ocrx_word' id='word_1_668' title='bbox 3073 3327 3187 3382; x_wconf 92' lang='lat' dir='ltr'><strong>Dei.</strong></span> <span class='ocrx_word' id='word_1_669' title='bbox 3211 3325 3318 3381; x_wconf 81' lang='lat' dir='ltr'><strong>Iste</strong></span> <span class='ocrx_word' id='word_1_670' title='bbox 3347 3325 3517 3396; x_wconf 87' lang='lat' dir='ltr'><strong>siqui-</strong></span> 
     </span>
    </p>
   </div>
   <div class='ocr_carea' id='block_1_88' title="bbox 1939 3419 3513 3486">
    <p class='ocr_par' dir='ltr' id='par_1_88' title="bbox 1939 3419 3513 3486">
     <span class='ocr_line' id='line_1_88' title="bbox 1939 3419 3513 3486; baseline -0.003 -10"><span class='ocrx_word' id='word_1_671' title='bbox 1939 3423 2058 3476; x_wconf 89' lang='lat' dir='ltr'><strong>dem</strong></span> <span class='ocrx_word' id='word_1_672' title='bbox 2092 3423 2308 3478; x_wconf 90' lang='lat' dir='ltr'><strong>subtilis</strong></span> <span class='ocrx_word' id='word_1_673' title='bbox 2357 3431 2412 3476; x_wconf 91' lang='lat' dir='ltr'><strong>et</strong></span> <span class='ocrx_word' id='word_1_674' title='bbox 2462 3422 2834 3486; x_wconf 88' lang='lat' dir='ltr'><strong>necessarius;</strong></span> <span class='ocrx_word' id='word_1_675' title='bbox 2868 3435 2990 3474; x_wconf 91' lang='lat' dir='ltr'><strong>cum</strong></span> <span class='ocrx_word' id='word_1_676' title='bbox 3023 3427 3078 3473; x_wconf 92' lang='lat' dir='ltr'><strong>et</strong></span> <span class='ocrx_word' id='word_1_677' title='bbox 3109 3419 3372 3471; x_wconf 89' lang='lat' dir='ltr'><strong>instauret</strong></span> <span class='ocrx_word' id='word_1_678' title='bbox 3401 3431 3513 3471; x_wconf 76' lang='lat' dir='ltr'><strong>ca:-</strong></span> 
     </span>
    </p>
   </div>
   <div class='ocr_carea' id='block_1_89' title="bbox 1937 3513 3514 3578">
    <p class='ocr_par' dir='ltr' id='par_1_89' title="bbox 1937 3513 3514 3578">
     <span class='ocr_line' id='line_1_89' title="bbox 1937 3513 3514 3578; baseline -0.004 -11"><span class='ocrx_word' id='word_1_679' title='bbox 1937 3514 2114 3578; x_wconf 90' lang='lat' dir='ltr'><strong>lestia,</strong></span> <span class='ocrx_word' id='word_1_680' title='bbox 2167 3513 2446 3568; x_wconf 87' lang='lat' dir='ltr'><strong>terrestria</strong></span> <span class='ocrx_word' id='word_1_681' title='bbox 2510 3521 2800 3576; x_wconf 88' lang='lat' dir='ltr'><strong>restauret,</strong></span> <span class='ocrx_word' id='word_1_682' title='bbox 2849 3519 2905 3566; x_wconf 90' lang='lat' dir='ltr'><strong>et</strong></span> <span class='ocrx_word' id='word_1_683' title='bbox 2941 3521 3230 3578; x_wconf 89' lang='lat' dir='ltr'><strong>utramque</strong></span> <span class='ocrx_word' id='word_1_684' title='bbox 3261 3519 3514 3562; x_wconf 87' lang='lat' dir='ltr'><strong>naturam</strong></span> 
     </span>
    </p>
   </div>
   <div class='ocr_carea' id='block_1_90' title="bbox 1937 3601 3514 3672">
    <p class='ocr_par' dir='ltr' id='par_1_90' title="bbox 1937 3601 3514 3672">
     <span class='ocr_line' id='line_1_90' title="bbox 1937 3601 3514 3672; baseline -0.004 -11"><span class='ocrx_word' id='word_1_685' title='bbox 1937 3623 2029 3661; x_wconf 84' lang='lat' dir='ltr'><strong>sua</strong></span> <span class='ocrx_word' id='word_1_686' title='bbox 2077 3606 2314 3660; x_wconf 81' lang='lat' dir='ltr'><strong>vivificet</strong></span> <span class='ocrx_word' id='word_1_687' title='bbox 2374 3605 2671 3659; x_wconf 88' lang='lat' dir='ltr'><strong>viriditate.</strong></span> <span class='ocrx_word' id='word_1_688' title='bbox 2705 3624 2722 3654; x_wconf 77' lang='grc' dir='ltr'><strong>ι</strong></span> <span class='ocrx_word' id='word_1_689' title='bbox 2758 3604 2811 3658; x_wconf 92' lang='lat' dir='ltr'><strong>Si</strong></span> <span class='ocrx_word' id='word_1_690' title='bbox 2861 3605 2912 3658; x_wconf 89' lang='lat' dir='ltr'><strong>itt</strong></span> <span class='ocrx_word' id='word_1_691' title='bbox 2967 3603 3148 3666; x_wconf 86' lang='lat' dir='ltr'><strong>viridi,</strong></span> <span class='ocrx_word' id='word_1_692' title='bbox 3203 3603 3400 3672; x_wconf 90' lang='lat' dir='ltr'><strong>inquit,</strong></span> <span class='ocrx_word' id='word_1_693' title='bbox 3449 3601 3514 3655; x_wconf 87' lang='lat' dir='ltr'><strong>li-</strong></span> 
     </span>
    </p>
   </div>
   <div class='ocr_carea' id='block_1_91' title="bbox 1935 3692 3506 3768">
    <p class='ocr_par' dir='ltr' id='par_1_91' title="bbox 1935 3692 3506 3768">
     <span class='ocr_line' id='line_1_91' title="bbox 1935 3692 3506 3768; baseline -0.003 -18"><span class='ocrx_word' id='word_1_694' title='bbox 1935 3714 2037 3768; x_wconf 90' lang='lat' dir='ltr'><strong>gno</strong></span> <span class='ocrx_word' id='word_1_695' title='bbox 2069 3697 2169 3752; x_wconf 87' lang='lat' dir='ltr'><strong>hoc</strong></span> <span class='ocrx_word' id='word_1_696' title='bbox 2212 3695 2436 3762; x_wconf 88' lang='lat' dir='ltr'><strong>faciunt,</strong></span> <span class='ocrx_word' id='word_1_697' title='bbox 2476 3697 2528 3750; x_wconf 92' lang='lat' dir='ltr'><strong>in</strong></span> <span class='ocrx_word' id='word_1_698' title='bbox 2563 3697 2716 3750; x_wconf 89' lang='lat' dir='ltr'><strong>arido</strong></span> <span class='ocrx_word' id='word_1_699' title='bbox 2753 3696 2883 3766; x_wconf 88' lang='lat' dir='ltr'><strong>quid</strong></span> <span class='ocrx_word' id='word_1_700' title='bbox 2929 3695 3054 3750; x_wconf 78' lang='lat' dir='ltr'><strong>fiet?</strong></span> <span class='ocrx_word' id='word_1_701' title='bbox 3093 3713 3110 3746; x_wconf 81' lang='grc' dir='ltr'><strong>ι</strong></span> <span class='ocrx_word' id='word_1_702' title='bbox 3146 3693 3296 3766; x_wconf 84' lang='lat' dir='ltr'><strong>(Luc.</strong></span> <span class='ocrx_word' id='word_1_703' title='bbox 3325 3692 3506 3762; x_wconf 80' lang='lat' dir='ltr'><strong>xxrtt.)</strong></span> 
     </span>
    </p>
   </div>
   <div class='ocr_carea' id='block_1_92' title="bbox 1935 3784 3510 3856">
    <p class='ocr_par' dir='ltr' id='par_1_92' title="bbox 1935 3784 3510 3856">
     <span class='ocr_line' id='line_1_92' title="bbox 1935 3784 3510 3856; baseline -0.003 -14"><span class='ocrx_word' id='word_1_704' title='bbox 1935 3789 2005 3842; x_wconf 86' lang='lat' dir='ltr'><strong>Se</strong></span> <span class='ocrx_word' id='word_1_705' title='bbox 2049 3803 2252 3842; x_wconf 87' lang='lat' dir='ltr'><strong>vocans</strong></span> <span class='ocrx_word' id='word_1_706' title='bbox 2301 3787 2474 3842; x_wconf 89' lang='lat' dir='ltr'><strong>viride</strong></span> <span class='ocrx_word' id='word_1_707' title='bbox 2535 3787 2759 3856; x_wconf 86' lang='lat' dir='ltr'><strong>lignum,</strong></span> <span class='ocrx_word' id='word_1_708' title='bbox 2803 3787 2869 3840; x_wconf 85' lang='lat' dir='ltr'><strong>de</strong></span> <span class='ocrx_word' id='word_1_709' title='bbox 2894 3786 3144 3854; x_wconf 82' lang='lat' dir='ltr'><strong>virginali</strong></span> <span class='ocrx_word' id='word_1_710' title='bbox 3189 3784 3510 3854; x_wconf 89' lang='lat' dir='ltr'><strong>pullulatum</strong></span> 
     </span>
    </p>
   </div>
   <div class='ocr_carea' id='block_1_93' title="bbox 1934 3871 3514 3943">
    <p class='ocr_par' dir='ltr' id='par_1_93' title="bbox 1934 3871 3514 3943">
     <span class='ocr_line' id='line_1_93' title="bbox 1934 3871 3514 3943; baseline -0.003 -12"><span class='ocrx_word' id='word_1_711' title='bbox 1934 3879 2143 3943; x_wconf 89' lang='lat' dir='ltr'><strong>virore;</strong></span> <span class='ocrx_word' id='word_1_712' title='bbox 2195 3894 2318 3934; x_wconf 91' lang='lat' dir='ltr'><strong>cum</strong></span> <span class='ocrx_word' id='word_1_713' title='bbox 2370 3892 2468 3930; x_wconf 91' lang='lat' dir='ltr'><strong>nos</strong></span> <span class='ocrx_word' id='word_1_714' title='bbox 2497 3885 2550 3930; x_wconf 90' lang='lat' dir='ltr'><strong>et</strong></span> <span class='ocrx_word' id='word_1_715' title='bbox 2593 3876 2891 3930; x_wconf 81' lang='lat' dir='ltr'><strong>nativitatis</strong></span> <span class='ocrx_word' id='word_1_716' title='bbox 2934 3875 3273 3940; x_wconf 88' lang='lat' dir='ltr'><strong>munditiam,</strong></span> <span class='ocrx_word' id='word_1_717' title='bbox 3301 3882 3356 3929; x_wconf 91' lang='lat' dir='ltr'><strong>et</strong></span> <span class='ocrx_word' id='word_1_718' title='bbox 3388 3871 3514 3926; x_wconf 76' lang='lat' dir='ltr'><strong>fidei</strong></span> 
     </span>
    </p>
   </div>
   <div class='ocr_carea' id='block_1_94' title="bbox 1932 3964 3509 4038">
    <p class='ocr_par' dir='ltr' id='par_1_94' title="bbox 1932 3964 3509 4038">
     <span class='ocr_line' id='line_1_94' title="bbox 1932 3964 3509 4038; baseline -0.004 -15"><span class='ocrx_word' id='word_1_719' title='bbox 1932 3971 2257 4025; x_wconf 88' lang='lat' dir='ltr'><strong>viriditatem</strong></span> <span class='ocrx_word' id='word_1_720' title='bbox 2292 3969 2344 4022; x_wconf 91' lang='lat' dir='ltr'><strong>in</strong></span> <span class='ocrx_word' id='word_1_721' title='bbox 2399 3969 2573 4038; x_wconf 90' lang='lat' dir='ltr'><strong>primo</strong></span> <span class='ocrx_word' id='word_1_722' title='bbox 2617 3977 2840 4037; x_wconf 88' lang='lat' dir='ltr'><strong>parente</strong></span> <span class='ocrx_word' id='word_1_723' title='bbox 2879 3982 3064 4022; x_wconf 89' lang='lat' dir='ltr'><strong>verum</strong></span> <span class='ocrx_word' id='word_1_724' title='bbox 3115 3965 3184 4020; x_wconf 90' lang='lat' dir='ltr'><strong>sit</strong></span> <span class='ocrx_word' id='word_1_725' title='bbox 3238 3964 3509 4019; x_wconf 89' lang='lat' dir='ltr'><strong>amisisse.</strong></span> 
     </span>
    </p>
   </div>
   <div class='ocr_carea' id='block_1_95' title="bbox 1931 4059 3510 4137">
    <p class='ocr_par' dir='ltr' id='par_1_95' title="bbox 1931 4059 3510 4137">
     <span class='ocr_line' id='line_1_95' title="bbox 1931 4059 3510 4137; baseline -0.001 -23"><span class='ocrx_word' id='word_1_726' title='bbox 1931 4061 2190 4118; x_wconf 84' lang='lat' dir='ltr'><strong>Viriditas</strong></span> <span class='ocrx_word' id='word_1_727' title='bbox 2215 4063 2328 4116; x_wconf 85' lang='lat' dir='ltr'><strong>haec</strong></span> <span class='ocrx_word' id='word_1_728' title='bbox 2359 4071 2465 4114; x_wconf 91' lang='lat' dir='ltr'><strong>tam</strong></span> <span class='ocrx_word' id='word_1_729' title='bbox 2491 4061 2764 4128; x_wconf 85' lang='lat' dir='ltr'><strong>sapienter</strong></span> <span class='ocrx_word' id='word_1_730' title='bbox 2799 4061 2867 4114; x_wconf 94' lang='lat' dir='ltr'><strong>ab</strong></span> <span class='ocrx_word' id='word_1_731' title='bbox 2901 4060 3012 4137; x_wconf 87' lang='lat' dir='ltr'><strong>ipsa</strong></span> <span class='ocrx_word' id='word_1_732' title='bbox 3041 4059 3314 4127; x_wconf 88' lang='lat' dir='ltr'><strong>Sapientia</strong></span> <span class='ocrx_word' id='word_1_733' title='bbox 3343 4072 3510 4112; x_wconf 80' lang='lat' dir='ltr'><strong>exco-</strong></span> 
     </span>
    </p>
   </div>
   <div class='ocr_carea' id='block_1_96' title="bbox 1930 4147 3508 4224">
    <p class='ocr_par' dir='ltr' id='par_1_96' title="bbox 1930 4147 3508 4224">
     <span class='ocr_line' id='line_1_96' title="bbox 1930 4147 3508 4224; baseline -0.004 -18"><span class='ocrx_word' id='word_1_734' title='bbox 1930 4153 2094 4224; x_wconf 86' lang='lat' dir='ltr'><strong>gitata</strong></span> <span class='ocrx_word' id='word_1_735' title='bbox 2129 4161 2232 4217; x_wconf 90' lang='lat' dir='ltr'><strong>est,</strong></span> <span class='ocrx_word' id='word_1_736' title='bbox 2263 4161 2320 4204; x_wconf 90' lang='lat' dir='ltr'><strong>ut</strong></span> <span class='ocrx_word' id='word_1_737' title='bbox 2367 4159 2420 4204; x_wconf 90' lang='lat' dir='ltr'><strong>et</strong></span> <span class='ocrx_word' id='word_1_738' title='bbox 2447 4149 2628 4204; x_wconf 87' lang='lat' dir='ltr'><strong>cordis</strong></span> <span class='ocrx_word' id='word_1_739' title='bbox 2659 4158 2712 4203; x_wconf 92' lang='lat' dir='ltr'><strong>et</strong></span> <span class='ocrx_word' id='word_1_740' title='bbox 2753 4149 2865 4204; x_wconf 89' lang='lat' dir='ltr'><strong>oris</strong></span> <span class='ocrx_word' id='word_1_741' title='bbox 2890 4157 3134 4203; x_wconf 89' lang='lat' dir='ltr'><strong>transeat</strong></span> <span class='ocrx_word' id='word_1_742' title='bbox 3175 4147 3508 4202; x_wconf 82' lang='lat' dir='ltr'><strong>facultatem.</strong></span> 
     </span>
    </p>
   </div>
   <div class='ocr_carea' id='block_1_97' title="bbox 1929 4239 3512 4314">
    <p class='ocr_par' dir='ltr' id='par_1_97' title="bbox 1929 4239 3512 4314">
     <span class='ocr_line' id='line_1_97' title="bbox 1929 4239 3512 4314; baseline -0.003 -15"><span class='ocrx_word' id='word_1_743' title='bbox 1929 4243 2228 4314; x_wconf 76' lang='lat' dir='ltr'><strong>Oportebat</strong></span> <span class='ocrx_word' id='word_1_744' title='bbox 2249 4243 2393 4296; x_wconf 88' lang='lat' dir='ltr'><strong>enim</strong></span> <span class='ocrx_word' id='word_1_745' title='bbox 2418 4242 2482 4295; x_wconf 89' lang='lat' dir='ltr'><strong>ad</strong></span> <span class='ocrx_word' id='word_1_746' title='bbox 2518 4241 2944 4310; x_wconf 89' lang='lat' dir='ltr'><strong>redemptionem</strong></span> <span class='ocrx_word' id='word_1_747' title='bbox 2971 4239 3224 4304; x_wconf 87' lang='lat' dir='ltr'><strong>hominis,</strong></span> <span class='ocrx_word' id='word_1_748' title='bbox 3249 4249 3309 4293; x_wconf 90' lang='lat' dir='ltr'><strong>ut</strong></span> <span class='ocrx_word' id='word_1_749' title='bbox 3335 4240 3512 4294; x_wconf 83' lang='lat' dir='ltr'><strong>victus</strong></span> 
     </span>
    </p>
   </div>
   <div class='ocr_carea' id='block_1_98' title="bbox 1931 4329 3514 4389">
    <p class='ocr_par' dir='ltr' id='par_1_98' title="bbox 1931 4329 3514 4389">
     <span class='ocr_line' id='line_1_98' title="bbox 1931 4329 3514 4389; baseline -0.005 -1"><span class='ocrx_word' id='word_1_750' title='bbox 1931 4335 2094 4389; x_wconf 89' lang='lat' dir='ltr'><strong>homo</strong></span> <span class='ocrx_word' id='word_1_751' title='bbox 2149 4334 2414 4389; x_wconf 89' lang='lat' dir='ltr'><strong>victorem</strong></span> <span class='ocrx_word' id='word_1_752' title='bbox 2461 4331 2734 4386; x_wconf 91' lang='lat' dir='ltr'><strong>diabolum</strong></span> <span class='ocrx_word' id='word_1_753' title='bbox 2761 4333 3023 4386; x_wconf 87' lang='lat' dir='ltr'><strong>vinceret.</strong></span> <span class='ocrx_word' id='word_1_754' title='bbox 3055 4329 3162 4384; x_wconf 88' lang='lat' dir='ltr'><strong>Sed</strong></span> <span class='ocrx_word' id='word_1_755' title='bbox 3193 4329 3332 4384; x_wconf 89' lang='lat' dir='ltr'><strong>unde</strong></span> <span class='ocrx_word' id='word_1_756' title='bbox 3357 4329 3514 4382; x_wconf 78' lang='lat' dir='ltr'><strong>fieret</strong></span> 
     </span>
    </p>
   </div>
   <div class='ocr_carea' id='block_1_99' title="bbox 1929 4416 3510 4487">
    <p class='ocr_par' dir='ltr' id='par_1_99' title="bbox 1929 4416 3510 4487">
     <span class='ocr_line' id='line_1_99' title="bbox 1929 4416 3510 4487; baseline -0.005 -10"><span class='ocrx_word' id='word_1_757' title='bbox 1929 4424 2052 4487; x_wconf 92' lang='lat' dir='ltr'><strong>hoc,</strong></span> <span class='ocrx_word' id='word_1_758' title='bbox 2089 4440 2200 4477; x_wconf 88' lang='lat' dir='ltr'><strong>non</strong></span> <span class='ocrx_word' id='word_1_759' title='bbox 2243 4422 2497 4477; x_wconf 91' lang='lat' dir='ltr'><strong>habebat.</strong></span> <span class='ocrx_word' id='word_1_760' title='bbox 2546 4422 2746 4476; x_wconf 89' lang='lat' dir='ltr'><strong>Omnes</strong></span> <span class='ocrx_word' id='word_1_761' title='bbox 2791 4421 2938 4474; x_wconf 89' lang='lat' dir='ltr'><strong>enim</strong></span> <span class='ocrx_word' id='word_1_762' title='bbox 2985 4420 3035 4472; x_wconf 92' lang='lat' dir='ltr'><strong>in</strong></span> <span class='ocrx_word' id='word_1_763' title='bbox 3091 4418 3182 4471; x_wconf 92' lang='lat' dir='ltr'><strong>illo</strong></span> <span class='ocrx_word' id='word_1_764' title='bbox 3217 4416 3510 4486; x_wconf 86' lang='lat' dir='ltr'><strong>proscripti</strong></span> 
     </span>
    </p>
   </div>
   <div class='ocr_carea' id='block_1_100' title="bbox 1927 4505 3509 4583">
    <p class='ocr_par' dir='ltr' id='par_1_100' title="bbox 1927 4505 3509 4583">
     <span class='ocr_line' id='line_1_100' title="bbox 1927 4505 3509 4583; baseline -0.008 -13"><span class='ocrx_word' id='word_1_765' title='bbox 1927 4532 2166 4579; x_wconf 89' lang='lat' dir='ltr'><strong>eramus,</strong></span> <span class='ocrx_word' id='word_1_766' title='bbox 2195 4523 2245 4568; x_wconf 88' lang='lat' dir='ltr'><strong>et</strong></span> <span class='ocrx_word' id='word_1_767' title='bbox 2275 4529 2374 4583; x_wconf 88' lang='lat' dir='ltr'><strong>per</strong></span> <span class='ocrx_word' id='word_1_768' title='bbox 2404 4514 2552 4566; x_wconf 92' lang='lat' dir='ltr'><strong>illum</strong></span> <span class='ocrx_word' id='word_1_769' title='bbox 2589 4511 2871 4580; x_wconf 82' lang='lat' dir='ltr'><strong>originalis</strong></span> <span class='ocrx_word' id='word_1_770' title='bbox 2903 4508 3106 4578; x_wconf 88' lang='lat' dir='ltr'><strong>peccati</strong></span> <span class='ocrx_word' id='word_1_771' title='bbox 3140 4507 3306 4576; x_wconf 74' lang='lat'><strong>218</strong></span> <span class='ocrx_word' id='word_1_772' title='bbox 3330 4505 3509 4574; x_wconf 82' lang='lat' dir='ltr'><strong>gravi-</strong></span> 
     </span>
    </p>
   </div>
   <div class='ocr_carea' id='block_1_101' title="bbox 1931 4595 3512 4675">
    <p class='ocr_par' dir='ltr' id='par_1_101' title="bbox 1931 4595 3512 4675">
     <span class='ocr_line' id='line_1_101' title="bbox 1931 4595 3512 4675; baseline -0.006 -15"><span class='ocrx_word' id='word_1_773' title='bbox 1931 4615 2039 4661; x_wconf 90' lang='lat' dir='ltr'><strong>tate</strong></span> <span class='ocrx_word' id='word_1_774' title='bbox 2071 4605 2332 4675; x_wconf 87' lang='lat' dir='ltr'><strong>depressi.</strong></span> <span class='ocrx_word' id='word_1_775' title='bbox 2382 4605 2524 4659; x_wconf 91' lang='lat' dir='ltr'><strong>Deus</strong></span> <span class='ocrx_word' id='word_1_776' title='bbox 2568 4611 2749 4656; x_wconf 89' lang='lat' dir='ltr'><strong>autem</strong></span> <span class='ocrx_word' id='word_1_777' title='bbox 2801 4617 2908 4655; x_wconf 87' lang='lat' dir='ltr'><strong>non</strong></span> <span class='ocrx_word' id='word_1_778' title='bbox 2939 4601 3146 4663; x_wconf 87' lang='lat' dir='ltr'><strong>debuit,</strong></span> <span class='ocrx_word' id='word_1_779' title='bbox 3181 4614 3301 4652; x_wconf 88' lang='lat' dir='ltr'><strong>ctttn</strong></span> <span class='ocrx_word' id='word_1_780' title='bbox 3331 4595 3512 4666; x_wconf 86' lang='lat' dir='ltr'><strong>potius</strong></span> 
     </span>
    </p>
   </div>
   <div class='ocr_carea' id='block_1_102' title="bbox 1928 4683 3512 4766">
    <p class='ocr_par' dir='ltr' id='par_1_102' title="bbox 1928 4683 3512 4766">
     <span class='ocr_line' id='line_1_102' title="bbox 1928 4683 3512 4766; baseline -0.009 -16"><span class='ocrx_word' id='word_1_781' title='bbox 1928 4697 2168 4766; x_wconf 90' lang='lat' dir='ltr'><strong>potentia</strong></span> <span class='ocrx_word' id='word_1_782' title='bbox 2227 4695 2522 4756; x_wconf 86' lang='lat' dir='ltr'><strong>videretur,</strong></span> <span class='ocrx_word' id='word_1_783' title='bbox 2553 4693 2596 4747; x_wconf 93' lang='lat' dir='ltr'><strong>si</strong></span> <span class='ocrx_word' id='word_1_784' title='bbox 2627 4706 2846 4746; x_wconf 90' lang='lat' dir='ltr'><strong>servum</strong></span> <span class='ocrx_word' id='word_1_785' title='bbox 2878 4705 2907 4741; x_wconf 93' lang='lat' dir='ltr'><strong>a</strong></span> <span class='ocrx_word' id='word_1_786' title='bbox 2936 4703 2994 4741; x_wconf 89' lang='lat' dir='ltr'><strong>se</strong></span> <span class='ocrx_word' id='word_1_787' title='bbox 3025 4687 3388 4750; x_wconf 87' lang='lat' dir='ltr'><strong>recedentem,</strong></span> <span class='ocrx_word' id='word_1_788' title='bbox 3419 4683 3512 4752; x_wconf 91' lang='lat' dir='ltr'><strong>qui</strong></span> 
     </span>
    </p>
   </div>
   <div class='ocr_carea' id='block_1_103' title="bbox 1931 4773 3516 4852">
    <p class='ocr_par' dir='ltr' id='par_1_103' title="bbox 1931 4773 3516 4852">
     <span class='ocr_line' id='line_1_103' title="bbox 1931 4773 3516 4852; baseline -0.009 -11"><span class='ocrx_word' id='word_1_789' title='bbox 1931 4787 2076 4841; x_wconf 90' lang='lat' dir='ltr'><strong>illum</strong></span> <span class='ocrx_word' id='word_1_790' title='bbox 2103 4783 2506 4852; x_wconf 88' lang='lat' dir='ltr'><strong>subjugaverat,</strong></span> <span class='ocrx_word' id='word_1_791' title='bbox 2540 4781 2828 4836; x_wconf 80' lang='lat' dir='ltr'><strong>enodat-et.</strong></span> <span class='ocrx_word' id='word_1_792' title='bbox 2856 4777 3010 4844; x_wconf 88' lang='lat' dir='ltr'><strong>Quod</strong></span> <span class='ocrx_word' id='word_1_793' title='bbox 3041 4776 3204 4847; x_wconf 88' lang='lat' dir='ltr'><strong>igitur</strong></span> <span class='ocrx_word' id='word_1_794' title='bbox 3231 4773 3395 4826; x_wconf 89' lang='lat' dir='ltr'><strong>homo</strong></span> <span class='ocrx_word' id='word_1_795' title='bbox 3419 4788 3516 4842; x_wconf 88' lang='lat' dir='ltr'><strong>per</strong></span> 
     </span>
    </p>
   </div>
   <div class='ocr_carea' id='block_1_104' title="bbox 1931 4861 3522 4945">
    <p class='ocr_par' dir='ltr' id='par_1_104' title="bbox 1931 4861 3522 4945">
     <span class='ocr_line' id='line_1_104' title="bbox 1931 4861 3522 4945; baseline -0.01 -12"><span class='ocrx_word' id='word_1_796' title='bbox 1931 4893 1990 4933; x_wconf 90' lang='lat' dir='ltr'><strong>se</strong></span> <span class='ocrx_word' id='word_1_797' title='bbox 2024 4893 2126 4930; x_wconf 90' lang='lat' dir='ltr'><strong>non</strong></span> <span class='ocrx_word' id='word_1_798' title='bbox 2157 4874 2354 4945; x_wconf 89' lang='lat' dir='ltr'><strong>potuit,</strong></span> <span class='ocrx_word' id='word_1_799' title='bbox 2409 4873 2550 4926; x_wconf 88' lang='lat' dir='ltr'><strong>Deus</strong></span> <span class='ocrx_word' id='word_1_800' title='bbox 2594 4887 2691 4942; x_wconf 89' lang='lat' dir='ltr'><strong>per</strong></span> <span class='ocrx_word' id='word_1_801' title='bbox 2729 4885 2790 4925; x_wconf 91' lang='lat' dir='ltr'><strong>se</strong></span> <span class='ocrx_word' id='word_1_802' title='bbox 2827 4884 2932 4923; x_wconf 91' lang='lat' dir='ltr'><strong>non</strong></span> <span class='ocrx_word' id='word_1_803' title='bbox 2967 4865 3177 4928; x_wconf 86' lang='lat' dir='ltr'><strong>debuit,</strong></span> <span class='ocrx_word' id='word_1_804' title='bbox 3204 4861 3396 4916; x_wconf 85' lang='lat' dir='ltr'><strong>artifex</strong></span> <span class='ocrx_word' id='word_1_805' title='bbox 3419 4861 3522 4917; x_wconf 84' lang='lat' dir='ltr'><strong>Sa-</strong></span> 
     </span>
    </p>
   </div>
   <div class='ocr_carea' id='block_1_105' title="bbox 1925 4958 3526 5040">
    <p class='ocr_par' dir='ltr' id='par_1_105' title="bbox 1925 4958 3526 5040">
     <span class='ocr_line' id='line_1_105' title="bbox 1925 4958 3526 5040; baseline -0.008 -16"><span class='ocrx_word' id='word_1_806' title='bbox 1925 4969 2128 5040; x_wconf 90' lang='lat' dir='ltr'><strong>pientia</strong></span> <span class='ocrx_word' id='word_1_807' title='bbox 2173 4969 2340 5022; x_wconf 91' lang='lat' dir='ltr'><strong>Deum</strong></span> <span class='ocrx_word' id='word_1_808' title='bbox 2390 4973 2442 5019; x_wconf 89' lang='lat' dir='ltr'><strong>et</strong></span> <span class='ocrx_word' id='word_1_809' title='bbox 2483 4963 2759 5017; x_wconf 90' lang='lat' dir='ltr'><strong>hominem</strong></span> <span class='ocrx_word' id='word_1_810' title='bbox 2813 4958 3130 5023; x_wconf 83' lang='lat' dir='ltr'><strong>collocavit,</strong></span> <span class='ocrx_word' id='word_1_811' title='bbox 3162 4961 3222 5006; x_wconf 91' lang='lat' dir='ltr'><strong>ut</strong></span> <span class='ocrx_word' id='word_1_812' title='bbox 3265 4968 3329 5005; x_wconf 76' lang='lat' dir='ltr'><strong>ex</strong></span> <span class='ocrx_word' id='word_1_813' title='bbox 3362 4965 3526 5020; x_wconf 87' lang='lat' dir='ltr'><strong>parte</strong></span> 
     </span>
    </p>
   </div>
   <div class='ocr_carea' id='block_1_106' title="bbox 1925 5043 3542 5130">
    <p class='ocr_par' dir='ltr' id='par_1_106' title="bbox 1925 5043 3542 5130">
     <span class='ocr_line' id='line_1_106' title="bbox 1925 5043 3542 5130; baseline -0.014 -13"><span class='ocrx_word' id='word_1_814' title='bbox 1925 5063 2166 5118; x_wconf 89' lang='lat' dir='ltr'><strong>hominis</strong></span> <span class='ocrx_word' id='word_1_815' title='bbox 2195 5075 2294 5130; x_wconf 91' lang='lat' dir='ltr'><strong>pro</strong></span> <span class='ocrx_word' id='word_1_816' title='bbox 2327 5056 2641 5112; x_wconf 88' lang='lat' dir='ltr'><strong>hominibus</strong></span> <span class='ocrx_word' id='word_1_817' title='bbox 2677 5053 3066 5124; x_wconf 59' lang='lat' dir='ltr'><strong>satisfaceret,</strong></span> <span class='ocrx_word' id='word_1_818' title='bbox 3097 5057 3150 5104; x_wconf 89' lang='lat' dir='ltr'><strong>et</strong></span> <span class='ocrx_word' id='word_1_819' title='bbox 3171 5061 3232 5099; x_wconf 76' lang='lat' dir='ltr'><strong>ex</strong></span> <span class='ocrx_word' id='word_1_820' title='bbox 3255 5051 3404 5110; x_wconf 87' lang='lat' dir='ltr'><strong>parte</strong></span> <span class='ocrx_word' id='word_1_821' title='bbox 3431 5043 3542 5102; x_wconf 67' lang='lat' dir='ltr'><strong>Dei</strong></span> 
     </span>
    </p>
   </div>
   <div class='ocr_carea' id='block_1_107' title="bbox 1926 5133 3554 5236">
    <p class='ocr_par' dir='ltr' id='par_1_107' title="bbox 1926 5133 3554 5236">
     <span class='ocr_line' id='line_1_107' title="bbox 1926 5133 3554 5236; baseline -0.016 -22"><span class='ocrx_word' id='word_1_822' title='bbox 1926 5159 2216 5228; x_wconf 85' lang='lat' dir='ltr'><strong>superbum</strong></span> <span class='ocrx_word' id='word_1_823' title='bbox 2263 5151 2403 5204; x_wconf 90' lang='lat' dir='ltr'><strong>sicut</strong></span> <span class='ocrx_word' id='word_1_824' title='bbox 2445 5149 2793 5204; x_wconf 86' lang='lat' dir='ltr'><strong>vulneratum</strong></span> <span class='ocrx_word' id='word_1_825' title='bbox 2851 5145 3210 5206; x_wconf 75' lang='lat' dir='ltr'><strong>hutnmaret.</strong></span> <span class='ocrx_word' id='word_1_826' title='bbox 3238 5133 3424 5236; x_wconf 77' lang='lat' dir='ltr'><strong>Clausa</strong></span> <span class='ocrx_word' id='word_1_827' title='bbox 3461 5146 3554 5236; x_wconf 56' lang='lat' dir='ltr'><strong>est</strong></span> 
     </span>
    </p>
   </div>
   <div class='ocr_carea' id='block_1_108' title="bbox 2746 5235 3532 5258">
    <p class='ocr_par' dir='ltr' id='par_1_108' title="bbox 2746 5235 3532 5258">
     <span class='ocr_line' id='line_1_108' title="bbox 2746 5235 3532 5258; baseline 0 0"><span class='ocrx_word' id='word_1_828' title='bbox 2746 5247 2786 5258; x_wconf 34' lang='grc' dir='ltr'><strong>εκ</strong></span> <span class='ocrx_word' id='word_1_829' title='bbox 2823 5255 2850 5258; x_wconf 35' lang='grc' dir='ltr'><strong>γ-</strong></span> <span class='ocrx_word' id='word_1_830' title='bbox 2909 5235 2990 5258; x_wconf 52' lang='grc' dir='ltr'><strong>αἱ-</strong></span> <span class='ocrx_word' id='word_1_831' title='bbox 3059 5247 3069 5257; x_wconf 82' lang='grc' dir='ltr'><strong>ι</strong></span> <span class='ocrx_word' id='word_1_832' title='bbox 3117 5249 3167 5258; x_wconf 64' lang='grc' dir='ltr'><strong>-.ς</strong></span> <span class='ocrx_word' id='word_1_833' title='bbox 3221 5235 3532 5258; x_wconf 65' lang='grc' dir='ltr'>Ληιιὶιιῖιΐιιῖιι</span> 
     </span>
    </p>
   </div>
  </div>
