3978 5328
489 206 594 263 735

1122 206 1179 261 S.
1222 206 1423 262 PETRI
1448 205 1730 263 DALIIANI
1766 202 1916 260 OPP.
1956 200 2136 257 PARS
2161 201 2290 258 SEU
2322 201 2553 262 τωωε
2585 203 2643 259 II.
2671 193 2742 246 -——
2764 196 3155 261 SERMONES.

3616 205 3721 263 736

562 319 842 375 Secundus
883 333 1068 373 ramus
1099 328 1184 373 est
1219 323 1521 391 baptismus
1563 322 1784 378 Christi.
1841 320 2054 374 intuere
2084 324 2129 376 Α
2154 316 2297 372 cavit
2352 317 2404 373 in
2457 317 2653 388 gloria!
2699 317 2891 373 Vident
2948 326 3001 373 et
3052 318 3391 373 admirantur
3416 298 3739 377 caelestium

469 390 688 464 'It‘ilium
744 406 977 478 Virginis
1034 422 1139 462 non
1187 409 1254 462 ad
1294 390 1638 463 ablutionem
1689 410 2052 463 membrorum

493 513 735 561 suorum,
762 513 882 567 quae
910 498 975 552 de
1018 497 1276 569 virgineis
1322 499 1581 552 membris
1603 499 1867 563 exierant,
1892 498 2056 555 fuisse

494 585 847 653 baptizatum,
871 585 966 640 sed
996 594 1055 638 ut
1078 594 1238 640 tanta:
1258 587 1627 642 :uundationis
1648 588 1981 659 privilegium
2002 589 2069 643 in'

496 688 758 742 aquarum
819 672 1121 729 substantia
1186 673 1508 729 sanciretur.
1566 676 1711 730 Tene
1763 675 2054 741 intellectu,

449 784 455 788 ·
494 765 637 833 quod
664 764 782 820 visu
836 780 942 819 non
989 774 1175 834 potes,
1228 765 1559 821 descendere
1596 766 1648 821 in
1688 782 1905 837 aquam,
1936 783 2057 821 cum

496 852 692 926 aliquis
740 853 1089 925 baptizatur,
1147 846 1314 908 ﬁlium
1369 854 1589 919 diaboli,
1650 864 1707 910 et
1767 855 2060 911 ascendere

496 941 664 995 filium
695 942 812 1008 Dei,
869 958 998 998 vasa
1048 943 1142 997 ira:
1176 943 1227 997 in
1263 943 1651 999 misericordiae
1682 960 1805 998 vasa
1836 958 2063 999 conver-

499 1031 536 1085 ti
575 1029 753 1104 (Rom.
801 1032 879 1102 ιι)
910 1072 926 1098 ,
978 1033 1150 1088 everti
1190 1043 1469 1103 peccatum
1518 1033 1759 1104 originis,
1824 1034 2063 1091 subverti

497 1122 724 1177 latronis
744 1122 1051 1188 aedilicium,
1077 1123 1374 1178 divinitatis
1398 1123 1724 1179 domicilium
1750 1124 2060 1195 prmparari.

476 1208 667 1267 'Adest
696 1211 931 1279 Spiritus
959 1221 1201 1278 sanctus,
1233 1222 1289 1267 et
1319 1213 1385 1266 de
1420 1228 1627 1267 summa
1649 1212 1909 1268 cmlorum
1940 1228 2066 1267 arce

500 1303 851 1368 descendens,
874 1302 1198 1358 elementum
1241 1302 1565 1368 sanctificat,
1591 1303 1806 1357 deiltcat
1826 1302 2066 1373 baptiza-

478 1403 635 1458 ‘tum,
678 1392 941 1450 clarificat
980 1394 1265 1448 ministerii
1309 1393 1645 1464 dignitatem.
1686 1381 2069 1475 Constipgntur

478 1480 755 1552 angelica:
778 1483 1006 1538 virtutes
1034 1483 1334 1539 alludentcs
1388 1482 1867 1539 sacramentalibus
1911 1482 2068 1536 insti-

504 1578 658 1641 tutis,
682 1585 736 1631 ct
754 1575 1064 1631 caelestibus
1086 1574 1349 1631 creaturis
1367 1574 1505 1629 unda
1526 1573 1822 1643 puriﬁcans
1844 1587 2071 1629 corona-

2156 406 2369 477 agmina
2426 405 2716 475 legionum,
2763 414 2818 461 et
2860 406 2928 460 ad
2968 414 3129 460 tanta!
3177 406 3362 476 gratia:
3415 406 3721 477 largitatem

2158 496 2554 551 incessabiliter
2576 497 2984 565 obstupescunt.
3010 496 3315 566 Exsuperat
3334 497 3481 551 enim
3506 513 3725 554 sensum

2156 600 2371 640 omnem
2412 593 2575 640 tanta:
2600 585 2929 655 dignationis
2960 585 3204 650 intuitus,
3249 585 3350 654 ipsi
3382 586 3483 640 soli
3511 586 3728 655 pervius

2156 678 2433 734 Trinitati.
2482 678 2589 734 Sed
2629 687 2684 733 et
2719 679 2807 735 hic
2838 693 3018 733 ramus
3074 677 3387 748 spectabilis
3419 687 3480 734 et
3527 678 3731 733 miran-

2159 767 2286 830 dus;
2316 766 2524 822 fructus
2560 780 2689 820 vero
2716 764 2832 833 ejus
2852 804 2866 828 ,
2903 765 3136 835 Spiritus
3166 765 3405 835 pietatis.

2230 856 2503 926 Septimus
2520 866 2604 911 est
2635 856 2750 910 dies
2785 852 2996 923 judicii,
3038 857 3253 926 quando
3280 856 3462 910 veniet
3485 871 3611 911 cum
3640 871 3735 925 po-

2152 955 2355 1007 testate
2373 962 2568 1015 magna
2596 954 2651 1003 et
2674 946 2952 1015 majestate
2979 945 3129 1017 (Luc.
3166 947 3281 1016 xxi)
3310 945 3539 1001 reddere
3567 946 3623 1000 in
3656 946 3739 1000 ira

2161 1034 2472 1101 vindictam,
2501 1043 2553 1091 et
2572 1035 2924 1090 vastationem
2952 1035 3005 1089 in
3034 1034 3250 1090 flanuna
3276 1035 3436 1103 ignis.
3462 1034 3618 1090 Tunc
3635 1035 3739 1090 erit

2162 1124 2324 1178 timor
2350 1118 2435 1179 ille
2467 1123 2755 1187 timendus,
2784 1138 2927 1189 cum,
2946 1122 3098 1179 caelis
3123 1124 3460 1186 ardentibus,
3487 1139 3734 1193 pugnan-

2165 1212 2308 1268 tibus
2350 1209 2653 1278 elemeutis,
2683 1220 2825 1266 terra
2870 1227 3149 1279 succensa,
3175 1213 3530 1269 conscientiis
3576 1214 3739 1267 obvo-

2165 1301 2316 1369 lutis,
2374 1302 2706 1358 daemonibus
2740 1304 3140 1370 accusantibus,
3193 1305 3555 1359 trementibus
3576 1318 3742 1373 ange—

2166 1388 2255 1456 lis,
2274 1391 2455 1463 judice
2481 1390 2770 1450 furibundo
2790 1401 2844 1448 et
2869 1393 3290 1471 misericordiam
3319 1393 3619 1456 nesciente,
3651 1392 3742 1446 ﬁet

2169 1483 2259 1537 illa
2311 1483 2608 1551 discussio,
2657 1500 2777 1554 quae
2828 1486 3037 1541 utinam
3088 1501 3187 1541 nos
3229 1494 3450 1557 paratos
3505 1484 3743 1540 inveniat

2171 1572 2257 1646 (II
2290 1572 2471 1629 Thess.
2510 1573 2569 1653 ι).
2608 1574 2811 1630 Ramus
2850 1575 2969 1651 .iste
3016 1591 3245 1648 magnus
3299 1584 3354 1632 et
3383 1573 3739 1637 metuendus;

504 1673 613 1717 tur.
643 1663 857 1730 Cordis,
880 1680 988 1720 non
1018 1665 1199 1719 carnis
1219 1664 1406 1719 oculos
1439 1664 1710 1720 desiderat
1744 1663 2065 1719 sacramenti
2098 1663 2144 1724 B
2173 1664 2381 1720 fructus
2405 1652 2543 1734 ejus,
2574 1664 2808 1735 Spiritus
2836 1666 3045 1721 timoris
3072 1662 3303 1721 Domini.
3333 1663 3599 1718 Amemus
3616 1652 3746 1733 ergo

507 1757 865 1822 transcensio,
904 1756 1030 1827 quia
1058 1755 1405 1826 intelligibilis
1453 1766 1555 1810 est.
1608 1753 1890 1810 Secundus
1937 1768 2066 1825 ergo

503 1863 687 1904 ramus
714 1859 797 1904 est
840 1848 1143 1921 baptismus
1164 1847 1402 1913 Christi;
1433 1847 1638 1902 fructus
1666 1846 1802 1917 ejus,
1837 1843 2070 1915 Spiritus

476 1940 479 1943 ’
508 1938 833 1995 intellectus.

578 2029 791 2085 Tertius
812 2038 897 2086 est
936 2029 1119 2100 passio
1161 2029 1556 2100 Redemptoris.
1595 2029 1728 2083 Vide
1784 2028 2073 2083 consilium

510 2117 606 2175 Dei
635 2119 776 2189 quod
803 2120 857 2174 in
890 2120 1087 2191 abysso
1131 2120 1461 2192 judiciorum
1494 2119 1611 2189 ejus
1632 2119 1868 2175 clausum
1898 2118 2077 2174 fuerat

474 2196 479 2201 ”
510 2210 581 2264 ab
605 2218 826 2265 aeterno.
853 2210 1148 2266 Consilium
1197 2220 1347 2266 tuum
1373 2211 1679 2281 antiquum,
1706 2210 1952 2276 Domine,
1986 2226 2076 2267 ve-

509 2318 629 2357 rum
659 2302 776 2368 fiat,
830 2302 906 2357 ait
934 2319 1075 2358 unus
1103 2303 1337 2369 illorum,
1371 2303 1463 2375 qui
1508 2303 1574 2359 ad
1599 2318 1855 2359 arcanum
1882 2302 2078 2358 divina:

478 2392 865 2473 Providentiae
921 2393 1092 2449 fuerat
1132 2394 1494 2450 intromissus.
1516 2386 1767 2467 Nunquid
1803 2409 1909 2450 non
1950 2409 2078 2450 eon-

512 2481 677 2537 suluit
705 2483 821 2547 tibi,
850 2484 937 2540 cui
964 2500 1069 2539 non
1100 2493 1219 2539 erat
1257 2485 1489 2556 adjutor,
1523 2501 1645 2541 cum
1673 2485 2076 2540 sanctissimam

512 2569 657 2624 illam
680 2586 897 2626 carnem
918 2572 1121 2627 addidit
1144 2573 1469 2643 opprobriis,
1493 2575 1777 2629 tormentis
1806 2572 2077 2643 exposuit,

510 2667 564 2712 et
593 2679 609 2710 ι
638 2659 896 2717 inclinato
924 2664 1100 2732 capite
1122 2663 1304 2719 emisit
1349 2663 1635 2732 spiritum?
1671 2682 1689 2717 ι
1725 2661 1906 2734 (Joan.
1938 2660 2078 2733 xix.)

473 2740 479 2747 ’
514 2747 558 2805 0
589 2764 751 2818 quam
803 2751 1039 2807 indebita
1086 2753 1379 2818 miseratio,
1410 2768 1572 2823 quam
1599 2754 1832 2825 gratuita
1862 2771 1875 2807 :
1920 2761 1973 2807 et
2002 2752 2081 2808 sic

513 2841 739 2908 probata
789 2841 1035 2908 dilectio,
1072 2858 1231 2913 quam
1278 2844 1554 2914 inopinata
1607 2844 1865 2913 dignatio,
1919 2859 2080 2915 quam

516 2931 780 3000 stupenda
823 2932 1087 3000 dulcedo,
1134 2933 1329 2988 Filium
1379 2933 1472 2987 Dei
1526 2933 1606 2988 sic
1635 2925 1849 3005 'allligi,
1896 2948 2079 3003 regem

2173 1754 2377 1826 lignum
2402 1758 2546 1823 vitae,
2572 1765 2627 1813 et
2656 1758 2722 1812 de
2747 1756 2924 1813 fructu
2948 1757 3063 1827 ejus
3092 1757 3307 1811 assidue
3332 1755 3744 1817 manducemus,

2172 1848 2299 1917 quia
2329 1846 2534 1903 fructus
2558 1848 2661 1903 iste
2691 1848 2858 1904 Filius
2886 1848 3065 1905 Maria:
3086 1848 3292 1919 est,qui
3319 1855 3404 1903 est
3426 1845 3747 1902 benedictus

2175 1939 2227 1993 in
2250 1939 2445 1995 smcula
2472 1939 2807 1996 saeculorum.
2835 1940 3024 1997 Amen.

2700 2030 2733 2065 ⁸
2771 2029 3001 2086 SERMO
3039 2028 3222 2085 XLIV.

2267 2137 2303 2175 I.
2343 2136 2395 2176 IN
2433 2135 2765 2177 NATIVI‘I'ATE
2800 2135 3133 2262 ἴελτιεεηιῗ
3170 2136 3403 2178 νιιιςιιηιε
3440 2135 3645 2176 "LBIS.

2825 2206 2915 2244 VIII
2943 2206 3093 2246 SEPT.

2825 2206 2915 2244 VIII
2943 2206 3093 2246 SEPT.

2248 2280 2325 2335 De
2368 2282 2579 2352 gaudiis
2613 2295 2967 2353 properamus
3014 2279 3082 2335 ad
3128 2280 3343 2351 gaudia,
3372 2287 3426 2337 et
3448 2278 3750 2335 ferventem

2179 2373 2377 2445 stylum
2418 2373 2645 2445 gloriosa
2677 2375 2899 2429 materia
2930 2373 3056 2429 facit
3092 2373 3499 2430 ferventiorem.
3531 2373 3609 2429 De
3636 2374 3754 2427 Vir-

2178 2466 2301 2537 gine
2326 2466 2571 2521 venimus
2606 2465 2674 2520 ad
2710 2465 3008 2537 Virginem,
3038 2475 3093 2522 et
3126 2467 3192 2522 de
3235 2465 3401 2520 Maria
3424 2466 3493 2521 ad
3522 2464 3754 2520 Mariam

2180 2556 2530 2611 recurrimus.
2578 2550 2789 2609 Bonum
2839 2564 2921 2611 est
2941 2570 3037 2611 nos
3059 2556 3146 2610 hic
3167 2571 3307 2621 esse,
3337 2554 3529 2610 melius
3560 2555 3754 2609 immo-

2182 2647 2313 2712 rari,
2340 2647 2601 2716 0ptimum
2647 2658 2987 2715 permanere.
3027 2644 3230 2702 Felices
3251 2645 3480 2715 angelici
3503 2646 3751 2715 spiritus,

2181 2741 2273 2810 qui
2301 2741 2473 2793 beata‘.
2500 2738 2735 2810 Virginis
2762 2738 2964 2794 habent
2986 2737 3346 2808 praesentiam!
3389 2736 3501 2792 Nos
3532 2737 3754 2791 interim

2182 2829 2501 2884 memoriam
2556 2828 2898 2883 abundantia:
2954 2828 3235 2883 suavitatis
3264 2836 3367 2883 tua:
3418 2837 3753 2882 eructamus.

2183 2918 2261 2973 Illi
2311 2918 2675 2989 praesentiam,
2732 2931 2831 2971 nos
2875 2918 3213 2972 memoriam.
3251 2915 3341 2971 Sic
3387 2915 3434 2970 si
3475 2914 3649 2970 dulcis
3675 2923 3759 2969 est

517 3019 700 3090 gloriae
769 3020 823 3075 in
869 3021 986 3076 lacu
1041 3023 1271 3077 miseria:
1314 3023 1583 3092 crucifigi!
1652 3022 1893 3091 Denique
1944 3022 2078 3077 nihil

2185 3009 2463 3074 memoria,
2488 3008 2617 3077 quid
2653 3017 2735 3062 est
2766 3008 3077 3077 praesentia?
3104 3007 3170 3061 Et
3202 3006 3274 3059 illi
3319 3006 3562 3075 quidem,
3587 3004 3759 3058 abun-

500 3106 711 3162 melius
782 3110 848 3164 ad
914 3119 964 3166 te
1014 3110 1383 3166 redimendum
1450 3111 1673 3177 habuit,
1722 3126 1882 3181 quam
1941 3111 2084 3181 quod

518 3199 868 3267 semetipsum
903 3200 1221 3263 exinanivit,
1265 3216 1364 3257 nec
1407 3201 1844 3256 excellentiorem
1868 3201 2085 3256 modum

517 3288 722 3343 invenit
773 3290 1037 3360 sapientia
1064 3290 1160 3345 Dei
1189 3291 1241 3344 in
1265 3291 1410 3346 omni
1462 3292 1725 3360 sapientia
1753 3307 1869 3346 sua.
1897 3288 2086 3344 Passio

520 3378 624 3434 ista
653 3380 936 3435 consilium
966 3389 1068 3437 tua.-
1098 3382 1486 3453 redemptionis
1530 3391 1633 3438 est.
1663 3382 1870 3440 Ramus
1903 3400 2090 3440 neces-

520 3468 697 3524 sarius
718 3479 767 3524 et
790 3470 1068 3537 mirabilis,
1086 3473 1237 3542 cujus
1265 3471 1289 3526 f
1291 3483 1471 3529 ructus
1493 3481 1576 3528 est
1600 3472 1833 3542 Spiritus
1856 3474 2085 3528 consilii.

472 3560 487 3566 ’
588 3560 825 3626 Quartus
851 3569 935 3615 est
988 3561 1265 3616 descensio
1304 3562 1420 3631 ejus
1446 3562 1511 3616 ad
1533 3561 1759 3616 inferos.
1788 3560 1843 3615 In
1874 3561 2091 3616 fortitu-

520 3651 646 3706 dine
673 3650 932 3722 singulari
956 3651 1233 3707 descendit
1272 3653 1338 3705 ad
1362 3651 1587 3718 inferos,
1622 3661 1873 3721 tanquam
1899 3662 2090 3722 potens

520 3740 831 3809 crapulatus
881 3756 911 3795 a
948 3741 1096 3806 vino,
1145 3749 1199 3795 et
1234 3740 1577 3796 conturbavit
1624 3742 1816 3806 virum,
1846 3742 1937 3811 qui
1962 3756 2091 3796 con-

480 3842 483 3845 ‘
520 3830 760 3885 turbavit
811 3839 1028 3895 terram,
1060 3830 1150 3900 qui
1180 3833 1360 3900 posuit
1400 3832 1587 3886 orbem
1634 3832 1928 3896 desertum,
1958 3847 2089 3887 con-

521 3921 762 3991 fringens
816 3920 1070 3975 malleum
1113 3921 1381 3976 universae
1435 3932 1615 3985 terrae,
1668 3930 1725 3976 et
1757 3922 2089 3976 horrendum

523 4009 651 4064 illud
698 4009 955 4081 palatium
1004 4009 1301 4065 fortissima
1358 4012 1711 4067 subversione
1754 4015 2090 4068 concutiens.

522 4100 701 4155 Fortis
722 4101 936 4169 quidem
966 4110 1080 4155 erat
1108 4102 1217 4167 ille,
1246 4103 1341 4157 sed
1387 4102 1579 4158 fortior
1612 4106 1946 4173 supervenit,
1999 4104 2092 4174 qui

524 4204 651 4244 vasa
702 4189 994 4259 diriperet,
1054 4188 1291 4244 auferret
1342 4206 1526 4255 arma,
1560 4191 1751 4259 ligaret
1809 4191 2087 4248 inimicum

522 4280 673 4349 (Luc.
715 4281 835 4353 xu).
878 4281 944 4336 Et
976 4295 1162 4336 ramus
1192 4281 1411 4350 quidem
1447 4282 1550 4336 iste
1598 4290 1778 4335 rectus
1810 4293 1971 4353 atque
1993 4285 2092 4339 sub

524 4373 632 4431 tilis
670 4372 823 4442 cujus
855 4373 1063 4430 fructus
1091 4382 1175 4429 est
1205 4373 1440 4443 Spiritus
1474 4373 1823 4428 fortitudinis.

594 4462 826 4530 Quintus
851 4475 932 4520 est
952 4465 1281 4521 resurrectio
1307 4463 1529 4519 Christi.
1550 4463 1648 4519 llic
1670 4465 1908 4520 ostendit
1936 4465 2089 4522 nobis

522 4557 788 4627 exemplo,
840 4559 984 4629 quod
1030 4558 1353 4628 promiserat
1385 4557 1437 4611 in
1466 4558 1709 4627 prauuio,
1740 4566 1793 4612 et
1823 4560 1963 4615 scire
1994 4576 2090 4615 nos

524 4651 651 4707 fecit
690 4652 833 4721 quod
900 4667 1067 4706 carne
1117 4666 1216 4708 sua
1268 4662 1585 4725 resurgente
1642 4670 2084 4725 resurgeremus:

528 4759 648 4813 quae
698 4744 800 4798 etsi
842 4744 1120 4799 dissimilis
1168 4745 1370 4815 gloriae,
1422 4755 1599 4800 tamen
1646 4746 1808 4816 219
1852 4744 2089 4814 ejusdem

484 4822 491 4826 ’
531 4843 738 4887 natura:
775 4834 830 4887 in
880 4842 1034 4889 utero
1056 4835 1290 4906 Virginis
1339 4835 1513 4892 fuerat
1549 4835 1831 4890 fabricata.
1866 4836 2092 4890 Exclusa

532 4930 617 4977 cst
674 4924 839 4979 totius
881 4926 1250 4997 ambiguitatis
1276 4925 1522 4984 offensio.
1553 4926 1819 4982 Viderunt
1867 4924 2092 4995 apostoli

534 5029 744 5077 manus,
777 5022 1068 5071 tenuerunt
1096 5018 1281 5088 pedes,
1336 5018 1687 5089 palpaverunt
1720 5015 1861 5069 latus
1908 5015 2091 5085 (Joan.

534 5104 650 5171 xx),
694 5111 749 5158 et
795 5106 974 5159 omnia
1023 5110 1211 5163 mortis
1251 5109 1482 5180 insignia
1520 5092 1694 5171 beatis
1741 5105 1911 5159 oculis
1937 5119 2094 5174 aspe-

536 5202 757 5262 xerunt.
788 5195 854 5250 Et
873 5197 963 5253 hic
990 5199 1153 5269 igitur
1173 5217 1360 5256 ramus
1380 5182 1626 5269 magnus,
1650 5205 1812 5266 atque
1832 5195 2092 5258 sublimis;

539 5305 747 5328 nam“...
774 5304 953 5328 nIIInm
984 5292 1096 5328 nine
1144 5292 1378 5328 Quin-inm
1414 5288 1667 5328 ερίρηιὶεῑ).

2187 3098 2418 3154 dantiori
2446 3112 2569 3153 rore
2615 3097 2915 3152 divinitatis
2946 3096 3128 3162 infusi,
3159 3095 3411 3150 Genitum
3435 3103 3490 3149 et
3518 3093 3759 3149 Genitri-

2187 3206 2303 3247 cem
2339 3189 2547 3244 visione
2602 3188 2833 3242 mirabili
2891 3196 3235 3251 contuentur,
3291 3186 3434 3256 regis
3473 3195 3531 3239 et
3557 3183 3759 3255 regine

2188 3279 2359 3352 gloria
2397 3277 2677 3334 cumulati.
2706 3276 2815 3331 Nos
2837 3291 2985 3339 vero,
3017 3291 3153 3345 quos
3174 3274 3491 3330 carcerariae
3516 3272 3759 3326 mortali-

2188 3371 2312 3425 tatis
2340 3383 2581 3424 aerumna
2610 3374 2952 3437 contorquet,
2979 3366 3235 3422 memoria
3276 3364 3575 3434 pascimur,
3612 3363 3761 3418 Scri-

2187 3462 2363 3533 pturis
2398 3460 2701 3515 relcvamur
2732 3476 2745 3511 :
2771 3466 2825 3513 et
2853 3458 2996 3529 quod
3039 3457 3112 3512 illi
3146 3456 3347 3523 vident,
3383 3471 3482 3510 nos
3510 3455 3757 3526 legimus.

2191 3557 2407 3613 Utinam
2435 3555 2634 3620 veniat,
2679 3553 2769 3624 qui
2802 3570 2900 3611 nos
2934 3554 2991 3608 in
3039 3553 3213 3609 lucem
3247 3559 3495 3622 reponat,
3523 3552 3642 3607 dies
3670 3548 3763 3605 ubi

2189 3662 2295 3702 non
2328 3646 2505 3716 legere
2526 3643 2702 3706 liceat,
2726 3643 2822 3700 sed
2852 3644 3053 3699 videre.
3079 3642 3260 3697 lterim
3289 3640 3639 3697 consolemur
3665 3655 3763 3694 nos

2190 3736 2455 3791 suavitate
2499 3719 2812 3798 memorie,
2887 3732 3058 3787 donec
3106 3730 3387 3785 dulcedine
3456 3728 3760 3800 przesentia:

2166 3826 2467 3880 osatiemur.
2525 3822 2696 3878 Hodie
2758 3831 2883 3877 nata
2933 3828 3017 3877 est
3064 3820 3175 3885 illa,
3225 3833 3323 3891 per
3360 3835 3523 3889 quam
3573 3833 3760 3875 omnes

2191 3915 2542 3979 renaseimur,
2575 3914 2727 3984 cujus
2754 3911 2990 3982 speciem
3039 3910 3346 3980 concupivit
3377 3908 3756 3979 Omnipotens.

2190 4015 2245 4060 et
2270 4006 2323 4059 in
2358 4019 2461 4074 qua
2500 4004 2641 4058 Deus
2672 4003 2853 4072 posuit
2904 4002 3154 4056 thronum
3204 4015 3359 4054 suum
3389 3997 3567 4070 (Psal.
3597 3988 3758 4067 ηπ).

2190 4099 2311 4170 Ipsa
2349 4107 2431 4154 est
2458 4098 2682 4152 thronus
2709 4096 2798 4152 ille
2827 4095 3106 4158 mirabilis,
3143 4095 3209 4149 de
3239 4094 3423 4165 quoin
3452 4092 3785 4171 Regnorum

2193 4188 2419 4245 historia
2471 4187 2667 4256 legitur
2689 4187 2741 4241 in
2765 4187 2879 4241 haec
2902 4185 3063 4240 verba
3092 4200 3106 4237 :
3139 4203 3157 4236 ‹
3202 4184 3349 4239 Fecit
3380 4198 3476 4237 rex
3505 4182 3759 4237 Salomon
3788 4172 3793 4175 “

2196 4280 2447 4334 thronum
2476 4279 2542 4331 de
2588 4278 2752 4331 ebore
2801 4276 3081 4346 grandem,
3126 4284 3181 4329 et
3220 4273 3436 4329 vestivit
3469 4288 3597 4327 eum
3635 4286 3761 4326 auro

2124 4355 2170 4415 Β
2197 4367 2341 4423 fulvo
2380 4367 2561 4422 nimis.
2592 4367 2695 4421 Per
2719 4381 2813 4421 sex
2858 4368 3056 4437 gradus
3084 4364 3478 4420 ascendebatur
3506 4365 3575 4416 ad
3610 4376 3750 4417 eum.

2196 4459 2475 4514 Rotundus
2504 4465 2623 4513 erat
2667 4457 2721 4511 in
2765 4453 3169 4527 posterioribus.
3208 4452 3497 4507 Duodecim
3535 4450 3758 4506 leuneuli

2196 4554 2410 4607 stabant
2471 4564 2635 4618 super
2670 4548 2900 4619 gradus,
2944 4545 3294 4615 respicientes
3356 4541 3425 4597 ad
3491 4542 3757 4595 thronum.

2196 4642 2366 4698 Porro
2391 4641 2506 4697 duae
2534 4654 2723 4693 manus
2748 4637 3002 4693 tenebant
3033 4636 3157 4691 hinc
3198 4643 3254 4691 et
3287 4633 3413 4689 inde
3434 4632 3623 4687 sedile.
3651 4632 3759 4685 Duo

2199 4737 2381 4791 leones
2434 4732 2648 4788 stabant
2690 4730 2843 4801 juxta
2872 4727 3168 4783 brachiola.
3212 4725 3327 4781 Non
3360 4734 3445 4779 cst
3471 4723 3670 4779 factum
3693 4721 3760 4775 si-

2199 4827 2323 4883 mile
2351 4840 2485 4895 opus
2513 4825 2565 4879 in
2592 4821 2860 4877 universis
2890 4819 3072 4889 regnis
3102 4816 3218 4889 (111
3245 4816 3373 4886 Reg.
3406 4814 3485 4883 ι).
3525 4832 3545 4867 ι

2271 4919 2433 4989 220
2493 4916 2613 4971 Sed
2647 4915 2760 4985 jam
2802 4910 2963 4966 verba
3004 4908 3275 4980 preposita
3322 4906 3680 4977 producamus
3707 4902 3757 4954 in

2199 5012 2374 5065 lucem
2411 5019 2465 5063 ct
2506 5022 2701 5076 aquam
2746 5003 3022 5058 clieiamus
3064 5001 3128 5055 de
3157 5008 3330 5069 petra,
3359 4998 3477 5066 ipsa
3520 4996 3760 5064 loquente

2202 5101 2256 5157 in
2296 5101 2471 5163 nobis,
2504 5098 2569 5151 de
2590 5109 2693 5165 qua
2720 5091 2868 5164 loqui
2905 5089 3056 5145 vobis
3085 5088 3458 5158 proponimus.
3491 5105 3512 5136 ‹
3546 5083 3707 5143 Fecit,
3736 5099 3753 5129 ι

2205 5193 2377 5262 inquit
2416 5190 2717 5258 Scriptura,
2754 5205 2771 5237 ι
2802 5184 3053 5241 Salomon
3095 5196 3187 5237 rex
3233 5181 3485 5235 thronum
3515 5177 3580 5231 de
3604 5175 3761 5229 ebore

2206 5281 2483 5328 orandam.
2517 5295 2535 5328 ι
2566 5274 2760 5328 Tribus
2781 5272 3087 5328 nominibus
3124 5270 3175 5323 in
3203 5266 3499 5328 Scripturis
3527 5262 3761 5319 Salomo—
