3978 5328
222 238 325 293 ἴδ’]

1604 228 1834 284 SERMO
1868 227 2050 282 XLIV.

3360 243 3464 297 738

221 351 387 404 etiam
419 347 585 407 Dens,
619 342 892 404 Salomon,
939 341 1094 395 idest
1149 341 1419 409 paciﬁcus,
1449 348 1530 394 est
1553 337 1708 393 nobis
1739 339 1791 392 in
1821 347 1865 400 Α
1897 335 2180 405 singularis
2197 342 2545 407 aspectnssui
2577 345 2748 412 gratia
2772 360 2932 415 super
2951 351 3223 406 caelestem
3255 358 3462 411 curiam

223 439 323 490 hoc
355 433 585 487 exsilio:
610 430 977 491 Ecclesiastes,
1014 429 1066 483 id
1097 438 1179 482 est
1213 429 1566 492 contionator,
1607 429 1707 482 erit
1745 429 1796 481 iu

216 523 455 592 judicio;
517 520 685 582 ldida,
728 518 779 572 id
819 526 900 572 est
933 516 1210 586 gloriosus,
1259 517 1364 569 erit
1400 517 1453 570 in
1497 531 1693 584 regno;
1746 517 1798 570 in

222 614 417 668 exsilio
471 611 735 672 amabilis,
791 609 844 663 in
881 608 1082 674 judicio
1113 607 1389 671 terribilis,
1421 608 1478 662 in
1513 623 1678 676 regno
1707 609 1800 661 ad-

223 701 516 765 mirabilis;
546 701 597 753 in
629 699 819 754 exsilio
858 699 994 768 pius,
1038 699 1090 751 in
1110 697 1308 765 iudicio
1329 696 1523 765 justus,
1553 697 1606 751 in
1633 711 1798 765 regno

203 793 518 862 ,gloriosus.
558 788 686 842 Vide
721 798 899 842 autem
933 787 976 841 si
1002 803 1108 842 non
1146 788 1343 856 ubique
1375 801 1492 840 rex.
1517 785 1574 839 in
1602 785 1798 840 exsilio

222 890 404 935 rector
432 895 671 944 morum,
723 879 775 932 in
809 876 1013 946 judicio
1059 878 1324 931 discretor
1364 877 1700 936 meritorum,
1744 875 1796 928 in

223 985 388 1041 regno
437 969 786 1038 praemiorum
838 967 1184 1030 distributor;
1225 965 1490 1034 simulque
1517 964 1796 1018 considera

221 1061 344 1128 quia
372 1074 484 1112 non
527 1058 900 1122 Ecclesiastes,
927 1073 1031 1112 non
1071 1057 1234 1120 ldida,
1264 1057 1357 1110 sed
1403 1055 1654 1109 Salomon
1689 1066 1796 1109 tam

213 1150 521 1220 gloriosum
560 1166 693 1217 opus
744 1149 923 1202 facere
971 1157 1316 1217 praenotatur.
1363 1146 1560 1200 Averte
1598 1146 1796 1223 oculos

223 1249 338 1292 tuos
362 1239 435 1291 ab
484 1238 632 1291 illius
662 1239 862 1292 terreni
902 1239 1040 1306 regis
1068 1237 1299 1298 deliciis.
1328 1238 1443 1306 qui,
1477 1237 1603 1291 licet
1634 1236 1796 1289 fuerit

222 1327 488 1396 sapientia
521 1327 832 1397 singularis,
862 1328 1108 1382 sublimis
1144 1327 1336 1396 gloria,
1367 1327 1527 1381 rebus
1550 1324 1792 1389 allluens,

213 1436 351 1490 pace
381 1436 637 1483 securus,
684 1437 790 1475 non
824 1429 1000 1474 tamen
1032 1420 1138 1474 tale
1185 1435 1321 1488 opus
1354 1418 1533 1474 facere
1562 1420 1796 1488 potuerit

225 1511 380 1578 quale
432 1509 642 1564 factum
693 1525 798 1564 non
843 1511 913 1564 sit
976 1510 1237 1565 universis
1289 1510 1488 1580 regnis.
1543 1508 1794 1578 Nunquid

221 1617 388 1655 sacrae
419 1602 662 1670 scriptor
705 1602 941 1656 historia:
969 1601 1148 1656 omnia
1193 1616 1352 1670 opera
1384 1603 1564 1656 mundi
1598 1613 1649 1656 et
1680 1603 1792 1672 glo-

221 1692 355 1743 riam
407 1705 604 1744 eorum
648 1691 844 1744 intuitu
888 1691 1127 1759 diligenti
1176 1698 1542 1760 prospexerat,
1592 1699 1648 1744 ut
1687 1692 1788 1745 hoc
1819 1690 1863 1749 Β

221 1780 398 1833 statim
457 1789 577 1832 tota
624 1780 1043 1845 deliberatione,
1101 1795 1206 1834 non
1251 1780 1364 1843 uni,
1419 1780 1514 1835 sed
1545 1780 1795 1834 omnibus

221 1871 558 1925 anteferret?
586 1872 770 1925 lnania
821 1882 947 1926 sunt
987 1873 1120 1935 haec,
1149 1873 1192 1926 si
1233 1886 1336 1925 non
1364 1886 1710 1925 recurramus
1727 1871 1793 1924 ad

221 1959 433 2013 intimos
464 1961 715 2014 cmlestis
745 1961 1041 2030 disciplina:
1097 1976 1364 2025 recessus,
1393 1961 1435 2014 si
1484 1977 1589 2016 non
1617 1962 1792 2015 devic-

223 2068 334 2106 mus
368 2068 402 2106 a
448 2053 542 2106 via
579 2053 912 2106 litteratoria:
940 2053 1233 2121 qualitatis.
1277 2052 1530 2106 Salomon
1587 2061 1789 2117 noster,

223 2156 318 2193 non
351 2141 535 2194 solum
588 2141 822 2211 sapiens,
861 2143 952 2196 sed
983 2151 1035 2196 et
1062 2141 1322 2209 sapientia
1354 2141 1556 2204 Patris;
1586 2156 1689 2195 non
1715 2157 1793 2194 so-

221 2231 320 2281 lum
368 2230 662 2298 pacificus,
697 2233 792 2284 sed
823 2240 878 2285 et
918 2247 1019 2300 pax
1049 2242 1254 2294 nostra,
1288 2232 1378 2299 qui
1409 2230 1536 2285 fecit
1567 2239 1793 2298 utraque

222 2335 401 2384 unum,
435 2322 572 2375 fecit
604 2322 878 2386 thronum,
906 2333 1117 2375 uterum
1157 2322 1406 2376 videlicet
1459 2321 1791 2376 intemeratae

226 2409 474 2479 Virginis,
516 2413 573 2465 in
606 2428 712 2481 quo
740 2413 877 2467 sedit
919 2413 1004 2465 illa
1046 2412 1319 2480 maiestas,
1347 2427 1467 2480 quae
1506 2423 1636 2466 nutu
1664 2427 1792 2466 con-

224 2502 349 2552 cutit
379 2505 594 2556 orbem.

222 2643 224 2646 ,
287 2589 437 2646 lianc
497 2593 798 2647 sessionem
855 2594 976 2647 Filii
1025 2601 1079 2648 et
1153 2593 1399 2661 probavit
1443 2600 1497 2646 et
1541 2592 1791 2662 cognovit

225 2682 400 2750 Pater,
451 2688 574 2756 ipso
629 2688 842 2742 dicente
888 2704 901 2740 :
941 2707 959 2738 ι
1009 2687 1087 2741 Tu
1137 2687 1434 2755 cognovisti
1488 2687 1787 2740 sessionem

229 2792 396 2831 meam
427 2778 608 2849 (Psal.
639 2780 930 2850 cxxxvut);
975 2801 992 2832 ι
1027 2789 1080 2834 et
1113 2797 1124 2831 :
1157 2797 1175 2830 ι
1207 2779 1458 2832 Tbronus
1502 2787 1628 2839 tuus
1649 2777 1790 2831 Deus

227 2867 277 2930 in
323 2869 584 2922 scr-culum
634 2870 816 2922 smeuli
874 2867 1044 2939 (Psal.
1077 2869 1258 2938 XLIV);
1307 2888 1325 2920 ι
1353 2877 1407 2922 et
1440 2886 1453 2920 :
1491 2887 1509 2920 ι
1542 2867 1789 2921 Tlironus

226 2955 320 3011 iste
353 2959 495 3013 sicut
546 2960 627 3013 sol
657 2961 708 3014 in
747 2969 1036 3028 conspectu
1080 2969 1168 3015 tuo
1215 2959 1385 3030 (Psal.
1433 2960 1715 3028 Luxvtn).
1763 2979 1782 3010 ι

1902 424 2069 478 allicit
2089 426 2154 519 ad
2183 427 2507 519 videndum?
2541 431 2677 497 Quid
2706 434 2896 489 fortius
2921 438 3005 492 illa
3030 441 3345 502 fortitudine
3369 465 3466 519 per

1866 573 1871 578 δ
1903 530 2064 582 quam
2092 517 2302 570 Domini
2340 518 2599 575 fortitudo
2626 538 2752 578 vasa
2781 527 3002 597 diripuit
3023 530 3298 590 fortioris?
3326 517 3465 604 Quid

1900 603 2146 673 frigidius
2194 605 2279 659 illa
2325 609 2623 664 substantia
2679 629 2838 682 quam
2895 620 3238 677 obumbravit
3290 603 3466 683 virtus

1900 696 2181 758 Altissimi,
2215 699 2356 751 etab
2379 710 2508 754 aestu
2538 706 2740 770 peccati
2771 707 3007 763 defendit
3033 717 3464 782 supervenientis

1901 783 2133 852 Spiritus
2184 786 2491 855 plenitudo?
2520 791 2596 844 Ex
2631 795 2732 848 hoc
2761 795 2943 866 ebore,
2987 801 3095 855 nlsi’
3118 804 3296 871 fallor,
3330 807 3466 862 fiunt

1899 874 2002 932 ilhc
2053 876 2243 930 domus
2287 879 2560 945 eburneae,
2609 884 2675 936 de
2729 888 2923 954 quibus
2967 891 3095 944 dicit
3130 893 3413 951 Psalmista
3448 917 3460 952 :

1903 983 1921 1015 ι
1953 965 2187 1035 Myrrha,
2220 977 2273 1022 et
2323 982 2495 1040 gutta.
2536 984 2591 1028 et
2647 979 2788 1030 casia
2827 993 2857 1032 a
2907 983 3240 1040 vestimentis
3271 988 3395 1054 tuis,
3431 1005 3461 1044 a

1896 1056 2145 1112 domibus
2171 1061 2422 1115 eburneis
2453 1062 2622 1133 (Ριαι.
2650 1069 2815 1136 XLIV).
2854 1090 2871 1122 ι

1968 1147 2259 1216 Sequitur:
2309 1171 2326 1201 ι
2356 1152 2643 1209 Grandem.
2681 1178 2699 1209 ι
2755 1159 2894 1225 Quid
2943 1169 3198 1233 grandius
3244 1172 3468 1244 Virgine

1897 1234 2085 1301 Maria,
2113 1254 2232 1305 quae
2276 1243 2695 1310 magnitudinem
2741 1264 2963 1305 summae
3000 1255 3292 1316 divinitatis
3323 1234 3463 1319 intra

1895 1323 1978 1376 sui
2008 1327 2212 1378 ventris
2251 1329 2522 1384 concludit
2560 1339 2852 1390 arcanum?
2885 1340 3112 1398 Attende
3143 1345 3426 1419 Seraphim
3446 1395 3460 1416 ,

1893 1422 1947 1467 et
1993 1414 2045 1467 in
2078 1415 2219 1470 illius
2244 1422 2538 1487 superioris
2571 1433 2780 1481 natura:
2816 1432 3095 1498 supervola
3124 1414 3462 1508 dignitatem,

1893 1514 1948 1559 et
1971 1507 2175 1597 videbis
2201 1511 2455 1580 quidquid
2487 1517 2657 1585 majus
2685 1529 2787 1584 est,
2812 1522 2988 1576 minus
3003 1507 3239 1596 Virgine,
3269 1531 3467 1597 solumj

1893 1609 1996 1662 que
2022 1595 2274 1664 Opificem
2299 1616 2434 1669 opus
2455 1603 2596 1658 istud
2622 1613 2954 1678 supergredi.

1965 1704 1984 1736 ι
2026 1686 2092 1738 Et
2147 1689 2362 1742 vestivit
2417 1707 2538 1745 eum
2585 1709 2718 1750 auro
2759 1698 2901 1754 fulvo
2955 1703 3134 1758 nimis.
3188 1727 3207 1759 ι
3260 1709 3463 1767 Aurum

1895 1777 2143 1830 omnibus
2195 1780 2426 1833 metallis
2461 1785 2791 1851 pretiosius,
2847 1789 3083 1862 intelligo
3131 1796 3463 1856 divinitatem

1896 1867 2011 1932 Dei,
2040 1870 2183 1921 omni
2207 1873 2646 1939 prteeminenlem
2679 1882 2908 1947 mundo,
2941 1888 3118 1939 omnia
3155 1890 3461 1958 gubernan-

1895 1967 2021 2012 tem.
2053 1958 2162 2014 llac
2189 1963 2382 2016 vestita
2410 1973 2522 2029 est,
2555 1966 2663 2021 imo
2691 1976 3042 2038 supervestita
3091 1978 3262 2034 Mater
3298 1981 3460 2038 Altis-

1893 2045 2036 2110 simi,
2066 2055 2338 2117 totamque
2359 2049 2630 2121 Virginem
2660 2065 2768 2110 tota
2796 2060 2882 2113 illa
2909 2062 3244 2123 indivisibilis
3270 2080 3460 2127 natura

1894 2135 2114 2231 largiori
2152 2141 2330 2231 gratia
2378 2145 2696 2210 superfudit.
2772 2149 2909 2214 Quid
2956 2164 3036 2208 est
3090 2169 3266 2213 autem
3316 2167 3460 2231 quod

1892 2227 2022 2280 dicit
2047 2245 2064 2280 ί
2089 2228 2236 2284 fulvo
2266 2232 2458 2286 nimis?
2485 2233 2584 2288 Hic
2610 2236 2811 2306 aliquid
2839 2245 3215 2312 requirendum
3247 2227 3462 2321 reliquit

1891 2319 2044 2372 nobis
2084 2320 2316 2388 Spiritus
2365 2323 2452 2377 ille
2483 2326 2790 2396 multiplex,
2819 2340 2873 2386 et
2906 2335 3108 2390 utinam
3145 2343 3340 2406 possim
3361 2319 3458 2398 cx-

1889 2406 2092 2474 plicare
2139 2413 2281 2478 quod
2334 2415 2529 2468 sentio.
2587 2417 2830 2482 Quatuor
2885 2425 3057 2479 modis
3116 2427 3256 2482 inest
3317 2431 3458 2486 Deus

1889 2496 2140 2551 omnibus
2190 2503 2474 2555 creaturis.
2531 2503 2714 2560 Primo
2754 2510 2909 2564 modo
2962 2518 3321 2573 essentialiter
3352 2529 3461 2577 tam

1888 2585 2043 2640 bonis
2090 2605 2252 2658 quam
2329 2594 2515 2659 malis,
2571 2596 2810 2666 nihilque
2878 2601 3188 2662 intercludit
3246 2609 3462 2667 deitatis

1886 2679 2194 2740 essentiam,
2225 2696 2322 2750 per
2364 2698 2524 2749 quam
2565 2701 2684 2740 esse
2727 2691 2904 2744 omnia
2941 2707 3281 2764 acceperunt.
3330 2700 3458 2758 Inde

1887 2776 1972 2819 est
1997 2769 2139 2836 quod
2169 2783 2433 2839 nusquam
2460 2783 2515 2828 et
2545 2775 2764 2832 inomni
2793 2779 2908 2835 loco
2938 2797 3055 2838 esse
3090 2785 3305 2858 legitur,
3335 2808 3459 2846 cum

1887 2860 2136 2914 omnibus
2189 2866 2598 2930 praesentialiter
2627 2870 2870 2935 assistat,
2902 2884 2955 2929 et
2981 2892 3009 2930 a
3041 2878 3186 2932 nullo
3221 2897 3460 2953 compre-

1890 2949 2174 3005 hendatur.
2212 2952 2420 3009 Habent
2467 2958 2629 3012 etiam
2679 2970 2731 3014 et
2777 2964 2904 3018 mali
2953 2966 3045 3021 Dei
3086 2949 3456 3040 praesentiam,

225 3061 248 3096 ,ι
291 3043 475 3112 Sedes,
515 3067 534 3098 ι
575 3048 748 3117 inquit
791 3047 1092 3118 Scriptura,
1139 3066 1157 3099 σ
1202 3028 1364 3117 super
1395 3049 1666 3109 thronum,
1697 3049 1786 3116 qui
1817 3028 1859 3086 C
1891 3043 1983 3095 sed
2038 3059 2142 3097 non
2199 3046 2467 3113 gaudent,
2519 3065 2641 3103 cum
2694 3052 2985 3109 inanimata
3036 3028 3289 3127 quaelibet
3354 3028 3456 3119 hoe

221 3134 422 3201 judicas
467 3140 780 3206 (equitatem
840 3138 1011 3208 (I’sal.
1052 3139 1147 3208 rx).
1179 3159 1198 3191 ι
1237 3139 1374 3206 Quid
1405 3139 1548 3193 enim
1591 3139 1790 3205 jnstius

225 3239 376 3292 quam
407 3231 572 3284 vilem
621 3239 676 3283 et
714 3229 1048 3299 transfugam
1089 3245 1329 3296 servum,
1358 3240 1414 3284 et
1437 3231 1682 3285 conservi
1707 3231 1789 3284 sui

228 3317 461 3386 sedulum
517 3320 881 3388 deceptorem,
929 3322 1203 3390 perpetuis
1251 3321 1464 3390 ignibus
1493 3322 1786 3390 assignare,

227 3413 278 3456 et
316 3405 482 3472 illum,
536 3423 696 3476 quem
728 3407 1020 3470 fefellerat,
1045 3423 1144 3464 suo
1181 3410 1457 3478 resignare
1488 3410 1790 3478 principio?

228 3495 310 3549 Ait
357 3499 445 3554 ille
491 3499 634 3554 alter
665 3499 806 3553 filius
855 3498 1141 3570 Virginis:
1177 3518 1194 3550 ι
1236 3500 1302 3553 Ει
1351 3515 1452 3553 vox
1485 3502 1549 3552 de
1598 3501 1790 3553 throno

228 3586 383 3641 exivit
430 3591 659 3645 dicens:
705 3589 936 3644 Laudem
991 3591 1155 3644 dicite
1201 3591 1310 3643 Deo
1359 3599 1567 3653 nostro,
1600 3604 1789 3644 omnes

228 3677 388 3730 sancti
413 3678 535 3747 ejus
564 3679 747 3750 (Apoc.
781 3679 855 3749 v).
892 3698 910 3731 ι
947 3679 1024 3733 Ex
1063 3679 1165 3733 hoc
1206 3680 1400 3733 throno
1425 3679 1543 3733 laus
1571 3679 1788 3748 angelo-

231 3777 338 3817 rum
374 3770 698 3838 prorumpit,
745 3776 796 3822 et
829 3767 1134 3832 hominum,
1163 3769 1289 3837 quia
1338 3767 1465 3822 dum
1518 3768 1606 3822 hic
1631 3768 1790 3822 resti-

231 3851 406 3920 tuitur,
431 3866 488 3928 et
527 3856 615 3911 ille
671 3857 982 3922 resarcitur,
1016 3860 1230 3928 utrique
1267 3859 1563 3924 gratiarum
1591 3859 1788 3914 debent

229 3943 577 4006 devotionem.
633 3950 783 4005 Nosti
848 3953 1100 4021 quidnam
1165 3953 1311 4008 dicat
1371 3953 1462 4021 qui
1527 3952 1680 4006 sedet
1732 3952 1784 4004 in

232 4035 455 4094 throno?
484 4060 504 4092 ‹
542 4041 700 4107 Ecce,
754 4043 946 4112 inquit,
999 4059 1136 4098 nova
1180 4042 1322 4098 facio
1368 4044 1548 4098 omnia
1599 4043 1782 4112 (Apoc.

230 4125 353 4197 ιιι).
387 4147 406 4180 ι
440 4129 599 4186 Felixr
631 4133 876 4197 thronus,
927 4134 979 4187 in
1029 4149 1134 4202 quo
1171 4134 1321 4188 sedet
1351 4133 1654 4188 dominator
1681 4133 1785 4186 Do-

231 4213 426 4282 minus;
462 4221 516 4274 in
547 4236 673 4289 quo,
703 4231 758 4275 et
802 4238 898 4292 per
921 4237 1079 4291 quem
1116 4238 1220 4277 non
1251 4221 1423 4276 solum
1447 4237 1656 4288 omnes,
1687 4222 1780 4277 sed

232 4309 400 4364 omnia
448 4315 808 4369 renovantur!
847 4315 1018 4369 Parco
1067 4316 1284 4381 verbis,
1337 4316 1462 4385 quia
1521 4316 1779 4384 quosdam

1891 3131 2098 3198 possint
2156 3135 2435 3205 privilegio
2500 3139 2739 3208 gloriari.
2803 3143 3050 3200 Secundo
3114 3153 3272 3205 modo
3321 3155 3462 3210 inest

1891 3223 2046 3275 bonis
2074 3227 2418 3290 Operatioue,
2455 3230 2565 3298 agit
2594 3233 2736 3285 enim
2770 3234 2822 3286 in
2849 3237 2928 3290 eis
2951 3238 3122 3292 virtus
3161 3244 3454 3309 Operativa,

1891 3322 1950 3365 ut
1981 3323 2272 3380 operentur
2299 3333 2461 3386 opera
2497 3321 2619 3385 Dei;
2651 3339 2747 3378 nec
2775 3327 2946 3381 otiose
2975 3330 3140 3384 creati
3166 3341 3292 3386 sunt
3319 3334 3458 3390 inter

1890 3410 2188 3468 creaturas,
2219 3405 2358 3458 sicut
2388 3415 2440 3459 et
2470 3408 2631 3471 mali,
2669 3413 2758 3478 qui
2781 3412 3057 3482 elegerunt
3088 3433 3356 3488 arescere,
3401 3434 3459 3478 ut

1887 3496 2228 3561 sempiternis
2281 3497 2492 3566 ignibus
2539 3501 2790 3556 alimenta
2846 3506 3171 3562 ministrent.
3225 3510 3365 3567 Inest
3403 3525 3458 3569 et

1889 3583 2158 3654 plerisque
2201 3588 2355 3642 bonis
2407 3590 2828 3660 illuminatione,
2861 3611 2994 3665 quos
3037 3598 3105 3655 de
3151 3601 3452 3660 futurorum

1889 3675 2196 3743 cognitione
2232 3677 2478 3730 nobilitat
2505 3689 2558 3732 ct
2587 3684 2874 3752 participes
2908 3701 3126 3742 suorum
3168 3690 3324 3746 ellicit
3372 3711 3456 3749 se-

1889 3771 2182 3816 cretorum.
2207 3765 2412 3830 Quarto
2443 3769 2600 3821 modo
2627 3770 2765 3826 inest
2785 3775 2873 3827 uni
2908 3786 3187 3844 creaturae,
3212 3781 3455 3837 videlicet

1889 3849 2068 3905 Maria:
2090 3852 2314 3923 Virgini,
2350 3855 2647 3922 identitate,
2671 3861 2795 3927 quia
2833 3861 2970 3916 idem
2996 3873 3079 3918 est
3107 3868 3246 3935 quod
3276 3867 3383 3923 illa.

1957 3943 2054 3998 Hic
2091 3952 2263 3999 taceat
2289 3954 2343 4000 et
2363 3950 2748 4004 contremiscat
2773 3954 2948 4008 omnis
2981 3966 3250 4024 creatura,
3282 3969 3335 4014 et
3366 3962 3452 4016 vix

1885 4033 2081 4089 audeat
2110 4037 2348 4106 aspicere
2391 4046 2551 4093 tanta:
2595 4039 2872 4110 dignitatis
2906 4053 2960 4099 et
3002 4045 3323 4117 dignationis
3352 4051 3450 4106 im-

1886 4126 2244 4181 mensitatem.
2299 4146 2318 4179 σ
2371 4129 2630 4185 Dominus
2692 4141 2864 4187 tecum
2913 4134 3062 4206 (Luc.
3111 4137 3184 4208 ι),
3222 4158 3240 4192 ι
3279 4141 3454 4212 inquit

1885 4219 2257 4291 archangelus.
2292 4221 2507 4277 l‘labitat
2534 4225 2585 4278 in
2617 4227 2821 4296 angelis
2853 4229 3012 4296 Deus,
3056 4234 3148 4288 sed
3180 4251 3283 4288 non
3327 4255 3448 4290 Cttztt

1885 4302 2108 4381 angelis,
2151 4313 2274 4380 quia
2306 4329 2426 4368 cum
2467 4315 2570 4369 illis
2617 4317 2855 4386 ejusdem
2901 4336 3004 4375 non
3052 4331 3137 4376 est
3183 4327 3446 4379 essentiar.

232 4407 461 4456 vestrum
490 4406 664 4459 sentio
691 4406 1005 4474 prmvolare,
1040 4417 1092 4462 et
1143 4407 1413 4462 currentis
1433 4406 1554 4478 styli
1579 4423 1781 4476 prteve-
1810 4375 1858 4432 D
1886 4401 2104 4458 Habitat
2148 4405 2289 4458 Deus
2337 4405 2386 4457 in
2439 4406 2689 4474 Virgine,
2739 4410 2942 4463 habita:
2985 4426 3104 4464 cum
3147 4413 3269 4478 illa,
3325 4431 3445 4468 cum

230 4484 338 4542 nire
361 4494 692 4562 pauperiem.
711 4495 898 4550 Merito
920 4511 1048 4567 ergo
1070 4497 1175 4552 tale
1197 4512 1330 4566 opus
1349 4511 1454 4552 non
1479 4497 1776 4566 eloquenti,

233 4585 328 4626 non
380 4577 632 4647 glorioso,
690 4584 783 4638 sed
829 4586 1056 4653 pacilico
1108 4587 1364 4643 scribitur
1415 4588 1777 4658 assignatum;

234 4663 349 4739 quia
379 4671 523 4724 venit
555 4672 712 4728 JeSus
757 4674 1058 4730 instaurare
1082 4686 1137 4731 et
1162 4693 1280 4746 qua:
1305 4678 1359 4730 in
1405 4677 1557 4732 caelis
1582 4687 1635 4732 et
1662 4692 1779 4745 quae

235 4751 281 4806 in
313 4762 489 4828 terris;
521 4780 816 4836 pacemque
845 4777 900 4822 et
919 4771 1260 4824 concordiam
1295 4769 1432 4824 inter
1456 4769 1701 4824 homines
1727 4777 1781 4822 et

233 4846 457 4914 angelos,
482 4855 748 4909 mediante
783 4856 1016 4925 Virgine,
1041 4857 1356 4912 reformare.

301 4954 319 4986 ‹
358 4937 428 4994 De
477 4945 658 5008 ebore,
698 4966 716 4997 ι
753 4947 947 5016 inquit.
985 4948 1121 5014 Quid
1161 4958 1244 5004 est
1281 4948 1422 5016 quod
1469 4963 1682 5012 aurum,
1729 4954 1782 5001 et

236 5036 519 5096 “sentum,
544 5044 599 5090 et
623 5035 823 5105 lapides
849 5038 1094 5107 pretiosi,
1120 5047 1173 5094 et
1198 5038 1375 5093 omnis
1406 5040 1641 5108 denique
1663 5053 1784 5108 pre-

238 5109 459 5175 tiosioris
508 5126 743 5180 materiae
790 5127 1140 5196 prmmittitur
1176 5128 1386 5198 gloria?
1427 5127 1554 5183 Sola
1601 5128 1783 5184 eboris

240 5203 522 5265 substantia
550 5229 717 5282 capax
747 5225 829 5271 est
877 5225 1036 5271 tantae
1075 5217 1500 5288 compositionis,
1539 5228 1593 5274 ct
1621 5219 1785 5274 fabri-

240 5299 381 5328 ﬂnlnp
403 5297 450 5328 in
477 5314 533 5328 nn
562 5303 700 5328 η..ι..1
719 5304 960 5328 η.ι....ει......
988 5309 1150 5328 -..-.,ει
1174 5323 1232 5328 --..
1260 5297 1405 5328 ΛΔ-
1443 5307 1689 5328 --..--ιι-..-.
1714 5324 1759 5328 -..

1884 4507 1988 4562 qua
2020 4495 2182 4548 unius
2211 4503 2416 4548 natura‘
2441 4496 2604 4551 habet
2653 4498 3009 4552 identitatem.
3044 4499 3155 4555 Hoc
3195 4511 3279 4556 est
3322 4519 3449 4574 ergo

1885 4595 2075 4635 aurum
2139 4582 2343 4636 fulvum
2392 4584 2582 4648 nimis,
2640 4600 2746 4651 quo
2796 4589 3020 4642 thronus
3064 4599 3145 4644 est
3193 4593 3444 4659 vestitus,

1883 4670 2008 4738 quia
2043 4670 2131 4724 tali
2164 4671 2320 4725 modo
2348 4669 2490 4726 Deus
2538 4673 2813 4742 Virginem
2855 4676 3029 4732 induit
3071 4688 3124 4734 et
3156 4679 3206 4733 in
3232 4677 3450 4751 Virgine

1885 4758 2102 4814 indutus
2130 4767 2233 4824 est,
2265 4769 2326 4813 ut
2355 4760 2560 4815 meliori
2589 4779 2694 4818 non
2725 4772 2922 4832 posset.

1958 4851 2213 4920 Sequitur
2261 4867 2278 4906 :
2337 4871 2354 4901 ‹
2393 4850 2496 4904 Per
2549 4869 2643 4908 sex
2697 4857 2894 4920 gradus
2940 4860 3338 4915 ascendebatur
3388 4863 3453 4914 ad

1886 4958 2029 4999 eum.
2071 4963 2090 4996 ›
2125 4941 2275 5009 Elige
2307 4941 2553 4997 meditari
2587 4959 2704 5013 qua
2731 4954 2915 4999 sancta
2943 4961 3100 5018 sunt,
3133 4949 3262 5020 quia
3292 4967 3309 4999 ‹
3339 4964 3458 5018 per-

1887 5051 2057 5094 versa:
2087 5035 2445 5103 cogitationes
2469 5045 2721 5105 separant
2743 5053 2772 5089 a
2796 5037 3073 5116 Deo(Sap.
3103 5043 3178 5115 1);
3219 5058 3238 5090 ›
3269 5047 3325 5092 et
3353 5042 3463 5108 pri—

1890 5143 2036 5182 mum
2079 5122 2304 5194 gradum
2349 5126 2667 5179 ascendisti.
2715 5125 2967 5185 lnsuesce
3022 5134 3265 5203 linguam
3323 5135 3466 5182 tuam

1889 5219 2025 5274 bene
2054 5213 2231 5282 loqui,
2264 5221 2318 5266 et
2354 5213 2616 5271 subsilisti
2660 5217 2728 5271 ad
2771 5221 3083 5277 secundum.
3131 5220 3290 5278 Juste
3328 5224 3470 5284 quod
