3978 5328
450 287 562 342 739'

1051 279 1108 334 S.
1143 277 1348 333 PETRI
1377 273 1656 331 DAMIANI
1681 273 1829 329 OPP.
1869 272 2048 328 PARS
2089 271 2220 329 SEU
2261 272 2494 331 TOMUS
2524 274 2586 329 ll.
2630 303 2700 314 ——
2741 273 3131 332 SERHONES.

3599 276 3699 331 7‘0

456 398 634 470 quinti
663 409 920 452 cacumen
952 393 1192 447 evolasti.
1228 391 1433 444 Teneat
1469 401 1517 443 te
1542 388 1940 456 perseverantia
1973 388 2024 440 in
2057 396 2103 454 Α
2131 389 2272 444 facta
2331 400 2457 446 sunt
2507 391 2561 444 in
2611 393 2878 445 creaturis
2935 391 3153 455 mundi,
3197 391 3330 446 nihil
3377 401 3565 448 tamen
3612 403 3717 449 tam

460 499 630 553 motu.
666 485 1114 556 perseverantiam
1153 498 1256 536 non
1285 481 1545 549 relinque,
1575 489 1631 532 et
1660 490 1871 533 sextum
1915 494 2039 548 gra-

458 582 586 634 dum
627 577 856 632 viriliter
885 575 1128 645 attigisti.
1160 575 1236 627 Ex
1288 575 1388 627 hoc
1419 573 1670 626 subsilire
1703 573 1825 625 licet
1853 572 1902 623 in
1927 584 2040 623 εω-

457 670 591 733 lum,
639 668 706 721 ad
739 666 882 719 illam
907 665 1131 736 gloriam
1159 664 1403 732 aspirare
1423 703 1436 726 ,
1472 663 1524 714 in
1560 677 1664 728 qua
1693 662 1896 729 Regina
1925 659 2043 729 glo-

456 743 655 814 riosior
677 755 974 826 angelicam
1017 754 1323 806 reverberat
1357 751 1692 820 dignitatem.

428 853 433 924 ξ
525 849 781 916 Sequitur
841 865 853 898 :
895 863 913 896 ι
971 845 1252 897 Rotundus
1297 853 1417 898 erat
1474 844 1524 895 in
1575 841 1984 912 posterioribus.
2019 860 2038 891 ι

455 939 773 994 Postcriora
818 937 1052 1005 Virginis
1119 935 1542 1002 assumptionem
1605 932 1719 1000 ejus
1769 932 2043 1001 intellige,

462 1028 517 1082 in
549 1043 654 1096 qua
689 1029 848 1080 linem
884 1027 1006 1079 vita:
1038 1025 1278 1078 mortalis
1311 1025 1536 1093 accepit,
1575 1039 1694 1092 qua:
1723 1023 1888 1075 vitam
1921 1022 2044 1075 red-

461 1119 599 1174 didit
643 1119 780 1172 orbi.
811 1118 877 1170 Et
907 1127 1032 1170 nota
1062 1131 1185 1170 cum
1225 1125 1430 1185 quanto
1465 1125 1803 1168 sacramento
1863 1122 2047 1166 trans-

466 1209 606 1263 itum
659 1208 896 1277 Virginis
937 1206 1215 1276 Scriptura
1271 1213 1548 1273 comparet
1587 1202 1932 1256 rotunditati.
1991 1201 2048 1254 lu

463 1300 702 1356 rotundo
738 1315 834 1352 nec
865 1298 1207 1369 principium,
1239 1312 1336 1350 nec
1359 1296 1516 1349 liuent
1548 1295 1748 1364 poteris
1776 1293 2046 1356 invenire;

465 1388 542 1445 ita
570 1398 626 1441 et
669 1388 872 1457 gloria,
907 1402 1026 1455 qua:
1060 1400 1178 1438 eam
1227 1385 1290 1437 de
1322 1385 1424 1438 hoc
1454 1384 1654 1436 tuundo
1683 1390 2048 1435 transeuntem

467 1479 716 1546 excepit,
765 1477 1090 1545 principium
1141 1474 1383 1544 ignorat,
1417 1473 1588 1526 nescit
1617 1471 1814 1534 ﬁnem;
1847 1471 1912 1524 de
1943 1487 2048 1539 qua

469 1569 545 1621 nil
588 1569 730 1621 aliud
777 1580 1063 1636 possumus
1099 1566 1311 1628 dicere,
1355 1564 1454 1616 nisi
1492 1563 1617 1631 quia
1648 1562 1878 1633 gloriosa
1909 1562 2048 1615 dicta

469 1665 596 1710 sunt
624 1655 686 1708 tie
719 1664 771 1708 te
809 1652 979 1724 (Psal.
1012 1651 1257 1722 Lxxxvt),
1280 1652 1448 1721 gloria
1481 1651 1593 1704 Dei.

542 1744 798 1814 Sequitur
842 1762 854 1796 :

471 1834 690 1902 gradus.
750 1853 767 1884 ι
819 1833 1110 1887 Duodecim
1166 1832 1435 1893 leuneuli,
1481 1832 1764 1885 duodecim
1820 1831 2048 1900 apostoli

470 1932 616 1987 sunt,
655 1925 744 1993 qui
774 1923 1007 1993 praeﬁxis
1040 1923 1294 1992 gradibus
1331 1921 1555 1975 validius
1586 1922 1921 1983 insistentes,
1952 1921 2054 1972 Re-

471 2014 652 2084 ginam
685 2014 804 2067 coeli
840 2031 942 2067 non
984 2013 1102 2068 sine
1151 2014 1386 2068 maximo
1432 2023 1656 2082 stupore
1694 2015 2050 2072 demirantur,

470 2114 527 2160 et
558 2106 742 2160 dicunt
773 2125 784 2157 :
824 2125 841 2155 ι
879 2105 1008 2172 Qua:
1036 2114 1120 2158 est
1171 2105 1300 2167 ista,
1335 2120 1454 2173 quae
1497 2105 1739 2157 ascendit
1774 2104 1913 2157 sicut
1963 2119 2056 2156 au-

478 2212 603 2250 rora
633 2211 994 2263 consurgens,
1025 2195 1246 2264 pulchra
1272 2203 1328 2247 ut
1357 2195 1502 2259 luna,
1531 2195 1698 2248 electa
1731 2205 1783 2248 ut
1816 2195 1917 2257 sol,
1949 2204 2051 2248 ter-

471 2287 648 2342 ribilis
694 2295 752 2340 ut
800 2296 1101 2340 castrorum
1151 2287 1296 2340 acies
1343 2286 1684 2340 ordinata?»
1730 2285 1905 2355 (Cant.
1955 2285 2054 2350 vt.)

473 2374 646 2430 Porro
673 2377 790 2430 duce
817 2391 1029 2440 manus,
1060 2390 1176 2444 quae
1209 2377 1464 2430 tenebant
1494 2377 1618 2429 hinc
1648 2386 1702 2430 et
1725 2376 1847 2430 inde
1869 2375 2056 2438 sedile,

474 2465 710 2519 activam
737 2474 792 2520 et
836 2466 1308 2535 eontemplativam
1357 2466 1526 2520 vitam
1580 2465 1908 2535 signiﬁcant,
1939 2481 2058 2535 quae

474 2567 708 2613 matrem
741 2557 1018 2628 Virginem
1054 2557 1392 2627 propensiori
1421 2557 1699 2626 diligentia
1729 2556 2056 2617 ambierant.

481 2652 617 2706 adeo
647 2661 708 2705 ut
756 2667 856 2707 nec
900 2653 1039 2706 actio
1076 2652 1591 2720 contemplationem
1647 2651 1954 2713 minueret,
2006 2659 2061 2703 et

481 2744 866 2814 contemplatio
917 2760 1020 2798 non
1082 2745 1355 2799 desereret
1387 2745 1677 2798 actionem.
1731 2743 2056 2805 Recordare,

481 2832 607 2901 quia
667 2850 772 2888 non
827 2843 945 2889 erat
1000 2835 1049 2889 ei
1121 2835 1271 2889 locus
1318 2837 1368 2888 in
1419 2835 1720 2888 diversorio
1767 2833 1920 2905 (Luc.
1975 2833 2059 2902 ιι),

478 2925 749 2992 quomodo
780 2923 946 2977 lilium
975 2941 1130 2978 suum
1180 2925 1412 2993 propriis
1450 2927 1706 2978 uberibus
1751 2925 2058 2986 lactaverit,

481 3021 538 3065 et
567 3027 756 3066 omnes
781 3013 1011 3080 denique
1040 3015 1305 3082 vagientis
1327 3015 1534 3084 parvuli
1559 3016 1872 3068 sustinuerit
1897 3015 2062 3069 actio~

2140 479 2438 539 excellens,
2467 489 2576 532 tam
2603 480 2946 549 magniﬁcum
2977 480 3219 535 fecerunt
3239 497 3403 550 Opera
3431 483 3721 552 digitorum

2143 573 2258 628 Dei.
2290 573 2451 643 Virgo
2478 573 2570 628 Dei
2598 574 2850 642 genitrix,
2885 573 3037 642 cujus
3063 573 3523 642 pulchritudinem
3554 575 3633 628 sol
3663 584 3716 628 et

2142 664 2265 717 luna
2287 665 2572 726 mirantur,
2592 663 2752 732 223
2765 664 3012 728 subveni,
3028 663 3240 716 domina
3253 705 3266 726 ,
3283 664 3649 718 clamantibus
3662 667 3727 721 ad

2143 763 2196 808 te
2218 755 2446 824 jugiter:
2491 773 2509 805 ι
2542 753 2862 817 Revertere,
2890 763 3160 807 revertere
3195 753 3518 818 Suuamitis,
3543 769 3728 809 rever-

2144 856 2281 910 tere,
2317 857 2609 910 revertere,
2639 856 2698 898 ut
2729 846 3034 899 intueamur
3063 855 3113 899 te
3142 843 3320 914 (Cant.
3354 846 3450 915 vi).
3481 864 3503 898 ι
3533 844 3617 899 Tu
3641 845 3732 900 be-

2145 937 2356 991 nedicta
2377 977 2390 999 ,
2442 943 2494 989 et
2530 949 2692 1002 super
2721 933 3037 998 benedicta,
3074 943 3375 997 revertere,
3426 934 3608 1004 primo
3639 949 3730 1003 per

2147 1036 2417 1082 naturam.
2455 1025 2703 1094 Nunquid
2755 1024 2877 1092 quia
2930 1025 3002 1078 ita
3049 1023 3333 1088 dedicata,
3363 1025 3489 1078 ideo
3533 1032 3729 1078 nostra

2148 1117 2502 1172 humanitatis
2544 1117 2710 1170 oblita
2760 1116 2850 1169 es?
2895 1114 3273 1184 Nequaquam,
3323 1114 3567 1168 domina.
3612 1113 3730 1170 Scis

2149 1207 2201 1263 in
2233 1222 2340 1276 quo
2366 1205 2680 1260 discrimine
2708 1221 2806 1259 nos
2838 1205 3152 1273 reliqueris,
3178 1204 3267 1258 ubi
3290 1205 3538 1274 jaceant,
3565 1220 3735 1273 quan-

2151 1308 2262 1352 tum
2290 1297 2606 1366 delinquant
2635 1296 2776 1350 servi
2813 1297 2920 1361 tui;
2958 1310 3064 1348 non
3098 1294 3242 1349 enim
3275 1296 3535 1350 convenit
3571 1303 3733 1350 tanta:

2149 1389 2534 1442 misericordia:
2580 1396 2786 1441 tantam
2836 1387 3106 1440 miseriam
3152 1386 3419 1450 oblivisci,
3449 1385 3733 1453 quia,etsi

2150 1479 2420 1533 subtrahit
2451 1478 2643 1548 gloria,
2682 1484 2902 1531 revocat
2931 1485 3122 1530 natura
3149 1494 3163 1528 :
3203 1491 3308 1529 non
3339 1476 3487 1530 enim
3523 1477 3597 1527 ita
3629 1489 3736 1528 me-

2153 1571 2382 1623 meraris
2420 1568 2643 1636 justitize
2691 1567 2786 1621 Dei
2836 1567 3024 1631 solius,
3054 1575 3112 1620 ut
3162 1566 3593 1620 misericordiam
3633 1579 3733 1617 non

2156 1660 2390 1722 habeas;
2420 1672 2594 1726 neque
2622 1657 2692 1710 ita
2723 1670 2782 1710 es
2804 1655 3169 1724 impassihilis,
3190 1665 3249 1708 ut
3275 1656 3349 1709 sis
3381 1655 3740 1724 incompassi-

911 1763 928 1793 ι
978 1743 1269 1797 Duodecim
1323 1742 1556 1796 leuneuli
1611 1741 1826 1796 stabant
1891 1755 2053 1808 super

2167 1748 2295 1814 bilis.
2327 1747 2584 1800 Naturam
2610 1757 2848 1799 nostram
2881 1745 3069 1809 habes,
3101 1759 3210 1798 non
3237 1744 3427 1809 aliam;
3461 1753 3517 1798 et
3535 1745 3736 1813 justum

2155 1851 2239 1896 est
2289 1849 2347 1894 ut
2381 1841 2447 1892 de
2486 1852 2608 1892 rore
2655 1847 2817 1890 tanta!
2843 1836 3061 1905 pietatis
3089 1835 3334 1889 diﬂ’usius
3364 1835 3736 1888 infundamur.

2241 1951 2258 1982 ι
2291 1932 2608 1993 Revertere,
2646 1947 2664 1979 ι
2699 1928 2934 1982 secundo
2963 1942 3059 1997 per
3087 1927 3401 1998 potentiam.
3433 1924 3589 1979 Fecit
3611 1925 3663 1978 in
3694 1933 3743 1978 to

2164 2035 2359 2090 magna
2391 2019 2481 2088 qui
2511 2027 2700 2088 potens
2731 2028 2843 2080 est,
2875 2025 2929 2070 et
2961 2018 3082 2070 data
3115 2024 3195 2070 est
3230 2016 3322 2071 tibi
3354 2016 3532 2068 omnis
3561 2024 3740 2083 potes-

2164 2119 2247 2164 tas
2286 2111 2336 2163 in
2365 2109 2503 2163 cmlo
2547 2117 2601 2162 et
2632 2108 2682 2160 iu
2709 2117 2874 2161 terra.
2899 2106 3037 2173 Quid
3076 2107 3169 2160 tibi
3197 2105 3506 2176 negabitur,
3537 2105 3625 2157 cui
3654 2119 3746 2157 nco

2160 2212 2344 2272 gatum
2372 2216 2479 2254 non
2507 2209 2589 2254 est
2616 2199 2965 2267 Theophilum
2991 2199 3055 2251 de
3078 2199 3205 2268 ipsis
3229 2196 3548 2267 perditionis
3577 2193 3745 2249 fanci-

2123 2321 2126 2324 ι
2158 2293 2260 2346 bus
2292 2306 2543 2344 revocare
2565 2286 3032 2359 (lli)?lul‘elicem
3059 2287 3569 2349 anitnulatn,totum
3597 2283 3742 2346 illud,

2162 2383 2302 2452 quod
2334 2383 2386 2435 in
2418 2391 2471 2435 te
2501 2381 2700 2434 factum
2731 2389 2844 2445 est,
2888 2379 3103 2448 proprio
3133 2378 3449 2432 charactere
3480 2377 3746 2446 denegan-

2163 2481 2298 2534 tem,
2329 2470 2394 2523 de
2424 2471 2535 2523 luto
2565 2469 2712 2524 faecis
2731 2478 2784 2523 et
2808 2468 3037 2522 miseria:
3068 2467 3378 2522 sublevasti.
3417 2466 3499 2520 Nil
3523 2466 3619 2520 tibi
3651 2465 3748 2520 im-

2161 2562 2436 2634 possibile,
2463 2563 2547 2615 cui
2579 2560 2836 2630 possibile
2865 2570 2947 2613 est
2977 2560 3288 2628 desperatos
3314 2559 3365 2612 in
3398 2573 3550 2626 spem
3584 2554 3749 2610 beati-

2164 2653 2368 2708 tudinis
2407 2653 2672 2707 relevare.
2717 2651 2998 2716 Quomodo
3039 2650 3182 2702 enim
3229 2649 3316 2701 illa
3358 2655 3600 2716 potestas
3643 2652 3747 2700 tu:

2164 2745 2417 2814 potentiae
2445 2743 2642 2812 poterit
2682 2741 2925 2804 obviare,
2955 2754 3076 2806 qua:
3102 2738 3169 2792 de
3217 2752 3380 2791 carne
3435 2744 3526 2788 tua
3570 2732 3747 2787 carnis

2169 2835 2412 2904 suscepit
2443 2831 2746 2902 originem?
2776 2829 3001 2884 Accedis
3022 2827 3165 2881 enim
3190 2836 3317 2880 ante
3347 2825 3474 2878 illud
3523 2837 3744 2876 aureum

2167 2929 2417 2983 humanae
2455 2922 2915 2979 reconciliationis
2943 2920 3112 2974 altare.
3131 2960 3145 2982 ,
3174 2933 3282 2972 non
3312 2916 3486 2970 solum
3518 2927 3742 2983 rogans,

2169 3018 2261 3071 sed
2302 3017 2597 3083 imperans,
2644 3013 2892 3072 domina.
2938 3026 3042 3063 non
3085 3007 3302 3061 ancilla.
3333 3005 3546 3058 Moveat
3579 3013 3631 3056 te
3653 3015 3744 3054 na-

481 3115 601 3164 nes,
631 3111 687 3153 et
739 3109 864 3154 tunc
914 3102 1178 3172 intelliges
1219 3104 1343 3171 quia
1377 3103 1665 3172 plurimum
1715 3103 2060 3156 ministravit.
2093 3096 2134 3155 C
2170 3120 2310 3172 tum,
2344 3107 2582 3176 ρωριιιῑιι
2613 3114 2852 3167 moneat,
2883 3103 3009 3171 quia
3041 3108 3246 3169 quanto
3274 3097 3569 3167 patentior,
3605 3099 3745 3146 lani-0

482 3191 778 3246 Considera
797 3193 922 3260 quia
941 3193 1052 3261 ipsa
1077 3204 1161 3248 est
1183 3211 1322 3263 quae,
1349 3196 1399 3248 in
1425 3194 1858 3264 contemplativa:
1885 3196 2061 3265 digni-

484 3280 617 3334 tatis
657 3290 970 3348 snpervecta
1017 3281 1376 3346 dulcedinem,
1405 3283 1457 3336 in
1490 3283 1657 3351 ipsius
1686 3283 1776 3336 Dei
1814 3284 2064 3338 substan-

487 3369 617 3424 tiam
651 3369 942 3424 lucidiores
975 3370 1149 3424 inﬁxit
1179 3373 1421 3426 obtutus.
1455 3389 1473 3422 ι
1506 3372 1661 3425 Lreva
1681 3412 1694 3434 ,
1723 3373 1927 3441 inquit,
1951 3371 2067 3440 ejus

487 3461 589 3515 sub
621 3462 798 3530 capite
832 3476 974 3528 meo,
1020 3471 1076 3517 et
1125 3463 1345 3517 dextera
1390 3463 1532 3517 illius
1559 3462 1956 3532 amplexabitur
1982 3478 2066 3518 me

487 3549 663 3618 (Cant.
696 3552 778 3619 ιι).
820 3571 838 3602 ι

563 3663 582 3694 ι
624 3643 740 3698 Duo
775 3644 958 3698 leones
996 3646 1208 3699 s'ahant
1238 3646 1393 3715 juxta
1417 3645 1715 3701 brachiola.
1755 3667 1771 3699 ι
1810 3646 1924 3699 Duo
1961 3645 2067 3698 Ico-

491 3744 590 3786 nes
614 3741 738 3786 sunt
755 3732 968 3787 Gabriel
995 3735 1352 3800 archangelus
1379 3744 1432 3788 et
1457 3734 1691 3790 Joannes
1713 3735 2066 3804 evangelista,

491 3838 722 3891 quorum
755 3825 892 3878 alter
919 3825 1152 3879 dexterae
1180 3825 1436 3894 Virginis,
1463 3826 1600 3881 alter
1627 3827 1860 3880 sinistra-
1887 3836 2070 3879 custos

431 3979 433 3982 ι
496 3913 791 3982 deputatus
832 3922 935 3966 est.
983 3913 1198 3968 Gabriel
1229 3915 1372 3968 enim
1402 3924 1659 3978 mentem,
1688 3914 1924 3969 Joannes
1951 3932 2074 3967 ear-

492 4018 615 4056 nem
657 4003 902 4072 pervigili
959 4004 1320 4057 sollicitudine
1366 4015 1738 4058 servaverunt.
1782 4005 1880 4070 Qui
1937 4004 2072 4057 bene

493 4091 680 4146 leones
709 4094 980 4158 dicuntur,
1006 4105 1224 4164 propter
1249 4096 1480 4165 rugitum
1505 4097 1745 4150 altisona:
1768 4099 1941 4160 vocis;
1970 4095 2073 4149 duo

494 4182 636 4235 enim
665 4183 826 4235 verba
853 4185 1235 4238 mtntiaverunt
1263 4186 1379 4239 orbi
1413 4195 1570 4240 terra:
1593 4188 1770 4255 qualia
1804 4203 1903 4240 nec
1928 4187 2070 4239 dicta

495 4284 620 4329 sunt
670 4291 769 4328 nec
815 4277 1101 4340 dicentur,
1155 4287 1210 4330 et
1273 4277 1324 4330 in
1389 4293 1618 4347 quorum
1673 4280 2075 4346 comparatione

496 4368 676 4421 omnia
702 4376 847 4421 muta
880 4369 1110 4423 debeant
1136 4384 1416 4438 apparere.
1455 4389 1471 4418 ι
1507 4370 1641 4432 Ave,
1671 4370 1832 4423 Maria
1854 4410 1867 4431 ,
1902 4372 2070 4438 gratia

497 4455 676 4526 plena,
728 4456 988 4512 Dominus
1039 4437 1215 4512 tecum
1244 4457 1394 4528 (Luc.
1421 4459 1481 4528 ι),
1521 4479 1540 4510 ι
1573 4458 1645 4512 ait
1698 4437 2071 4528 archangelus.
2107 4437 2150 4493 υ

499 4546 736 4602 Audisne
789 4551 841 4601 in
893 4549 993 4602 hoc
1039 4548 1206 4602 verbo
1246 4549 1674 4604 incarnationem
1709 4549 1826 4614 Dei,
1856 4551 2066 4604 redem-

499 4637 736 4704 ptionem
790 4637 1108 4704 hominum,
1164 4641 1568 4694 renovationem
1637 4640 1866 4694 mundi?
1934 4658 1952 4690 ι
2017 4639 2073 4694 lu

500 4728 766 4797 principio
807 4739 923 4782 erat
950 4729 1182 4784 Verbum
1207 4729 1390 4799 (Joan.
1421 4733 1483 4794 ι),
1517 4751 1534 4783 ι
1562 4732 1699 4786 dixit
1726 4731 2072 4800 evangelista.

501 4817 900 4873 Animadvertis
938 4821 1026 4874 hic
1057 4820 1215 4876 Verbi
1243 4824 1598 4887 divinitatem,
1624 4825 1871 4878 Ecclesiae
1897 4825 2074 4888 ﬁdem,

503 4912 880 4966 haereticorum
904 4915 1198 4974 silentium,
1229 4916 1402 4970 locum
1432 4917 1651 4974 quietis.
1677 4927 1940 4971 secretum
1991 4933 2078 4970 so-

2164 3199 2576 3253 ntisericordior
2604 3212 2723 3250 esse
2751 3195 2992 3249 debebis.
3030 3191 3291 3246 Potestati
3328 3190 3472 3243 enim
3502 3186 3649 3241 cedit
3683 3181 3747 3239 ad

2167 3288 2414 3358 gloriam,
2451 3287 2679 3351 injurias
2716 3285 2898 3338 ulcisci
2934 3283 3075 3336 nolle
3105 3297 3228 3336 cum
3261 3281 3453 3350 possit.
3683 3345 3738 3357 ,ἢ

2249 3393 2266 3424 ι
2306 3374 2623 3434 Revertere,
2657 3391 2674 3421 ι
2715 3372 2870 3424 tertio
2901 3385 2996 3438 per
3024 3384 3287 3423 amorem.
3321 3366 3471 3428 Scio,
3501 3364 3748 3424 domina,

2168 3466 2292 3534 quia
2325 3465 2707 3535 benignissima
2737 3478 2814 3524 es,
2836 3472 2886 3516 et
2917 3476 3066 3514 amas
3089 3477 3186 3514 nos
3218 3475 3401 3513 amore
3434 3457 3749 3517 invincibili,

2168 3571 2304 3624 quos
2360 3555 2412 3606 in
2472 3563 2524 3606 te
2565 3563 2618 3607 et
2672 3567 2768 3621 per
2828 3561 2877 3604 te
2924 3551 3095 3604 Filius
3146 3559 3270 3603 tuus
3337 3559 3390 3603 et
3441 3547 3587 3600 Deus
3635 3556 3752 3599 tuus

2171 3658 2382 3698 summa
2425 3643 2712 3695 dilectione
2760 3641 2965 3694 dilexit.
3015 3640 3147 3704 Quis
3201 3639 3304 3692 scit
3351 3637 3568 3706 quoties
3603 3631 3752 3688 refri-

2171 3749 2328 3803 geras
2376 3734 2509 3785 iram
2550 3730 2789 3793 Judicis,
2839 3746 2962 3783 cum
2996 3729 3221 3797 justitiae
3258 3728 3430 3780 virtus
3459 3742 3487 3779 a
3521 3735 3752 3795 prasen-

2175 3825 2244 3878 tia
2274 3823 2488 3878 deitatis
2517 3823 2828 3891 egreditur?

2246 3934 2262 3963 ι
2302 3913 2609 3975 Revertere,
2652 3931 2670 3962 ι
2705 3920 2899 3980 quarto
2930 3927 3026 3980 per
3053 3910 3503 3979 singularitatem.
3534 3908 3592 3961 In
3627 3922 3738 3961 ma-

2175 4003 2335 4055 nibus
2368 4002 2472 4054 tuis
2504 4013 2627 4054 sunt
2659 4002 2896 4054 thesauri
2961 4001 3366 4054 miseratiouum
3422 3998 3658 4058 Domini.
3701 4007 3753 4053 et

2176 4093 2288 4148 sola
2323 4093 2490 4147 electa
2525 4108 2604 4156 es,
2638 4093 2722 4145 ctti
2761 4093 2932 4161 gratia
2965 4100 3110 4145 tanta
3138 4092 3474 4146 conceditur.
3506 4089 3666 4145 Absit
3696 4099 3752 4142 ut

2174 4193 2352 4237 cesset
2390 4196 2582 4236 manus
2624 4190 2712 4234 tua
2741 4222 2755 4245 ,
2817 4197 2938 4235 cum
2994 4182 3333 4234 occasionem
3391 4194 3610 4248 qumras
3655 4178 3752 4232 sal-

2176 4273 2332 4325 vandi
2367 4272 2595 4324 miseros
2635 4281 2690 4324 et
2725 4270 3151 4324 misericordiam
3196 4269 3540 4324 effundendi!
3584 4281 3752 4336 neque

2179 4365 2322 4417 enim
2365 4371 2454 4414 tua
2497 4361 2666 4430 gloria
2718 4361 2999 4425 minuitur,
3028 4360 3120 4414 sed
3151 4370 3400 4430 augetur,
3433 4374 3557 4412 cum
3589 4359 3755 4428 pinni-

2183 4469 2355 4511 tentes
2378 4458 2445 4511 ad
2477 4458 2712 4521 veniam,
2738 4457 3016 4527 justiﬁcati
3049 4458 3111 4510 ad
3137 4456 3358 4526 gloriam
3387 4467 3748 4509 assumuntur.

2182 4549 2473 4603 Revertere
2503 4564 2652 4616 ergo,
2682 4547 3002 4612 Suuamitis,
3035 4548 3088 4600 id
3134 4555 3238 4612 est,
3278 4547 3558 4615 despecta,
3607 4546 3752 4613 citius

2185 4639 2422 4693 animam
2471 4638 2821 4707 pertransivit
2865 4638 3072 4708 gladius
3117 4637 3269 4708 (an.
3321 4639 3404 4705 tt),
3459 4651 3582 4706 qua:
3623 4635 3750 4688 fabri

2183 4747 2320 4785 uxor
2360 4732 2622 4800 appellata
2673 4731 2844 4785 fuisti.
2886 4733 2966 4784 Ad
3015 4732 3175 4800 quid?
3217 4730 3286 4785 Ut
3334 4732 3641 4784 intueamur
3684 4738 3750 4780 te.

2185 4822 2404 4876 Summa
2435 4822 2604 4891 gloria
2653 4829 2736 4875 est
2782 4831 2903 4890 post
2954 4822 3118 4875 Dcmu
3151 4830 3201 4873 te
3237 4821 3453 4884 videre,
3484 4820 3750 4872 adlucrere

2183 4910 2369 4971 tibi,et
2403 4912 2455 4964 in
2487 4922 2589 4963 tute
2617 4910 2968 4970 protectionis
2999 4911 3294 4964 munimine
3315 4905 3746 4962 demorari.Au-.'.i
