  <div class='ocr_page' id='page_1' title='image "/cluster/home/n/w/nwhite01/storage/ocr_20150623/144/hvd.32044010574010/376.png"; bbox 0 0 3978 5328; ppageno 0'>
   <div class='ocr_carea' id='block_1_1' title="bbox 171 309 260 370">
    <p class='ocr_par' dir='ltr' id='par_1_1' title="bbox 171 309 260 370">
     <span class='ocr_line' id='line_1_1' title="bbox 171 309 260 370; baseline -0.067 -1"><span class='ocrx_word' id='word_1_1' title='bbox 171 309 260 370; x_wconf 75' lang='grc'><strong>741</strong></span> 
     </span>
    </p>
   </div>
   <div class='ocr_carea' id='block_1_2' title="bbox 1543 291 1964 348">
    <p class='ocr_par' dir='ltr' id='par_1_2' title="bbox 1543 291 1964 348">
     <span class='ocr_line' id='line_1_2' title="bbox 1543 291 1964 348; baseline -0.005 -2"><span class='ocrx_word' id='word_1_2' title='bbox 1543 291 1776 348; x_wconf 75' lang='lat' dir='ltr'><strong>SERMO</strong></span> <span class='ocrx_word' id='word_1_3' title='bbox 1807 291 1964 345; x_wconf 75' lang='lat' dir='ltr'><strong>XLV.</strong></span> 
     </span>
    </p>
   </div>
   <div class='ocr_carea' id='block_1_3' title="bbox 3291 293 3398 348">
    <p class='ocr_par' dir='ltr' id='par_1_3' title="bbox 3291 293 3398 348">
     <span class='ocr_line' id='line_1_3' title="bbox 3291 293 3398 348; baseline 0 0"><span class='ocrx_word' id='word_1_4' title='bbox 3291 293 3398 348; x_wconf 68' lang='lat'><strong>71?.</strong></span> 
     </span>
    </p>
   </div>
   <div class='ocr_carea' id='block_1_4' title="bbox 173 403 3396 494">
    <p class='ocr_par' dir='ltr' id='par_1_4' title="bbox 173 403 3396 494">
     <span class='ocr_line' id='line_1_4' title="bbox 173 403 3396 494; baseline -0.008 -8"><span class='ocrx_word' id='word_1_5' title='bbox 173 433 286 494; x_wconf 86' lang='lat' dir='ltr'><strong>Dei,</strong></span> <span class='ocrx_word' id='word_1_6' title='bbox 315 429 506 482; x_wconf 79' lang='lat' dir='ltr'><strong>fratres</strong></span> <span class='ocrx_word' id='word_1_7' title='bbox 533 418 864 478; x_wconf 84' lang='lat' dir='ltr'><strong>charissimi,</strong></span> <span class='ocrx_word' id='word_1_8' title='bbox 914 415 1110 470; x_wconf 86' lang='lat' dir='ltr'><strong>merito</strong></span> <span class='ocrx_word' id='word_1_9' title='bbox 1161 412 1489 482; x_wconf 73' lang='lat' dir='ltr'><strong>praecipuum</strong></span> <span class='ocrx_word' id='word_1_10' title='bbox 1521 419 1574 464; x_wconf 91' lang='lat' dir='ltr'><strong>et</strong></span> <span class='ocrx_word' id='word_1_11' title='bbox 1611 425 1724 462; x_wconf 83' lang='lat' dir='ltr'><strong>stn-</strong></span> <span class='ocrx_word' id='word_1_12' title='bbox 1751 423 1800 472; x_wconf 72' lang='grc' dir='ltr'><strong>Α</strong></span> <span class='ocrx_word' id='word_1_13' title='bbox 1829 421 1926 474; x_wconf 82' lang='lat' dir='ltr'><strong>pro</strong></span> <span class='ocrx_word' id='word_1_14' title='bbox 1957 403 2130 468; x_wconf 79' lang='lat' dir='ltr'><strong>nobis,</strong></span> <span class='ocrx_word' id='word_1_15' title='bbox 2163 406 2212 458; x_wconf 91' lang='lat' dir='ltr'><strong>in</strong></span> <span class='ocrx_word' id='word_1_16' title='bbox 2237 421 2344 473; x_wconf 88' lang='lat' dir='ltr'><strong>quo</strong></span> <span class='ocrx_word' id='word_1_17' title='bbox 2373 403 2608 458; x_wconf 70' lang='lat' dir='ltr'><strong>Verbum</strong></span> <span class='ocrx_word' id='word_1_18' title='bbox 2637 419 2764 460; x_wconf 83' lang='lat' dir='ltr'><strong>caro</strong></span> <span class='ocrx_word' id='word_1_19' title='bbox 2787 403 2986 458; x_wconf 80' lang='lat' dir='ltr'><strong>factum</strong></span> <span class='ocrx_word' id='word_1_20' title='bbox 3017 413 3130 470; x_wconf 84' lang='lat' dir='ltr'><strong>est,</strong></span> <span class='ocrx_word' id='word_1_21' title='bbox 3161 415 3213 460; x_wconf 91' lang='lat' dir='ltr'><strong>et</strong></span> <span class='ocrx_word' id='word_1_22' title='bbox 3241 407 3396 461; x_wconf 78' lang='lat' dir='ltr'><strong>habt-</strong></span> 
     </span>
    </p>
   </div>
   <div class='ocr_carea' id='block_1_5' title="bbox 173 503 1726 594">
    <p class='ocr_par' dir='ltr' id='par_1_5' title="bbox 173 503 1726 594">
     <span class='ocr_line' id='line_1_5' title="bbox 173 503 1726 594; baseline -0.012 -22"><span class='ocrx_word' id='word_1_23' title='bbox 173 522 342 594; x_wconf 72' lang='lat' dir='ltr'><strong>gulare</strong></span> <span class='ocrx_word' id='word_1_24' title='bbox 381 517 582 588; x_wconf 69' lang='lat' dir='ltr'><strong>prmbet</strong></span> <span class='ocrx_word' id='word_1_25' title='bbox 625 510 932 568; x_wconf 86' lang='lat' dir='ltr'><strong>hominibus</strong></span> <span class='ocrx_word' id='word_1_26' title='bbox 967 507 1244 578; x_wconf 87' lang='lat' dir='ltr'><strong>gaudium,</strong></span> <span class='ocrx_word' id='word_1_27' title='bbox 1275 520 1393 574; x_wconf 74' lang='lat' dir='ltr'><strong>quce</strong></span> <span class='ocrx_word' id='word_1_28' title='bbox 1427 503 1588 554; x_wconf 85' lang='lat' dir='ltr'><strong>totius</strong></span> <span class='ocrx_word' id='word_1_29' title='bbox 1631 517 1726 594; x_wconf 70' lang='lat' dir='ltr'><strong>es—</strong></span> 
     </span>
    </p>
   </div>
   <div class='ocr_carea' id='block_1_6' title="bbox 174 593 1726 666">
    <p class='ocr_par' dir='ltr' id='par_1_6' title="bbox 174 593 1726 666">
     <span class='ocr_line' id='line_1_6' title="bbox 174 593 1726 666; baseline -0.014 -1"><span class='ocrx_word' id='word_1_30' title='bbox 174 593 298 666; x_wconf 79' lang='lat' dir='ltr'><strong>stitit</strong></span> <span class='ocrx_word' id='word_1_31' title='bbox 334 609 578 662; x_wconf 72' lang='lat' dir='ltr'><strong>humana:</strong></span> <span class='ocrx_word' id='word_1_32' title='bbox 617 603 808 656; x_wconf 88' lang='lat' dir='ltr'><strong>salutis</strong></span> <span class='ocrx_word' id='word_1_33' title='bbox 852 599 1152 654; x_wconf 74' lang='lat' dir='ltr'><strong>exordium.</strong></span> <span class='ocrx_word' id='word_1_34' title='bbox 1206 595 1356 650; x_wconf 89' lang='lat' dir='ltr'><strong>Sicut</strong></span> <span class='ocrx_word' id='word_1_35' title='bbox 1383 595 1524 649; x_wconf 87' lang='lat' dir='ltr'><strong>enim</strong></span> <span class='ocrx_word' id='word_1_36' title='bbox 1553 593 1726 646; x_wconf 84' lang='lat' dir='ltr'><strong>omni-</strong></span> 
     </span>
    </p>
   </div>
   <div class='ocr_carea' id='block_1_7' title="bbox 174 683 1722 770">
    <p class='ocr_par' dir='ltr' id='par_1_7' title="bbox 174 683 1722 770">
     <span class='ocr_line' id='line_1_7' title="bbox 174 683 1722 770; baseline -0.013 -17"><span class='ocrx_word' id='word_1_37' title='bbox 174 711 350 770; x_wconf 85' lang='lat' dir='ltr'><strong>potens</strong></span> <span class='ocrx_word' id='word_1_38' title='bbox 392 698 556 758; x_wconf 81' lang='lat' dir='ltr'><strong>Deus,</strong></span> <span class='ocrx_word' id='word_1_39' title='bbox 609 690 862 748; x_wconf 70' lang='lat' dir='ltr'><strong>ineffabili</strong></span> <span class='ocrx_word' id='word_1_40' title='bbox 921 687 1280 758; x_wconf 79' lang='lat' dir='ltr'><strong>providentia:</strong></span> <span class='ocrx_word' id='word_1_41' title='bbox 1347 699 1456 738; x_wconf 72' lang='lat' dir='ltr'><strong>sure</strong></span> <span class='ocrx_word' id='word_1_42' title='bbox 1499 683 1722 744; x_wconf 93' lang='lat' dir='ltr'><strong>intuitu,</strong></span> 
     </span>
    </p>
   </div>
   <div class='ocr_carea' id='block_1_8' title="bbox 175 773 1726 856">
    <p class='ocr_par' dir='ltr' id='par_1_8' title="bbox 175 773 1726 856">
     <span class='ocr_line' id='line_1_8' title="bbox 175 773 1726 856; baseline -0.014 -14"><span class='ocrx_word' id='word_1_43' title='bbox 175 798 444 856; x_wconf 79' lang='lat' dir='ltr'><strong>antequam</strong></span> <span class='ocrx_word' id='word_1_44' title='bbox 486 785 646 838; x_wconf 87' lang='lat' dir='ltr'><strong>homo</strong></span> <span class='ocrx_word' id='word_1_45' title='bbox 695 782 874 844; x_wconf 78' lang='lat' dir='ltr'><strong>fieret,</strong></span> <span class='ocrx_word' id='word_1_46' title='bbox 903 776 1064 848; x_wconf 60' lang='lat'><strong>225</strong></span> <span class='ocrx_word' id='word_1_47' title='bbox 1107 776 1378 829; x_wconf 81' lang='lat' dir='ltr'><strong>hominem</strong></span> <span class='ocrx_word' id='word_1_48' title='bbox 1427 773 1726 841; x_wconf 86' lang='lat' dir='ltr'><strong>periturum</strong></span> 
     </span>
    </p>
   </div>
   <div class='ocr_carea' id='block_1_9' title="bbox 178 861 1724 935">
    <p class='ocr_par' dir='ltr' id='par_1_9' title="bbox 178 861 1724 935">
     <span class='ocr_line' id='line_1_9' title="bbox 178 861 1724 935; baseline -0.014 -4"><span class='ocrx_word' id='word_1_49' title='bbox 178 875 426 931; x_wconf 83' lang='lat' dir='ltr'><strong>diabolica</strong></span> <span class='ocrx_word' id='word_1_50' title='bbox 461 869 862 925; x_wconf 79' lang='lat' dir='ltr'><strong>machinatione</strong></span> <span class='ocrx_word' id='word_1_51' title='bbox 889 865 1134 935; x_wconf 73' lang='lat' dir='ltr'><strong>prmvidit</strong></span> <span class='ocrx_word' id='word_1_52' title='bbox 1155 903 1168 925; x_wconf 88' lang='lat'><strong>,</strong></span> <span class='ocrx_word' id='word_1_53' title='bbox 1199 863 1292 916; x_wconf 89' lang='lat' dir='ltr'><strong>sed</strong></span> <span class='ocrx_word' id='word_1_54' title='bbox 1319 861 1482 914; x_wconf 89' lang='lat' dir='ltr'><strong>etiam</strong></span> <span class='ocrx_word' id='word_1_55' title='bbox 1515 861 1724 913; x_wconf 87' lang='lat' dir='ltr'><strong>redem-</strong></span> 
     </span>
    </p>
   </div>
   <div class='ocr_carea' id='block_1_10' title="bbox 173 951 1728 1036">
    <p class='ocr_par' dir='ltr' id='par_1_10' title="bbox 173 951 1728 1036">
     <span class='ocr_line' id='line_1_10' title="bbox 173 951 1728 1036; baseline -0.01 -16"><span class='ocrx_word' id='word_1_56' title='bbox 173 965 356 1036; x_wconf 86' lang='lat' dir='ltr'><strong>ptionis</strong></span> <span class='ocrx_word' id='word_1_57' title='bbox 385 963 630 1016; x_wconf 65' lang='lat' dir='ltr'><strong>humanae</strong></span> <span class='ocrx_word' id='word_1_58' title='bbox 655 957 935 1012; x_wconf 84' lang='lat' dir='ltr'><strong>consilium</strong></span> <span class='ocrx_word' id='word_1_59' title='bbox 961 963 1088 1006; x_wconf 87' lang='lat' dir='ltr'><strong>ante</strong></span> <span class='ocrx_word' id='word_1_60' title='bbox 1119 953 1312 1008; x_wconf 75' lang='lat' dir='ltr'><strong>smcula</strong></span> <span class='ocrx_word' id='word_1_61' title='bbox 1357 951 1410 1006; x_wconf 92' lang='lat' dir='ltr'><strong>iu</strong></span> <span class='ocrx_word' id='word_1_62' title='bbox 1453 951 1728 1004; x_wconf 72' lang='lat' dir='ltr'><strong>immensa:</strong></span> 
     </span>
    </p>
   </div>
   <div class='ocr_carea' id='block_1_11' title="bbox 173 1039 1726 1126">
    <p class='ocr_par' dir='ltr' id='par_1_11' title="bbox 173 1039 1726 1126">
     <span class='ocr_line' id='line_1_11' title="bbox 173 1039 1726 1126; baseline -0.009 -18"><span class='ocrx_word' id='word_1_63' title='bbox 173 1054 374 1126; x_wconf 86' lang='lat' dir='ltr'><strong>pietatis</strong></span> <span class='ocrx_word' id='word_1_64' title='bbox 401 1066 520 1106; x_wconf 69' lang='lat' dir='ltr'><strong>suae</strong></span> <span class='ocrx_word' id='word_1_65' title='bbox 549 1049 848 1106; x_wconf 77' lang='lat' dir='ltr'><strong>visceribus</strong></span> <span class='ocrx_word' id='word_1_66' title='bbox 889 1045 1096 1100; x_wconf 90' lang='lat' dir='ltr'><strong>habuit.</strong></span> <span class='ocrx_word' id='word_1_67' title='bbox 1127 1043 1192 1098; x_wconf 89' lang='lat' dir='ltr'><strong>Et</strong></span> <span class='ocrx_word' id='word_1_68' title='bbox 1221 1059 1324 1096; x_wconf 89' lang='lat' dir='ltr'><strong>non</strong></span> <span class='ocrx_word' id='word_1_69' title='bbox 1355 1041 1528 1096; x_wconf 87' lang='lat' dir='ltr'><strong>solum</strong></span> <span class='ocrx_word' id='word_1_70' title='bbox 1552 1039 1726 1110; x_wconf 87' lang='lat' dir='ltr'><strong>quali-</strong></span> 
     </span>
    </p>
   </div>
   <div class='ocr_carea' id='block_1_12' title="bbox 177 1131 1728 1204">
    <p class='ocr_par' dir='ltr' id='par_1_12' title="bbox 177 1131 1728 1204">
     <span class='ocr_line' id='line_1_12' title="bbox 177 1131 1728 1204; baseline -0.011 -6"><span class='ocrx_word' id='word_1_71' title='bbox 177 1157 250 1198; x_wconf 88' lang='lat' dir='ltr'><strong>ter</strong></span> <span class='ocrx_word' id='word_1_72' title='bbox 277 1142 586 1204; x_wconf 88' lang='lat' dir='ltr'><strong>rcdimeret,</strong></span> <span class='ocrx_word' id='word_1_73' title='bbox 618 1137 834 1192; x_wconf 81' lang='lat' dir='ltr'><strong>modum</strong></span> <span class='ocrx_word' id='word_1_74' title='bbox 885 1143 941 1190; x_wconf 90' lang='lat' dir='ltr'><strong>et</strong></span> <span class='ocrx_word' id='word_1_75' title='bbox 969 1134 1212 1188; x_wconf 88' lang='lat' dir='ltr'><strong>ordinem</strong></span> <span class='ocrx_word' id='word_1_76' title='bbox 1237 1133 1288 1186; x_wconf 90' lang='lat' dir='ltr'><strong>in</strong></span> <span class='ocrx_word' id='word_1_77' title='bbox 1313 1131 1728 1202; x_wconf 87' lang='lat' dir='ltr'><strong>profundissima</strong></span> 
     </span>
    </p>
   </div>
   <div class='ocr_carea' id='block_1_13' title="bbox 179 1219 1728 1301">
    <p class='ocr_par' dir='ltr' id='par_1_13' title="bbox 179 1219 1728 1301">
     <span class='ocr_line' id='line_1_13' title="bbox 179 1219 1728 1301; baseline -0.009 -15"><span class='ocrx_word' id='word_1_78' title='bbox 179 1230 438 1301; x_wconf 80' lang='lat' dir='ltr'><strong>sapientia:</strong></span> <span class='ocrx_word' id='word_1_79' title='bbox 495 1243 606 1282; x_wconf 75' lang='lat' dir='ltr'><strong>sua:</strong></span> <span class='ocrx_word' id='word_1_80' title='bbox 681 1225 890 1278; x_wconf 79' lang='lat' dir='ltr'><strong>ratione</strong></span> <span class='ocrx_word' id='word_1_81' title='bbox 947 1222 1270 1284; x_wconf 87' lang='lat' dir='ltr'><strong>constituit,</strong></span> <span class='ocrx_word' id='word_1_82' title='bbox 1321 1233 1508 1274; x_wconf 85' lang='lat' dir='ltr'><strong>verum</strong></span> <span class='ocrx_word' id='word_1_83' title='bbox 1563 1219 1728 1272; x_wconf 87' lang='lat' dir='ltr'><strong>etiam</strong></span> 
     </span>
    </p>
   </div>
   <div class='ocr_carea' id='block_1_14' title="bbox 177 1311 1726 1391">
    <p class='ocr_par' dir='ltr' id='par_1_14' title="bbox 177 1311 1726 1391">
     <span class='ocr_line' id='line_1_14' title="bbox 177 1311 1726 1391; baseline -0.006 -17"><span class='ocrx_word' id='word_1_84' title='bbox 177 1319 372 1391; x_wconf 82' lang='lat' dir='ltr'><strong>quando</strong></span> <span class='ocrx_word' id='word_1_85' title='bbox 400 1319 722 1380; x_wconf 86' lang='lat' dir='ltr'><strong>redimeret,</strong></span> <span class='ocrx_word' id='word_1_86' title='bbox 748 1325 954 1370; x_wconf 90' lang='lat' dir='ltr'><strong>certum</strong></span> <span class='ocrx_word' id='word_1_87' title='bbox 985 1313 1244 1382; x_wconf 88' lang='lat' dir='ltr'><strong>temporis</strong></span> <span class='ocrx_word' id='word_1_88' title='bbox 1273 1311 1558 1366; x_wconf 81' lang='lat' dir='ltr'><strong>articulum</strong></span> <span class='ocrx_word' id='word_1_89' title='bbox 1587 1325 1726 1378; x_wconf 72' lang='lat' dir='ltr'><strong>prte-</strong></span> 
     </span>
    </p>
   </div>
   <div class='ocr_carea' id='block_1_15' title="bbox 179 1401 1732 1476">
    <p class='ocr_par' dir='ltr' id='par_1_15' title="bbox 179 1401 1732 1476">
     <span class='ocr_line' id='line_1_15' title="bbox 179 1401 1732 1476; baseline -0.008 -12"><span class='ocrx_word' id='word_1_90' title='bbox 179 1410 352 1466; x_wconf 89' lang='lat' dir='ltr'><strong>tinivit.</strong></span> <span class='ocrx_word' id='word_1_91' title='bbox 382 1407 538 1463; x_wconf 90' lang='lat' dir='ltr'><strong>Sicut</strong></span> <span class='ocrx_word' id='word_1_92' title='bbox 583 1421 714 1476; x_wconf 87' lang='lat' dir='ltr'><strong>ergo</strong></span> <span class='ocrx_word' id='word_1_93' title='bbox 751 1403 1080 1474; x_wconf 84' lang='lat' dir='ltr'><strong>impossibile</strong></span> <span class='ocrx_word' id='word_1_94' title='bbox 1119 1411 1240 1456; x_wconf 90' lang='lat' dir='ltr'><strong>erat</strong></span> <span class='ocrx_word' id='word_1_95' title='bbox 1295 1413 1352 1455; x_wconf 87' lang='lat' dir='ltr'><strong>ut</strong></span> <span class='ocrx_word' id='word_1_96' title='bbox 1395 1401 1610 1456; x_wconf 84' lang='lat' dir='ltr'><strong>humani</strong></span> <span class='ocrx_word' id='word_1_97' title='bbox 1641 1415 1732 1470; x_wconf 84' lang='lat' dir='ltr'><strong>ge-</strong></span> 
     </span>
    </p>
   </div>
   <div class='ocr_carea' id='block_1_16' title="bbox 179 1491 1732 1566">
    <p class='ocr_par' dir='ltr' id='par_1_16' title="bbox 179 1491 1732 1566">
     <span class='ocr_line' id='line_1_16' title="bbox 179 1491 1732 1566; baseline -0.006 -12"><span class='ocrx_word' id='word_1_98' title='bbox 179 1499 308 1554; x_wconf 88' lang='lat' dir='ltr'><strong>neris</strong></span> <span class='ocrx_word' id='word_1_99' title='bbox 352 1497 655 1566; x_wconf 79' lang='lat' dir='ltr'><strong>redemptio</strong></span> <span class='ocrx_word' id='word_1_100' title='bbox 695 1497 866 1559; x_wconf 87' lang='lat' dir='ltr'><strong>fieret,</strong></span> <span class='ocrx_word' id='word_1_101' title='bbox 899 1493 1002 1548; x_wconf 88' lang='lat' dir='ltr'><strong>nisi</strong></span> <span class='ocrx_word' id='word_1_102' title='bbox 1053 1491 1144 1546; x_wconf 88' lang='lat' dir='ltr'><strong>Dei</strong></span> <span class='ocrx_word' id='word_1_103' title='bbox 1193 1491 1360 1546; x_wconf 89' lang='lat' dir='ltr'><strong>Filius</strong></span> <span class='ocrx_word' id='word_1_104' title='bbox 1400 1491 1468 1544; x_wconf 87' lang='lat' dir='ltr'><strong>de</strong></span> <span class='ocrx_word' id='word_1_105' title='bbox 1513 1491 1732 1560; x_wconf 75' lang='lat' dir='ltr'><strong>Virgine</strong></span> 
     </span>
    </p>
   </div>
   <div class='ocr_carea' id='block_1_17' title="bbox 181 1581 1730 1653">
    <p class='ocr_par' dir='ltr' id='par_1_17' title="bbox 181 1581 1730 1653">
     <span class='ocr_line' id='line_1_17' title="bbox 181 1581 1730 1653; baseline -0.007 -9"><span class='ocrx_word' id='word_1_106' title='bbox 181 1598 506 1653; x_wconf 83' lang='lat' dir='ltr'><strong>nasceretur;</strong></span> <span class='ocrx_word' id='word_1_107' title='bbox 539 1589 612 1642; x_wconf 83' lang='lat' dir='ltr'><strong>ita</strong></span> <span class='ocrx_word' id='word_1_108' title='bbox 643 1589 804 1642; x_wconf 85' lang='lat' dir='ltr'><strong>etiam</strong></span> <span class='ocrx_word' id='word_1_109' title='bbox 833 1584 1196 1640; x_wconf 87' lang='lat' dir='ltr'><strong>necessarium</strong></span> <span class='ocrx_word' id='word_1_110' title='bbox 1225 1581 1400 1636; x_wconf 80' lang='lat' dir='ltr'><strong>fuerat</strong></span> <span class='ocrx_word' id='word_1_111' title='bbox 1453 1591 1510 1634; x_wconf 87' lang='grc' dir='ltr'>ιιι</span> <span class='ocrx_word' id='word_1_112' title='bbox 1541 1581 1730 1650; x_wconf 87' lang='lat' dir='ltr'><strong>Virgo,</strong></span> 
     </span>
    </p>
   </div>
   <div class='ocr_carea' id='block_1_18' title="bbox 179 1670 1732 1748">
    <p class='ocr_par' dir='ltr' id='par_1_18' title="bbox 179 1670 1732 1748">
     <span class='ocr_line' id='line_1_18' title="bbox 179 1670 1732 1748; baseline -0.006 -15"><span class='ocrx_word' id='word_1_113' title='bbox 179 1694 234 1733; x_wconf 72' lang='lat' dir='ltr'><strong>es</strong></span> <span class='ocrx_word' id='word_1_114' title='bbox 273 1695 372 1748; x_wconf 89' lang='lat' dir='ltr'><strong>qua</strong></span> <span class='ocrx_word' id='word_1_115' title='bbox 398 1676 638 1732; x_wconf 85' lang='lat' dir='ltr'><strong>Verbum</strong></span> <span class='ocrx_word' id='word_1_116' title='bbox 669 1691 796 1730; x_wconf 85' lang='lat' dir='ltr'><strong>caro</strong></span> <span class='ocrx_word' id='word_1_117' title='bbox 842 1675 1032 1738; x_wconf 83' lang='lat' dir='ltr'><strong>ﬁeret,</strong></span> <span class='ocrx_word' id='word_1_118' title='bbox 1064 1681 1398 1728; x_wconf 89' lang='lat' dir='ltr'><strong>nasceretur.</strong></span> <span class='ocrx_word' id='word_1_119' title='bbox 1437 1670 1732 1740; x_wconf 76' lang='lat' dir='ltr'><strong>Oportebat</strong></span> 
     </span>
    </p>
   </div>
   <div class='ocr_carea' id='block_1_19' title="bbox 1827 497 3398 566">
    <p class='ocr_par' dir='ltr' id='par_1_19' title="bbox 1827 497 3398 566">
     <span class='ocr_line' id='line_1_19' title="bbox 1827 497 3398 566; baseline 0.001 -16"><span class='ocrx_word' id='word_1_120' title='bbox 1827 499 1960 550; x_wconf 88' lang='lat' dir='ltr'><strong>tavit</strong></span> <span class='ocrx_word' id='word_1_121' title='bbox 1987 499 2038 550; x_wconf 91' lang='lat' dir='ltr'><strong>in</strong></span> <span class='ocrx_word' id='word_1_122' title='bbox 2069 498 2224 550; x_wconf 84' lang='lat' dir='ltr'><strong>nobis</strong></span> <span class='ocrx_word' id='word_1_123' title='bbox 2255 497 2436 565; x_wconf 82' lang='lat' dir='ltr'><strong>(Joan.</strong></span> <span class='ocrx_word' id='word_1_124' title='bbox 2465 499 2526 566; x_wconf 84' lang='lat' dir='ltr'><strong>l).</strong></span> <span class='ocrx_word' id='word_1_125' title='bbox 2557 497 2629 552; x_wconf 89' lang='lat' dir='ltr'><strong>De</strong></span> <span class='ocrx_word' id='word_1_126' title='bbox 2671 497 2760 552; x_wconf 88' lang='lat' dir='ltr'><strong>illo</strong></span> <span class='ocrx_word' id='word_1_127' title='bbox 2799 499 3015 566; x_wconf 87' lang='lat' dir='ltr'><strong>quippe,</strong></span> <span class='ocrx_word' id='word_1_128' title='bbox 3055 498 3278 566; x_wconf 86' lang='lat' dir='ltr'><strong>antiquo</strong></span> <span class='ocrx_word' id='word_1_129' title='bbox 3321 501 3398 552; x_wconf 84' lang='lat' dir='ltr'><strong>vi-</strong></span> 
     </span>
    </p>
   </div>
   <div class='ocr_carea' id='block_1_20' title="bbox 1825 587 3396 655">
    <p class='ocr_par' dir='ltr' id='par_1_20' title="bbox 1825 587 3396 655">
     <span class='ocr_line' id='line_1_20' title="bbox 1825 587 3396 655; baseline 0.001 -15"><span class='ocrx_word' id='word_1_130' title='bbox 1825 587 2020 642; x_wconf 86' lang='lat' dir='ltr'><strong>delicet</strong></span> <span class='ocrx_word' id='word_1_131' title='bbox 2073 587 2291 654; x_wconf 88' lang='lat' dir='ltr'><strong>templo,</strong></span> <span class='ocrx_word' id='word_1_132' title='bbox 2341 587 2600 655; x_wconf 80' lang='lat' dir='ltr'><strong>scriptum</strong></span> <span class='ocrx_word' id='word_1_133' title='bbox 2629 595 2712 642; x_wconf 87' lang='lat' dir='ltr'><strong>est</strong></span> <span class='ocrx_word' id='word_1_134' title='bbox 2746 603 2758 640; x_wconf 89' lang='lat'><strong>:</strong></span> <span class='ocrx_word' id='word_1_135' title='bbox 2795 605 2812 638; x_wconf 73' lang='grc' dir='ltr'>ς</span> <span class='ocrx_word' id='word_1_136' title='bbox 2847 587 3068 640; x_wconf 86' lang='lat' dir='ltr'><strong>Factqu</strong></span> <span class='ocrx_word' id='word_1_137' title='bbox 3113 597 3229 653; x_wconf 87' lang='lat' dir='ltr'><strong>est,</strong></span> <span class='ocrx_word' id='word_1_138' title='bbox 3275 604 3396 641; x_wconf 85' lang='lat' dir='ltr'><strong>cum</strong></span> 
     </span>
    </p>
   </div>
   <div class='ocr_carea' id='block_1_21' title="bbox 1825 675 3396 744">
    <p class='ocr_par' dir='ltr' id='par_1_21' title="bbox 1825 675 3396 744">
     <span class='ocr_line' id='line_1_21' title="bbox 1825 675 3396 744; baseline 0 -14"><span class='ocrx_word' id='word_1_139' title='bbox 1825 677 2066 730; x_wconf 76' lang='lat' dir='ltr'><strong>exissent</strong></span> <span class='ocrx_word' id='word_1_140' title='bbox 2105 676 2414 730; x_wconf 84' lang='lat' dir='ltr'><strong>sacerdotes</strong></span> <span class='ocrx_word' id='word_1_141' title='bbox 2461 677 2528 728; x_wconf 90' lang='lat' dir='ltr'><strong>de</strong></span> <span class='ocrx_word' id='word_1_142' title='bbox 2553 676 2884 737; x_wconf 84' lang='lat' dir='ltr'><strong>sanctuario,</strong></span> <span class='ocrx_word' id='word_1_143' title='bbox 2917 675 3158 744; x_wconf 84' lang='lat' dir='ltr'><strong>implevit</strong></span> <span class='ocrx_word' id='word_1_144' title='bbox 3203 677 3396 730; x_wconf 76' lang='lat' dir='ltr'><strong>nebula</strong></span> 
     </span>
    </p>
   </div>
   <div class='ocr_carea' id='block_1_22' title="bbox 1827 765 3398 834">
    <p class='ocr_par' dir='ltr' id='par_1_22' title="bbox 1827 765 3398 834">
     <span class='ocr_line' id='line_1_22' title="bbox 1827 765 3398 834; baseline 0 -16"><span class='ocrx_word' id='word_1_145' title='bbox 1827 765 2042 818; x_wconf 89' lang='lat' dir='ltr'><strong>domum</strong></span> <span class='ocrx_word' id='word_1_146' title='bbox 2087 765 2326 828; x_wconf 87' lang='lat' dir='ltr'><strong>Domini,</strong></span> <span class='ocrx_word' id='word_1_147' title='bbox 2371 775 2428 819; x_wconf 90' lang='lat' dir='ltr'><strong>et</strong></span> <span class='ocrx_word' id='word_1_148' title='bbox 2463 781 2568 818; x_wconf 89' lang='lat' dir='ltr'><strong>non</strong></span> <span class='ocrx_word' id='word_1_149' title='bbox 2609 773 2855 834; x_wconf 85' lang='lat' dir='ltr'><strong>poterant</strong></span> <span class='ocrx_word' id='word_1_150' title='bbox 2900 767 3208 820; x_wconf 78' lang='lat' dir='ltr'><strong>sacerdotes</strong></span> <span class='ocrx_word' id='word_1_151' title='bbox 3253 777 3398 820; x_wconf 87' lang='lat' dir='ltr'><strong>stare</strong></span> 
     </span>
    </p>
   </div>
   <div class='ocr_carea' id='block_1_23' title="bbox 1827 855 3398 927">
    <p class='ocr_par' dir='ltr' id='par_1_23' title="bbox 1827 855 3398 927">
     <span class='ocr_line' id='line_1_23' title="bbox 1827 855 3398 927; baseline 0.003 -19"><span class='ocrx_word' id='word_1_152' title='bbox 1827 871 1996 924; x_wconf 90' lang='lat' dir='ltr'><strong>prope</strong></span> <span class='ocrx_word' id='word_1_153' title='bbox 2025 865 2245 925; x_wconf 86' lang='lat' dir='ltr'><strong>propter</strong></span> <span class='ocrx_word' id='word_1_154' title='bbox 2269 855 2540 910; x_wconf 85' lang='lat' dir='ltr'><strong>nebulam.</strong></span> <span class='ocrx_word' id='word_1_155' title='bbox 2569 857 2888 924; x_wconf 77' lang='lat' dir='ltr'><strong>[inpleverat</strong></span> <span class='ocrx_word' id='word_1_156' title='bbox 2919 857 3062 910; x_wconf 82' lang='lat' dir='ltr'><strong>enim</strong></span> <span class='ocrx_word' id='word_1_157' title='bbox 3093 857 3262 927; x_wconf 80' lang='lat' dir='ltr'><strong>gloria</strong></span> <span class='ocrx_word' id='word_1_158' title='bbox 3291 859 3398 912; x_wconf 82' lang='lat' dir='ltr'><strong>Do-</strong></span> 
     </span>
    </p>
   </div>
   <div class='ocr_carea' id='block_1_24' title="bbox 1827 947 2870 1016">
    <p class='ocr_par' dir='ltr' id='par_1_24' title="bbox 1827 947 2870 1016">
     <span class='ocr_line' id='line_1_24' title="bbox 1827 947 2870 1016; baseline 0.002 -18"><span class='ocrx_word' id='word_1_159' title='bbox 1827 947 1958 999; x_wconf 85' lang='lat' dir='ltr'><strong>mini</strong></span> <span class='ocrx_word' id='word_1_160' title='bbox 1990 947 2208 998; x_wconf 87' lang='lat' dir='ltr'><strong>domum</strong></span> <span class='ocrx_word' id='word_1_161' title='bbox 2237 947 2448 1000; x_wconf 89' lang='lat' dir='ltr'><strong>Domini</strong></span> <span class='ocrx_word' id='word_1_162' title='bbox 2493 947 2610 1014; x_wconf 90' lang='grc' dir='ltr'><em>(ΙΙΙ</em></span> <span class='ocrx_word' id='word_1_163' title='bbox 2639 947 2762 1015; x_wconf 73' lang='lat' dir='ltr'><strong>Reg.</strong></span> <span class='ocrx_word' id='word_1_164' title='bbox 2793 947 2870 1016; x_wconf 73' lang='grc' dir='ltr'><strong>ι).</strong></span> 
     </span>
    </p>
   </div>
   <div class='ocr_carea' id='block_1_25' title="bbox 1900 1032 3400 1107">
    <p class='ocr_par' dir='ltr' id='par_1_25' title="bbox 1900 1032 3400 1107">
     <span class='ocr_line' id='line_1_25' title="bbox 1900 1032 3400 1107; baseline 0.001 -21"><span class='ocrx_word' id='word_1_165' title='bbox 1900 1032 2028 1098; x_wconf 61' lang='lat' dir='ltr'><strong>Quae</strong></span> <span class='ocrx_word' id='word_1_166' title='bbox 2041 1035 2240 1096; x_wconf 85' lang='lat' dir='ltr'><strong>omnia,</strong></span> <span class='ocrx_word' id='word_1_167' title='bbox 2257 1035 2650 1106; x_wconf 84' lang='lat' dir='ltr'><strong>sicutegregius</strong></span> <span class='ocrx_word' id='word_1_168' title='bbox 2669 1036 2989 1103; x_wconf 72' lang='lat' dir='ltr'><strong>praedicator</strong></span> <span class='ocrx_word' id='word_1_169' title='bbox 3003 1035 3152 1100; x_wconf 84' lang='lat' dir='ltr'><strong>dicit,</strong></span> <span class='ocrx_word' id='word_1_170' title='bbox 3168 1038 3220 1090; x_wconf 89' lang='lat' dir='ltr'><strong>iu</strong></span> <span class='ocrx_word' id='word_1_171' title='bbox 3233 1035 3400 1107; x_wconf 72' lang='lat' dir='ltr'><strong>figura</strong></span> 
     </span>
    </p>
   </div>
   <div class='ocr_carea' id='block_1_26' title="bbox 1829 1123 3400 1198">
    <p class='ocr_par' dir='ltr' id='par_1_26' title="bbox 1829 1123 3400 1198">
     <span class='ocr_line' id='line_1_26' title="bbox 1829 1123 3400 1198; baseline 0.002 -22"><span class='ocrx_word' id='word_1_172' title='bbox 1829 1124 2212 1193; x_wconf 79' lang='lat' dir='ltr'><strong>contingebant</strong></span> <span class='ocrx_word' id='word_1_173' title='bbox 2257 1124 2362 1178; x_wconf 90' lang='lat' dir='ltr'><strong>illis</strong></span> <span class='ocrx_word' id='word_1_174' title='bbox 2401 1123 2451 1194; x_wconf 67' lang='grc' dir='ltr'><em>(Ι</em></span> <span class='ocrx_word' id='word_1_175' title='bbox 2483 1123 2604 1177; x_wconf 88' lang='lat' dir='ltr'><strong>Cor.</strong></span> <span class='ocrx_word' id='word_1_176' title='bbox 2639 1126 2716 1198; x_wconf 73' lang='lat' dir='ltr'><strong>it).</strong></span> <span class='ocrx_word' id='word_1_177' title='bbox 2757 1125 2936 1180; x_wconf 61' lang='lat' dir='ltr'><strong>(:loria</strong></span> <span class='ocrx_word' id='word_1_178' title='bbox 2965 1127 3160 1195; x_wconf 79' lang='lat' dir='ltr'><strong>quippe</strong></span> <span class='ocrx_word' id='word_1_179' title='bbox 3187 1125 3400 1180; x_wconf 89' lang='lat' dir='ltr'><strong>Domini</strong></span> 
     </span>
    </p>
   </div>
   <div class='ocr_carea' id='block_1_27' title="bbox 1829 1212 3396 1283">
    <p class='ocr_par' dir='ltr' id='par_1_27' title="bbox 1829 1212 3396 1283">
     <span class='ocr_line' id='line_1_27' title="bbox 1829 1212 3396 1283; baseline 0.003 -20"><span class='ocrx_word' id='word_1_180' title='bbox 1829 1212 1992 1282; x_wconf 83' lang='lat'><strong>225</strong></span> <span class='ocrx_word' id='word_1_181' title='bbox 2047 1213 2364 1282; x_wconf 80' lang='lat' dir='ltr'><strong>intelligitur</strong></span> <span class='ocrx_word' id='word_1_182' title='bbox 2407 1213 2678 1279; x_wconf 76' lang='lat' dir='ltr'><strong>Christus,</strong></span> <span class='ocrx_word' id='word_1_183' title='bbox 2729 1213 2883 1282; x_wconf 85' lang='lat' dir='ltr'><strong>cujus</strong></span> <span class='ocrx_word' id='word_1_184' title='bbox 2911 1214 3016 1270; x_wconf 85' lang='lat' dir='ltr'><strong>fide</strong></span> <span class='ocrx_word' id='word_1_185' title='bbox 3045 1216 3280 1283; x_wconf 85' lang='lat' dir='ltr'><strong>repletus</strong></span> <span class='ocrx_word' id='word_1_186' title='bbox 3309 1225 3396 1270; x_wconf 86' lang='lat' dir='ltr'><strong>est</strong></span> 
     </span>
    </p>
   </div>
   <div class='ocr_carea' id='block_1_28' title="bbox 1830 1305 3404 1375">
    <p class='ocr_par' dir='ltr' id='par_1_28' title="bbox 1830 1305 3404 1375">
     <span class='ocr_line' id='line_1_28' title="bbox 1830 1305 3404 1375; baseline 0.001 -17"><span class='ocrx_word' id='word_1_187' title='bbox 1830 1307 2080 1358; x_wconf 80' lang='lat' dir='ltr'><strong>tmtudus.</strong></span> <span class='ocrx_word' id='word_1_188' title='bbox 2133 1307 2208 1358; x_wconf 91' lang='lat' dir='ltr'><strong>De</strong></span> <span class='ocrx_word' id='word_1_189' title='bbox 2255 1321 2362 1374; x_wconf 89' lang='lat' dir='ltr'><strong>qua</strong></span> <span class='ocrx_word' id='word_1_190' title='bbox 2392 1305 2560 1374; x_wconf 80' lang='lat' dir='ltr'><strong>gloria</strong></span> <span class='ocrx_word' id='word_1_191' title='bbox 2591 1321 2712 1360; x_wconf 92' lang='lat' dir='ltr'><strong>cum</strong></span> <span class='ocrx_word' id='word_1_192' title='bbox 2765 1321 2864 1375; x_wconf 88' lang='lat' dir='ltr'><strong>pro</strong></span> <span class='ocrx_word' id='word_1_193' title='bbox 2891 1322 2956 1360; x_wconf 88' lang='lat' dir='ltr'><strong>eo</strong></span> <span class='ocrx_word' id='word_1_194' title='bbox 2987 1309 3212 1360; x_wconf 89' lang='lat' dir='ltr'><strong>adorato</strong></span> <span class='ocrx_word' id='word_1_195' title='bbox 3237 1307 3404 1360; x_wconf 87' lang='lat' dir='ltr'><strong>vitulo</strong></span> 
     </span>
    </p>
   </div>
   <div class='ocr_carea' id='block_1_29' title="bbox 1831 1395 3402 1468">
    <p class='ocr_par' dir='ltr' id='par_1_29' title="bbox 1831 1395 3402 1468">
     <span class='ocr_line' id='line_1_29' title="bbox 1831 1395 3402 1468; baseline 0 -18"><span class='ocrx_word' id='word_1_196' title='bbox 1831 1395 2214 1463; x_wconf 87' lang='lat' dir='ltr'><strong>deprecaretur</strong></span> <span class='ocrx_word' id='word_1_197' title='bbox 2245 1398 2528 1451; x_wconf 90' lang='lat' dir='ltr'><strong>Dominum</strong></span> <span class='ocrx_word' id='word_1_198' title='bbox 2559 1397 2788 1467; x_wconf 77' lang='lat' dir='ltr'><strong>Moyses,</strong></span> <span class='ocrx_word' id='word_1_199' title='bbox 2819 1407 2880 1450; x_wconf 85' lang='lat' dir='ltr'><strong>ut</strong></span> <span class='ocrx_word' id='word_1_200' title='bbox 2927 1408 3172 1467; x_wconf 75' lang='lat' dir='ltr'><strong>parceret</strong></span> <span class='ocrx_word' id='word_1_201' title='bbox 3205 1399 3402 1468; x_wconf 86' lang='lat' dir='ltr'><strong>pnpulo</strong></span> 
     </span>
    </p>
   </div>
   <div class='ocr_carea' id='block_1_30' title="bbox 1831 1485 3402 1556">
    <p class='ocr_par' dir='ltr' id='par_1_30' title="bbox 1831 1485 3402 1556">
     <span class='ocr_line' id='line_1_30' title="bbox 1831 1485 3402 1556; baseline 0.001 -18"><span class='ocrx_word' id='word_1_202' title='bbox 1831 1486 2124 1554; x_wconf 81' lang='lat' dir='ltr'><strong>peccaturi,</strong></span> <span class='ocrx_word' id='word_1_203' title='bbox 2170 1487 2449 1554; x_wconf 71' lang='lat' dir='ltr'><strong>rCSpondit</strong></span> <span class='ocrx_word' id='word_1_204' title='bbox 2495 1488 2796 1542; x_wconf 88' lang='lat' dir='ltr'><strong>Dominus:</strong></span> <span class='ocrx_word' id='word_1_205' title='bbox 2839 1505 2856 1536; x_wconf 74' lang='grc' dir='ltr'>ι</span> <span class='ocrx_word' id='word_1_206' title='bbox 2892 1485 3166 1556; x_wconf 81' lang='lat' dir='ltr'><strong>Pmpitius</strong></span> <span class='ocrx_word' id='word_1_207' title='bbox 3193 1503 3286 1541; x_wconf 91' lang='lat' dir='ltr'><strong>cro</strong></span> <span class='ocrx_word' id='word_1_208' title='bbox 3329 1488 3402 1541; x_wconf 90' lang='lat' dir='ltr'><strong>illi</strong></span> 
     </span>
    </p>
   </div>
   <div class='ocr_carea' id='block_1_31' title="bbox 1835 1573 3404 1646">
    <p class='ocr_par' dir='ltr' id='par_1_31' title="bbox 1835 1573 3404 1646">
     <span class='ocr_line' id='line_1_31' title="bbox 1835 1573 3404 1646; baseline 0.003 -20"><span class='ocrx_word' id='word_1_209' title='bbox 1835 1573 2024 1644; x_wconf 77' lang='lat' dir='ltr'><strong>(Nunt.</strong></span> <span class='ocrx_word' id='word_1_210' title='bbox 2048 1575 2182 1645; x_wconf 72' lang='lat' dir='ltr'><strong>11v).</strong></span> <span class='ocrx_word' id='word_1_211' title='bbox 2221 1594 2238 1626; x_wconf 74' lang='grc' dir='ltr'><strong><em>ι</em></strong></span> <span class='ocrx_word' id='word_1_212' title='bbox 2281 1576 2662 1630; x_wconf 80' lang='lat' dir='ltr'><strong>Verumtamen</strong></span> <span class='ocrx_word' id='word_1_213' title='bbox 2689 1577 2814 1630; x_wconf 85' lang='lat' dir='ltr'><strong>vivo</strong></span> <span class='ocrx_word' id='word_1_214' title='bbox 2837 1591 2958 1646; x_wconf 84' lang='lat' dir='ltr'><strong>ego,</strong></span> <span class='ocrx_word' id='word_1_215' title='bbox 2983 1587 3040 1632; x_wconf 89' lang='lat' dir='ltr'><strong>et</strong></span> <span class='ocrx_word' id='word_1_216' title='bbox 3059 1577 3190 1630; x_wconf 81' lang='lat' dir='ltr'><strong>vivit</strong></span> <span class='ocrx_word' id='word_1_217' title='bbox 3211 1593 3404 1631; x_wconf 79' lang='lat' dir='ltr'><strong>nomen</strong></span> 
     </span>
    </p>
   </div>
   <div class='ocr_carea' id='block_1_32' title="bbox 1835 1655 3402 1738">
    <p class='ocr_par' dir='ltr' id='par_1_32' title="bbox 1835 1655 3402 1738">
     <span class='ocr_line' id='line_1_32' title="bbox 1835 1655 3402 1738; baseline 0 -20"><span class='ocrx_word' id='word_1_218' title='bbox 1835 1679 2014 1718; x_wconf 83' lang='lat' dir='ltr'><strong>meum</strong></span> <span class='ocrx_word' id='word_1_219' title='bbox 2025 1705 2040 1729; x_wconf 91' lang='lat'><strong>,</strong></span> <span class='ocrx_word' id='word_1_220' title='bbox 2053 1667 2177 1734; x_wconf 88' lang='lat' dir='ltr'><strong>quia</strong></span> <span class='ocrx_word' id='word_1_221' title='bbox 2198 1684 2216 1715; x_wconf 77' lang='grc' dir='ltr'>ι</span> <span class='ocrx_word' id='word_1_222' title='bbox 2229 1665 2438 1734; x_wconf 87' lang='lat' dir='ltr'><strong>implehi</strong></span> <span class='ocrx_word' id='word_1_223' title='bbox 2449 1677 2500 1718; x_wconf 91' lang='lat' dir='ltr'><strong>tu</strong></span> <span class='ocrx_word' id='word_1_224' title='bbox 2511 1682 2532 1718; x_wconf 92' lang='lat' dir='ltr'><strong>r</strong></span> <span class='ocrx_word' id='word_1_225' title='bbox 2543 1655 2706 1736; x_wconf 68' lang='lat' dir='ltr'><strong>gloria</strong></span> <span class='ocrx_word' id='word_1_226' title='bbox 2723 1683 2840 1720; x_wconf 91' lang='lat' dir='ltr'><strong>mea</strong></span> <span class='ocrx_word' id='word_1_227' title='bbox 2853 1668 3029 1720; x_wconf 82' lang='lat' dir='ltr'><strong>omnis</strong></span> <span class='ocrx_word' id='word_1_228' title='bbox 3049 1679 3191 1722; x_wconf 91' lang='lat' dir='ltr'><strong>terra</strong></span> <span class='ocrx_word' id='word_1_229' title='bbox 3209 1667 3358 1738; x_wconf 81' lang='lat' dir='ltr'><strong>(1b.).</strong></span> <span class='ocrx_word' id='word_1_230' title='bbox 3383 1687 3402 1718; x_wconf 74' lang='grc' dir='ltr'>ι</span> 
     </span>
    </p>
   </div>
   <div class='ocr_carea' id='block_1_33' title="bbox 179 1742 3409 1839">
    <p class='ocr_par' dir='ltr' id='par_1_33' title="bbox 179 1742 3409 1839">
     <span class='ocr_line' id='line_1_33' title="bbox 179 1742 3409 1839; baseline -0.003 -16"><span class='ocrx_word' id='word_1_231' title='bbox 179 1742 354 1839; x_wconf 79' lang='lat' dir='ltr'><strong>quippe</strong></span> <span class='ocrx_word' id='word_1_232' title='bbox 383 1769 540 1838; x_wconf 88' lang='lat' dir='ltr'><strong>prius</strong></span> <span class='ocrx_word' id='word_1_233' title='bbox 562 1767 816 1822; x_wconf 76' lang='lat' dir='ltr'><strong>aedificari</strong></span> <span class='ocrx_word' id='word_1_234' title='bbox 845 1767 1063 1820; x_wconf 88' lang='lat' dir='ltr'><strong>domum</strong></span> <span class='ocrx_word' id='word_1_235' title='bbox 1083 1803 1098 1828; x_wconf 87' lang='lat'><strong>,</strong></span> <span class='ocrx_word' id='word_1_236' title='bbox 1127 1765 1179 1817; x_wconf 92' lang='lat' dir='ltr'><strong>iu</strong></span> <span class='ocrx_word' id='word_1_237' title='bbox 1209 1779 1370 1834; x_wconf 87' lang='lat' dir='ltr'><strong>quam</strong></span> <span class='ocrx_word' id='word_1_238' title='bbox 1403 1763 1734 1818; x_wconf 88' lang='lat' dir='ltr'><strong>descendens</strong></span> <span class='ocrx_word' id='word_1_239' title='bbox 1762 1742 1808 1800; x_wconf 74' lang='grc' dir='ltr'>Β</span> <span class='ocrx_word' id='word_1_240' title='bbox 1839 1757 1903 1808; x_wconf 88' lang='lat' dir='ltr'><strong>Et</strong></span> <span class='ocrx_word' id='word_1_241' title='bbox 1929 1755 2210 1810; x_wconf 87' lang='lat' dir='ltr'><strong>Psalmista</strong></span> <span class='ocrx_word' id='word_1_242' title='bbox 2236 1773 2251 1810; x_wconf 90' lang='lat'><strong>:</strong></span> <span class='ocrx_word' id='word_1_243' title='bbox 2287 1775 2306 1806; x_wconf 75' lang='grc' dir='ltr'>ι</span> <span class='ocrx_word' id='word_1_244' title='bbox 2334 1756 2663 1824; x_wconf 88' lang='lat' dir='ltr'><strong>lmplebitur,</strong></span> <span class='ocrx_word' id='word_1_245' title='bbox 2685 1757 2876 1825; x_wconf 85' lang='lat' dir='ltr'><strong>inquit,</strong></span> <span class='ocrx_word' id='word_1_246' title='bbox 2897 1759 3067 1827; x_wconf 82' lang='lat' dir='ltr'><strong>gloria</strong></span> <span class='ocrx_word' id='word_1_247' title='bbox 3091 1759 3210 1828; x_wconf 84' lang='lat' dir='ltr'><strong>ejus</strong></span> <span class='ocrx_word' id='word_1_248' title='bbox 3233 1759 3409 1813; x_wconf 83' lang='lat' dir='ltr'><strong>munis</strong></span> 
     </span>
    </p>
   </div>
   <div class='ocr_carea' id='block_1_34' title="bbox 179 1851 1734 1924">
    <p class='ocr_par' dir='ltr' id='par_1_34' title="bbox 179 1851 1734 1924">
     <span class='ocr_line' id='line_1_34' title="bbox 179 1851 1734 1924; baseline -0.006 -11"><span class='ocrx_word' id='word_1_249' title='bbox 179 1861 398 1914; x_wconf 66' lang='lat' dir='ltr'><strong>celestis</strong></span> <span class='ocrx_word' id='word_1_250' title='bbox 451 1858 574 1912; x_wconf 78' lang='lat' dir='ltr'><strong>ltcx</strong></span> <span class='ocrx_word' id='word_1_251' title='bbox 615 1859 814 1912; x_wconf 87' lang='lat' dir='ltr'><strong>habere</strong></span> <span class='ocrx_word' id='word_1_252' title='bbox 859 1855 1172 1924; x_wconf 81' lang='lat' dir='ltr'><strong>dignaretur</strong></span> <span class='ocrx_word' id='word_1_253' title='bbox 1223 1852 1540 1920; x_wconf 87' lang='lat' dir='ltr'><strong>hospitium.</strong></span> <span class='ocrx_word' id='word_1_254' title='bbox 1585 1851 1734 1906; x_wconf 84' lang='lat' dir='ltr'><strong>Illam</strong></span> 
     </span>
    </p>
   </div>
   <div class='ocr_carea' id='block_1_35' title="bbox 183 1941 1740 2016">
    <p class='ocr_par' dir='ltr' id='par_1_35' title="bbox 183 1941 1740 2016">
     <span class='ocr_line' id='line_1_35' title="bbox 183 1941 1740 2016; baseline -0.003 -16"><span class='ocrx_word' id='word_1_255' title='bbox 183 1950 430 2012; x_wconf 78' lang='lat' dir='ltr'><strong>videlicet,</strong></span> <span class='ocrx_word' id='word_1_256' title='bbox 481 1949 552 2002; x_wconf 88' lang='lat' dir='ltr'><strong>de</strong></span> <span class='ocrx_word' id='word_1_257' title='bbox 587 1963 694 2016; x_wconf 87' lang='lat' dir='ltr'><strong>qua</strong></span> <span class='ocrx_word' id='word_1_258' title='bbox 755 1961 852 2016; x_wconf 89' lang='lat' dir='ltr'><strong>per</strong></span> <span class='ocrx_word' id='word_1_259' title='bbox 891 1945 1242 2000; x_wconf 81' lang='lat' dir='ltr'><strong>Salomonem</strong></span> <span class='ocrx_word' id='word_1_260' title='bbox 1297 1943 1497 1996; x_wconf 89' lang='lat' dir='ltr'><strong>dicitur</strong></span> <span class='ocrx_word' id='word_1_261' title='bbox 1533 1959 1546 1994; x_wconf 92' lang='lat'><strong>:</strong></span> <span class='ocrx_word' id='word_1_262' title='bbox 1581 1961 1599 1994; x_wconf 78' lang='grc' dir='ltr'>ι</span> <span class='ocrx_word' id='word_1_263' title='bbox 1639 1941 1740 1996; x_wconf 89' lang='lat' dir='ltr'><strong>Sa-</strong></span> 
     </span>
    </p>
   </div>
   <div class='ocr_carea' id='block_1_36' title="bbox 185 2036 1740 2111">
    <p class='ocr_par' dir='ltr' id='par_1_36' title="bbox 185 2036 1740 2111">
     <span class='ocr_line' id='line_1_36' title="bbox 185 2036 1740 2111; baseline -0.004 -15"><span class='ocrx_word' id='word_1_264' title='bbox 185 2044 366 2111; x_wconf 88' lang='lat' dir='ltr'><strong>pientia</strong></span> <span class='ocrx_word' id='word_1_265' title='bbox 407 2041 702 2096; x_wconf 62' lang='lat' dir='ltr'><strong>aedificavit</strong></span> <span class='ocrx_word' id='word_1_266' title='bbox 752 2041 852 2094; x_wconf 87' lang='lat' dir='ltr'><strong>sibi</strong></span> <span class='ocrx_word' id='word_1_267' title='bbox 903 2040 1157 2103; x_wconf 86' lang='lat' dir='ltr'><strong>domum,</strong></span> <span class='ocrx_word' id='word_1_268' title='bbox 1203 2037 1404 2092; x_wconf 80' lang='lat' dir='ltr'><strong>excidit</strong></span> <span class='ocrx_word' id='word_1_269' title='bbox 1463 2036 1740 2090; x_wconf 87' lang='lat' dir='ltr'><strong>columnas</strong></span> 
     </span>
    </p>
   </div>
   <div class='ocr_carea' id='block_1_37' title="bbox 184 2127 1742 2202">
    <p class='ocr_par' dir='ltr' id='par_1_37' title="bbox 184 2127 1742 2202">
     <span class='ocr_line' id='line_1_37' title="bbox 184 2127 1742 2202; baseline -0.004 -16"><span class='ocrx_word' id='word_1_270' title='bbox 184 2141 366 2201; x_wconf 81' lang='lat' dir='ltr'><strong>septem</strong></span> <span class='ocrx_word' id='word_1_271' title='bbox 383 2131 574 2202; x_wconf 77' lang='lat' dir='ltr'><strong>.(Prov.</strong></span> <span class='ocrx_word' id='word_1_272' title='bbox 609 2131 706 2198; x_wconf 71' lang='grc' dir='ltr'><strong>ιχ).</strong></span> <span class='ocrx_word' id='word_1_273' title='bbox 739 2149 758 2180; x_wconf 71' lang='grc' dir='ltr'><strong>ι</strong></span> <span class='ocrx_word' id='word_1_274' title='bbox 791 2131 1008 2198; x_wconf 81' lang='lat' dir='ltr'><strong>Septem</strong></span> <span class='ocrx_word' id='word_1_275' title='bbox 1049 2143 1282 2196; x_wconf 85' lang='lat' dir='ltr'><strong>namque</strong></span> <span class='ocrx_word' id='word_1_276' title='bbox 1327 2127 1602 2196; x_wconf 80' lang='lat' dir='ltr'><strong>virginalis</strong></span> <span class='ocrx_word' id='word_1_277' title='bbox 1627 2127 1742 2180; x_wconf 79' lang='lat' dir='ltr'><strong>haec</strong></span> 
     </span>
    </p>
   </div>
   <div class='ocr_carea' id='block_1_38' title="bbox 187 2219 1742 2288">
    <p class='ocr_par' dir='ltr' id='par_1_38' title="bbox 187 2219 1742 2288">
     <span class='ocr_line' id='line_1_38' title="bbox 187 2219 1742 2288; baseline -0.005 -10"><span class='ocrx_word' id='word_1_278' title='bbox 187 2224 358 2278; x_wconf 87' lang='lat' dir='ltr'><strong>domus</strong></span> <span class='ocrx_word' id='word_1_279' title='bbox 401 2222 624 2276; x_wconf 75' lang='lat' dir='ltr'><strong>suffulta</strong></span> <span class='ocrx_word' id='word_1_280' title='bbox 678 2222 942 2276; x_wconf 89' lang='lat' dir='ltr'><strong>columnis</strong></span> <span class='ocrx_word' id='word_1_281' title='bbox 981 2221 1222 2284; x_wconf 75' lang='lat' dir='ltr'><strong>exstitit,</strong></span> <span class='ocrx_word' id='word_1_282' title='bbox 1251 2220 1378 2288; x_wconf 92' lang='lat' dir='ltr'><strong>quia</strong></span> <span class='ocrx_word' id='word_1_283' title='bbox 1417 2219 1742 2272; x_wconf 85' lang='lat' dir='ltr'><strong>venerabilis</strong></span> 
     </span>
    </p>
   </div>
   <div class='ocr_carea' id='block_1_39' title="bbox 191 2309 1738 2380">
    <p class='ocr_par' dir='ltr' id='par_1_39' title="bbox 191 2309 1738 2380">
     <span class='ocr_line' id='line_1_39' title="bbox 191 2309 1738 2380; baseline -0.004 -14"><span class='ocrx_word' id='word_1_284' title='bbox 191 2312 340 2366; x_wconf 76' lang='lat' dir='ltr'><strong>Mater</strong></span> <span class='ocrx_word' id='word_1_285' title='bbox 375 2312 594 2366; x_wconf 86' lang='lat' dir='ltr'><strong>Domini</strong></span> <span class='ocrx_word' id='word_1_286' title='bbox 623 2322 828 2380; x_wconf 90' lang='lat' dir='ltr'><strong>septem</strong></span> <span class='ocrx_word' id='word_1_287' title='bbox 869 2311 1041 2366; x_wconf 86' lang='lat' dir='ltr'><strong>sancti</strong></span> <span class='ocrx_word' id='word_1_288' title='bbox 1082 2310 1315 2380; x_wconf 87' lang='lat' dir='ltr'><strong>Spiritus</strong></span> <span class='ocrx_word' id='word_1_289' title='bbox 1345 2309 1520 2373; x_wconf 86' lang='lat' dir='ltr'><strong>donis,</strong></span> <span class='ocrx_word' id='word_1_290' title='bbox 1546 2309 1598 2362; x_wconf 92' lang='lat' dir='ltr'><strong>id</strong></span> <span class='ocrx_word' id='word_1_291' title='bbox 1636 2317 1738 2370; x_wconf 89' lang='lat' dir='ltr'><strong>est,</strong></span> 
     </span>
    </p>
   </div>
   <div class='ocr_carea' id='block_1_40' title="bbox 191 2397 1738 2474">
    <p class='ocr_par' dir='ltr' id='par_1_40' title="bbox 191 2397 1738 2474">
     <span class='ocr_line' id='line_1_40' title="bbox 191 2397 1738 2474; baseline -0.003 -17"><span class='ocrx_word' id='word_1_292' title='bbox 191 2404 476 2474; x_wconf 68' lang='lat' dir='ltr'><strong>sapientiae,</strong></span> <span class='ocrx_word' id='word_1_293' title='bbox 521 2412 580 2456; x_wconf 88' lang='lat' dir='ltr'><strong>et</strong></span> <span class='ocrx_word' id='word_1_294' title='bbox 619 2403 957 2464; x_wconf 84' lang='lat' dir='ltr'><strong>intellectus;</strong></span> <span class='ocrx_word' id='word_1_295' title='bbox 1009 2401 1250 2466; x_wconf 81' lang='lat' dir='ltr'><strong>consilii,</strong></span> <span class='ocrx_word' id='word_1_296' title='bbox 1281 2409 1336 2454; x_wconf 90' lang='lat' dir='ltr'><strong>et</strong></span> <span class='ocrx_word' id='word_1_297' title='bbox 1376 2397 1738 2463; x_wconf 81' lang='lat' dir='ltr'><strong>fortitudinis;</strong></span> 
     </span>
    </p>
   </div>
   <div class='ocr_carea' id='block_1_41' title="bbox 191 2487 1740 2560">
    <p class='ocr_par' dir='ltr' id='par_1_41' title="bbox 191 2487 1740 2560">
     <span class='ocr_line' id='line_1_41' title="bbox 191 2487 1740 2560; baseline -0.005 -14"><span class='ocrx_word' id='word_1_298' title='bbox 191 2493 436 2555; x_wconf 71' lang='lat' dir='ltr'><strong>scientiae,</strong></span> <span class='ocrx_word' id='word_1_299' title='bbox 468 2500 526 2544; x_wconf 88' lang='lat' dir='ltr'><strong>et</strong></span> <span class='ocrx_word' id='word_1_300' title='bbox 581 2491 810 2560; x_wconf 88' lang='lat' dir='ltr'><strong>pietatis,</strong></span> <span class='ocrx_word' id='word_1_301' title='bbox 857 2498 1018 2559; x_wconf 88' lang='lat' dir='ltr'><strong>atque</strong></span> <span class='ocrx_word' id='word_1_302' title='bbox 1053 2489 1261 2544; x_wconf 85' lang='lat' dir='ltr'><strong>timoris</strong></span> <span class='ocrx_word' id='word_1_303' title='bbox 1307 2487 1402 2542; x_wconf 89' lang='lat' dir='ltr'><strong>Dei</strong></span> <span class='ocrx_word' id='word_1_304' title='bbox 1455 2487 1600 2557; x_wconf 75' lang='lat' dir='ltr'><strong>(Ita.</strong></span> <span class='ocrx_word' id='word_1_305' title='bbox 1652 2487 1740 2556; x_wconf 73' lang='lat' dir='ltr'><strong>xu)</strong></span> 
     </span>
    </p>
   </div>
   <div class='ocr_carea' id='block_1_42' title="bbox 191 2579 1742 2648">
    <p class='ocr_par' dir='ltr' id='par_1_42' title="bbox 191 2579 1742 2648">
     <span class='ocr_line' id='line_1_42' title="bbox 191 2579 1742 2648; baseline -0.003 -14"><span class='ocrx_word' id='word_1_306' title='bbox 191 2581 352 2635; x_wconf 78' lang='lat' dir='ltr'><strong>dotata</strong></span> <span class='ocrx_word' id='word_1_307' title='bbox 402 2579 522 2634; x_wconf 88' lang='lat' dir='ltr'><strong>fuit.</strong></span> <span class='ocrx_word' id='word_1_308' title='bbox 583 2582 752 2646; x_wconf 82' lang='lat' dir='ltr'><strong>Quam</strong></span> <span class='ocrx_word' id='word_1_309' title='bbox 809 2581 996 2648; x_wconf 90' lang='lat' dir='ltr'><strong>utique</strong></span> <span class='ocrx_word' id='word_1_310' title='bbox 1044 2589 1243 2634; x_wconf 72' lang='lat' dir='ltr'><strong>aeterna</strong></span> <span class='ocrx_word' id='word_1_311' title='bbox 1273 2579 1582 2648; x_wconf 89' lang='lat' dir='ltr'><strong>Sapientia,</strong></span> <span class='ocrx_word' id='word_1_312' title='bbox 1625 2592 1742 2645; x_wconf 71' lang='lat' dir='ltr'><strong>qua:</strong></span> 
     </span>
    </p>
   </div>
   <div class='ocr_carea' id='block_1_43' title="bbox 191 2667 1746 2742">
    <p class='ocr_par' dir='ltr' id='par_1_43' title="bbox 191 2667 1746 2742">
     <span class='ocr_line' id='line_1_43' title="bbox 191 2667 1746 2742; baseline -0.003 -16"><span class='ocrx_word' id='word_1_313' title='bbox 191 2673 382 2739; x_wconf 77' lang='lat' dir='ltr'><strong>attingit</strong></span> <span class='ocrx_word' id='word_1_314' title='bbox 418 2687 448 2726; x_wconf 85' lang='lat' dir='ltr'><strong>a</strong></span> <span class='ocrx_word' id='word_1_315' title='bbox 485 2671 593 2726; x_wconf 76' lang='lat' dir='ltr'><strong>fine</strong></span> <span class='ocrx_word' id='word_1_316' title='bbox 620 2687 788 2742; x_wconf 88' lang='lat' dir='ltr'><strong>usque</strong></span> <span class='ocrx_word' id='word_1_317' title='bbox 819 2672 884 2724; x_wconf 87' lang='lat' dir='ltr'><strong>ad</strong></span> <span class='ocrx_word' id='word_1_318' title='bbox 935 2671 1094 2726; x_wconf 82' lang='lat' dir='ltr'><strong>finem</strong></span> <span class='ocrx_word' id='word_1_319' title='bbox 1141 2671 1372 2733; x_wconf 80' lang='lat' dir='ltr'><strong>fortiter,</strong></span> <span class='ocrx_word' id='word_1_320' title='bbox 1424 2677 1479 2722; x_wconf 93' lang='lat' dir='ltr'><strong>et</strong></span> <span class='ocrx_word' id='word_1_321' title='bbox 1509 2667 1746 2736; x_wconf 81' lang='lat' dir='ltr'><strong>disponit</strong></span> 
     </span>
    </p>
   </div>
   <div class='ocr_carea' id='block_1_44' title="bbox 189 2761 1746 2834">
    <p class='ocr_par' dir='ltr' id='par_1_44' title="bbox 189 2761 1746 2834">
     <span class='ocr_line' id='line_1_44' title="bbox 189 2761 1746 2834; baseline -0.002 -18"><span class='ocrx_word' id='word_1_322' title='bbox 189 2764 348 2816; x_wconf 87' lang='lat' dir='ltr'><strong>omnia</strong></span> <span class='ocrx_word' id='word_1_323' title='bbox 379 2764 622 2818; x_wconf 87' lang='lat' dir='ltr'><strong>suaviter</strong></span> <span class='ocrx_word' id='word_1_324' title='bbox 674 2762 822 2834; x_wconf 84' lang='lat' dir='ltr'><strong>(Sap.</strong></span> <span class='ocrx_word' id='word_1_325' title='bbox 858 2761 1009 2832; x_wconf 77' lang='lat' dir='ltr'><strong>vui),</strong></span> <span class='ocrx_word' id='word_1_326' title='bbox 1043 2762 1204 2816; x_wconf 91' lang='lat' dir='ltr'><strong>talem</strong></span> <span class='ocrx_word' id='word_1_327' title='bbox 1261 2761 1565 2816; x_wconf 75' lang='lat' dir='ltr'><strong>construxit</strong></span> <span class='ocrx_word' id='word_1_328' title='bbox 1627 2775 1746 2830; x_wconf 75' lang='lat' dir='ltr'><strong>qzue</strong></span> 
     </span>
    </p>
   </div>
   <div class='ocr_carea' id='block_1_45' title="bbox 192 2851 1746 2921">
    <p class='ocr_par' dir='ltr' id='par_1_45' title="bbox 192 2851 1746 2921">
     <span class='ocr_line' id='line_1_45' title="bbox 192 2851 1746 2921; baseline -0.001 -19"><span class='ocrx_word' id='word_1_329' title='bbox 192 2851 330 2920; x_wconf 80' lang='lat' dir='ltr'><strong>digna</strong></span> <span class='ocrx_word' id='word_1_330' title='bbox 365 2853 520 2906; x_wconf 83' lang='lat' dir='ltr'><strong>fieret</strong></span> <span class='ocrx_word' id='word_1_331' title='bbox 553 2851 702 2905; x_wconf 88' lang='lat' dir='ltr'><strong>illum</strong></span> <span class='ocrx_word' id='word_1_332' title='bbox 731 2851 1032 2921; x_wconf 87' lang='lat' dir='ltr'><strong>suscipere,</strong></span> <span class='ocrx_word' id='word_1_333' title='bbox 1063 2861 1118 2906; x_wconf 91' lang='lat' dir='ltr'><strong>ct</strong></span> <span class='ocrx_word' id='word_1_334' title='bbox 1155 2853 1222 2906; x_wconf 91' lang='lat' dir='ltr'><strong>de</strong></span> <span class='ocrx_word' id='word_1_335' title='bbox 1261 2852 1592 2906; x_wconf 78' lang='lat' dir='ltr'><strong>intemerata:</strong></span> <span class='ocrx_word' id='word_1_336' title='bbox 1622 2867 1746 2903; x_wconf 81' lang='lat' dir='ltr'><strong>car-</strong></span> 
     </span>
    </p>
   </div>
   <div class='ocr_carea' id='block_1_46' title="bbox 193 2945 1750 3014">
    <p class='ocr_par' dir='ltr' id='par_1_46' title="bbox 193 2945 1750 3014">
     <span class='ocr_line' id='line_1_46' title="bbox 193 2945 1750 3014; baseline 0.002 -19"><span class='ocrx_word' id='word_1_337' title='bbox 193 2945 266 2998; x_wconf 90' lang='lat' dir='ltr'><strong>nis</strong></span> <span class='ocrx_word' id='word_1_338' title='bbox 301 2961 406 2999; x_wconf 71' lang='lat' dir='ltr'><strong>sua:</strong></span> <span class='ocrx_word' id='word_1_339' title='bbox 451 2946 754 3000; x_wconf 85' lang='lat' dir='ltr'><strong>visceribus</strong></span> <span class='ocrx_word' id='word_1_340' title='bbox 800 2959 1104 3014; x_wconf 80' lang='lat' dir='ltr'><strong>procreare.</strong></span> <span class='ocrx_word' id='word_1_341' title='bbox 1157 2945 1388 3000; x_wconf 71' lang='lat' dir='ltr'><strong>Necesse</strong></span> <span class='ocrx_word' id='word_1_342' title='bbox 1434 2953 1552 2998; x_wconf 89' lang='lat' dir='ltr'><strong>erat</strong></span> <span class='ocrx_word' id='word_1_343' title='bbox 1599 2946 1750 3012; x_wconf 68' lang='lat' dir='ltr'><strong>prius</strong></span> 
     </span>
    </p>
   </div>
   <div class='ocr_carea' id='block_1_47' title="bbox 191 3035 1750 3104">
    <p class='ocr_par' dir='ltr' id='par_1_47' title="bbox 191 3035 1750 3104">
     <span class='ocr_line' id='line_1_47' title="bbox 191 3035 1750 3104; baseline 0.001 -18"><span class='ocrx_word' id='word_1_344' title='bbox 191 3035 306 3104; x_wconf 82' lang='lat' dir='ltr'><strong>erigi</strong></span> <span class='ocrx_word' id='word_1_345' title='bbox 340 3037 634 3090; x_wconf 85' lang='lat' dir='ltr'><strong>thalamum</strong></span> <span class='ocrx_word' id='word_1_346' title='bbox 659 3073 673 3096; x_wconf 95' lang='lat'><strong>,</strong></span> <span class='ocrx_word' id='word_1_347' title='bbox 705 3035 796 3104; x_wconf 85' lang='lat' dir='ltr'><strong>qui</strong></span> <span class='ocrx_word' id='word_1_348' title='bbox 842 3035 1146 3088; x_wconf 87' lang='lat' dir='ltr'><strong>venientem</strong></span> <span class='ocrx_word' id='word_1_349' title='bbox 1187 3035 1252 3088; x_wconf 88' lang='lat' dir='ltr'><strong>ad</strong></span> <span class='ocrx_word' id='word_1_350' title='bbox 1294 3035 1508 3104; x_wconf 86' lang='lat' dir='ltr'><strong>nuptias</strong></span> <span class='ocrx_word' id='word_1_351' title='bbox 1551 3045 1750 3088; x_wconf 70' lang='lat' dir='ltr'><strong>Sancta:</strong></span> 
     </span>
    </p>
   </div>
   <div class='ocr_carea' id='block_1_48' title="bbox 193 3124 1748 3194">
    <p class='ocr_par' dir='ltr' id='par_1_48' title="bbox 193 3124 1748 3194">
     <span class='ocr_line' id='line_1_48' title="bbox 193 3124 1748 3194; baseline 0 -17"><span class='ocrx_word' id='word_1_352' title='bbox 193 3124 422 3180; x_wconf 74' lang='lat' dir='ltr'><strong>Ecclesia:</strong></span> <span class='ocrx_word' id='word_1_353' title='bbox 449 3125 754 3194; x_wconf 86' lang='lat' dir='ltr'><strong>susciperet</strong></span> <span class='ocrx_word' id='word_1_354' title='bbox 797 3125 1094 3194; x_wconf 89' lang='lat' dir='ltr'><strong>Sponsum,</strong></span> <span class='ocrx_word' id='word_1_355' title='bbox 1125 3125 1211 3178; x_wconf 90' lang='lat' dir='ltr'><strong>cui</strong></span> <span class='ocrx_word' id='word_1_356' title='bbox 1259 3125 1448 3188; x_wconf 89' lang='lat' dir='ltr'><strong>David,</strong></span> <span class='ocrx_word' id='word_1_357' title='bbox 1471 3124 1648 3178; x_wconf 72' lang='lat' dir='ltr'><strong>exsul:</strong></span> <span class='ocrx_word' id='word_1_358' title='bbox 1673 3141 1748 3177; x_wconf 79' lang='lat' dir='ltr'><strong>.ns</strong></span> 
     </span>
    </p>
   </div>
   <div class='ocr_carea' id='block_1_49' title="bbox 195 3213 1746 3284">
    <p class='ocr_par' dir='ltr' id='par_1_49' title="bbox 195 3213 1746 3284">
     <span class='ocr_line' id='line_1_49' title="bbox 195 3213 1746 3284; baseline 0 -18"><span class='ocrx_word' id='word_1_359' title='bbox 195 3213 239 3268; x_wconf 85' lang='lat' dir='ltr'><strong>in</strong></span> <span class='ocrx_word' id='word_1_360' title='bbox 265 3215 466 3282; x_wconf 84' lang='lat' dir='ltr'><strong>spiritu,</strong></span> <span class='ocrx_word' id='word_1_361' title='bbox 503 3213 916 3284; x_wconf 83' lang='lat' dir='ltr'><strong>epithalamium</strong></span> <span class='ocrx_word' id='word_1_362' title='bbox 942 3213 1118 3276; x_wconf 87' lang='lat' dir='ltr'><strong>canit,</strong></span> <span class='ocrx_word' id='word_1_363' title='bbox 1143 3214 1328 3268; x_wconf 90' lang='lat' dir='ltr'><strong>dicens</strong></span> <span class='ocrx_word' id='word_1_364' title='bbox 1363 3231 1374 3266; x_wconf 96' lang='lat'>:</span> <span class='ocrx_word' id='word_1_365' title='bbox 1411 3231 1428 3264; x_wconf 84' lang='grc'>‹</span> <span class='ocrx_word' id='word_1_366' title='bbox 1467 3214 1746 3282; x_wconf 79' lang='lat' dir='ltr'><strong>Tanquam</strong></span> 
     </span>
    </p>
   </div>
   <div class='ocr_carea' id='block_1_50' title="bbox 195 3303 1745 3374">
    <p class='ocr_par' dir='ltr' id='par_1_50' title="bbox 195 3303 1745 3374">
     <span class='ocr_line' id='line_1_50' title="bbox 195 3303 1745 3374; baseline 0 -18"><span class='ocrx_word' id='word_1_367' title='bbox 195 3319 402 3372; x_wconf 88' lang='lat' dir='ltr'><strong>sponsus</strong></span> <span class='ocrx_word' id='word_1_368' title='bbox 447 3304 710 3359; x_wconf 90' lang='lat' dir='ltr'><strong>Dominus</strong></span> <span class='ocrx_word' id='word_1_369' title='bbox 753 3305 1052 3372; x_wconf 83' lang='lat' dir='ltr'><strong>procedens</strong></span> <span class='ocrx_word' id='word_1_370' title='bbox 1079 3304 1144 3359; x_wconf 88' lang='lat' dir='ltr'><strong>de</strong></span> <span class='ocrx_word' id='word_1_371' title='bbox 1172 3304 1408 3358; x_wconf 89' lang='lat' dir='ltr'><strong>tha&#39;amo</strong></span> <span class='ocrx_word' id='word_1_372' title='bbox 1436 3319 1534 3358; x_wconf 92' lang='lat' dir='ltr'><strong>suo</strong></span> <span class='ocrx_word' id='word_1_373' title='bbox 1572 3303 1745 3374; x_wconf 70' lang='lat' dir='ltr'><strong>(Paul.</strong></span> 
     </span>
    </p>
   </div>
   <div class='ocr_carea' id='block_1_51' title="bbox 195 3395 430 3463">
    <p class='ocr_par' dir='ltr' id='par_1_51' title="bbox 195 3395 430 3463">
     <span class='ocr_line' id='line_1_51' title="bbox 195 3395 430 3463; baseline 0.009 -17"><span class='ocrx_word' id='word_1_374' title='bbox 195 3395 375 3463; x_wconf 77' lang='lat' dir='ltr'><strong>xvuu).</strong></span> <span class='ocrx_word' id='word_1_375' title='bbox 409 3414 430 3448; x_wconf 77' lang='grc' dir='ltr'><strong><em>ι</em></strong></span> 
     </span>
    </p>
   </div>
   <div class='ocr_carea' id='block_1_52' title="bbox 255 3483 1750 3555">
    <p class='ocr_par' dir='ltr' id='par_1_52' title="bbox 255 3483 1750 3555">
     <span class='ocr_line' id='line_1_52' title="bbox 255 3483 1750 3555; baseline 0.001 -18"><span class='ocrx_word' id='word_1_376' title='bbox 255 3484 436 3540; x_wconf 80' lang='lat' dir='ltr'><strong>Merito</strong></span> <span class='ocrx_word' id='word_1_377' title='bbox 459 3499 596 3555; x_wconf 76' lang='lat' dir='ltr'><strong>ergo</strong></span> <span class='ocrx_word' id='word_1_378' title='bbox 627 3483 784 3538; x_wconf 87' lang='lat' dir='ltr'><strong>hodie</strong></span> <span class='ocrx_word' id='word_1_379' title='bbox 826 3483 1066 3554; x_wconf 83' lang='lat' dir='ltr'><strong>profusis</strong></span> <span class='ocrx_word' id='word_1_380' title='bbox 1104 3483 1311 3555; x_wconf 86' lang='lat' dir='ltr'><strong>gaudiis</strong></span> <span class='ocrx_word' id='word_1_381' title='bbox 1361 3491 1504 3538; x_wconf 88' lang='lat' dir='ltr'><strong>totus</strong></span> <span class='ocrx_word' id='word_1_382' title='bbox 1547 3483 1750 3552; x_wconf 87' lang='lat' dir='ltr'><strong>ubique</strong></span> 
     </span>
    </p>
   </div>
   <div class='ocr_carea' id='block_1_53' title="bbox 196 3575 1751 3640">
    <p class='ocr_par' dir='ltr' id='par_1_53' title="bbox 196 3575 1751 3640">
     <span class='ocr_line' id='line_1_53' title="bbox 196 3575 1751 3640; baseline 0.002 -13"><span class='ocrx_word' id='word_1_383' title='bbox 196 3583 446 3630; x_wconf 82' lang='lat' dir='ltr'><strong>terrarum</strong></span> <span class='ocrx_word' id='word_1_384' title='bbox 497 3576 650 3632; x_wconf 84' lang='lat' dir='ltr'><strong>orbis</strong></span> <span class='ocrx_word' id='word_1_385' title='bbox 693 3575 956 3640; x_wconf 71' lang='lat' dir='ltr'><strong>exsultat,</strong></span> <span class='ocrx_word' id='word_1_386' title='bbox 1010 3577 1206 3631; x_wconf 90' lang='lat' dir='ltr'><strong>merito</strong></span> <span class='ocrx_word' id='word_1_387' title='bbox 1259 3577 1508 3631; x_wconf 79' lang='lat' dir='ltr'><strong>unitersa</strong></span> <span class='ocrx_word' id='word_1_388' title='bbox 1563 3585 1751 3631; x_wconf 87' lang='lat' dir='ltr'><strong>saneta</strong></span> 
     </span>
    </p>
   </div>
   <div class='ocr_carea' id='block_1_54' title="bbox 198 3663 1754 3736">
    <p class='ocr_par' dir='ltr' id='par_1_54' title="bbox 198 3663 1754 3736">
     <span class='ocr_line' id='line_1_54' title="bbox 198 3663 1754 3736; baseline 0.001 -18"><span class='ocrx_word' id='word_1_389' title='bbox 198 3663 446 3732; x_wconf 83' lang='lat' dir='ltr'><strong>Ecclesia,</strong></span> <span class='ocrx_word' id='word_1_390' title='bbox 477 3675 736 3722; x_wconf 88' lang='lat' dir='ltr'><strong>nascente</strong></span> <span class='ocrx_word' id='word_1_391' title='bbox 763 3665 956 3736; x_wconf 81' lang='lat' dir='ltr'><strong>Sponsi</strong></span> <span class='ocrx_word' id='word_1_392' title='bbox 997 3667 1078 3720; x_wconf 92' lang='lat' dir='ltr'><strong>sui</strong></span> <span class='ocrx_word' id='word_1_393' title='bbox 1117 3666 1391 3722; x_wconf 87' lang='lat' dir='ltr'><strong>Genitrice</strong></span> <span class='ocrx_word' id='word_1_394' title='bbox 1411 3705 1427 3731; x_wconf 91' lang='lat'><strong>,</strong></span> <span class='ocrx_word' id='word_1_395' title='bbox 1459 3675 1516 3720; x_wconf 94' lang='lat' dir='ltr'><strong>ut</strong></span> <span class='ocrx_word' id='word_1_396' title='bbox 1543 3667 1614 3719; x_wconf 90' lang='lat' dir='ltr'><strong>ita</strong></span> <span class='ocrx_word' id='word_1_397' title='bbox 1643 3681 1754 3735; x_wconf 73' lang='lat' dir='ltr'><strong>prae</strong></span> 
     </span>
    </p>
   </div>
   <div class='ocr_carea' id='block_1_55' title="bbox 199 3756 1748 3822">
    <p class='ocr_par' dir='ltr' id='par_1_55' title="bbox 199 3756 1748 3822">
     <span class='ocr_line' id='line_1_55' title="bbox 199 3756 1748 3822; baseline 0.003 -16"><span class='ocrx_word' id='word_1_398' title='bbox 199 3757 370 3822; x_wconf 82' lang='lat' dir='ltr'><strong>gaudio</strong></span> <span class='ocrx_word' id='word_1_399' title='bbox 391 3757 644 3822; x_wconf 79' lang='lat' dir='ltr'><strong>dixerim,</strong></span> <span class='ocrx_word' id='word_1_400' title='bbox 676 3756 974 3812; x_wconf 86' lang='lat' dir='ltr'><strong>fescennini</strong></span> <span class='ocrx_word' id='word_1_401' title='bbox 1006 3759 1262 3812; x_wconf 88' lang='lat' dir='ltr'><strong>carminis</strong></span> <span class='ocrx_word' id='word_1_402' title='bbox 1287 3757 1474 3812; x_wconf 89' lang='lat' dir='ltr'><strong>laudes</strong></span> <span class='ocrx_word' id='word_1_403' title='bbox 1498 3757 1748 3812; x_wconf 82' lang='lat' dir='ltr'><strong>alternat.</strong></span> 
     </span>
    </p>
   </div>
   <div class='ocr_carea' id='block_1_56' title="bbox 199 3844 1754 3917">
    <p class='ocr_par' dir='ltr' id='par_1_56' title="bbox 199 3844 1754 3917">
     <span class='ocr_line' id='line_1_56' title="bbox 199 3844 1754 3917; baseline 0.002 -19"><span class='ocrx_word' id='word_1_404' title='bbox 199 3844 524 3902; x_wconf 74' lang='lat' dir='ltr'><strong>Exsultemus</strong></span> <span class='ocrx_word' id='word_1_405' title='bbox 573 3847 739 3917; x_wconf 82' lang='lat' dir='ltr'><strong>igitur</strong></span> <span class='ocrx_word' id='word_1_406' title='bbox 787 3847 838 3900; x_wconf 91' lang='lat' dir='ltr'><strong>in</strong></span> <span class='ocrx_word' id='word_1_407' title='bbox 889 3848 989 3902; x_wconf 82' lang='lat' dir='ltr'><strong>hac</strong></span> <span class='ocrx_word' id='word_1_408' title='bbox 1035 3849 1148 3912; x_wconf 89' lang='lat' dir='ltr'><strong>die,</strong></span> <span class='ocrx_word' id='word_1_409' title='bbox 1187 3847 1516 3912; x_wconf 85' lang='lat' dir='ltr'><strong>charissimi,</strong></span> <span class='ocrx_word' id='word_1_410' title='bbox 1561 3848 1616 3901; x_wconf 91' lang='lat' dir='ltr'><strong>in</strong></span> <span class='ocrx_word' id='word_1_411' title='bbox 1647 3861 1754 3915; x_wconf 88' lang='lat' dir='ltr'><strong>qua</strong></span> 
     </span>
    </p>
   </div>
   <div class='ocr_carea' id='block_1_57' title="bbox 200 3921 1756 4010">
    <p class='ocr_par' dir='ltr' id='par_1_57' title="bbox 200 3921 1756 4010">
     <span class='ocr_line' id='line_1_57' title="bbox 200 3921 1756 4010; baseline 0.005 -23"><span class='ocrx_word' id='word_1_412' title='bbox 200 3936 310 3990; x_wconf 86' lang='lat' dir='ltr'><strong>dum</strong></span> <span class='ocrx_word' id='word_1_413' title='bbox 339 3921 664 3994; x_wconf 70' lang='lat' dir='ltr'><strong>beatissima:</strong></span> <span class='ocrx_word' id='word_1_414' title='bbox 689 3955 1014 3995; x_wconf 87' lang='lat' dir='ltr'><strong>veneramur</strong></span> <span class='ocrx_word' id='word_1_415' title='bbox 1045 3939 1281 4010; x_wconf 83' lang='lat' dir='ltr'><strong>Virginis</strong></span> <span class='ocrx_word' id='word_1_416' title='bbox 1307 3949 1506 4004; x_wconf 86' lang='lat' dir='ltr'><strong>ortum,</strong></span> <span class='ocrx_word' id='word_1_417' title='bbox 1534 3951 1756 3995; x_wconf 84' lang='lat' dir='ltr'><strong>cuncta-</strong></span> 
     </span>
    </p>
   </div>
   <div class='ocr_carea' id='block_1_58' title="bbox 199 4029 1757 4090">
    <p class='ocr_par' dir='ltr' id='par_1_58' title="bbox 199 4029 1757 4090">
     <span class='ocr_line' id='line_1_58' title="bbox 199 4029 1757 4090; baseline 0.008 -12"><span class='ocrx_word' id='word_1_418' title='bbox 199 4041 302 4080; x_wconf 81' lang='lat' dir='ltr'><strong>runt</strong></span> <span class='ocrx_word' id='word_1_419' title='bbox 322 4030 480 4084; x_wconf 89' lang='lat' dir='ltr'><strong>etiam</strong></span> <span class='ocrx_word' id='word_1_420' title='bbox 518 4029 651 4084; x_wconf 82' lang='lat' dir='ltr'><strong>Novi</strong></span> <span class='ocrx_word' id='word_1_421' title='bbox 676 4029 1006 4086; x_wconf 87' lang='lat' dir='ltr'><strong>Testameuti</strong></span> <span class='ocrx_word' id='word_1_422' title='bbox 1041 4032 1388 4088; x_wconf 86' lang='lat' dir='ltr'><strong>festivitatum</strong></span> <span class='ocrx_word' id='word_1_423' title='bbox 1417 4033 1757 4090; x_wconf 88' lang='lat' dir='ltr'><strong>celebramus</strong></span> 
     </span>
    </p>
   </div>
   <div class='ocr_carea' id='block_1_59' title="bbox 201 4114 1750 4194">
    <p class='ocr_par' dir='ltr' id='par_1_59' title="bbox 201 4114 1750 4194">
     <span class='ocr_line' id='line_1_59' title="bbox 201 4114 1750 4194; baseline 0.008 -30"><span class='ocrx_word' id='word_1_424' title='bbox 201 4114 414 4173; x_wconf 90' lang='lat' dir='ltr'><strong>initium.</strong></span> <span class='ocrx_word' id='word_1_425' title='bbox 449 4119 820 4185; x_wconf 75' lang='lat' dir='ltr'><strong>Exsultemus,</strong></span> <span class='ocrx_word' id='word_1_426' title='bbox 846 4123 1088 4190; x_wconf 87' lang='lat' dir='ltr'><strong>inquam,</strong></span> <span class='ocrx_word' id='word_1_427' title='bbox 1127 4121 1180 4175; x_wconf 89' lang='lat' dir='ltr'><strong>in</strong></span> <span class='ocrx_word' id='word_1_428' title='bbox 1207 4122 1310 4176; x_wconf 84' lang='lat' dir='ltr'><strong>hac</strong></span> <span class='ocrx_word' id='word_1_429' title='bbox 1335 4123 1420 4178; x_wconf 89' lang='lat' dir='ltr'><strong>die</strong></span> <span class='ocrx_word' id='word_1_430' title='bbox 1462 4124 1750 4194; x_wconf 66' lang='lat' dir='ltr'><strong>praecipua,</strong></span> 
     </span>
    </p>
   </div>
   <div class='ocr_carea' id='block_1_60' title="bbox 202 4199 1755 4282">
    <p class='ocr_par' dir='ltr' id='par_1_60' title="bbox 202 4199 1755 4282">
     <span class='ocr_line' id='line_1_60' title="bbox 202 4199 1755 4282; baseline 0.008 -27"><span class='ocrx_word' id='word_1_431' title='bbox 202 4212 250 4255; x_wconf 86' lang='lat' dir='ltr'><strong>et</strong></span> <span class='ocrx_word' id='word_1_432' title='bbox 275 4207 396 4260; x_wconf 90' lang='lat' dir='ltr'><strong>totis</strong></span> <span class='ocrx_word' id='word_1_433' title='bbox 423 4199 726 4262; x_wconf 83' lang='lat' dir='ltr'><strong>visceribus</strong></span> <span class='ocrx_word' id='word_1_434' title='bbox 765 4209 818 4262; x_wconf 85' lang='lat' dir='ltr'><strong>in</strong></span> <span class='ocrx_word' id='word_1_435' title='bbox 861 4211 1088 4266; x_wconf 90' lang='lat' dir='ltr'><strong>Domino</strong></span> <span class='ocrx_word' id='word_1_436' title='bbox 1121 4211 1450 4265; x_wconf 88' lang='lat' dir='ltr'><strong>delectemur</strong></span> <span class='ocrx_word' id='word_1_437' title='bbox 1487 4226 1502 4264; x_wconf 90' lang='lat'><strong>:</strong></span> <span class='ocrx_word' id='word_1_438' title='bbox 1545 4213 1598 4266; x_wconf 92' lang='lat' dir='ltr'><strong>in</strong></span> <span class='ocrx_word' id='word_1_439' title='bbox 1648 4227 1755 4282; x_wconf 90' lang='lat' dir='ltr'><strong>qua</strong></span> 
     </span>
    </p>
   </div>
   <div class='ocr_carea' id='block_1_61' title="bbox 203 4295 1757 4373">
    <p class='ocr_par' dir='ltr' id='par_1_61' title="bbox 203 4295 1757 4373">
     <span class='ocr_line' id='line_1_61' title="bbox 203 4295 1757 4373; baseline 0.01 -29"><span class='ocrx_word' id='word_1_440' title='bbox 203 4295 315 4347; x_wconf 90' lang='lat' dir='ltr'><strong>dum</strong></span> <span class='ocrx_word' id='word_1_441' title='bbox 347 4295 728 4366; x_wconf 78' lang='lat' dir='ltr'><strong>Redemptoris</strong></span> <span class='ocrx_word' id='word_1_442' title='bbox 755 4301 926 4354; x_wconf 86' lang='lat' dir='ltr'><strong>nostri</strong></span> <span class='ocrx_word' id='word_1_443' title='bbox 951 4301 1236 4356; x_wconf 88' lang='lat' dir='ltr'><strong>recolimus</strong></span> <span class='ocrx_word' id='word_1_444' title='bbox 1257 4301 1499 4366; x_wconf 84' lang='lat' dir='ltr'><strong>Matrem,</strong></span> <span class='ocrx_word' id='word_1_445' title='bbox 1526 4303 1757 4373; x_wconf 87' lang='lat' dir='ltr'><strong>reliqua-</strong></span> 
     </span>
    </p>
   </div>
   <div class='ocr_carea' id='block_1_62' title="bbox 205 4385 1756 4460">
    <p class='ocr_par' dir='ltr' id='par_1_62' title="bbox 205 4385 1756 4460">
     <span class='ocr_line' id='line_1_62' title="bbox 205 4385 1756 4460; baseline 0.008 -25"><span class='ocrx_word' id='word_1_446' title='bbox 205 4397 310 4438; x_wconf 85' lang='lat' dir='ltr'><strong>rum</strong></span> <span class='ocrx_word' id='word_1_447' title='bbox 367 4385 720 4442; x_wconf 89' lang='lat' dir='ltr'><strong>festivitatum</strong></span> <span class='ocrx_word' id='word_1_448' title='bbox 746 4389 1080 4445; x_wconf 87' lang='lat' dir='ltr'><strong>celebramus</strong></span> <span class='ocrx_word' id='word_1_449' title='bbox 1121 4391 1404 4460; x_wconf 83' lang='lat' dir='ltr'><strong>originem.</strong></span> <span class='ocrx_word' id='word_1_450' title='bbox 1453 4389 1582 4457; x_wconf 64' lang='lat' dir='ltr'><strong>Quae</strong></span> <span class='ocrx_word' id='word_1_451' title='bbox 1611 4393 1756 4447; x_wconf 88' lang='lat' dir='ltr'><strong>enim</strong></span> 
     </span>
    </p>
   </div>
   <div class='ocr_carea' id='block_1_63' title="bbox 205 4477 1760 4550">
    <p class='ocr_par' dir='ltr' id='par_1_63' title="bbox 205 4477 1760 4550">
     <span class='ocr_line' id='line_1_63' title="bbox 205 4477 1760 4550; baseline 0.007 -24"><span class='ocrx_word' id='word_1_452' title='bbox 205 4477 398 4532; x_wconf 87' lang='lat' dir='ltr'><strong>cunctis</strong></span> <span class='ocrx_word' id='word_1_453' title='bbox 429 4479 859 4534; x_wconf 87' lang='lat' dir='ltr'><strong>solemnitatibus</strong></span> <span class='ocrx_word' id='word_1_454' title='bbox 911 4489 993 4534; x_wconf 89' lang='lat' dir='ltr'><strong>est</strong></span> <span class='ocrx_word' id='word_1_455' title='bbox 1039 4481 1311 4550; x_wconf 89' lang='lat' dir='ltr'><strong>antiquior</strong></span> <span class='ocrx_word' id='word_1_456' title='bbox 1364 4491 1622 4550; x_wconf 89' lang='lat' dir='ltr'><strong>tempore,</strong></span> <span class='ocrx_word' id='word_1_457' title='bbox 1665 4499 1760 4537; x_wconf 89' lang='lat' dir='ltr'><strong>ne-</strong></span> 
     </span>
    </p>
   </div>
   <div class='ocr_carea' id='block_1_64' title="bbox 205 4569 1759 4643">
    <p class='ocr_par' dir='ltr' id='par_1_64' title="bbox 205 4569 1759 4643">
     <span class='ocr_line' id='line_1_64' title="bbox 205 4569 1759 4643; baseline 0.007 -26"><span class='ocrx_word' id='word_1_458' title='bbox 205 4579 454 4636; x_wconf 83' lang='lat' dir='ltr'><strong>quaquam</strong></span> <span class='ocrx_word' id='word_1_459' title='bbox 481 4583 603 4624; x_wconf 89' lang='lat' dir='ltr'><strong>esse</strong></span> <span class='ocrx_word' id='word_1_460' title='bbox 635 4569 796 4624; x_wconf 87' lang='lat' dir='ltr'><strong>debet</strong></span> <span class='ocrx_word' id='word_1_461' title='bbox 841 4569 1064 4626; x_wconf 87' lang='lat' dir='ltr'><strong>inferior</strong></span> <span class='ocrx_word' id='word_1_462' title='bbox 1091 4572 1370 4643; x_wconf 76' lang='lat' dir='ltr'><strong>dignitate.</strong></span> <span class='ocrx_word' id='word_1_463' title='bbox 1417 4573 1550 4627; x_wconf 86' lang='lat' dir='ltr'><strong>Nam</strong></span> <span class='ocrx_word' id='word_1_464' title='bbox 1587 4575 1632 4629; x_wconf 89' lang='lat' dir='ltr'><strong>si</strong></span> <span class='ocrx_word' id='word_1_465' title='bbox 1661 4573 1759 4628; x_wconf 89' lang='lat' dir='ltr'><strong>Sa-</strong></span> 
     </span>
    </p>
   </div>
   <div class='ocr_carea' id='block_1_65' title="bbox 207 4654 1758 4733">
    <p class='ocr_par' dir='ltr' id='par_1_65' title="bbox 207 4654 1758 4733">
     <span class='ocr_line' id='line_1_65' title="bbox 207 4654 1758 4733; baseline 0.007 -27"><span class='ocrx_word' id='word_1_466' title='bbox 207 4654 366 4712; x_wconf 88' lang='lat' dir='ltr'><strong>lomon</strong></span> <span class='ocrx_word' id='word_1_467' title='bbox 400 4675 522 4714; x_wconf 89' lang='lat' dir='ltr'><strong>cum</strong></span> <span class='ocrx_word' id='word_1_468' title='bbox 575 4660 864 4716; x_wconf 86' lang='lat' dir='ltr'><strong>israelitico</strong></span> <span class='ocrx_word' id='word_1_469' title='bbox 893 4662 1108 4729; x_wconf 90' lang='lat' dir='ltr'><strong>populo,</strong></span> <span class='ocrx_word' id='word_1_470' title='bbox 1140 4663 1192 4716; x_wconf 90' lang='lat' dir='ltr'><strong>in</strong></span> <span class='ocrx_word' id='word_1_471' title='bbox 1221 4664 1554 4718; x_wconf 78' lang='lat' dir='ltr'><strong>dedicatione</strong></span> <span class='ocrx_word' id='word_1_472' title='bbox 1578 4663 1758 4733; x_wconf 89' lang='lat' dir='ltr'><strong>templi</strong></span> 
     </span>
    </p>
   </div>
   <div class='ocr_carea' id='block_1_66' title="bbox 203 4747 1762 4822">
    <p class='ocr_par' dir='ltr' id='par_1_66' title="bbox 203 4747 1762 4822">
     <span class='ocr_line' id='line_1_66' title="bbox 203 4747 1762 4822; baseline 0.008 -24"><span class='ocrx_word' id='word_1_473' title='bbox 203 4761 262 4798; x_wconf 78' lang='lat' dir='ltr'><strong>ex</strong></span> <span class='ocrx_word' id='word_1_474' title='bbox 283 4747 542 4818; x_wconf 86' lang='lat' dir='ltr'><strong>lapidibus</strong></span> <span class='ocrx_word' id='word_1_475' title='bbox 572 4749 728 4814; x_wconf 87' lang='lat' dir='ltr'><strong>facti,</strong></span> <span class='ocrx_word' id='word_1_476' title='bbox 763 4759 870 4804; x_wconf 87' lang='lat' dir='ltr'><strong>tam</strong></span> <span class='ocrx_word' id='word_1_477' title='bbox 899 4753 1175 4820; x_wconf 88' lang='lat' dir='ltr'><strong>copiosum</strong></span> <span class='ocrx_word' id='word_1_478' title='bbox 1213 4763 1266 4808; x_wconf 91' lang='lat' dir='ltr'><strong>et</strong></span> <span class='ocrx_word' id='word_1_479' title='bbox 1301 4755 1642 4822; x_wconf 85' lang='lat' dir='ltr'><strong>magnificum</strong></span> <span class='ocrx_word' id='word_1_480' title='bbox 1673 4771 1762 4810; x_wconf 87' lang='lat' dir='ltr'><strong>sa-</strong></span> 
     </span>
    </p>
   </div>
   <div class='ocr_carea' id='block_1_67' title="bbox 205 4835 1762 4912">
    <p class='ocr_par' dir='ltr' id='par_1_67' title="bbox 205 4835 1762 4912">
     <span class='ocr_line' id='line_1_67' title="bbox 205 4835 1762 4912; baseline 0.009 -26"><span class='ocrx_word' id='word_1_481' title='bbox 205 4835 448 4908; x_wconf 82' lang='lat' dir='ltr'><strong>crificium</strong></span> <span class='ocrx_word' id='word_1_482' title='bbox 471 4837 782 4892; x_wconf 88' lang='lat' dir='ltr'><strong>solemniter</strong></span> <span class='ocrx_word' id='word_1_483' title='bbox 803 4839 1096 4896; x_wconf 88' lang='lat' dir='ltr'><strong>celebravit</strong></span> <span class='ocrx_word' id='word_1_484' title='bbox 1119 4841 1234 4910; x_wconf 89' lang='grc' dir='ltr'><em>(ΙΙΙ</em></span> <span class='ocrx_word' id='word_1_485' title='bbox 1271 4841 1398 4910; x_wconf 79' lang='lat' dir='ltr'><strong>Reg.</strong></span> <span class='ocrx_word' id='word_1_486' title='bbox 1423 4843 1570 4908; x_wconf 86' lang='lat' dir='ltr'><strong>vot);</strong></span> <span class='ocrx_word' id='word_1_487' title='bbox 1597 4844 1762 4912; x_wconf 89' lang='lat' dir='ltr'><strong>quale</strong></span> 
     </span>
    </p>
   </div>
   <div class='ocr_carea' id='block_1_68' title="bbox 203 4929 1758 5004">
    <p class='ocr_par' dir='ltr' id='par_1_68' title="bbox 203 4929 1758 5004">
     <span class='ocr_line' id='line_1_68' title="bbox 203 4929 1758 5004; baseline 0.008 -28"><span class='ocrx_word' id='word_1_488' title='bbox 203 4935 559 4995; x_wconf 88' lang='lat' dir='ltr'><strong>quantumque</strong></span> <span class='ocrx_word' id='word_1_489' title='bbox 584 4929 834 4998; x_wconf 80' lang='lat' dir='ltr'><strong>gaudium</strong></span> <span class='ocrx_word' id='word_1_490' title='bbox 867 4929 1036 4984; x_wconf 66' lang='lat' dir='ltr'><strong>beatae</strong></span> <span class='ocrx_word' id='word_1_491' title='bbox 1065 4930 1248 4986; x_wconf 69' lang='lat' dir='ltr'><strong>Mariae</strong></span> <span class='ocrx_word' id='word_1_492' title='bbox 1289 4932 1541 4987; x_wconf 87' lang='lat' dir='ltr'><strong>nativitas</strong></span> <span class='ocrx_word' id='word_1_493' title='bbox 1562 4933 1758 5004; x_wconf 89' lang='lat' dir='ltr'><strong>populo</strong></span> 
     </span>
    </p>
   </div>
   <div class='ocr_carea' id='block_1_69' title="bbox 207 5013 1760 5090">
    <p class='ocr_par' dir='ltr' id='par_1_69' title="bbox 207 5013 1760 5090">
     <span class='ocr_line' id='line_1_69' title="bbox 207 5013 1760 5090; baseline 0.007 -26"><span class='ocrx_word' id='word_1_494' title='bbox 207 5013 494 5070; x_wconf 73' lang='lat' dir='ltr'><strong>Christiano</strong></span> <span class='ocrx_word' id='word_1_495' title='bbox 537 5017 696 5071; x_wconf 87' lang='lat' dir='ltr'><strong>debet</strong></span> <span class='ocrx_word' id='word_1_496' title='bbox 735 5017 956 5082; x_wconf 71' lang='lat' dir='ltr'><strong>afferre,</strong></span> <span class='ocrx_word' id='word_1_497' title='bbox 1013 5019 1066 5072; x_wconf 87' lang='lat' dir='ltr'><strong>in</strong></span> <span class='ocrx_word' id='word_1_498' title='bbox 1121 5019 1276 5090; x_wconf 89' lang='lat' dir='ltr'><strong>cujus</strong></span> <span class='ocrx_word' id='word_1_499' title='bbox 1317 5027 1568 5086; x_wconf 79' lang='lat' dir='ltr'><strong>uterum,</strong></span> <span class='ocrx_word' id='word_1_500' title='bbox 1617 5021 1760 5076; x_wconf 87' lang='lat' dir='ltr'><strong>velut</strong></span> 
     </span>
    </p>
   </div>
   <div class='ocr_carea' id='block_1_70' title="bbox 211 5105 1756 5176">
    <p class='ocr_par' dir='ltr' id='par_1_70' title="bbox 211 5105 1756 5176">
     <span class='ocr_line' id='line_1_70' title="bbox 211 5105 1756 5176; baseline 0.008 -24"><span class='ocrx_word' id='word_1_501' title='bbox 211 5117 380 5166; x_wconf 81' lang='lat' dir='ltr'><strong>revera</strong></span> <span class='ocrx_word' id='word_1_502' title='bbox 412 5105 834 5160; x_wconf 88' lang='lat' dir='ltr'><strong>sacratissimum</strong></span> <span class='ocrx_word' id='word_1_503' title='bbox 869 5105 1145 5176; x_wconf 88' lang='lat' dir='ltr'><strong>templum,</strong></span> <span class='ocrx_word' id='word_1_504' title='bbox 1188 5109 1332 5164; x_wconf 90' lang='lat' dir='ltr'><strong>Deus</strong></span> <span class='ocrx_word' id='word_1_505' title='bbox 1379 5109 1493 5176; x_wconf 89' lang='lat' dir='ltr'><strong>ipse</strong></span> <span class='ocrx_word' id='word_1_506' title='bbox 1540 5111 1756 5166; x_wconf 86' lang='lat' dir='ltr'><strong>descen-</strong></span> 
     </span>
    </p>
   </div>
   <div class='ocr_carea' id='block_1_71' title="bbox 210 5191 1756 5230">
    <p class='ocr_par' dir='ltr' id='par_1_71' title="bbox 210 5191 1756 5230">
     <span class='ocr_line' id='line_1_71' title="bbox 210 5191 1756 5230; baseline 0 0"><span class='ocrx_word' id='word_1_507' title='bbox 210 5191 328 5230; x_wconf 69' lang='lat' dir='ltr'><strong>dona</strong></span> <span class='ocrx_word' id='word_1_508' title='bbox 377 5201 424 5230; x_wconf 71' lang='lat' dir='ltr'><strong>al</strong></span> <span class='ocrx_word' id='word_1_509' title='bbox 451 5194 735 5230; x_wconf 64' lang='lat' dir='ltr'><strong>hillnnnnm</strong></span> <span class='ocrx_word' id='word_1_510' title='bbox 762 5206 1009 5230; x_wconf 67' lang='lat' dir='ltr'><strong>nol-Illam</strong></span> <span class='ocrx_word' id='word_1_511' title='bbox 1043 5209 1106 5230; x_wconf 76' lang='grc' dir='ltr'><strong>Δν</strong></span> <span class='ocrx_word' id='word_1_512' title='bbox 1135 5215 1194 5230; x_wconf 70' lang='lat' dir='ltr'><strong>nn</strong></span> <span class='ocrx_word' id='word_1_513' title='bbox 1229 5197 1506 5230; x_wconf 58' lang='lat' dir='ltr'><strong>cesonino-In</strong></span> <span class='ocrx_word' id='word_1_514' title='bbox 1555 5209 1608 5230; x_wconf 64' lang='grc' dir='ltr'><strong>Α.</strong></span> <span class='ocrx_word' id='word_1_515' title='bbox 1637 5215 1756 5230; x_wconf 70' lang='grc' dir='ltr'><strong>ιιι-ιη</strong></span> 
     </span>
    </p>
   </div>
   <div class='ocr_carea' id='block_1_72' title="bbox 1842 1847 3410 1920">
    <p class='ocr_par' dir='ltr' id='par_1_72' title="bbox 1842 1847 3410 1920">
     <span class='ocr_line' id='line_1_72' title="bbox 1842 1847 3410 1920; baseline 0.001 -20"><span class='ocrx_word' id='word_1_516' title='bbox 1842 1857 1986 1903; x_wconf 89' lang='lat' dir='ltr'><strong>terra</strong></span> <span class='ocrx_word' id='word_1_517' title='bbox 2039 1847 2212 1918; x_wconf 74' lang='lat' dir='ltr'><strong>(Paul.</strong></span> <span class='ocrx_word' id='word_1_518' title='bbox 2269 1852 2438 1918; x_wconf 78' lang='lat' dir='ltr'><strong>Lxxt).</strong></span> <span class='ocrx_word' id='word_1_519' title='bbox 2473 1869 2490 1899; x_wconf 74' lang='grc' dir='ltr'><strong>ι</strong></span> <span class='ocrx_word' id='word_1_520' title='bbox 2530 1847 2682 1916; x_wconf 83' lang='lat' dir='ltr'><strong>Quod</strong></span> <span class='ocrx_word' id='word_1_521' title='bbox 2713 1859 2890 1904; x_wconf 89' lang='lat' dir='ltr'><strong>autem</strong></span> <span class='ocrx_word' id='word_1_522' title='bbox 2927 1849 3118 1904; x_wconf 87' lang='lat' dir='ltr'><strong>nebula</strong></span> <span class='ocrx_word' id='word_1_523' title='bbox 3167 1849 3410 1920; x_wconf 85' lang='lat' dir='ltr'><strong>implevit</strong></span> 
     </span>
    </p>
   </div>
   <div class='ocr_carea' id='block_1_73' title="bbox 1843 1938 3410 2005">
    <p class='ocr_par' dir='ltr' id='par_1_73' title="bbox 1843 1938 3410 2005">
     <span class='ocr_line' id='line_1_73' title="bbox 1843 1938 3410 2005; baseline 0.001 -15"><span class='ocrx_word' id='word_1_524' title='bbox 1843 1938 2062 1992; x_wconf 89' lang='lat' dir='ltr'><strong>domtun</strong></span> <span class='ocrx_word' id='word_1_525' title='bbox 2125 1938 2220 1991; x_wconf 90' lang='lat' dir='ltr'><strong>Dei</strong></span> <span class='ocrx_word' id='word_1_526' title='bbox 2253 1977 2267 2002; x_wconf 85' lang='lat'><strong>,</strong></span> <span class='ocrx_word' id='word_1_527' title='bbox 2311 1947 2366 1992; x_wconf 89' lang='lat' dir='ltr'><strong>et</strong></span> <span class='ocrx_word' id='word_1_528' title='bbox 2421 1954 2525 1992; x_wconf 90' lang='lat' dir='ltr'><strong>non</strong></span> <span class='ocrx_word' id='word_1_529' title='bbox 2573 1948 2824 2005; x_wconf 88' lang='lat' dir='ltr'><strong>poterant</strong></span> <span class='ocrx_word' id='word_1_530' title='bbox 2875 1941 3186 1994; x_wconf 86' lang='lat' dir='ltr'><strong>sacerdotes</strong></span> <span class='ocrx_word' id='word_1_531' title='bbox 3251 1940 3410 1992; x_wconf 88' lang='lat' dir='ltr'><strong>mini-</strong></span> 
     </span>
    </p>
   </div>
   <div class='ocr_carea' id='block_1_74' title="bbox 1853 2028 3412 2097">
    <p class='ocr_par' dir='ltr' id='par_1_74' title="bbox 1853 2028 3412 2097">
     <span class='ocr_line' id='line_1_74' title="bbox 1853 2028 3412 2097; baseline 0.001 -17"><span class='ocrx_word' id='word_1_532' title='bbox 1853 2037 2032 2080; x_wconf 86' lang='lat' dir='ltr'><strong>strare</strong></span> <span class='ocrx_word' id='word_1_533' title='bbox 2087 2037 2306 2097; x_wconf 84' lang='lat' dir='ltr'><strong>preptcr</strong></span> <span class='ocrx_word' id='word_1_534' title='bbox 2363 2028 2648 2092; x_wconf 88' lang='lat' dir='ltr'><strong>nebulam;</strong></span> <span class='ocrx_word' id='word_1_535' title='bbox 2703 2043 2766 2082; x_wconf 88' lang='lat' dir='ltr'><strong>ea</strong></span> <span class='ocrx_word' id='word_1_536' title='bbox 2825 2030 3090 2083; x_wconf 87' lang='lat' dir='ltr'><strong>sententia</strong></span> <span class='ocrx_word' id='word_1_537' title='bbox 3151 2031 3412 2097; x_wconf 81' lang='lat' dir='ltr'><strong>superbos</strong></span> 
     </span>
    </p>
   </div>
   <div class='ocr_carea' id='block_1_75' title="bbox 1840 2117 3410 2189">
    <p class='ocr_par' dir='ltr' id='par_1_75' title="bbox 1840 2117 3410 2189">
     <span class='ocr_line' id='line_1_75' title="bbox 1840 2117 3410 2189; baseline 0.001 -17"><span class='ocrx_word' id='word_1_538' title='bbox 1840 2117 2146 2172; x_wconf 74' lang='lat' dir='ltr'><strong>Judtcorum</strong></span> <span class='ocrx_word' id='word_1_539' title='bbox 2173 2117 2456 2186; x_wconf 88' lang='lat' dir='ltr'><strong>pontifices</strong></span> <span class='ocrx_word' id='word_1_540' title='bbox 2478 2134 2542 2172; x_wconf 90' lang='lat' dir='ltr'><strong>ac</strong></span> <span class='ocrx_word' id='word_1_541' title='bbox 2575 2121 2825 2174; x_wconf 86' lang='lat' dir='ltr'><strong>doctores</strong></span> <span class='ocrx_word' id='word_1_542' title='bbox 2853 2119 3108 2183; x_wconf 88' lang='lat' dir='ltr'><strong>insinuat,</strong></span> <span class='ocrx_word' id='word_1_543' title='bbox 3141 2120 3256 2189; x_wconf 92' lang='lat' dir='ltr'><strong>qui,</strong></span> <span class='ocrx_word' id='word_1_544' title='bbox 3285 2121 3410 2173; x_wconf 89' lang='lat' dir='ltr'><strong>dum</strong></span> 
     </span>
    </p>
   </div>
   <div class='ocr_carea' id='block_1_76' title="bbox 1843 2208 3412 2279">
    <p class='ocr_par' dir='ltr' id='par_1_76' title="bbox 1843 2208 3412 2279">
     <span class='ocr_line' id='line_1_76' title="bbox 1843 2208 3412 2279; baseline 0.001 -18"><span class='ocrx_word' id='word_1_545' title='bbox 1843 2208 2236 2262; x_wconf 75' lang='lat' dir='ltr'><strong>lucarnatiouis</strong></span> <span class='ocrx_word' id='word_1_546' title='bbox 2267 2209 2470 2262; x_wconf 83' lang='lat' dir='ltr'><strong>Christi</strong></span> <span class='ocrx_word' id='word_1_547' title='bbox 2501 2219 2839 2263; x_wconf 85' lang='lat' dir='ltr'><strong>sacramenta</strong></span> <span class='ocrx_word' id='word_1_548' title='bbox 2877 2211 3204 2278; x_wconf 87' lang='lat' dir='ltr'><strong>investigare</strong></span> <span class='ocrx_word' id='word_1_549' title='bbox 3229 2211 3412 2279; x_wconf 87' lang='lat' dir='ltr'><strong>despi-</strong></span> 
     </span>
    </p>
   </div>
   <div class='ocr_carea' id='block_1_77' title="bbox 1844 2299 3412 2370">
    <p class='ocr_par' dir='ltr' id='par_1_77' title="bbox 1844 2299 3412 2370">
     <span class='ocr_line' id='line_1_77' title="bbox 1844 2299 3412 2370; baseline 0.001 -18"><span class='ocrx_word' id='word_1_550' title='bbox 1844 2299 2014 2363; x_wconf 83' lang='lat' dir='ltr'><strong>ciuot,</strong></span> <span class='ocrx_word' id='word_1_551' title='bbox 2045 2299 2282 2352; x_wconf 89' lang='lat' dir='ltr'><strong>debitum</strong></span> <span class='ocrx_word' id='word_1_552' title='bbox 2309 2299 2432 2354; x_wconf 84' lang='lat' dir='ltr'><strong>fidei</strong></span> <span class='ocrx_word' id='word_1_553' title='bbox 2455 2315 2566 2354; x_wconf 68' lang='lat' dir='ltr'><strong>sua:</strong></span> <span class='ocrx_word' id='word_1_554' title='bbox 2589 2300 2946 2354; x_wconf 88' lang='lat' dir='ltr'><strong>ministerium</strong></span> <span class='ocrx_word' id='word_1_555' title='bbox 2972 2317 3066 2370; x_wconf 89' lang='lat' dir='ltr'><strong>per</strong></span> <span class='ocrx_word' id='word_1_556' title='bbox 3092 2301 3294 2356; x_wconf 88' lang='lat' dir='ltr'><strong>erroris</strong></span> <span class='ocrx_word' id='word_1_557' title='bbox 3316 2315 3412 2354; x_wconf 84' lang='lat' dir='ltr'><strong>ne-</strong></span> 
     </span>
    </p>
   </div>
   <div class='ocr_carea' id='block_1_78' title="bbox 1843 2387 3414 2458">
    <p class='ocr_par' dir='ltr' id='par_1_78' title="bbox 1843 2387 3414 2458">
     <span class='ocr_line' id='line_1_78' title="bbox 1843 2387 3414 2458; baseline 0.001 -16"><span class='ocrx_word' id='word_1_558' title='bbox 1843 2387 2022 2442; x_wconf 73' lang='lat' dir='ltr'><strong>bulam</strong></span> <span class='ocrx_word' id='word_1_559' title='bbox 2049 2390 2298 2458; x_wconf 88' lang='lat' dir='ltr'><strong>perdunt.</strong></span> <span class='ocrx_word' id='word_1_560' title='bbox 2331 2389 2406 2442; x_wconf 89' lang='lat' dir='ltr'><strong>Ita</strong></span> <span class='ocrx_word' id='word_1_561' title='bbox 2445 2391 2588 2444; x_wconf 89' lang='lat' dir='ltr'><strong>enim</strong></span> <span class='ocrx_word' id='word_1_562' title='bbox 2611 2405 2798 2444; x_wconf 89' lang='lat' dir='ltr'><strong>eorum</strong></span> <span class='ocrx_word' id='word_1_563' title='bbox 2839 2402 3048 2444; x_wconf 86' lang='lat' dir='ltr'><strong>mentes</strong></span> <span class='ocrx_word' id='word_1_564' title='bbox 3083 2389 3414 2444; x_wconf 87' lang='lat' dir='ltr'><strong>infidelitatis</strong></span> 
     </span>
    </p>
   </div>
   <div class='ocr_carea' id='block_1_79' title="bbox 1843 2481 3414 2550">
    <p class='ocr_par' dir='ltr' id='par_1_79' title="bbox 1843 2481 3414 2550">
     <span class='ocr_line' id='line_1_79' title="bbox 1843 2481 3414 2550; baseline 0 -16"><span class='ocrx_word' id='word_1_565' title='bbox 1843 2481 2018 2550; x_wconf 87' lang='lat' dir='ltr'><strong>caligo</strong></span> <span class='ocrx_word' id='word_1_566' title='bbox 2051 2481 2296 2550; x_wconf 85' lang='lat' dir='ltr'><strong>replevit,</strong></span> <span class='ocrx_word' id='word_1_567' title='bbox 2327 2491 2402 2544; x_wconf 90' lang='lat' dir='ltr'><strong>ut,</strong></span> <span class='ocrx_word' id='word_1_568' title='bbox 2437 2482 2672 2550; x_wconf 84' lang='lat' dir='ltr'><strong>propriis</strong></span> <span class='ocrx_word' id='word_1_569' title='bbox 2697 2481 3042 2550; x_wconf 79' lang='lat' dir='ltr'><strong>exigentibus</strong></span> <span class='ocrx_word' id='word_1_570' title='bbox 3059 2481 3282 2544; x_wconf 87' lang='lat' dir='ltr'><strong>meritis,</strong></span> <span class='ocrx_word' id='word_1_571' title='bbox 3309 2496 3414 2534; x_wconf 86' lang='lat' dir='ltr'><strong>non</strong></span> 
     </span>
    </p>
   </div>
   <div class='ocr_carea' id='block_1_80' title="bbox 1845 2570 3414 2641">
    <p class='ocr_par' dir='ltr' id='par_1_80' title="bbox 1845 2570 3414 2641">
     <span class='ocr_line' id='line_1_80' title="bbox 1845 2570 3414 2641; baseline 0.001 -19"><span class='ocrx_word' id='word_1_572' title='bbox 1845 2579 2104 2640; x_wconf 81' lang='lat' dir='ltr'><strong>agnoscat</strong></span> <span class='ocrx_word' id='word_1_573' title='bbox 2129 2570 2330 2624; x_wconf 88' lang='lat' dir='ltr'><strong>cultum</strong></span> <span class='ocrx_word' id='word_1_574' title='bbox 2355 2571 2708 2624; x_wconf 86' lang='lat' dir='ltr'><strong>credulitatis.</strong></span> <span class='ocrx_word' id='word_1_575' title='bbox 2731 2571 2812 2624; x_wconf 84' lang='lat' dir='ltr'><strong>Ad</strong></span> <span class='ocrx_word' id='word_1_576' title='bbox 2845 2571 2972 2624; x_wconf 90' lang='lat' dir='ltr'><strong>illud</strong></span> <span class='ocrx_word' id='word_1_577' title='bbox 3001 2587 3128 2641; x_wconf 87' lang='lat' dir='ltr'><strong>ergo</strong></span> <span class='ocrx_word' id='word_1_578' title='bbox 3160 2573 3414 2640; x_wconf 89' lang='lat' dir='ltr'><strong>templum</strong></span> 
     </span>
    </p>
   </div>
   <div class='ocr_carea' id='block_1_81' title="bbox 1847 2660 3416 2726">
    <p class='ocr_par' dir='ltr' id='par_1_81' title="bbox 1847 2660 3416 2726">
     <span class='ocr_line' id='line_1_81' title="bbox 1847 2660 3416 2726; baseline -0.001 -12"><span class='ocrx_word' id='word_1_579' title='bbox 1847 2662 2106 2715; x_wconf 88' lang='lat' dir='ltr'><strong>Dominus</strong></span> <span class='ocrx_word' id='word_1_580' title='bbox 2137 2661 2190 2714; x_wconf 88' lang='lat' dir='ltr'><strong>in</strong></span> <span class='ocrx_word' id='word_1_581' title='bbox 2219 2661 2410 2714; x_wconf 84' lang='lat' dir='ltr'><strong>nebula</strong></span> <span class='ocrx_word' id='word_1_582' title='bbox 2437 2661 2736 2726; x_wconf 86' lang='lat' dir='ltr'><strong>descendit,</strong></span> <span class='ocrx_word' id='word_1_583' title='bbox 2769 2670 2828 2714; x_wconf 90' lang='lat' dir='ltr'><strong>ut</strong></span> <span class='ocrx_word' id='word_1_584' title='bbox 2850 2677 3048 2716; x_wconf 71' lang='lat' dir='ltr'><strong>caream</strong></span> <span class='ocrx_word' id='word_1_585' title='bbox 3075 2660 3314 2716; x_wconf 74' lang='lat' dir='ltr'><strong>Judaicte</strong></span> <span class='ocrx_word' id='word_1_586' title='bbox 3335 2663 3416 2714; x_wconf 82' lang='lat' dir='ltr'><strong>iu-</strong></span> 
     </span>
    </p>
   </div>
   <div class='ocr_carea' id='block_1_82' title="bbox 1846 2753 3414 2822">
    <p class='ocr_par' dir='ltr' id='par_1_82' title="bbox 1846 2753 3414 2822">
     <span class='ocr_line' id='line_1_82' title="bbox 1846 2753 3414 2822; baseline -0.001 -16"><span class='ocrx_word' id='word_1_587' title='bbox 1846 2753 2120 2806; x_wconf 86' lang='lat' dir='ltr'><strong>fidclitatis</strong></span> <span class='ocrx_word' id='word_1_588' title='bbox 2165 2753 2453 2820; x_wconf 70' lang='lat' dir='ltr'><strong>caliginem</strong></span> <span class='ocrx_word' id='word_1_589' title='bbox 2480 2753 2814 2822; x_wconf 84' lang='lat' dir='ltr'><strong>designaret,</strong></span> <span class='ocrx_word' id='word_1_590' title='bbox 2857 2753 2908 2805; x_wconf 88' lang='lat' dir='ltr'><strong>in</strong></span> <span class='ocrx_word' id='word_1_591' title='bbox 2941 2753 3062 2816; x_wconf 90' lang='lat' dir='ltr'><strong>hoc,</strong></span> <span class='ocrx_word' id='word_1_592' title='bbox 3091 2753 3233 2806; x_wconf 88' lang='lat' dir='ltr'><strong>sicut</strong></span> <span class='ocrx_word' id='word_1_593' title='bbox 3265 2753 3414 2806; x_wconf 89' lang='lat' dir='ltr'><strong>scri—</strong></span> 
     </span>
    </p>
   </div>
   <div class='ocr_carea' id='block_1_83' title="bbox 1845 2842 3414 2914">
    <p class='ocr_par' dir='ltr' id='par_1_83' title="bbox 1845 2842 3414 2914">
     <span class='ocr_line' id='line_1_83' title="bbox 1845 2842 3414 2914; baseline 0 -16"><span class='ocrx_word' id='word_1_594' title='bbox 1845 2853 2018 2914; x_wconf 88' lang='lat' dir='ltr'><strong>ptum,</strong></span> <span class='ocrx_word' id='word_1_595' title='bbox 2039 2846 2089 2898; x_wconf 90' lang='lat' dir='ltr'><strong>iu</strong></span> <span class='ocrx_word' id='word_1_596' title='bbox 2111 2845 2222 2899; x_wconf 91' lang='lat' dir='ltr'><strong>sole</strong></span> <span class='ocrx_word' id='word_1_597' title='bbox 2245 2845 2423 2913; x_wconf 90' lang='lat' dir='ltr'><strong>posuit</strong></span> <span class='ocrx_word' id='word_1_598' title='bbox 2442 2846 2842 2899; x_wconf 79' lang='lat' dir='ltr'><strong>tabcruaCulum</strong></span> <span class='ocrx_word' id='word_1_599' title='bbox 2867 2842 3209 2913; x_wconf 78' lang='lat' dir='ltr'><strong>Suum(Psal.</strong></span> <span class='ocrx_word' id='word_1_600' title='bbox 3235 2845 3414 2913; x_wconf 79' lang='lat' dir='ltr'><strong>xvtu).</strong></span> 
     </span>
    </p>
   </div>
   <div class='ocr_carea' id='block_1_84' title="bbox 1848 2933 3418 2988">
    <p class='ocr_par' dir='ltr' id='par_1_84' title="bbox 1848 2933 3418 2988">
     <span class='ocr_line' id='line_1_84' title="bbox 1848 2933 3418 2988; baseline 0 -2"><span class='ocrx_word' id='word_1_601' title='bbox 1848 2942 1907 2986; x_wconf 67' lang='lat' dir='ltr'><strong>at</strong></span> <span class='ocrx_word' id='word_1_602' title='bbox 1959 2935 2211 2988; x_wconf 82' lang='lat' dir='ltr'><strong>sedentes</strong></span> <span class='ocrx_word' id='word_1_603' title='bbox 2253 2935 2304 2987; x_wconf 90' lang='lat' dir='ltr'><strong>in</strong></span> <span class='ocrx_word' id='word_1_604' title='bbox 2345 2935 2584 2988; x_wconf 88' lang='lat' dir='ltr'><strong>tenebris</strong></span> <span class='ocrx_word' id='word_1_605' title='bbox 2627 2945 2678 2988; x_wconf 90' lang='lat' dir='ltr'><strong>et</strong></span> <span class='ocrx_word' id='word_1_606' title='bbox 2709 2935 2900 2988; x_wconf 88' lang='lat' dir='ltr'><strong>umbra</strong></span> <span class='ocrx_word' id='word_1_607' title='bbox 2930 2936 3120 2988; x_wconf 88' lang='lat' dir='ltr'><strong>mortis</strong></span> <span class='ocrx_word' id='word_1_608' title='bbox 3151 2933 3418 2987; x_wconf 87' lang='lat' dir='ltr'><strong>illumina-</strong></span> 
     </span>
    </p>
   </div>
   <div class='ocr_carea' id='block_1_85' title="bbox 1852 3024 3418 3096">
    <p class='ocr_par' dir='ltr' id='par_1_85' title="bbox 1852 3024 3418 3096">
     <span class='ocr_line' id='line_1_85' title="bbox 1852 3024 3418 3096; baseline 0.001 -20"><span class='ocrx_word' id='word_1_609' title='bbox 1852 3034 1952 3078; x_wconf 85' lang='lat' dir='ltr'><strong>rcl.</strong></span> <span class='ocrx_word' id='word_1_610' title='bbox 2011 3024 2088 3078; x_wconf 89' lang='lat' dir='ltr'><strong>Illi</strong></span> <span class='ocrx_word' id='word_1_611' title='bbox 2117 3025 2352 3094; x_wconf 87' lang='lat' dir='ltr'><strong>denique</strong></span> <span class='ocrx_word' id='word_1_612' title='bbox 2401 3027 2597 3096; x_wconf 89' lang='lat' dir='ltr'><strong>templo</strong></span> <span class='ocrx_word' id='word_1_613' title='bbox 2649 3027 2790 3080; x_wconf 84' lang='lat' dir='ltr'><strong>Deus</strong></span> <span class='ocrx_word' id='word_1_614' title='bbox 2823 3029 3164 3095; x_wconf 88' lang='lat' dir='ltr'><strong>omnipotens</strong></span> <span class='ocrx_word' id='word_1_615' title='bbox 3193 3025 3418 3095; x_wconf 86' lang='lat' dir='ltr'><strong>gloriam</strong></span> 
     </span>
    </p>
   </div>
   <div class='ocr_carea' id='block_1_86' title="bbox 1850 3116 3418 3183">
    <p class='ocr_par' dir='ltr' id='par_1_86' title="bbox 1850 3116 3418 3183">
     <span class='ocr_line' id='line_1_86' title="bbox 1850 3116 3418 3183; baseline 0.001 -16"><span class='ocrx_word' id='word_1_616' title='bbox 1850 3116 2063 3183; x_wconf 77' lang='lat' dir='ltr'><strong>quidem</strong></span> <span class='ocrx_word' id='word_1_617' title='bbox 2103 3116 2183 3169; x_wconf 88' lang='lat' dir='ltr'><strong>sui</strong></span> <span class='ocrx_word' id='word_1_618' title='bbox 2215 3117 2482 3170; x_wconf 73' lang='lat' dir='ltr'><strong>adventus</strong></span> <span class='ocrx_word' id='word_1_619' title='bbox 2507 3116 2752 3178; x_wconf 88' lang='lat' dir='ltr'><strong>contulit,</strong></span> <span class='ocrx_word' id='word_1_620' title='bbox 2785 3119 2876 3171; x_wconf 89' lang='lat' dir='ltr'><strong>sed</strong></span> <span class='ocrx_word' id='word_1_621' title='bbox 2905 3117 3124 3170; x_wconf 78' lang='lat' dir='ltr'><strong>nihilex</strong></span> <span class='ocrx_word' id='word_1_622' title='bbox 3155 3133 3220 3171; x_wconf 90' lang='lat' dir='ltr'><strong>eo</strong></span> <span class='ocrx_word' id='word_1_623' title='bbox 3249 3117 3300 3170; x_wconf 90' lang='lat' dir='ltr'><strong>in</strong></span> <span class='ocrx_word' id='word_1_624' title='bbox 3323 3131 3418 3170; x_wconf 88' lang='lat' dir='ltr'><strong>sua</strong></span> 
     </span>
    </p>
   </div>
   <div class='ocr_carea' id='block_1_87' title="bbox 1851 3207 3422 3278">
    <p class='ocr_par' dir='ltr' id='par_1_87' title="bbox 1851 3207 3422 3278">
     <span class='ocr_line' id='line_1_87' title="bbox 1851 3207 3422 3278; baseline 0.003 -20"><span class='ocrx_word' id='word_1_625' title='bbox 1851 3215 2040 3259; x_wconf 87' lang='lat' dir='ltr'><strong>natura</strong></span> <span class='ocrx_word' id='word_1_626' title='bbox 2066 3207 2328 3274; x_wconf 88' lang='lat' dir='ltr'><strong>suscepit;</strong></span> <span class='ocrx_word' id='word_1_627' title='bbox 2363 3207 2416 3260; x_wconf 90' lang='lat' dir='ltr'><strong>iu</strong></span> <span class='ocrx_word' id='word_1_628' title='bbox 2463 3207 2789 3262; x_wconf 67' lang='lat' dir='ltr'><strong>beatissima:</strong></span> <span class='ocrx_word' id='word_1_629' title='bbox 2823 3217 3002 3262; x_wconf 87' lang='lat' dir='ltr'><strong>autem</strong></span> <span class='ocrx_word' id='word_1_630' title='bbox 3037 3209 3270 3278; x_wconf 81' lang='lat' dir='ltr'><strong>Virginis</strong></span> <span class='ocrx_word' id='word_1_631' title='bbox 3309 3217 3422 3262; x_wconf 82' lang='lat' dir='ltr'><strong>utc-</strong></span> 
     </span>
    </p>
   </div>
   <div class='ocr_carea' id='block_1_88' title="bbox 1851 3299 3422 3368">
    <p class='ocr_par' dir='ltr' id='par_1_88' title="bbox 1851 3299 3422 3368">
     <span class='ocr_line' id='line_1_88' title="bbox 1851 3299 3422 3368; baseline 0.003 -20"><span class='ocrx_word' id='word_1_632' title='bbox 1851 3312 1968 3350; x_wconf 90' lang='lat' dir='ltr'><strong>rum</strong></span> <span class='ocrx_word' id='word_1_633' title='bbox 2032 3313 2138 3351; x_wconf 89' lang='lat' dir='ltr'><strong>non</strong></span> <span class='ocrx_word' id='word_1_634' title='bbox 2183 3299 2358 3352; x_wconf 88' lang='lat' dir='ltr'><strong>solum</strong></span> <span class='ocrx_word' id='word_1_635' title='bbox 2406 3299 2661 3368; x_wconf 83' lang='lat' dir='ltr'><strong>dignatus</strong></span> <span class='ocrx_word' id='word_1_636' title='bbox 2696 3309 2778 3354; x_wconf 90' lang='lat' dir='ltr'><strong>est</strong></span> <span class='ocrx_word' id='word_1_637' title='bbox 2821 3300 3168 3362; x_wconf 85' lang='lat' dir='ltr'><strong>descendere,</strong></span> <span class='ocrx_word' id='word_1_638' title='bbox 3199 3300 3292 3354; x_wconf 91' lang='lat' dir='ltr'><strong>sed</strong></span> <span class='ocrx_word' id='word_1_639' title='bbox 3355 3317 3422 3355; x_wconf 78' lang='lat' dir='ltr'><strong>ex</strong></span> 
     </span>
    </p>
   </div>
   <div class='ocr_carea' id='block_1_89' title="bbox 1851 3387 3422 3460">
    <p class='ocr_par' dir='ltr' id='par_1_89' title="bbox 1851 3387 3422 3460">
     <span class='ocr_line' id='line_1_89' title="bbox 1851 3387 3422 3460; baseline 0.003 -20"><span class='ocrx_word' id='word_1_640' title='bbox 1851 3402 1914 3440; x_wconf 89' lang='lat' dir='ltr'><strong>eo</strong></span> <span class='ocrx_word' id='word_1_641' title='bbox 1953 3389 2114 3442; x_wconf 86' lang='lat' dir='ltr'><strong>etiam</strong></span> <span class='ocrx_word' id='word_1_642' title='bbox 2169 3389 2462 3460; x_wconf 84' lang='lat' dir='ltr'><strong>perfectam</strong></span> <span class='ocrx_word' id='word_1_643' title='bbox 2515 3387 2616 3444; x_wconf 81' lang='lat' dir='ltr'><strong>sibi</strong></span> <span class='ocrx_word' id='word_1_644' title='bbox 2647 3391 3005 3446; x_wconf 87' lang='lat' dir='ltr'><strong>substantiam</strong></span> <span class='ocrx_word' id='word_1_645' title='bbox 3051 3401 3248 3445; x_wconf 75' lang='lat' dir='ltr'><strong>nostra:</strong></span> <span class='ocrx_word' id='word_1_646' title='bbox 3279 3406 3422 3445; x_wconf 83' lang='lat' dir='ltr'><strong>mor-</strong></span> 
     </span>
    </p>
   </div>
   <div class='ocr_carea' id='block_1_90' title="bbox 1851 3476 3421 3548">
    <p class='ocr_par' dir='ltr' id='par_1_90' title="bbox 1851 3476 3421 3548">
     <span class='ocr_line' id='line_1_90' title="bbox 1851 3476 3421 3548; baseline 0.003 -19"><span class='ocrx_word' id='word_1_647' title='bbox 1851 3476 2076 3530; x_wconf 79' lang='lat' dir='ltr'><strong>talitatis</strong></span> <span class='ocrx_word' id='word_1_648' title='bbox 2125 3477 2296 3529; x_wconf 87' lang='lat' dir='ltr'><strong>unire.</strong></span> <span class='ocrx_word' id='word_1_649' title='bbox 2353 3477 2564 3542; x_wconf 82' lang='lat' dir='ltr'><strong>Quanto</strong></span> <span class='ocrx_word' id='word_1_650' title='bbox 2615 3479 2779 3547; x_wconf 83' lang='lat' dir='ltr'><strong>igitur</strong></span> <span class='ocrx_word' id='word_1_651' title='bbox 2823 3480 2990 3532; x_wconf 89' lang='lat' dir='ltr'><strong>nostri</strong></span> <span class='ocrx_word' id='word_1_652' title='bbox 3031 3479 3212 3548; x_wconf 87' lang='lat' dir='ltr'><strong>templi</strong></span> <span class='ocrx_word' id='word_1_653' title='bbox 3251 3480 3421 3547; x_wconf 86' lang='lat' dir='ltr'><strong>major</strong></span> 
     </span>
    </p>
   </div>
   <div class='ocr_carea' id='block_1_91' title="bbox 1851 3564 3422 3636">
    <p class='ocr_par' dir='ltr' id='par_1_91' title="bbox 1851 3564 3422 3636">
     <span class='ocr_line' id='line_1_91' title="bbox 1851 3564 3422 3636; baseline 0.001 -18"><span class='ocrx_word' id='word_1_654' title='bbox 1851 3564 2202 3635; x_wconf 81' lang='lat' dir='ltr'><strong>cstdigoitas,</strong></span> <span class='ocrx_word' id='word_1_655' title='bbox 2231 3573 2378 3618; x_wconf 84' lang='lat' dir='ltr'><strong>tanto</strong></span> <span class='ocrx_word' id='word_1_656' title='bbox 2395 3565 2677 3635; x_wconf 85' lang='lat' dir='ltr'><strong>gloriosior</strong></span> <span class='ocrx_word' id='word_1_657' title='bbox 2700 3567 2816 3636; x_wconf 87' lang='lat' dir='ltr'><strong>ejus</strong></span> <span class='ocrx_word' id='word_1_658' title='bbox 2844 3568 2998 3622; x_wconf 85' lang='lat' dir='ltr'><strong>debet</strong></span> <span class='ocrx_word' id='word_1_659' title='bbox 3021 3583 3141 3622; x_wconf 90' lang='lat' dir='ltr'><strong>esse</strong></span> <span class='ocrx_word' id='word_1_660' title='bbox 3169 3568 3422 3621; x_wconf 60' lang='lat' dir='ltr'><strong>solemni-</strong></span> 
     </span>
    </p>
   </div>
   <div class='ocr_carea' id='block_1_92' title="bbox 1853 3664 1954 3711">
    <p class='ocr_par' dir='ltr' id='par_1_92' title="bbox 1853 3664 1954 3711">
     <span class='ocr_line' id='line_1_92' title="bbox 1853 3664 1954 3711; baseline 0 -3"><span class='ocrx_word' id='word_1_661' title='bbox 1853 3664 1954 3711; x_wconf 87' lang='lat' dir='ltr'><strong>tas.</strong></span> 
     </span>
    </p>
   </div>
   <div class='ocr_carea' id='block_1_93' title="bbox 1926 3747 3420 3822">
    <p class='ocr_par' dir='ltr' id='par_1_93' title="bbox 1926 3747 3420 3822">
     <span class='ocr_line' id='line_1_93' title="bbox 1926 3747 3420 3822; baseline 0.003 -20"><span class='ocrx_word' id='word_1_662' title='bbox 1926 3747 2030 3802; x_wconf 81' lang='lat' dir='ltr'><strong>Sed</strong></span> <span class='ocrx_word' id='word_1_663' title='bbox 2058 3763 2163 3817; x_wconf 83' lang='lat' dir='ltr'><strong>quo</strong></span> <span class='ocrx_word' id='word_1_664' title='bbox 2189 3755 2350 3817; x_wconf 87' lang='lat' dir='ltr'><strong>pacto</strong></span> <span class='ocrx_word' id='word_1_665' title='bbox 2381 3748 2496 3816; x_wconf 89' lang='lat' dir='ltr'><strong>cjus</strong></span> <span class='ocrx_word' id='word_1_666' title='bbox 2545 3747 2890 3804; x_wconf 84' lang='lat' dir='ltr'><strong>festivitatem</strong></span> <span class='ocrx_word' id='word_1_667' title='bbox 2941 3750 3100 3822; x_wconf 84' lang='lat' dir='ltr'><strong>digne</strong></span> <span class='ocrx_word' id='word_1_668' title='bbox 3145 3751 3420 3807; x_wconf 87' lang='lat' dir='ltr'><strong>celebrare</strong></span> 
     </span>
    </p>
   </div>
   <div class='ocr_carea' id='block_1_94' title="bbox 1855 3837 3423 3909">
    <p class='ocr_par' dir='ltr' id='par_1_94' title="bbox 1855 3837 3423 3909">
     <span class='ocr_line' id='line_1_94' title="bbox 1855 3837 3423 3909; baseline 0.003 -19"><span class='ocrx_word' id='word_1_669' title='bbox 1855 3837 1998 3892; x_wconf 86' lang='lat' dir='ltr'><strong>valet</strong></span> <span class='ocrx_word' id='word_1_670' title='bbox 2045 3837 2332 3892; x_wconf 82' lang='lat' dir='ltr'><strong>infirmitas</strong></span> <span class='ocrx_word' id='word_1_671' title='bbox 2393 3839 2700 3903; x_wconf 89' lang='lat' dir='ltr'><strong>hominum,</strong></span> <span class='ocrx_word' id='word_1_672' title='bbox 2755 3855 2874 3909; x_wconf 74' lang='lat' dir='ltr'><strong>quae</strong></span> <span class='ocrx_word' id='word_1_673' title='bbox 2931 3841 3180 3909; x_wconf 83' lang='lat' dir='ltr'><strong>gaudium</strong></span> <span class='ocrx_word' id='word_1_674' title='bbox 3231 3855 3423 3909; x_wconf 85' lang='lat' dir='ltr'><strong>parere</strong></span> 
     </span>
    </p>
   </div>
   <div class='ocr_carea' id='block_1_95' title="bbox 1855 3929 3426 4000">
    <p class='ocr_par' dir='ltr' id='par_1_95' title="bbox 1855 3929 3426 4000">
     <span class='ocr_line' id='line_1_95' title="bbox 1855 3929 3426 4000; baseline 0.003 -18"><span class='ocrx_word' id='word_1_675' title='bbox 1855 3930 2052 3983; x_wconf 89' lang='lat' dir='ltr'><strong>meruit</strong></span> <span class='ocrx_word' id='word_1_676' title='bbox 2101 3931 2450 4000; x_wconf 77' lang='lat' dir='ltr'><strong>angelorum?</strong></span> <span class='ocrx_word' id='word_1_677' title='bbox 2495 3929 2740 3996; x_wconf 83' lang='lat' dir='ltr'><strong>Qualiter</strong></span> <span class='ocrx_word' id='word_1_678' title='bbox 2791 3945 2908 3985; x_wconf 87' lang='lat' dir='ltr'><strong>eam</strong></span> <span class='ocrx_word' id='word_1_679' title='bbox 2955 3931 3176 3986; x_wconf 80' lang='lat' dir='ltr'><strong>laudare</strong></span> <span class='ocrx_word' id='word_1_680' title='bbox 3227 3935 3426 4000; x_wconf 88' lang='lat' dir='ltr'><strong>poterit</strong></span> 
     </span>
    </p>
   </div>
   <div class='ocr_carea' id='block_1_96' title="bbox 1857 4021 3428 4093">
    <p class='ocr_par' dir='ltr' id='par_1_96' title="bbox 1857 4021 3428 4093">
     <span class='ocr_line' id='line_1_96' title="bbox 1857 4021 3428 4093; baseline 0.003 -17"><span class='ocrx_word' id='word_1_681' title='bbox 1857 4021 2098 4076; x_wconf 85' lang='lat' dir='ltr'><strong>mortalis</strong></span> <span class='ocrx_word' id='word_1_682' title='bbox 2129 4022 2360 4076; x_wconf 89' lang='lat' dir='ltr'><strong>hominis</strong></span> <span class='ocrx_word' id='word_1_683' title='bbox 2391 4023 2760 4078; x_wconf 83' lang='lat' dir='ltr'><strong>transitorium</strong></span> <span class='ocrx_word' id='word_1_684' title='bbox 2787 4025 3032 4088; x_wconf 87' lang='lat' dir='ltr'><strong>verbum,</strong></span> <span class='ocrx_word' id='word_1_685' title='bbox 3059 4041 3176 4093; x_wconf 65' lang='lat' dir='ltr'><strong>quae</strong></span> <span class='ocrx_word' id='word_1_686' title='bbox 3207 4025 3334 4079; x_wconf 91' lang='lat' dir='ltr'><strong>illud</strong></span> <span class='ocrx_word' id='word_1_687' title='bbox 3359 4025 3428 4081; x_wconf 82' lang='lat' dir='ltr'><strong>de</strong></span> 
     </span>
    </p>
   </div>
   <div class='ocr_carea' id='block_1_97' title="bbox 1856 4113 3426 4182">
    <p class='ocr_par' dir='ltr' id='par_1_97' title="bbox 1856 4113 3426 4182">
     <span class='ocr_line' id='line_1_97' title="bbox 1856 4113 3426 4182; baseline 0.003 -17"><span class='ocrx_word' id='word_1_688' title='bbox 1856 4127 1914 4166; x_wconf 88' lang='lat' dir='ltr'><strong>se</strong></span> <span class='ocrx_word' id='word_1_689' title='bbox 1957 4113 2178 4180; x_wconf 88' lang='lat' dir='ltr'><strong>protulit</strong></span> <span class='ocrx_word' id='word_1_690' title='bbox 2213 4113 2470 4176; x_wconf 81' lang='lat' dir='ltr'><strong>Verbum,</strong></span> <span class='ocrx_word' id='word_1_691' title='bbox 2507 4115 2650 4181; x_wconf 86' lang='lat' dir='ltr'><strong>quod</strong></span> <span class='ocrx_word' id='word_1_692' title='bbox 2681 4123 2862 4168; x_wconf 88' lang='lat' dir='ltr'><strong>manet</strong></span> <span class='ocrx_word' id='word_1_693' title='bbox 2893 4114 2946 4167; x_wconf 90' lang='lat' dir='ltr'><strong>in</strong></span> <span class='ocrx_word' id='word_1_694' title='bbox 2975 4115 3272 4168; x_wconf 81' lang='lat' dir='ltr'><strong>:eternum?</strong></span> <span class='ocrx_word' id='word_1_695' title='bbox 3297 4115 3426 4182; x_wconf 75' lang='lat' dir='ltr'><strong>Qua:</strong></span> 
     </span>
    </p>
   </div>
   <div class='ocr_carea' id='block_1_98' title="bbox 1857 4199 3422 4274">
    <p class='ocr_par' dir='ltr' id='par_1_98' title="bbox 1857 4199 3422 4274">
     <span class='ocr_line' id='line_1_98' title="bbox 1857 4199 3422 4274; baseline 0.005 -22"><span class='ocrx_word' id='word_1_696' title='bbox 1857 4200 2038 4268; x_wconf 83' lang='lat' dir='ltr'><strong>lingua</strong></span> <span class='ocrx_word' id='word_1_697' title='bbox 2087 4201 2142 4254; x_wconf 89' lang='lat' dir='ltr'><strong>in</strong></span> <span class='ocrx_word' id='word_1_698' title='bbox 2189 4199 2302 4268; x_wconf 88' lang='lat' dir='ltr'><strong>ejus</strong></span> <span class='ocrx_word' id='word_1_699' title='bbox 2349 4202 2508 4256; x_wconf 88' lang='lat' dir='ltr'><strong>laude</strong></span> <span class='ocrx_word' id='word_1_700' title='bbox 2555 4203 2826 4258; x_wconf 87' lang='lat' dir='ltr'><strong>invenitur</strong></span> <span class='ocrx_word' id='word_1_701' title='bbox 2873 4205 3085 4268; x_wconf 86' lang='lat' dir='ltr'><strong>idonea,</strong></span> <span class='ocrx_word' id='word_1_702' title='bbox 3119 4221 3240 4274; x_wconf 68' lang='lat' dir='ltr'><strong>quae</strong></span> <span class='ocrx_word' id='word_1_703' title='bbox 3275 4205 3422 4260; x_wconf 88' lang='lat' dir='ltr'><strong>illum</strong></span> 
     </span>
    </p>
   </div>
   <div class='ocr_carea' id='block_1_99' title="bbox 1859 4291 3430 4358">
    <p class='ocr_par' dir='ltr' id='par_1_99' title="bbox 1859 4291 3430 4358">
     <span class='ocr_line' id='line_1_99' title="bbox 1859 4291 3430 4358; baseline 0.003 -14"><span class='ocrx_word' id='word_1_704' title='bbox 1859 4291 2042 4358; x_wconf 85' lang='lat' dir='ltr'><strong>genuit</strong></span> <span class='ocrx_word' id='word_1_705' title='bbox 2085 4291 2170 4345; x_wconf 91' lang='lat' dir='ltr'><strong>cui</strong></span> <span class='ocrx_word' id='word_1_706' title='bbox 2208 4293 2386 4345; x_wconf 88' lang='lat' dir='ltr'><strong>omnia</strong></span> <span class='ocrx_word' id='word_1_707' title='bbox 2419 4292 2766 4358; x_wconf 86' lang='lat' dir='ltr'><strong>benedicunt,</strong></span> <span class='ocrx_word' id='word_1_708' title='bbox 2798 4303 2851 4347; x_wconf 88' lang='lat' dir='ltr'><strong>et</strong></span> <span class='ocrx_word' id='word_1_709' title='bbox 2881 4309 3002 4348; x_wconf 89' lang='lat' dir='ltr'><strong>cum</strong></span> <span class='ocrx_word' id='word_1_710' title='bbox 3033 4303 3270 4348; x_wconf 89' lang='lat' dir='ltr'><strong>tremore</strong></span> <span class='ocrx_word' id='word_1_711' title='bbox 3300 4296 3430 4348; x_wconf 84' lang='lat' dir='ltr'><strong>ohe-</strong></span> 
     </span>
    </p>
   </div>
   <div class='ocr_carea' id='block_1_100' title="bbox 1863 4381 3424 4454">
    <p class='ocr_par' dir='ltr' id='par_1_100' title="bbox 1863 4381 3424 4454">
     <span class='ocr_line' id='line_1_100' title="bbox 1863 4381 3424 4454; baseline 0.001 -18"><span class='ocrx_word' id='word_1_712' title='bbox 1863 4382 2014 4436; x_wconf 88' lang='lat' dir='ltr'><strong>diunt</strong></span> <span class='ocrx_word' id='word_1_713' title='bbox 2040 4381 2340 4436; x_wconf 87' lang='lat' dir='ltr'><strong>elementa?</strong></span> <span class='ocrx_word' id='word_1_714' title='bbox 2365 4383 2499 4438; x_wconf 85' lang='lat' dir='ltr'><strong>Nam</strong></span> <span class='ocrx_word' id='word_1_715' title='bbox 2531 4385 2654 4438; x_wconf 89' lang='lat' dir='ltr'><strong>dum</strong></span> <span class='ocrx_word' id='word_1_716' title='bbox 2683 4385 3235 4454; x_wconf 82' lang='lat' dir='ltr'><strong>cujuslibetmartyris</strong></span> <span class='ocrx_word' id='word_1_717' title='bbox 3263 4385 3424 4439; x_wconf 86' lang='lat' dir='ltr'><strong>fortia</strong></span> 
     </span>
    </p>
   </div>
   <div class='ocr_carea' id='block_1_101' title="bbox 1860 4472 3424 4545">
    <p class='ocr_par' dir='ltr' id='par_1_101' title="bbox 1860 4472 3424 4545">
     <span class='ocr_line' id='line_1_101' title="bbox 1860 4472 3424 4545; baseline 0.003 -20"><span class='ocrx_word' id='word_1_718' title='bbox 1860 4472 2000 4526; x_wconf 90' lang='lat' dir='ltr'><strong>facta</strong></span> <span class='ocrx_word' id='word_1_719' title='bbox 2026 4473 2282 4528; x_wconf 84' lang='lat' dir='ltr'><strong>extollere</strong></span> <span class='ocrx_word' id='word_1_720' title='bbox 2313 4475 2581 4542; x_wconf 87' lang='lat' dir='ltr'><strong>cupimus,</strong></span> <span class='ocrx_word' id='word_1_721' title='bbox 2615 4475 2742 4529; x_wconf 91' lang='lat' dir='ltr'><strong>dum</strong></span> <span class='ocrx_word' id='word_1_722' title='bbox 2767 4477 3026 4529; x_wconf 88' lang='lat' dir='ltr'><strong>virtutum</strong></span> <span class='ocrx_word' id='word_1_723' title='bbox 3051 4476 3168 4545; x_wconf 85' lang='lat' dir='ltr'><strong>ejus</strong></span> <span class='ocrx_word' id='word_1_724' title='bbox 3195 4475 3424 4545; x_wconf 85' lang='lat' dir='ltr'><strong>insignia</strong></span> 
     </span>
    </p>
   </div>
   <div class='ocr_carea' id='block_1_102' title="bbox 1861 4563 3426 4635">
    <p class='ocr_par' dir='ltr' id='par_1_102' title="bbox 1861 4563 3426 4635">
     <span class='ocr_line' id='line_1_102' title="bbox 1861 4563 3426 4635; baseline 0.002 -19"><span class='ocrx_word' id='word_1_725' title='bbox 1861 4564 1926 4616; x_wconf 88' lang='lat' dir='ltr'><strong>ad</strong></span> <span class='ocrx_word' id='word_1_726' title='bbox 1960 4563 2334 4632; x_wconf 82' lang='lat' dir='ltr'><strong>Redemptoris</strong></span> <span class='ocrx_word' id='word_1_727' title='bbox 2349 4569 2519 4618; x_wconf 90' lang='lat' dir='ltr'><strong>nostri</strong></span> <span class='ocrx_word' id='word_1_728' title='bbox 2551 4565 2773 4634; x_wconf 84' lang='lat' dir='ltr'><strong>gloriam</strong></span> <span class='ocrx_word' id='word_1_729' title='bbox 2797 4567 3181 4635; x_wconf 75' lang='lat' dir='ltr'><strong>prmdicamus;</strong></span> <span class='ocrx_word' id='word_1_730' title='bbox 3213 4567 3426 4620; x_wconf 85' lang='lat' dir='ltr'><strong>etiamsi</strong></span> 
     </span>
    </p>
   </div>
   <div class='ocr_carea' id='block_1_103' title="bbox 1862 4655 3428 4725">
    <p class='ocr_par' dir='ltr' id='par_1_103' title="bbox 1862 4655 3428 4725">
     <span class='ocr_line' id='line_1_103' title="bbox 1862 4655 3428 4725; baseline 0.004 -19"><span class='ocrx_word' id='word_1_731' title='bbox 1862 4655 1926 4706; x_wconf 86' lang='lat' dir='ltr'><strong>ad</strong></span> <span class='ocrx_word' id='word_1_732' title='bbox 1977 4655 2318 4723; x_wconf 81' lang='lat' dir='ltr'><strong>cogitandum</strong></span> <span class='ocrx_word' id='word_1_733' title='bbox 2365 4655 2570 4712; x_wconf 81' lang='lat' dir='ltr'><strong>tardior</strong></span> <span class='ocrx_word' id='word_1_734' title='bbox 2614 4671 2805 4711; x_wconf 89' lang='lat' dir='ltr'><strong>sensus</strong></span> <span class='ocrx_word' id='word_1_735' title='bbox 2835 4658 3111 4725; x_wconf 87' lang='lat' dir='ltr'><strong>impediat,</strong></span> <span class='ocrx_word' id='word_1_736' title='bbox 3144 4658 3226 4712; x_wconf 90' lang='lat' dir='ltr'><strong>vel</strong></span> <span class='ocrx_word' id='word_1_737' title='bbox 3255 4659 3322 4712; x_wconf 89' lang='lat' dir='ltr'><strong>ad</strong></span> <span class='ocrx_word' id='word_1_738' title='bbox 3353 4660 3428 4713; x_wconf 79' lang='lat' dir='ltr'><strong>lo-</strong></span> 
     </span>
    </p>
   </div>
   <div class='ocr_carea' id='block_1_104' title="bbox 1861 4745 3428 4817">
    <p class='ocr_par' dir='ltr' id='par_1_104' title="bbox 1861 4745 3428 4817">
     <span class='ocr_line' id='line_1_104' title="bbox 1861 4745 3428 4817; baseline 0.006 -23"><span class='ocrx_word' id='word_1_739' title='bbox 1861 4745 2130 4812; x_wconf 76' lang='lat' dir='ltr'><strong>quendam</strong></span> <span class='ocrx_word' id='word_1_740' title='bbox 2155 4745 2456 4800; x_wconf 88' lang='lat' dir='ltr'><strong>balbutiens</strong></span> <span class='ocrx_word' id='word_1_741' title='bbox 2481 4745 2663 4817; x_wconf 73' lang='lat' dir='ltr'><strong>lingua</strong></span> <span class='ocrx_word' id='word_1_742' title='bbox 2697 4763 2801 4802; x_wconf 88' lang='lat' dir='ltr'><strong>non</strong></span> <span class='ocrx_word' id='word_1_743' title='bbox 2829 4759 3107 4816; x_wconf 86' lang='lat' dir='ltr'><strong>suppetat;</strong></span> <span class='ocrx_word' id='word_1_744' title='bbox 3141 4749 3428 4804; x_wconf 86' lang='lat' dir='ltr'><strong>verborum</strong></span> 
     </span>
    </p>
   </div>
   <div class='ocr_carea' id='block_1_105' title="bbox 1865 4835 3435 4906">
    <p class='ocr_par' dir='ltr' id='par_1_105' title="bbox 1865 4835 3435 4906">
     <span class='ocr_line' id='line_1_105' title="bbox 1865 4835 3435 4906; baseline 0.006 -20"><span class='ocrx_word' id='word_1_745' title='bbox 1865 4844 2040 4890; x_wconf 89' lang='lat' dir='ltr'><strong>tamen</strong></span> <span class='ocrx_word' id='word_1_746' title='bbox 2070 4835 2276 4904; x_wconf 86' lang='lat' dir='ltr'><strong>copiam</strong></span> <span class='ocrx_word' id='word_1_747' title='bbox 2305 4837 2471 4906; x_wconf 88' lang='lat' dir='ltr'><strong>ipsius</strong></span> <span class='ocrx_word' id='word_1_748' title='bbox 2504 4838 2583 4892; x_wconf 91' lang='lat' dir='ltr'><strong>rei</strong></span> <span class='ocrx_word' id='word_1_749' title='bbox 2613 4839 2839 4893; x_wconf 89' lang='lat' dir='ltr'><strong>materia</strong></span> <span class='ocrx_word' id='word_1_750' title='bbox 2868 4839 3268 4894; x_wconf 89' lang='lat' dir='ltr'><strong>subministrat.</strong></span> <span class='ocrx_word' id='word_1_751' title='bbox 3299 4838 3435 4895; x_wconf 87' lang='lat' dir='ltr'><strong>Cum</strong></span> 
     </span>
    </p>
   </div>
   <div class='ocr_carea' id='block_1_106' title="bbox 1859 4925 3444 4985">
    <p class='ocr_par' dir='ltr' id='par_1_106' title="bbox 1859 4925 3444 4985">
     <span class='ocr_line' id='line_1_106' title="bbox 1859 4925 3444 4985; baseline 0.003 -7"><span class='ocrx_word' id='word_1_752' title='bbox 1859 4941 1988 4981; x_wconf 89' lang='lat' dir='ltr'><strong>vero</strong></span> <span class='ocrx_word' id='word_1_753' title='bbox 2017 4927 2338 4982; x_wconf 71' lang='lat' dir='ltr'><strong>beatissima:</strong></span> <span class='ocrx_word' id='word_1_754' title='bbox 2361 4925 2653 4984; x_wconf 90' lang='lat' dir='ltr'><strong>Genitricis</strong></span> <span class='ocrx_word' id='word_1_755' title='bbox 2683 4929 2774 4983; x_wconf 90' lang='lat' dir='ltr'><strong>Dei</strong></span> <span class='ocrx_word' id='word_1_756' title='bbox 2805 4929 2992 4983; x_wconf 86' lang='lat' dir='ltr'><strong>laudes</strong></span> <span class='ocrx_word' id='word_1_757' title='bbox 3017 4931 3260 4985; x_wconf 89' lang='lat' dir='ltr'><strong>scribere</strong></span> <span class='ocrx_word' id='word_1_758' title='bbox 3287 4930 3444 4982; x_wconf 78' lang='lat' dir='ltr'><strong>votu-</strong></span> 
     </span>
    </p>
   </div>
   <div class='ocr_carea' id='block_1_107' title="bbox 1859 5022 3452 5095">
    <p class='ocr_par' dir='ltr' id='par_1_107' title="bbox 1859 5022 3452 5095">
     <span class='ocr_line' id='line_1_107' title="bbox 1859 5022 3452 5095; baseline 0.006 -22"><span class='ocrx_word' id='word_1_759' title='bbox 1859 5034 2004 5082; x_wconf 87' lang='lat' dir='ltr'><strong>mus.</strong></span> <span class='ocrx_word' id='word_1_760' title='bbox 2047 5022 2172 5090; x_wconf 88' lang='lat' dir='ltr'><strong>quia</strong></span> <span class='ocrx_word' id='word_1_761' title='bbox 2213 5035 2350 5076; x_wconf 86' lang='lat' dir='ltr'><strong>nova</strong></span> <span class='ocrx_word' id='word_1_762' title='bbox 2405 5031 2460 5076; x_wconf 88' lang='lat' dir='ltr'><strong>et</strong></span> <span class='ocrx_word' id='word_1_763' title='bbox 2509 5023 2749 5080; x_wconf 88' lang='lat' dir='ltr'><strong>inaudita</strong></span> <span class='ocrx_word' id='word_1_764' title='bbox 2795 5034 2920 5080; x_wconf 88' lang='lat' dir='ltr'><strong>sunt</strong></span> <span class='ocrx_word' id='word_1_765' title='bbox 2981 5039 3104 5095; x_wconf 80' lang='lat' dir='ltr'><strong>qua:</strong></span> <span class='ocrx_word' id='word_1_766' title='bbox 3155 5027 3452 5083; x_wconf 83' lang='lat' dir='ltr'><strong>tractanda</strong></span> 
     </span>
    </p>
   </div>
   <div class='ocr_carea' id='block_1_108' title="bbox 1860 5111 3450 5187">
    <p class='ocr_par' dir='ltr' id='par_1_108' title="bbox 1860 5111 3450 5187">
     <span class='ocr_line' id='line_1_108' title="bbox 1860 5111 3450 5187; baseline 0.006 -24"><span class='ocrx_word' id='word_1_767' title='bbox 1860 5112 2216 5182; x_wconf 88' lang='lat' dir='ltr'><strong>suscipimus,</strong></span> <span class='ocrx_word' id='word_1_768' title='bbox 2251 5111 2398 5166; x_wconf 87' lang='lat' dir='ltr'><strong>nulla</strong></span> <span class='ocrx_word' id='word_1_769' title='bbox 2447 5112 2753 5170; x_wconf 75' lang='lat' dir='ltr'><strong>invenimus</strong></span> <span class='ocrx_word' id='word_1_770' title='bbox 2793 5115 2956 5170; x_wconf 85' lang='lat' dir='ltr'><strong>verba</strong></span> <span class='ocrx_word' id='word_1_771' title='bbox 2985 5119 3184 5187; x_wconf 88' lang='lat' dir='ltr'><strong>quibus</strong></span> <span class='ocrx_word' id='word_1_772' title='bbox 3221 5112 3286 5166; x_wconf 88' lang='lat' dir='ltr'><strong>ad</strong></span> <span class='ocrx_word' id='word_1_773' title='bbox 3321 5114 3450 5173; x_wconf 64' lang='lat' dir='ltr'><strong>haec</strong></span> 
     </span>
    </p>
   </div>
   <div class='ocr_carea' id='block_1_109' title="bbox 2469 5205 2713 5230">
    <p class='ocr_par' dir='ltr' id='par_1_109' title="bbox 2469 5205 2713 5230">
     <span class='ocr_line' id='line_1_109' title="bbox 2469 5205 2713 5230; baseline 0 0"><span class='ocrx_word' id='word_1_774' title='bbox 2469 5205 2588 5230; x_wconf 52' lang='lat'><strong>4...”!</strong></span> <span class='ocrx_word' id='word_1_775' title='bbox 2601 5227 2620 5229; x_wconf 43' lang='grc' dir='ltr'><strong>,μ</strong></span> <span class='ocrx_word' id='word_1_776' title='bbox 2633 5221 2713 5230; x_wconf 70' lang='grc'><strong>-..-</strong></span> 
     </span>
    </p>
   </div>
   <div class='ocr_carea' id='block_1_110' title="bbox 1863 5199 2416 5230">
    <p class='ocr_par' dir='ltr' id='par_1_110' title="bbox 1863 5199 2416 5230">
     <span class='ocr_line' id='line_1_110' title="bbox 1863 5199 2416 5230; baseline 0 0"><span class='ocrx_word' id='word_1_777' title='bbox 1863 5199 2022 5230; x_wconf 57' lang='grc' dir='ltr'><strong>λῖησιι.</strong></span> <span class='ocrx_word' id='word_1_778' title='bbox 2070 5201 2416 5230; x_wconf 60' lang='grc' dir='ltr'><strong>Α-““ἶ.“Λ..Ᾰσ“</strong></span> 
     </span>
    </p>
   </div>
   <div class='ocr_carea' id='block_1_111' title="bbox 3095 5203 3454 5230">
    <p class='ocr_par' dir='ltr' id='par_1_111' title="bbox 3095 5203 3454 5230">
     <span class='ocr_line' id='line_1_111' title="bbox 3095 5203 3454 5230; baseline 0 0"><span class='ocrx_word' id='word_1_779' title='bbox 3095 5203 3258 5230; x_wconf 53' lang='grc' dir='ltr'><strong>ηιιιιέο</strong></span> <span class='ocrx_word' id='word_1_780' title='bbox 3303 5205 3454 5230; x_wconf 65' lang='grc' dir='ltr'><strong>ηυξ---</strong></span> 
     </span>
    </p>
   </div>
   <div class='ocr_carea' id='block_1_112' title="bbox 2757 5206 3026 5230">
    <p class='ocr_par' dir='ltr' id='par_1_112' title="bbox 2757 5206 3026 5230">
     <span class='ocr_line' id='line_1_112' title="bbox 2757 5206 3026 5230; baseline 0 0"><span class='ocrx_word' id='word_1_781' title='bbox 2757 5206 3026 5230; x_wconf 54' lang='grc' dir='ltr'><strong>---τρο-⁸.---</strong></span> 
     </span>
    </p>
   </div>
  </div>
