3978 5328
527 307 629 359 783

1137 307 1191 360 S.
1232 308 1434 362 PETRI
1471 307 1748 363 DAMIANI
1791 308 1940 362 OPP.
1984 307 2164 361 PARS
2206 306 2338 364 SEU
2381 308 2613 364 TOMUS
2641 311 2706 364 ll.
2738 343 2806 352 —-
2845 313 3230 371 SERMONES.

3671 320 3784 375 ἰιι

528 421 698 473 totius
737 418 917 473 mundi
957 419 1306 487 amplitudine
1347 436 1449 473 non
1487 424 1734 474 tenetur?
1774 421 1926 474 Jacet
1957 423 2096 473 intra
2131 430 2171 482 Α
2204 436 2377 475 suam.
2414 421 2488 474 Ex
2521 424 2668 474 omni
2705 425 2884 492 itaque
2917 425 3260 481 multitudine
3287 425 3575 482 nationum
3606 446 3779 485 unum

527 517 771 562 materna
792 509 1001 562 viscera
1040 509 1317 577 parvulus,
1347 511 1436 577 qui
1487 526 1607 564 cum
1642 519 1911 564 coxcteruo
1938 509 2099 563 Patre

529 613 709 651 rerum
741 597 982 650 omnium
1021 597 1143 664 jura
1186 600 1453 666 gubernat
1499 600 1896 656 immensus?0
1939 605 2096 658 beata

527 687 712 750 ubera,
746 702 865 755 qua:
897 687 1022 740 dum
1057 696 1213 742 tenue
1261 689 1344 741 lac
1389 689 1684 756 puerilibus
1713 691 1882 746 labris
1916 693 2100 746 infun-

479 805 491 840 -,
535 775 688 834 dunt.
715 774 1025 842 angelorum
1053 776 1230 829 cibum
1257 785 1312 829 et
1349 778 1626 832 hominum
1666 783 1935 849 pascunt!
1969 783 2094 836 Exi-

522 878 684 934 guum
713 865 1025 931 exprimunt
1052 865 1334 932 liquorem,
1361 877 1414 920 et
1445 869 1627 922 tnundi
1655 869 1901 924 reﬁciunt
1931 870 2098 925 Crea—

523 961 715 1007 torem.
755 953 855 1019 Qui
895 971 1008 1009 suae
1044 957 1258 1010 virtutis
1291 959 1519 1027 imperio
1573 963 1804 1014 marium
1832 963 2096 1030 procellas

521 1046 773 1115 mitigat,
832 1047 919 1114 qui
991 1047 1301 1105 ﬂuminibus
1364 1051 1760 1106 indeﬁcientem
1829 1069 2094 1122 aquarum

521 1135 779 1204 impetum
835 1138 1229 1202 subministrat,
1278 1141 1370 1206 qui
1427 1141 1634 1194 aridam
1687 1151 1888 1195 terram
1938 1145 2093 1197 innu-

521 1226 686 1279 meris
739 1227 937 1294 ubique
987 1227 1222 1282 fontibus
1280 1231 1490 1299 irrigat,
1535 1247 1686 1285 raras
1732 1233 1800 1287 de
1852 1235 2095 1303 virgineo

517 1323 737 1380 pectore
792 1325 969 1385 guttas
1016 1316 1174 1371 lactis
1227 1328 1524 1388 exspectat.
1575 1319 1756 1375 Manat
1804 1322 1981 1390 liquor
2026 1338 2092 1377 ex

518 1407 778 1460 uberibus
825 1407 1091 1477 Virginis,
1123 1418 1180 1463 et
1214 1410 1268 1464 in
1319 1425 1536 1464 carnem
1579 1412 1808 1465 vertitur
1847 1413 2092 1468 Salvato-

520 1500 617 1552 ris.
1156 1539 1158 1541 ›

595 1589 758 1660 226
786 1590 904 1657 llic,
937 1593 1271 1647 dilectissimi
1299 1592 1493 1647 fratres
1523 1594 1649 1658 mei,
1680 1595 1769 1648 hic
1795 1610 1944 1664 rogo,
1969 1609 2092 1663 per-

516 1681 734 1748 pendite
769 1695 930 1749 quam
965 1681 1235 1736 debitores
1275 1683 1444 1737 simus
1485 1684 1609 1738 huic
1635 1685 1962 1738 heatissiuue
1993 1685 2084 1738 Dci

2202 509 2300 562 sibi
2345 511 2527 579 elegit,
2581 511 2928 565 israeliticum
2973 513 3224 568 videlicet
3262 517 3544 585 populum,
3595 519 3678 572 cui
3725 529 3786 574 ct

2201 598 2370 666 legem
2411 600 2576 662 dedit.
2623 612 2675 654 et
2726 602 2992 657 sacriﬁcia
3024 604 3125 657 sibi
3163 606 3506 660 diversorum
3555 609 3780 664 anima-

2199 689 2325 742 lium
2376 689 2571 744 offerre
2618 693 2898 760 przet'epit.
2945 693 3050 747 Sed
3085 694 3168 749 lex
3217 695 3325 761 illa,
3377 707 3434 751 ut
3481 699 3647 752 homo
3680 715 3784 768 per

2198 794 2317 832 eam
2371 781 2610 848 perfecte
2653 783 2992 847 salvaretur,
3023 800 3361 852 nequaquam
3392 796 3512 840 erat
3558 788 3774 842 idonea.

2200 870 2350 920 Sicut
2394 870 2538 922 enim
2579 885 2676 938 per
2725 871 2948 925 Paulum
2990 873 3228 927 dicitur:
3267 893 3285 926 ‹
3319 875 3466 930 Nihil
3499 879 3569 930 ad
3600 878 3781 946 perfe-

2199 969 2340 1012 ctum
2392 961 2608 1013 adducit
2661 960 2747 1014 lex
2799 961 2987 1032 (Hebr.
3037 963 3158 1033 vn).
3192 981 3210 1014 ι
3243 964 3381 1030 Quia
3431 966 3580 1019 enim
3620 968 3772 1020 rudis

2197 1048 2374 1102 adhuc
2428 1049 2515 1102 ille
2566 1050 2813 1119 populus,
2867 1053 3150 1121 superbus,
3181 1064 3234 1108 et
3285 1056 3487 1124 rigidus
3518 1065 3662 1120 erat,
3705 1059 3774 1110 ad

2197 1137 2518 1205 portandum
2549 1139 2801 1206 perfecta:
2851 1139 2985 1210 legis
3027 1141 3235 1212 jugum,
3274 1145 3543 1198 cervicem
3593 1146 3774 1200 cordis

2196 1226 2480 1279 lmmiliare
2511 1243 2615 1281 non
2661 1238 2889 1296 poterat.
2939 1231 3012 1283 De
3039 1247 3147 1300 quo
3177 1233 3438 1286 nimirum
3470 1234 3676 1302 populo
3704 1236 3768 1288 ad

2197 1315 2416 1384 Moysen
2453 1316 2713 1371 Dominus
2763 1318 2934 1373 dicit:
2968 1339 2984 1369 ι
3019 1321 3195 1374 Cerno
3218 1322 3358 1389 quod
3402 1323 3641 1390 pupulas
3670 1323 3771 1376 iste

2196 1405 2340 1460 dura:
2367 1407 2598 1460 cervicis
2641 1408 2712 1461 sit
2762 1407 2958 1477 (Exod.
2993 1410 3188 1479 χχιιι).
3226 1430 3244 1462 ι
3282 1412 3466 1465 Danda
3508 1427 3646 1482 etgo
3696 1413 3769 1466 illi

2195 1496 2370 1550 fuerat
2418 1497 2724 1566 hujusmodi
2775 1498 2881 1562 let,
2933 1513 3053 1568 quae.
3099 1515 3200 1554 nec
3234 1501 3456 1554 omnino
3501 1517 3533 1554 a
3573 1501 3770 1555 divinis

2191 1587 2466 1655 obsequiis
2505 1588 2731 1641 libet-um
2761 1589 2840 1642 ire
2866 1590 3224 1657 permitteret,
3259 1606 3359 1644 nec
3399 1601 3582 1645 tamen
3634 1607 3770 1659 pra:-

2191 1677 2442 1744 eipiendo
2490 1691 2698 1730 summa
2755 1687 2809 1730 et
2871 1679 3050 1746 gravia
3111 1680 3427 1734 deterreret.
3485 1679 3767 1735 Sacriﬁcia

515 1771 800 1836 Genitrici,
829 1783 1164 1841 quantasque
1205 1773 1276 1826 illi
1311 1784 1432 1842 post
1481 1775 1646 1828 Deum
1681 1775 1746 1827 de
1792 1784 1976 1828 nostra
2005 1791 2081 1829 re-

2191 1774 2392 1828 autem,
2447 1782 2567 1834 qua:
2616 1775 2742 1819 tunc
2790 1766 3172 1834 offerebantur,
3219 1770 3286 1823 ad
3328 1771 3770 1825 emundationem

515 1858 823 1928 demptione
865 1862 1067 1930 gratias
1108 1878 1269 1930 agere
1315 1864 1627 1918 debeamus.
1660 1863 1790 1918 lllud
1822 1865 2087 1932 siquidem

517 1967 723 2022 corpus
754 1953 975 2018 Christi,
1014 1954 1155 2022 quod
1181 1955 1489 2009 beatissima
1519 1955 1682 2024 Virgo
1708 1956 1912 2023 genuit,
1946 1957 2088 2024 quod

514 2041 567 2094 in
597 2044 802 2110 gremio
835 2043 986 2108 fovit,
1009 2045 1151 2112 quod
1183 2045 1234 2097 in
1264 2046 1444 2099 fasciis
1466 2047 1654 2108 cinxit,
1681 2048 1820 2112 quod
1847 2056 2087 2101 materna

511 2148 642 2186 cura
672 2135 895 2188 nutrivit
924 2154 936 2186 :
973 2134 1124 2198 illud,
1151 2136 1391 2203 inquam,
1423 2137 1626 2203 absque
1655 2137 1760 2189 ulla
1788 2137 2083 2203 dubietate,

513 2240 621 2278 non
659 2225 828 2289 aliud,
871 2242 1012 2280 nunc
1037 2229 1100 2279 de
1129 2241 1286 2280 sacro
1331 2227 1486 2280 altari
1519 2227 1869 2296 percipimus,
1895 2237 1949 2281 et
1971 2228 2088 2297 ejus

512 2315 828 2383 sanguinem
891 2316 942 2368 in
995 2325 1397 2370 sacramentum
1454 2328 1652 2370 nostrae
1700 2318 2088 2387 redemptionis

513 2404 810 2458 hauri.nus.
839 2404 947 2458 lloc
969 2406 1233 2460 catholica
1262 2406 1394 2460 ﬁdes
1427 2407 1610 2471 habet,
1639 2407 1742 2460 hoc
1771 2417 1955 2462 sancta
1989 2408 2088 2462 Ec-

511 2493 676 2547 clesia
710 2495 940 2548 ﬁdeliter
969 2497 1144 2550 docet.

580 2584 768 2640 Nullus
791 2604 890 2657 ego
917 2591 1182 2643 humanus
1206 2606 1385 2645 sermo
1411 2591 1460 2644 in
1490 2591 1644 2644 laude
1668 2591 1782 2661 ejus
1812 2593 2087 2647 invenitur

510 2673 758 2739 idoneus,
782 2677 847 2730 de
869 2693 974 2746 qua
1004 2679 1266 2732 mediator
1290 2681 1380 2732 Dei
1422 2691 1475 2734 et
1506 2682 1778 2734 hominum
1808 2683 2088 2751 cognosci-

507 2773 594 2818 tur
630 2767 960 2821 incarnatus.
992 2769 1169 2838 Impar
1206 2781 1288 2824 est
1324 2772 1393 2825 illi
1423 2788 1582 2827 omne
1613 2772 1859 2827 humana:
1884 2774 2081 2842 linguae

506 2858 857 2923 pncconium,
882 2874 1002 2927 quae
1041 2860 1108 2914 de
1147 2861 1480 2916 intemerata:
1512 2863 1695 2916 carnis
1721 2879 1830 2916 sua:
1861 2865 2083 2917 visceri-

508 2946 608 2998 bus
638 2946 814 3000 cibum
867 2949 1023 3004 nobis
1075 2951 1295 3018 protulit
1324 2951 1626 3004 animarum
1663 2969 1675 3004 :
1709 2953 1856 3005 illum
1899 2953 2084 3007 videli-

2191 1857 2370 1910 caruis
2400 1857 2740 1927 aliquatenus
2770 1860 3026 1928 prodesse
3065 1869 3334 1929 poterant,
3378 1862 3446 1915 ad
3475 1863 3770 1916 conferen-

2189 1945 2315 1998 dum
2344 1961 2470 2000 vero
2501 1947 2780 2001 animabus
2804 1950 2966 2018 227
2993 1950 3222 2005 salutem
3247 1950 3500 2006 sufﬁcere
3530 1968 3641 2007 non
3673 1967 3763 2005 va-

2191 2034 2370 2088 lebant
2393 2077 2408 2099 ,
2452 2037 2668 2090 dicente
2705 2039 2962 2106 Apostolo
2998 2057 3010 2091 :
3051 2058 3069 2090 ι
3105 2039 3163 2094 Si
3198 2041 3343 2094 enim
3383 2043 3612 2110 sanguis
3651 2051 3767 2096 tau-

2190 2143 2393 2191 rorum,
2447 2138 2540 2182 aut
2588 2130 2896 2195 vitulorum,
2957 2143 3050 2185 aut
3093 2133 3233 2187 cinis
3279 2134 3460 2188 vitulm
3487 2150 3764 2204 aspersus,

2152 2212 2497 2285 'inquinatos
2551 2220 2859 2274 sanctiﬁcat
2911 2223 2979 2274 ad
3045 2223 3482 2278 emundationem
3539 2227 3763 2290 carnis;

2188 2316 2388 2376 quanto
2442 2309 2613 2379 magis
2661 2311 2881 2380 sanguis
2929 2311 3150 2378 Christi,
3203 2314 3292 2382 qui
3346 2329 3441 2384 per
3502 2315 3764 2384 Spiritum

2189 2405 2438 2451 sanctum
2471 2413 2529 2453 se
2571 2399 2768 2454 obtulit
2818 2401 3220 2456 immaculatum
3272 2405 3405 2468 Deo,
3449 2407 3766 2461 emundabit

2188 2491 2574 2544 conscientiam
2604 2501 2844 2546 nostram
2881 2495 2947 2547 ad
2971 2496 3315 2549 serviendum
3343 2495 3453 2550 Deo
3474 2498 3714 2552 viventi?
3740 2518 3758 2548 ι

2189 2579 2395 2648 (Hebr.
2452 2585 2735 2652 tx.)(.'um
2795 2585 2940 2638 enim
2988 2585 3057 2639 ad
3101 2587 3538 2642 emundationem
3588 2589 3763 2642 carnis

2189 2671 2460 2725 sacriﬁcia
2495 2673 2577 2724 illa
2610 2674 2865 2741 prodesse
2893 2675 3196 2739 denuntiat,
3230 2678 3612 2745 purgationem
3645 2679 3761 2732 ani-

2188 2761 2378 2816 mabus
2430 2763 2679 2818 conferre
2707 2776 3050 2835 nequaquam
3086 2767 3328 2836 potuisse
3366 2767 3640 2840 designat.
3663 2768 3761 2822 Ne-

2185 2865 2290 2919 que
2339 2853 2480 2906 enim
2530 2854 2856 2909 irrationalis
2883 2866 3132 2910 creatura
3197 2858 3264 2911 ad
3312 2859 3755 2913 sanctiﬁcandam

2189 2942 2506 2996 rationalem
2545 2957 2667 2997 esse
2704 2953 2916 3012 poterat
2951 2946 3146 3000 valida.
3179 2946 3284 3001 Sed
3318 2963 3417 3002 nec
3440 2949 3541 3018 ipsi
3580 2963 3754 3004 sacer-

507 3045 614 3099 cet,
643 3039 732 3106 qui
763 3040 830 3093 de
859 3016 1150 3110 semetipso
1178 3044 1448 3110 perhibet,
1499 3043 1686 3098 dicens
1717 3062 1728 3096 ε
1769 3063 1786 3094 ι
1817 3045 1926 3114 Ego
1957 3061 2077 3099 sum

2187 3034 2340 3086 dotes
2379 3034 2718 3088 sanctiﬁcare
2770 3037 3021 3106 populum
3072 3050 3342 3106 poterant,
3388 3016 3518 3108 quia
3557 3049 3614 3095 et
3659 3041 3752 3109 ipsi

508 3127 662 3192 panis
685 3128 858 3192 vivus,
891 3131 984 3198 qui
1031 3107 1097 3184 die
1139 3107 1277 3185 ctelo
1319 3132 1606 3187 descendi:
1641 3135 1683 3187 si
1711 3135 1833 3203 quis
1862 3107 1933 3187 ex
1977 3136 2079 3189 hoc
2105 3107 2150 3168 C
2185 3140 2279 3194 Ι)Γο
2307 3126 2418 3179 “is
2448 3127 2687 3181 minibus
2726 3127 2921 3183 οπθττθ
2949 3131 3154 3186 δοεῑίθε
3183 3132 3516 3202 indigebant
3552 3133 3750 3203 Neque.

505 3234 644 3286 pane
697 3223 1126 3286 manducaverit,
1169 3223 1310 3278 vivet
1339 3225 1388 3277 in
1414 3235 1675 3279 mternutn
1705 3224 1886 3296 (Joan.
1918 3227 2014 3296 vt).
2055 3247 2073 3279 ι

509 3306 614 3360 Per
639 3309 818 3363 cibum
844 3325 1074 3379 namque
1106 3328 1133 3364 a
1164 3315 1398 3382 paradisi
1427 3332 1612 3370 suums
1645 3317 1962 3371 ammnitate
1989 3317 2080 3372 de-

499 3399 653 3467 iecti,
681 3415 776 3469 per
802 3403 979 3456 cibum
1009 3419 1221 3472 quoque
1249 3405 1314 3459 ad
1339 3395 1572 3476 paradisi
1595 3410 1785 3477 gaudia
1816 3412 2075 3478 reparati.

504 3488 698 3544 Cibum
734 3494 969 3546 comedit
1011 3495 1140 3559 Eva,
1173 3511 1268 3565 per
1321 3511 1479 3566 Quem
1522 3515 1620 3552 nos
1658 3503 1844 3555 aeterni
1887 3502 2078 3572 jejunii

505 3578 646 3630 fame
683 3579 955 3645 multavit;
992 3583 1169 3636 cibum
1219 3584 1386 3638 Maria
1433 3587 1620 3649 edidit,
1647 3588 1739 3655 qui
1779 3590 1933 3644 nobis
1962 3604 2076 3644 cu:-

503 3664 658 3721 lcstis
685 3670 915 3723 convivii
950 3671 1153 3725 aditum
1182 3674 1454 3742 patefecit.
1484 3675 1581 3729 llic
1611 3677 1795 3737 etiam,
1830 3677 2074 3744 obsecro,

503 3757 844 3814 dilectissimi
875 3760 1092 3826 fratres,
1118 3764 1206 3818 hic
1235 3765 1430 3819 lineam
1463 3777 1661 3821 nostrae
1691 3769 2077 3837 redemptionis

500 3848 788 3919 diligenter
807 3855 1088 3919 attendite,
1119 3865 1173 3911 et
1197 3873 1356 3924 quam
1383 3860 1524 3911 circa
1561 3875 1657 3912 nos
1688 3861 1880 3913 divinae
1907 3863 2077 3931 pieta-

503 3941 572 3992 tis
624 3941 834 3996 viscera
887 3944 1085 4000 l'uerint
1141 3948 1365 4012 intenta,
1421 3951 1599 4004 cordis
1648 3967 1781 4006 aure
1834 3963 2072 4021 peusate.

500 4028 651 4086 Fecit
705 4033 844 4089 Deus
901 4038 1194 4102 hominem,
1252 4048 1309 4092 ιιι
1363 4041 1433 4093 ita
1487 4042 1736 4105 dixerim,
1773 4044 2077 4098 mortaliter

501 4122 884 4192 immortalem,
919 4127 1170 4183 videlicet
1214 4141 1272 4182 ut
1323 4131 1365 4183 si
1420 4135 1692 4186 custodire
1725 4134 1884 4189 vellet
1939 4150 2074 4201 prae-

499 4221 713 4280 ceptum
735 4217 1075 4283 ohedientize,
1102 4222 1153 4273 in
1178 4232 1436 4276 aeternum
1467 4225 1704 4288 viveret;
1728 4227 1770 4278 si
1805 4242 1932 4280 vero
1954 4243 2075 4280 con-

499 4308 785 4369 temneret,
817 4308 1006 4361 mortis
1034 4323 1154 4361 mox
1187 4309 1412 4378 imperio
1444 4313 1765 4377 subjacerct.
1799 4314 1936 4380 Quid
1963 4316 2076 4382 pitt-

498 4391 592 4443 ra?
626 4392 877 4450 Peccavit
925 4398 1109 4461 homo,
1151 4400 1368 4454 diabolo
1399 4403 1660 4457 suadente
1697 4403 1846 4473 (lien.
1881 4409 1984 4473 tu),
2017 4416 2071 4460 et

497 4497 607 4542 tota
640 4489 860 4542 humani
899 4491 1112 4558 generis
1145 4492 1308 4545 arbor
1334 4503 1594 4548 venenata
1624 4505 1707 4548 est
1757 4497 1806 4549 in
1862 4497 2064 4552 radice.

495 4577 707 4631 Cecidit
763 4577 948 4632 infelix
997 4588 1150 4647 pater
1201 4595 1297 4649 per
1343 4581 1552 4652 gulam,
1587 4592 1640 4638 et
1671 4585 1919 4638 universa
1954 4585 2069 4654 ejus

496 4665 782 4735 progenies
855 4682 946 4720 rea
1011 4667 1149 4722 facta
1213 4680 1296 4724 est
1356 4686 1450 4740 per
1508 4682 1794 4743 naturam,
1857 4676 2069 4730 dicente

495 4753 750 4824 Apostolo
785 4772 798 4807 :
838 4775 855 4807 ι
893 4756 1120 4812 Eramus
1150 4769 1339 4814 natura
1368 4762 1460 4816 ﬁlii
1488 4764 1598 4826 irae,
1633 4765 1766 4818 sicut
1809 4773 1862 4819 et
1888 4767 2068 4820 caeteri

496 4842 712 4911 (Ephes.
741 4846 821 4911 ιι).
851 4864 870 4896 ι

568 4933 766 4987 Factus
789 4943 875 4987 est
906 4935 1087 5004 itaque
1107 4937 1279 4990 Adam
1317 4938 1656 5003 fermentum.
1682 4953 1736 4995 et
1762 4944 2067 4997 universam

495 5023 740 5092 corrupit
770 5023 1168 5081 multitudinem
1199 5027 1458 5094 ﬁliorum;
1486 5032 1608 5099 quia
1631 5033 1758 5086 dum
1785 5033 1875 5088 ille
1900 5036 2068 5102 pesti-

494 5111 613 5166 fero
645 5113 914 5180 serpentis
961 5127 1168 5169 veneno
1193 5117 1438 5182 vitiatur,
1472 5129 1582 5174 tota
1616 5121 1668 5174 in
1717 5123 1808 5176 illo
1849 5123 2068 5177 humani

495 5201 712 5270 generis
765 5215 941 5258 massa
987 5205 1374 5272 corrumpitur.
1423 5208 1574 5263 Unde
1621 5211 1914 5267 irradiante
1957 5213 2067 5280 jam

493 5303 646 5328 nnvm
682 5290 867 5328 σμίλης)
898 5290 1181 5328 :nlnmlnrn
1236 5310 1331 5328 nm-
1376 5299 1649 5328 Anopnn:nm
1683 5301 1838 5328 ....|.:..
1873 5303 2036 5328 .._.-..t:

2180 3215 2389 3270 delictis
2409 3216 2648 3283 obnoxii,
2675 3218 2996 3273 delictorum
3020 3221 3273 3275 valebant
3292 3221 3507 3276 vincula
3527 3223 3752 3287 solvere,

2179 3306 2263 3360 vel
2291 3317 2604 3375 peccatores
2630 3318 2968 3378 peccatorem
2988 3310 3310 3378 justiﬁeare.

2250 3395 2482 3451 Necesse
2511 3413 2642 3466 ergo
2697 3409 2815 3453 erat
2848 3409 2906 3453 ut
2953 3400 3076 3456 talis
3112 3401 3367 3456 sacerdos
3395 3401 3750 3467 inveniretur,

2183 3490 2296 3557 qui,
2327 3490 2452 3542 dum
2487 3489 2540 3542 in
2587 3490 2706 3543 aliis
2759 3500 3100 3560 peccatorum
3129 3494 3319 3548 sordes
3350 3493 3616 3558 ablueret,
3649 3495 3756 3563 ipse

2181 3579 2232 3633 in
2260 3595 2320 3634 se
2347 3579 2671 3634 abluendum
2705 3581 2904 3650 aliquid
2940 3598 3044 3637 non
3076 3584 3332 3647 sentiret;
3357 3593 3411 3638 et
3437 3586 3565 3639 dum
3597 3585 3753 3640 alieni

2180 3681 2364 3725 reatus
2421 3673 2670 3742 contagia
2733 3682 3006 3742 tergeret,
3059 3675 3112 3728 in
3169 3677 3464 3744 semetipso
3517 3676 3766 3747 aliquam-

2179 3761 2338 3831 lepne
2368 3763 2632 3815 maculam
2667 3778 2774 3817 non
2808 3764 3053 3817 haberet.
3105 3763 3210 3818 Sed
3244 3764 3549 3832 hujusmodi
3598 3767 3755 3820 homo

2179 3851 2230 3903 in
2257 3853 2491 3905 humano
2512 3867 2710 3921 genere
2753 3853 2979 3907 inveniri
3010 3867 3114 3907 non
3145 3862 3377 3923 poterat,
3406 3858 3534 3924 quia
3586 3871 3752 3908 unus-

2176 3941 2404 4009 quisque
2452 3957 2574 3994 cum
2618 3941 2886 4012 Pr0pheta
2920 3943 3064 3995 hunc
3107 3943 3435 3996 versiculum
3487 3944 3754 3998 veraciter

2175 4031 2499 4086 decantahat
2533 4050 2545 4084 :
2582 4050 2600 4082 ι
2639 4033 2776 4086 Ecce
2795 4033 2937 4086 enim
2969 4033 3020 4086 in
3051 4034 3426 4102 iniquitatibus
3454 4044 3750 4105 conceptus

2175 4135 2319 4179 sum,
2343 4128 2395 4173 et
2425 4121 2478 4173 in
2505 4119 2714 4175 delictis
2737 4123 2942 4190 peperit
2967 4135 3051 4175 me
3074 4132 3246 4177 mater
3268 4137 3386 4176 mea
3409 4122 3583 4194 (Psal.
3616 4124 3701 4191 L);
3731 4143 3748 4174 ι

2175 4220 2250 4275 et,
2275 4206 2428 4267 sicut
2467 4226 2566 4279 per
2591 4211 2904 4280 Apostolum
2948 4213 3186 4267 dicitur:
3224 4213 3466 4268 «Omnes
3505 4229 3754 4284 peccave-

2176 4313 2324 4364 runt,
2356 4311 2411 4356 et
2436 4312 2594 4372 egent
2613 4302 2785 4373 gloria
2819 4304 2910 4358 Dei
2943 4304 3121 4374 (Rom.
3157 4306 3261 4375 tu).
3303 4327 3321 4357 ι

2245 4393 2504 4457 Obsecro,
2545 4394 2880 4449 dilectissimi
2926 4394 3124 4450 fratres
3171 4397 3296 4459 mei.
3345 4398 3488 4453 hanc
3538 4410 3750 4463 vestrae,

2179 4483 2288 4536 imo
2322 4491 2521 4536 nostra:
2541 4483 2734 4537 salutis
2760 4485 3048 4538 historiam
3079 4487 3363 4556 diligenter
3389 4491 3673 4552 attendite,
3700 4499 3752 4542 et

2177 4573 2424 4628 humana:
2475 4573 2886 4628 restaurationis
2939 4575 3182 4630 ordinem
3233 4577 3396 4632 etiam
3451 4579 3507 4634 in
3555 4581 3751 4635 vestris

2175 4664 2430 4720 cordibus
2455 4665 2718 4720 ordinate.
2749 4665 2924 4720 Corda
2957 4666 3195 4737 vigilem,
3225 4669 3367 4724 oculi
3412 4683 3521 4725 non
3549 4669 3751 4725 dormi-

2177 4765 2307 4810 tent.
2334 4755 2467 4810 Cum
2504 4755 2663 4826 igitur
2686 4755 2992 4825 hujusmodi
3022 4758 3180 4812 homo
3204 4758 3256 4811 in
3285 4758 3525 4814 humano
3549 4776 3747 4830 genere

2175 4848 2404 4901 inveniri
2435 4863 2538 4901 non
2561 4856 2764 4916 posset,
2795 4862 2860 4901 ne
2887 4849 2938 4902 in
2961 4856 3182 4918 peccato
3212 4866 3310 4905 suo
3335 4853 3539 4920 periret
3568 4853 3745 4917 homo,

2172 4939 2396 4995 Creator
2447 4940 2724 4994 hominum
2772 4941 2840 4994 de
2885 4939 3200 4997 beatissima
3257 4943 3480 5013 Virgine
3529 4960 3743 5000 carnem

2171 5043 2412 5095 sumens,
2439 5027 2556 5081 sine
2576 5037 2800 5097 peccato
2834 5031 3010 5085 factus
3035 5042 3120 5086 est
3148 5033 3332 5097 homo,
3374 5035 3493 5088 sine
3522 5043 3742 5104 peccato

2171 5129 2461 5189 eortceptus
2485 5119 2539 5172 in
2572 5119 2809 5191 Virginis
2831 5131 3006 5187 utero,
3035 5124 3150 5178 sine
3173 5135 3398 5193 peccato
3419 5136 3501 5182 est
3524 5141 3742 5181 conver-

2171 5221 2324 5264 satus
2365 5210 2417 5264 in
2470 5212 2690 5264 mundo.
2733 5212 2854 5272 Eia.
2888 5211 3105 5278 fratres,
3151 5213 3434 5277 intendite,
3463 5217 3737 5276 intendite,

2172 5299 2387 5328 :nnllnm
2462 5309 2514 5328 Δ.
2561 5299 2828 5328 :nnﬂ'..|.:|n
2875 5302 3253 5328 M-IA----‘:A—:n
