3978 5328
163 305 270 360 7ιό

1537 297 1770 356 SER-MO
1811 301 1972 358 XLV.

3331 301 3436 362 ἨΒ

163 419 426 474 sacerdos
463 418 514 472 in
549 425 838 482 aeternum,
889 416 1186 472 secundum
1238 415 1484 472 ordinem
1525 413 1746 472 Melchi-
1773 421 1824 480 Α
1859 433 1876 466 ι
1914 417 2166 472 Christus
2209 433 2398 486 passus
2443 427 2526 472 est
2559 433 2657 487 pro
2685 419 2868 483 nobis,
2919 420 3074 476 vobis
3121 419 3436 491 relinquens

161 511 364 566 sedech
405 507 578 580 (ἔνιαι.
611 511 741 578 eis).
781 528 797 558 ι
835 507 942 562 Sed
969 507 1108 563 sicut
1131 523 1226 578 per
1251 507 1474 562 Paulqu
1499 507 1700 562 dicitur
1731 523 1745 560 :

167 623 186 654 ι
223 601 458 656 Necesse
491 609 574 655 est
605 599 940 654 sacerdotem
991 599 1193 668 aliquid
1223 599 1422 654 [rabere
1450 601 1592 670 quod
1619 597 1752 652 offe-

163 705 249 745 rat
307 691 495 764 (Hebr.
555 691 709 760 vttt).
747 709 766 742 ο
821 690 1241 752 Verumtamen,
1301 691 1442 744 sicut
1501 689 1750 758 superius

161 785 370 836 dictum
397 791 500 844 est,
527 780 861 850 impossibile
887 789 1083 834 eratut
1109 779 1390 834 brutorum
1409 795 1604 834 carnes
1627 777 1748 832 ani-

159 873 388 925 malium
418 871 824 926 sanctiﬁcarent
851 871 1062 924 animas
1091 871 1392 934 hominum,
1432 887 1486 924 et
1529 869 1748 923 irratio-

157 967 316 1026 nalis
361 967 538 1020 hostia
591 965 804 1020 ratione
861 965 1128 1018 utentium
1191 963 1468 1018 snfiiceret
1529 963 1750 1016 abolere

157 1067 410 1125 peccata.
443 1056 598 1112 Unde
619 1071 684 1110 ex
713 1071 940 1125 persona
971 1054 1092 1108 Filii
1120 1055 1184 1106 ad
1227 1053 1443 1108 Patrem
1477 1069 1572 1124 per
1598 1053 1750 1106 Psal-

157 1149 382 1202 mistam
407 1149 606 1202 dicitur
631 1165 644 1198 :
677 1167 694 1198 ί
721 1145 1064 1202 Sacrificium
1089 1157 1140 1200 et
1165 1145 1488 1200 oblationem
1507 1145 1746 1208 noluisti,

157 1241 478 1294 holocausta
517 1239 680 1294 etiam
730 1253 828 1306 pro
873 1237 1071 1292 delicto
1101 1253 1206 1290 non
1249 1237 1565 1306 postulasti;
1621 1247 1750 1290 tunc

157 1334 266 1386 dixi
299 1347 314 1385 :
347 1333 488 1386 Ecce
515 1333 670 1386 venio
702 1329 872 1398 (Prol.
910 1332 1122 1394 xxxix).
1165 1351 1180 1380 ι
1217 1329 1512 1400 Oportebat
1541 1338 1750 1400 ergout

159 1424 448 1478 rationalis
481 1423 656 1478 hostia
687 1425 862 1484 licret,
887 1437 1006 1490 qua:
1031 1433 1334 1474 creaturam
1371 1421 1746 1474 rationabilem

154 1516 430 1584 expiaret.
463 1513 570 1568 Sed
607 1525 861 1584 peccator
887 1515 1084 1582 aliquis
1109 1516 1287 1576 homo,
1327 1515 1464 1568 sicut
1495 1515 1748 1580 indignus

153 1615 276 1662 erat
313 1617 372 1662 ut
395 1608 724 1662 sacrificium
751 1605 991 1670 oll'erret,
1017 1607 1096 1660 sic
1119 1608 1282 1659 etiam
1316 1605 1663 1659 nihilominus
1693 1613 1750 1656 ut

155 1699 274 1766 ipse
316 1699 648 1752 sacriﬁcium
687 1701 863 1752 lieret.
893 1699 1030 1764 Quid
1073 1699 1238 1766 igitur
1268 1698 1522 1750 sacerdos
1565 1705 1750 1750 noster

1853 507 2180 576 exemplum,
2215 517 2272 560 ut
2296 509 2598 576 sequamini
2621 509 2844 580 vestigia
2867 509 2985 579 ejus
3013 509 3064 580 (I
3095 511 3242 564 Petr.
3277 509 3376 582 tt);
3413 533 3431 565 ι

1851 609 1904 652 et
1927 600 2126 654 Paulus
2156 618 2168 652 :
2207 619 2226 652 ‹
2259 602 2583 668 Imitatores,
2614 602 2806 671 inquit,
2831 603 2924 658 Dei
2949 613 3140 668 estote,
3166 613 3219 660 et
3241 606 3439 658 ambu-

1853 691 1958 744 late
2007 690 2060 743 in
2104 691 2426 756 dilectione,
2458 693 2600 746 sicut
2628 701 2684 746 et
2721 693 2973 748 Christus
3002 697 3190 750 dilexit
3231 711 3352 765 nos,
3391 715 3446 750 ei.

1853 781 2070 835 tradidit
2093 785 2440 852 semetipsum
2463 799 2559 852 pro
2579 784 2733 838 nobis
2747 786 3100 852 oblationem,
3123 795 3177 842 et
3199 788 3373 842 hostia
3391 803 3442 841 in

1853 869 1961 924 Deo
1991 871 2042 924 in
2067 873 2286 926 odorem
2323 873 2603 928 suavitatis
2623 875 2839 944 (Ep/res.
2863 877 2938 946 v).
2976 896 2994 928 ι

1923 963 2280 1034 Degustemus
2309 979 2440 1034 ergo
2461 979 2628 1030 nunc,
2663 967 3024 1030 dilectissimi,
3055 984 3176 1024 cum
3215 963 3432 1024 Christo

1853 1053 2200 1122 temporalem
2249 1067 2639 1110 momentanezn
2683 1059 2873 1112 mortis
2905 1059 3341 1124 amaritudinem,
3373 1068 3432 1114 ut

1853 1145 1917 1198 ad
1961 1155 2222 1198 teter-nam
2253 1147 2592 1214 postmodum
2621 1150 3032 1205 resurrectionis
3069 1153 3186 1220 ejus
3213 1167 3430 1206 merea-

1853 1251 1974 1288 mur
2009 1237 2294 1304 pervenire
2341 1239 2700 1294 dulcedinem.
2751 1239 2904 1306 Quod
2964 1243 3106 1296 enim
3161 1245 3288 1298 fecit
3329 1259 3429 1312 pro

1853 1327 2028 1390 nobis,
2063 1327 2162 1382 hoc
2191 1329 2353 1383 etiam
2389 1329 2502 1382 fieri
2531 1331 2727 1398 qttzerit
2755 1349 2786 1384 a
2817 1331 2996 1397 nobis,
3029 1343 3264 1388 testante
3297 1333 3430 1388 l’ro-

1851 1418 2030 1486 pheta,
2065 1419 2156 1487 qui
2203 1419 2280 1473 ait
2312 1433 2326 1473 :
2365 1439 2382 1470 ι
2415 1421 2573 1487 Quid,
2627 1423 2818 1491 inquit,
2855 1425 3148 1478 retribuam
3203 1427 3432 1482 Domino

1851 1525 1950 1578 pro
1979 1511 2228 1564 omnibus
2255 1527 2374 1580 qua:
2405 1514 2656 1567 retribuit
2707 1515 2873 1568 mihi?
2901 1515 3136 1570 Calicem
3181 1516 3435 1571 salutaris

1853 1600 2136 1668 accipiam.
2171 1611 2222 1654 et
2255 1617 2448 1654 nomen
2483 1603 2692 1656 Domini
2733 1605 2996 1658 invocabo
3025 1603 3194 1675 (l’sal.
3225 1607 3371 1678 cxv).
3411 1629 3432 1658 ι

1853 1693 1956 1744 l‘ro
1989 1709 2172 1746 uosrra
2223 1697 2423 1747 etenim
2473 1695 2846 1765 redemptione
2891 1711 2995 1750 non
3041 1713 3234 1751 aurum
3263 1699 3432 1764 dedit,

153 1775 398 1844 faceret?
426 1789 544 1856 Quo
565 1805 624 1844 se
649 1790 914 1844 verteret?
944 1791 1094 1856 Quod
1137 1789 1522 1857 redemptionis
1549 1797 1747 1840 nostrae
1779 1800 1822 1858 Β
1853 1803 1958 1838 non
1992 1795 2276 1854 argentum
2312 1787 2590 1856 appendit,
2623 1803 2728 1842 non
2771 1789 3057 1856 pecuniam
3093 1789 3432 1856 muneravit;

153 1881 448 1934 consilium
470 1881 770 1934 inveniret?
801 1879 950 1934 Unde
977 1879 1242 1932 mediator
1269 1879 1357 1932 Dei
1389 1887 1442 1932 et
1469 1878 1745 1932 hominum

153 1969 482 2038 placationis
509 1971 740 2024 hostiam
771 1977 1158 2036 sumeret,qua
1182 1983 1368 2038 pacem
1401 1969 1540 2022 inter
1555 1968 1743 2032 Deum,

151 2069 206 2115 et
223 2061 510 2116 hominem
535 2060 893 2116 reformaret?
915 2059 1104 2114 Omnis
1128 2059 1324 2130 quippe
1351 2067 1564 2114 terrena
1593 2073 1748 2112 crea-

149 2163 300 2214 tura,
335 2154 384 2210 si
429 2153 708 2208 rationalis
738 2163 887 2214 erat,
925 2155 1128 2222 peccati
1163 2153 1313 2208 virus
1343 2153 1408 2206 de
1443 2153 1602 2222 primi
1649 2169 1744 2222 pa-

153 2247 330 2300 rentis
353 2245 540 2300 radice
561 2255 942 2310 contraxerat;
969 2246 1012 2300 si
1043 2243 1394 2312 irrationalis,
1425 2243 1744 2300 rationalem

151 2337 468 2406 justifiearc
500 2353 606 2392 non
637 2347 871 2406 poterat.

217 2429 396 2498 228
425 2429 562 2495 Quid
595 2444 724 2499 ergo
771 2428 974 2483 faceret
1007 2431 1276 2484 mediator
1321 2429 1490 2500 pacis,
1524 2437 1578 2484 et
1627 2429 1744 2500 ipse

153 2525 296 2592 pax?
343 2522 466 2592 Ipse
508 2531 593 2576 est
645 2523 788 2576 enim
841 2538 944 2590 pax
991 2531 1194 2586 nostra,
1226 2523 1316 2592 qui
1355 2523 1478 2576 fecit
1511 2533 1740 2592 utraque

151 2629 340 2674 nmtm,
381 2621 436 2666 et
465 2613 702 2667 medium
733 2613 994 2681 parietem
1027 2613 1276 2668 maceria:
1297 2614 1532 2678 solvens,
1563 2613 1740 2668 inimi-

150 2705 314 2758 citias
347 2705 400 2756 in
454 2719 622 2758 carne
671 2719 767 2758 sua
817 2717 830 2756 :
873 2703 1042 2774 iegem
1073 2705 1449 2758 mandatorum
1489 2691 1740 2758 decretis

149 2809 452 2858 evacuans,
483 2803 540 2847 ut
583 2793 720 2849 duos
747 2795 1009 2849 conderet
1045 2796 1098 2847 in
1151 2795 1443 2864 semetipso
1489 2795 1542 2848 in
1572 2811 1738 2848 untun

149 2901 354 2940 novum
393 2885 672 2938 hominem
697 2924 710 2948 ,
739 2883 944 2938 faciens
1001 2900 1219 2954 pacem;
1263 2895 1320 2938 ut
1367 2885 1744 2940 reconciliaret

151 2977 344 3030 ambos
375 2975 428 3028 in
457 2991 562 3028 uno
589 2990 820 3042 corpore
857 2975 964 3029 Deo
1003 2991 1101 3044 per
1127 2991 1369 3038 crucem,
1409 2977 1742 3032 interﬁciens

155 3067 476 3122 inimicitias
533 3067 586 3120 in
639 3067 972 3136 semetipso:
1013 3077 1066 3122 et
1098 3071 1318 3122 veniens
1349 3069 1740 3140 evangelizavit

1851 1881 1945 1932 sed
1995 1879 2342 1946 semetipsum
2397 1879 2651 1944 tradidit,
2708 1880 3006 1948 pretiosum
3059 1881 3140 1934 sui
3187 1883 3434 1950 corporis

1803 1971 1806 1974 ’
1850 1971 2167 2041 sanguinem
2191 1969 2348 2036 fudit,
2377 1973 2649 2041 propriam
2675 1987 2772 2040 pro
2795 1973 2949 2026 nobis
2971 1973 3206 2026 animam
3231 1973 3432 2042 posuit.

1853 2063 2006 2118 Unde
2051 2071 2106 2116 et
2157 2063 2352 2118 Petrus
2403 2065 2522 2118 ait:
2567 2081 2584 2114 ι
2621 2063 2738 2118 Non
2786 2065 3231 2134 corruptibilihus
3274 2081 3430 2130 auro,

1847 2153 1930 2206 vel
1963 2163 2188 2222 argento
2221 2153 2482 2221 redempti
2509 2154 2638 2207 estis
2665 2155 2730 2208 de
2759 2169 2896 2208 vana
2925 2163 3105 2208 vestra
3138 2171 3430 2210 conversa—

1831 2244 1996 2298 ‘tione
2055 2255 2294 2313 paterna:
2337 2245 2671 2304 traditionis:
2705 2247 2800 2300 sed
2851 2245 3092 2315 pretioso
3145 2247 3430 2316 sanguine,

1847 2337 2000 2404 quasi
2054 2337 2190 2404 Agni
2238 2337 2592 2401 innnacniati,
2651 2347 2707 2392 et
2765 2339 3176 2394 incomaminati
3225 2339 3426 2395 Christi

1847 2425 1898 2494 (Ι
1939 2423 2084 2478 I’etr.
2110 2425 2168 2494 t).
2191 2443 2207 2476 ι

1917 2515 2152 2586 Expedit
2192 2535 2356 2588 ergo,
2412 2527 2470 2572 ut
2523 2519 2873 2590 lledemptori
2939 2537 3036 2576 suo
3077 2523 3430 2594 semetipsum

1843 2603 2060 2670 oﬂ'erat,
2089 2609 2395 2677 quicunque
2427 2609 2492 2662 ad
2519 2609 2636 2676 ejus
2666 2613 2996 2666 consortium
3033 2615 3315 2683 pervenire
3352 2615 3438 2668 fe»

1843 2699 2030 2752 stinat.
2059 2699 2202 2752 illius
2221 2702 2443 2770 vestigia
2472 2703 2702 2757 invitetur
2739 2704 2918 2768 invia,
2950 2707 3038 2774 qui
3065 2723 3187 2760 cum
3214 2723 3278 2761 eo
3301 2723 3434 2777 gan-

1844 2791 1973 2846 dere
2002 2793 2219 2846 anhelat
2247 2793 2298 2844 in
2330 2795 2524 2862 patrio.
2555 2793 2706 2848 lllmn
2731 2796 2830 2850 sibi
2859 2797 3046 2850 ducem
3073 2799 3238 2870 229
3265 2799 3432 2854 faciat

1845 2883 1897 2938 in
1931 2883 2155 2949 itinere,
2197 2886 2288 2954 qui
2329 2887 2378 2939 ri
2425 2887 2696 2957 particeps
2742 2905 2858 2944 esse
2906 2891 3176 2946 desiderat
3214 2893 3266 2947 in
3307 2909 3431 2964 per-

1847 2974 2113 3030 ventione.
2152 2993 2168 3024 ι
2205 2975 2260 3030 Si
2291 2977 2434 3030 enim
2461 2981 2841 3050 coutpatimur,
2861 2989 2916 3033 et
2945 2985 3432 3052 conrcgnabimus;

1843 3065 1886 3120 si
1917 3067 2326 3132 commorimur,
2357 3079 2414 3122 et
2435 3071 2784 3124 convivemus
2809 3071 2986 3142 (Rem.
3019 3075 3158 3142 vui).
3199 3095 3214 3125 δ
3245 3075 3310 3128 Et
3334 3077 3436 3130 ite-

147 3173 342 3224 pacem
372 3157 567 3227 bisqui
597 3157 774 3226 longe,
798 3169 852 3210 ct
878 3173 1064 3226 pacem
1093 3159 1174 3212 his
1199 3161 1492 3232 quiprope.
1519 3161 1734 3230 (Ep/tes.
1767 3175 1812 3236 ρ
1843 3173 1962 3211 rmn
2013 3157 2154 3212 idem
2206 3159 2338 3214 dicit
2385 3159 2672 3230 Apostolus
2705 3179 2717 3215 :
2759 3183 2776 3214 ε
2815 3163 2870 3216 Si
2916 3165 3260 3235 complantati
3307 3165 3434 3222 facti

149 3249 248 3316 it),
289 3247 464 3313 Quid,
503 3248 754 3316 inquam,
808 3247 1049 3302 faceret?
1097 3249 1486 3316 Considerate,
1541 3253 1737 3308 fratres

147 3337 290 3400 mei,
326 3337 618 3406 diligenter
658 3340 998 3394 considerate
1048 3339 1334 3396 iueﬂ'ahilis
1365 3343 1572 3397 viscera
1622 3345 1736 3412 pie-

151 3427 298 3491 talis,
334 3427 658 3497 perpendite
689 3429 1013 3486 immensum
1037 3443 1092 3486 et
1123 3433 1499 3488 intestimabile
1529 3436 1739 3502 pondus

148 3515 344 3570 divina:
375 3519 683 3574 charitatis.
721 3519 856 3585 Quia
886 3521 1032 3576 enim
1081 3522 1132 3575 in
1172 3525 1332 3576 rebus
1367 3523 1598 3578 inveniri
1631 3540 1738 3578 non

143 3615 368 3674 poterat
413 3609 654 3676 pretium
705 3621 906 3664 nostra:
951 3611 1364 3680 redemptionis,
1409 3613 1740 3684 Redemptor

149 3709 338 3754 noster
373 3701 730 3770 semetipsum
763 3703 960 3758 obtulit
1007 3704 1154 3778 Patri
1185 3721 1282 3774 pro
1312 3707 1469 3761 nobis
1502 3709 1736 3762 hostiam

147 3789 198 3841 in
225 3791 454 3847 odorem
485 3794 790 3849 suavitatis.
829 3796 922 3851 Sic
969 3797 1084 3866 ipse
1131 3797 1312 3854 factus
1347 3810 1430 3854 est
1477 3801 1736 3854 sacerdos

143 3893 194 3936 et
245 3883 617 3950 sacrificium,
669 3887 782 3956 ipse
833 3889 1142 3958 redemptor
1181 3901 1236 3946 et
1283 3893 1539 3960 pretimn.
1588 3893 1738 3948 Unde

149 3985 296 4030 recte
329 3991 430 4044 per
459 3975 686 4030 Paulum
717 3979 918 4032 dicitur
949 3997 962 4032 :
1004 3999 1021 4030 ι
1053 3981 1200 4036 Talis
1229 3985 1370 4036 enim
1403 3985 1630 4040 decebat
1653 3965 1656 3968 i
1681 3995 1739 4040 ut

145 4067 300 4120 nobis
331 4078 481 4122 esset
505 4067 772 4140 pontifex,
809 4083 1052 4141 sanctus,
1085 4075 1364 4142 innocens,
1401 4079 1733 4150 impollutus,

145 4170 468 4230 segregatus
499 4177 526 4214 a
561 4165 944 4232 peccatoribus
973 4175 1028 4220 et
1054 4169 1322 4224 excelsior
1346 4171 1500 4224 coelis
1537 4171 1730 4231 factus:

143 4251 232 4318 qui
256 4269 370 4306 non
395 4253 558 4308 habet
586 4256 828 4324 quotidie
861 4261 1261 4324 necessitatem,
1281 4263 1734 4330 quemadmodum

145 4344 482 4408 sacerdotes,
517 4347 666 4416 prius
709 4365 808 4418 pro
847 4351 960 4406 suis
1009 4352 1223 4408 delictis
1251 4355 1460 4408 hostias
1507 4354 1730 4422 oll'erre,

141 4433 340 4489 deinde
363 4452 465 4506 pro
473 4439 677 4508 populo
703 4458 716 4494 :
741 4441 840 4496 hoc
859 4444 1004 4496 enim
1032 4444 1360 4510 fecitsemel,
1383 4461 1438 4498 se
1462 4446 1736 4504 olfercndo

143 4521 336 4592 (Hebr.
370 4527 491 4587 vti).
523 4547 541 4580 ι
576 4529 836 4586 Dominus
858 4545 1043 4588 noster
1066 4533 1222 4590 Jcsus
1245 4537 1510 4592 Christus.

209 4615 464 4672 Audistis
503 4617 687 4688 itaque
713 4638 877 4686 nunc,
903 4623 1268 4692 dilectissimi,
1303 4629 1544 4684 breviter
1573 4645 1730 4700 repa-

145 4706 376 4762 rationis
406 4717 607 4763 nostrtc
637 4712 882 4768 mirabile
912 4726 1335 4784 sacramentum,
1366 4721 1549 4774 audite
1567 4723 1730 4776 etiam

143 4797 338 4854 salutis
389 4811 590 4856 nostra:
617 4817 982 4874 opportunum
1025 4809 1178 4864 valde
1199 4814 1510 4868 consilium.
1542 4815 1735 4870 Tradi-

145 4889 216 4940 dit
251 4893 606 4961 semCIipsum
639 4912 736 4964 pro
763 4899 918 4952 nobis
938 4899 1188 4958 Christus
1211 4906 1278 4958 ad
1303 4917 1556 4972 mortem,
1593 4923 1734 4962 mor-

147 4978 416 5036 Iiticcmus
463 4993 518 5036 ct
559 5001 657 5040 nos
701 5003 796 5056 pro
827 4989 942 5054 ejus
981 5008 1168 5047 amore
1209 5011 1428 5052 omnem
1479 4997 1530 5052 in
1577 5001 1732 5056 nobis

146 5079 380 5128 terrente
449 5079 908 5146 concupiscentim
965 5085 1315 5154 voluptatem.
1377 5091 1530 5156 Quod
1588 5095 1730 5148 enim

143 5165 330 5220 bllltil‘c
381 5169 560 5224 Cl'thiS
613 5174 914 5224 Dulilttllttm
974 5179 1156 5224 vnlnil.
1213 5184 1354 5224 \‘imn
1403 5183 1556 5224 uniti:
1625 5203 1728 5224 mm

1842 3267 2030 3306 smnus
2073 3251 2414 3306 similitmliui
2467 3256 2658 3309 mortis
2703 3255 2841 3324 ejus,
2883 3257 3041 3310 simul
3092 3267 3144 3311 et
3191 3275 3436 3314 resurre—

1841 3345 2037 3398 ctionis
2081 3347 2283 3400 crirnns
2333 3345 2504 3414 (llam.
2541 3349 2637 3418 vi).
2678 3369 2695 3398 ι
2743 3349 2910 3402 Nemo
2949 3366 3026 3412 se,
3068 3351 3264 3404 fratres
3303 3353 3431 3418 mei,

1844 3437 2078 3492 inaniter
2108 3439 2352 3502 seducat,
2387 3457 2544 3493 mrtuo
2575 3457 2632 3494 se
2663 3457 2813 3494 vana:
2860 3443 2972 3508 suci
3019 3443 3313 3498 securitate
3339 3443 3432 3500 de-

1843 3529 2029 3598 cipiat.
2063 3529 2179 3582 Non
2219 3531 2364 3584 enim
2411 3547 2694 3600 possumus
2723 3533 2808 3586 hic
2835 3533 3070 3603 gaudere
3113 3535 3176 3588 de
3209 3536 3428 3600 sreculo,

1842 3636 1894 3680 et
1933 3625 2040 3680 illic
2089 3641 2316 3696 regnare
2360 3643 2484 3681 cum
2524 3627 2760 3682 Christo.
2803 3629 2944 3682 Ecce
2985 3629 3308 3680 intemerata
3373 3639 3430 3680 et

1841 3719 2073 3788 gloriosa
2101 3720 2254 3788 virgo
2281 3717 2468 3782 Maria,
2493 3721 2646 3788 cujus
2670 3720 2828 3773 hodie
2858 3719 3290 3788 Splendidissima
3325 3733 3424 3772 na-

1842 3809 2051 3862 tivitate
2091 3809 2340 3862 universa
2387 3825 2482 3878 per
2525 3809 2710 3864 orbem
2750 3820 2936 3864 sancta
2972 3810 3274 3863 illustratur
3317 3809 3422 3864 lie—

1841 3901 2034 3964 clesia,
2081 3903 2130 3954 in
2187 3901 2303 3969 lege
2353 3899 2729 3972 prtcﬁgnrata,
2779 3901 2830 3954 in
2889 3901 3318 3970 patriarcharum
3373 3911 3428 3954 et

1837 3996 2224 4064 prrq'ihctarmn
2273 3993 2507 4048 oraculis
2554 3993 2936 4060 prmnuntiata,
2968 3993 3035 4046 ab
3083 3993 3274 4063 angelo
3317 3993 3428 4046 sin.

1841 4087 2008 4156 gulari
2065 4086 2492 4140 honorilicentim
2543 4086 2826 4156 privilegio
2876 4087 3140 4150 salutata,
3199 4087 3427 4140 thronus

1843 4177 1956 4240 Dei,
1989 4177 2184 4231 solium
2216 4177 2534 4242 divinitatis,
2569 4178 2826 4248 palatium
2859 4179 3000 4248 regis
3029 4165 3236 4240 aeterm,
3269 4195 3428 4250 gazo-

1839 4271 2143 4340 phylacium
2195 4271 2456 4335 thesauri,
2493 4287 2600 4342 quo
2637 4289 2824 4326 sumus
2867 4273 2933 4326 de
2975 4275 3185 4328 cruenti
3225 4276 3430 4344 praedo-

1843 4363 1926 4415 nis
1957 4363 2176 4416 servitio
2220 4365 2546 4434 comparati.
2577 4366 2734 4420 nobis
2775 4367 3094 4436 proponitur
3143 4366 3196 4420 in
3243 4381 3428 4418 texent-

1841 4454 2008 4524 plum.
2073 4453 2196 4510 llzcc
2263 4465 2371 4509 tam
2427 4457 2758 4526 singularis,
2821 4469 2926 4510 tam
2991 4455 3428 4526 incomparabilis

1762 4528 1812 4588 Ῑ)
1844 4549 2022 4618 Virgo,
2053 4549 2096 4602 si
2131 4564 2234 4604 non
2282 4559 2604 4616 sequeretur
2637 4549 2994 4606 humilitatem
3027 4548 3254 4614 Christi,
3287 4565 3424 4602 nunc

1839 4657 1999 4709 quam
2048 4643 2382 4712 pertingeret
2435 4644 2500 4695 ad
2545 4641 2920 4698 celsitudinem
2960 4643 3210 4698 Christi:
3245 4643 3287 4696 si
3345 4643 3426 4696 in-

1831 4731 2019 4798 juncta
2069 4735 2322 4785 mandata
2363 4740 2754 4796 contemneret,
2779 4734 2847 4786 ad
2895 4733 3158 4803 promissa
3203 4733 3422 4804 praemia.

1841 4823 2146 4878 nullatenus
2199 4825 2528 4894 perveniret.
2579 4823 2709 4878 Nam
2759 4827 2908 4890 ilum,
2959 4827 3290 4894 pranlicante
3335 4841 3424 4888 eo,

1841 4918 2088 4988 qnmdam
2121 4918 2318 4971 mulier
2349 4916 2634 4974 extolleret
2671 4933 2856 4974 vocem
2889 4919 2956 4974 de
2984 4921 3160 4985 turba,
3191 4918 3380 4974 dicens
3413 4959 3426 4972 .

1849 5029 1866 5060 ι
1908 5009 2105 5064 Beatus
2134 5021 2325 5066 venter
2351 5009 2440 5078 qui
2475 5011 2812 5078 tetportavit,
2843 5019 2899 5064 et
2926 5011 3094 5066 ubera
3123 5025 3246 5082 quae
3277 5010 3430 5060 suxi-

1837 5103 1928 5160 sti.
1991 5123 2010 5155 ι
2075 5102 2420 5174 Respondit:
2469 5119 2486 5150 ι
2525 5101 2779 5168 Quinimo
2829 5105 3004 5171 beati,
3061 5107 3152 5178 qui
3207 5100 3444 5156 audiunt.

1837 5192 2062 5224 ιοιὶιιιηιιιι
2115 5195 2207 5222 ’δλῖ
2257 5200 2304 5222 AI
2363 5194 2674 5222 nIIcIn-l:n...l
2728 5197 2854 5222 :II...‘
2889 5195 3018 5222 I'-.-
3095 5199 3162 5220 A.-\
3228 5211 3248 5220 ι
3302 5191 3441 5220 Ᾱ1ἶ1.;
