3978 5328
527 271 634 334 ἰοΞῚ

1118 277 1174 335 S.
1213 275 1416 334 PETRI
1454 277 1738 334 DAMIANI
1777 276 1928 335 OPP.
1971 275 2149 333 PARS
2183 275 2313 335 εει]
2354 275 2592 334 TOMUS
2621 276 2683 332 ll.
2725 305 2792 316 —--
2833 229 3219 334 SERMDNES.

3685 275 3784 334 τω

529 404 636 460 que
687 387 831 444 enim
878 389 1066 443 iecerit
1118 389 1448 445 voluntatem
1493 390 1670 445 Patris
1718 390 1855 457 mei,
1910 389 1998 459 qui
2059 389 2110 443 in
2139 387 2402 458 Aspiciis
2461 403 2714 459 prospera
2779 387 3043 443 matribus
3101 387 3366 443 nuntiare.
3439 386 3604 444 Beata
3662 405 3787 447 vero

529 481 682 536 caelis
721 489 836 545 est,
890 482 1005 551 ipse
1055 496 1206 536 meus
1260 481 1448 546 frater,
1500 496 1656 535 soror
1704 489 1758 534 et
1809 489 1981 533 mater
2025 487 2110 534 cst

526 573 742 642 (Matth.
777 574 897 647 xu).
929 595 948 627 ›

596 667 822 734 Notate,
878 668 1106 734 fratres,
1152 677 1335 724 notate
1387 669 1698 740 dignitatem
1743 676 2017 732 vestram,
2061 668 2107 722 si

524 759 882 828 adimplentes
938 759 1276 815 voluntatem
1328 759 1422 814 Dei
1482 759 1729 828 frangitis
1778 758 2109 813 voluntatem

521 857 780 904 vestram.
833 849 1009 914 Ecce,
1061 849 1221 905 beata
1274 859 1329 905 et
1373 849 1697 905 venerabilis
1745 849 1893 921 virgo
1942 848 2108 903 Maria

522 943 820 998 secundum
849 958 1069 998 carnem
1104 944 1323 1014 quidem
1355 953 1528 999 mater
1556 943 1760 999 Christi
1789 942 1906 1008 fuit,
1942 942 2109 998 frater

523 1051 627 1087 non
662 1032 784 1098 fuit,
818 1049 971 1088 soror
1017 1051 1123 1088 non
1170 1033 1290 1090 fuit.
1328 1033 1392 1088 Et
1427 1034 1737 1104 quicunque
1768 1033 1968 1102 aliquid
2007 1033 2106 1088 ho-

521 1140 642 1178 rum
689 1124 848 1179 alicui
899 1126 1195 1179 secundum
1249 1124 1482 1179 carnalis
1522 1123 1644 1192 jura
1693 1123 2108 1194 propinquitatis

518 1216 812 1279 exstiterit,
846 1215 989 1269 aliud
1041 1216 1141 1270 sibi
1185 1229 1306 1270 esse
1351 1215 1573 1270 omnino
1623 1231 1729 1269 non
1775 1214 2002 1279 valebit,
2051 1222 2110 1268 ut

519 1309 777 1362 nimirum
806 1307 850 1362 si
884 1316 1057 1362 mater
1095 1307 1278 1372 fuerit,
1318 1306 1509 1370 frater,
1538 1307 1624 1361 vel
1655 1322 1812 1361 soror
1839 1321 1960 1360 esse
2000 1321 2105 1360 non

517 1399 724 1469 possit;
767 1399 811 1454 si
850 1415 976 1453 vero
1019 1398 1206 1464 frater,
1249 1399 1331 1455 vel
1378 1415 1531 1454 soror
1581 1399 1893 1462 exstiterit,
1936 1408 2109 1453 mater

517 1506 627 1545 non
667 1491 757 1545 sit.
800 1491 911 1546 Nos
955 1500 1135 1544 autem
1185 1491 1300 1545 haec
1341 1491 1502 1545 simul
1551 1491 1730 1544 omnia
1767 1487 1984 1544 Christo
2012 1504 2108 1558 per

519 1582 786 1652 Spiritum
836 1597 1058 1646 sumus,
1107 1582 1152 1636 si
1201 1582 1532 1638 voluntatem
1583 1582 1815 1645 Christi,
1863 1596 1982 1650 quae
2031 1581 2105 1635 illi

515 1687 736 1744 semper
776 1689 900 1729 cum
939 1672 1102 1728 Patre
1143 1675 1448 1729 communis
1495 1684 1597 1739 est,
1627 1673 1922 1742 adimplere
1963 1682 2108 1727 sata-

2214 478 2414 546 Maria,
2465 497 2585 536 cum
2635 479 2799 534 filium
2846 480 2912 533 ad
2963 480 3216 549 templum
3267 479 3507 536 deferret
3547 489 3604 534 et
3651 483 3786 541 hane

2213 569 2434 625 Simeon
2470 572 2520 624 in
2546 570 2685 625 ulnis
2713 572 3004 641 acciperet,
3028 571 3232 625 audivit
3263 590 3275 625 :
3312 592 3330 624 ε
3358 573 3425 627 Et
3449 583 3600 627 tuam
3629 575 3786 644 ipsius

2212 662 2450 717 animam
2493 663 2842 732 pertransibit
2884 662 3092 732 gladius
3122 663 3326 734 (Ibid).
3366 683 3385 716 ι
3429 664 3509 720 Ae
3534 665 3581 720 si
3611 677 3786 736 aperte

2213 754 2416 808 diceret
2446 770 2458 806 :
2493 755 2625 808 Dum
2670 753 2812 808 filius
2843 763 2966 808 tuus
2999 755 3231 809 senserit
3269 756 3579 824 passionem
3618 759 3786 814 crucis

2213 841 2265 896 in
2298 857 2542 911 corpore,
2580 851 2629 896 te
2659 843 2822 897 etiam
2855 843 3133 914 transfiget
3161 843 3369 914 gladius
3399 848 3786 915 compassionis

2212 929 2264 984 in
2296 940 2497 986 mente.

2285 1020 2614 1076 Studeamus
2643 1030 2696 1075 ct
2725 1036 2845 1086 nos,
2870 1021 3225 1089 dilectissimi,
3251 1022 3429 1077 saeculi
3458 1022 3622 1091 hujus
3647 1023 3784 1078 blan-

2211 1113 2450 1168 dimenta
2497 1114 2806 1184 despicere,
2851 1129 3030 1168 rerum
3077 1124 3415 1169 terrenarum
3460 1115 3782 1170 afﬂuentiam

2213 1203 2476 1267 devitarc,
2508 1203 2688 1258 carnis
2726 1203 2996 1257 incentiva
3028 1204 3344 1273 reprimere,
3378 1218 3604 1258 crucem
3633 1204 3782 1260 Chri-

2211 1291 2279 1346 sti
2310 1292 2526 1346 assidue
2565 1292 2617 1346 in
2653 1301 2835 1346 mente
2864 1301 3114 1362 portare;
3163 1302 3433 1361 quatenus
3475 1294 3610 1347 dum
3657 1311 3785 1349 nunc

2208 1383 2388 1437 anima
2437 1391 2620 1437 nostra
2669 1382 2846 1454 gladio
2893 1383 3074 1438 Maria:
3120 1385 3481 1454 transtigitur,
3512 1402 3637 1440 cum
3681 1388 3784 1455 ipsa

2206 1477 2548 1547 postmodum
2575 1477 2642 1530 de
2671 1486 2885 1531 aeterna:
2915 1476 3187 1530 felicitatis
3218 1477 3505 1532 dulcedine
3535 1479 3780 1531 satietur.

2207 1569 2360 1636 Quod
2416 1569 2529 1639 ipse
2579 1578 2837 1639 praastare
2889 1569 3160 1639 dignetur,
3194 1570 3282 1639 qui
3333 1584 3399 1622 ex
3448 1568 3616 1622 Patre
3659 1579 3780 1622 ante

2209 1658 2402 1713 saecula
2451 1660 2664 1729 genitus
2711 1674 2774 1714 cx
2823 1659 2937 1730 ipsa
2989 1659 3138 1714 nasci
3187 1660 3439 1730 dignatus
3483 1659 3654 1714 estin
3687 1657 3786 1713 tiae

517 1764 715 1836 gitnus.
747 1763 853 1819 Sed
887 1764 1031 1833 quod
1061 1773 1244 1817 natum
1277 1774 1360 1818 est
1401 1778 1465 1818 ex
1498 1781 1686 1828 carne,
1719 1780 1849 1818 caro
1893 1773 2007 1829 est;
2055 1772 2110 1817 et
2135 1747 2184 1806 Β
2212 1751 2552 1807 saeculorum-
2596 1751 2790 1806 Amen-

516 1855 660 1925 quod
694 1865 878 1909 natum
923 1863 1006 1908 est
1044 1870 1110 1909 ex
1155 1854 1375 1925 spiritu,
1403 1855 1628 1926 spiritus
1671 1865 1755 1910 est
1789 1856 1970 1926 (Joau.
1999 1854 2106 1926 ιιι),

515 1947 645 2015 quia
694 1947 836 2000 Deus
887 1945 1123 2015 Spiritus
1171 1953 1272 2000 est.
1323 1945 1398 2000 Ex
1451 1945 1542 2000 illa
1593 1960 1725 2015 ergo
1773 1955 1960 2017 parte,
2003 1959 2106 2013 qua

518 2036 851 2105 Redemptor
904 2045 1088 2090 noster
1149 2036 1291 2090 Deus
1345 2047 1456 2101 est,
1508 2037 1798 2106 propinqui
1846 2036 1947 2091 sibi
1997 2045 2106 2090 tam

519 2125 892 2196 multipliciter
940 2140 1151 2192 sumus,
1181 2134 1442 2195 quantum
1493 2125 1568 2180 illi
1618 2126 1774 2181 beata
1813 2125 1999 2195 Virgo,
2039 2139 2103 2179 ex

518 2233 625 2286 qua
654 2217 804 2271 nasci
835 2217 1092 2288 dignatus
1117 2225 1220 2281 est,
1253 2218 1548 2272 secundum
1590 2230 1810 2272 carnem
1845 2233 1968 2272 esse
1995 2233 2103 2272 non

514 2310 710 2380 potuit.
763 2309 1046 2380 Proprium
1095 2317 1151 2364 et
1197 2309 1472 2379 singulare
1509 2308 1613 2363 fuit
1654 2309 1730 2363 illi
1775 2309 2105 2364 beatissima:

516 2396 718 2470 Virgini
771 2397 1047 2453 Christum
1108 2397 1161 2451 in
1215 2397 1372 2452 vulva
1430 2398 1754 2467 concipere;
1815 2411 2104 2453 commune

511 2502 660 2550 vero,
693 2497 748 2542 et
795 2487 1104 2542 universale
1156 2496 1240 2542 est
1294 2487 1547 2543 omnibus
1587 2487 1776 2543 electis
1826 2488 1879 2542 in
1925 2489 2104 2543 cordis

511 2588 634 2636 eum
679 2579 965 2636 devotione
993 2590 1234 2650 portare.
1271 2579 1422 2636 Felix
1457 2579 1566 2644 illa,
1601 2590 1655 2635 et
1689 2579 1914 2635 nimium
1945 2581 2103 2635 beata

511 2673 755 2738 femina,
805 2687 926 2742 qua:
973 2671 1125 2725 illum
1177 2686 1370 2725 novem
1428 2670 1705 2726 mensibus
1759 2671 1990 2740 gestavit
2046 2670 2100 2725 in

512 2773 737 2827 ventre;
790 2762 973 2817 felices
1001 2763 1168 2817 etiam
1217 2777 1337 2826 nos,
1369 2762 1410 2815 si
1450 2761 1598 2816 illum
1632 2763 1849 2818 assidue
1885 2770 2103 2830 portare

512 2856 826 2911 Studeamus
876 2854 928 2908 in
972 2862 1171 2908 mente.
1217 2852 1516 2908 Mirabilius
1547 2853 1761 2922 quidem
1809 2855 1909 2907 fuit
1942 2853 2104 2908 Chri-

513 2957 655 3001 stum
697 2945 906 3015 concipi
937 2944 990 2998 in
1021 2943 1175 2997 vulva
1221 2945 1442 3009 carnis;
1476 2946 1568 2998 sed
1615 2961 1718 2998 non
1757 2955 1836 2999 est
1874 2943 2101 3000 inferius

514 3036 559 3088 si
617 3033 891 3089 deferatur
947 3033 1000 3087 in
1053 3032 1330 3102 ergastulo
1383 3034 1638 3101 pectoris.
1696 3033 1848 3088 Unde
1895 3045 1950 3088 et
2004 3049 2100 3104 per

513 3125 776 3178 Joannem
807 3131 1055 3185 testatur,
1097 3121 1283 3176 dicens
1316 3139 1328 3174 :
1371 3140 1388 3173 ι
1429 3123 1538 3192 Ego
1568 3132 1652 3177 sto
1689 3125 1752 3176 ad
1795 3092 2018 3190 ostium,
2044 3135 2095 3179 et
2126 3092 2170 3155 ο

515 3214 708 3285 pulso;
741 3213 784 3268 si
818 3213 939 3283 quis
975 3212 1247 3281 aperuerit
1293 3213 1446 3277 mihi,
1479 3214 1690 3268 intrabo
1737 3214 1802 3268 ad
1849 3215 2016 3278 illum,
2047 3225 2101 3270 et

513 3306 747 3360 cmnaho
777 3319 899 3358 cum
931 3302 1046 3368 illo,
1078 3313 1133 3359 et
1161 3304 1272 3374 ipse
1299 3319 1509 3360 mecum
1544 3305 1728 3376 (Apoc.
1768 3305 1872 3377 ιιι).
1907 3325 1924 3357 ι

583 3395 748 3466 230
784 3393 1089 3448 Notandum
1134 3409 1260 3450 vero
1307 3396 1433 3464 quia
1477 3396 1630 3465 prius
1661 3411 1721 3452 se
1757 3408 2097 3453 cmnaturum

510 3496 716 3551 narrat,
760 3485 953 3541 deinde
985 3499 1197 3540 orenam
1230 3486 1482 3540 daturum
1513 3497 1666 3558 grata
1697 3489 1815 3544 vice
1854 3505 2097 3558 pronun-

513 3577 627 3631 tiat.
659 3575 795 3642 Quia
841 3575 907 3630 de
959 3574 1111 3643 cujus
1152 3591 1291 3629 nunc
1342 3576 1499 3630 bonis
1542 3577 1796 3646 operibus
1839 3579 2096 3647 past-itur,

515 3681 639 3720 cum
681 3679 747 3720 eo
786 3665 944 3719 simul
977 3664 1322 3734 postmodum
1369 3665 1421 3720 in
1465 3669 1650 3722 aeterni
1683 3669 1912 3723 convivii
1945 3670 2096 3739 dapi-

513 3757 617 3811 bus
657 3756 926 3827 epulatur.
970 3755 1102 3810 llinc
1135 3757 1322 3822 etiam,
1354 3757 1716 3826 dilectissimi,
1753 3761 2100 3817 consideran-

517 3851 644 3905 dum
671 3858 753 3904 est
782 3859 983 3919 quanta
1029 3848 1100 3903 sit
1141 3849 1624 3918 dignitasnostra,
1663 3860 1975 3922 quantaque
2006 3869 2099 3908 no-

514 3940 602 3994 bis
642 3941 711 3996 sit
740 3939 1020 4010 proportio
1047 3955 1170 3993 cum
1216 3941 1406 3995 Maria.
1446 3942 1708 4013 Concepit
1737 3943 1901 3998 Maria
1933 3944 2098 4000 Chri-

516 4041 660 4087 stum
688 4033 926 4086 in.vulva
955 4033 1158 4093 carnis,
1188 4031 1484 4088 deferimus
1508 4043 1563 4088 et
1590 4050 1690 4089 nos
1718 4035 1770 4089 in
1803 4036 2100 4092 visceribus

513 4123 734 4177 mentis.
787 4121 1084 4176 Reliciebat
1138 4123 1306 4177 Maria
1357 4123 1669 4188 Christum,
1717 4143 1839 4180 cum
1897 4129 2099 4184 teneris

510 4211 682 4269 labris
733 4213 816 4266 lac
874 4214 1203 4283 exprimeret
1255 4215 1518 4282 uberum;
1573 4219 1845 4274 reficimus
1893 4229 1948 4275 et.
2001 4237 2100 4279 nos

509 4305 680 4361 variis
717 4305 978 4359 bonorum
1013 4304 1220 4360 deliciis
1248 4321 1494 4374 operum.

580 4395 737 4452 Libet
782 4405 963 4451 autem
1011 4412 1176 4459 nunc,
1221 4397 1579 4461 dilectissimi,
1613 4414 1711 4468 pro
1740 4399 2097 4457 aedificatione

2905 1865 3086 1921 XLVI.

2241 1969 2461 2010 ιιοιιιιιΑ
2497 1971 2547 2010 ιιι
2578 1970 2911 2094 ΝΑτιιΊτΑἶε
2938 1971 3266 2040 ιιεΑτιεξιιιλε
3292 1971 3524 2011 vracms
3553 1972 3757 2012 Ianus.

2859 2041 2951 2078 vm
2982 2041 3156 2094 ςερτ.)

2859 2041 2951 2078 vm
2982 2041 3156 2095 ςερτ.)

2205 2113 2420 2186 Initium
2481 2115 2651 2170 sancti
2715 2115 2989 2186 Evangelii
3052 2116 3346 2186 secundum
3413 2117 3782 2172 Matthmum:

2274 2184 2436 2256 Liberi
2473 2187 2824 2256 generationis
2871 2184 3000 2240 Iesu
3049 2185 3244 2256 Christi
3289 2187 3388 2254 ﬁIii
3437 2189 3644 2250 David,
3692 2187 3784 2254 ﬁlii

2275 2255 2562 2310 Abraham.
2622 2256 2887 2325 Abraham
2935 2257 3107 2325 genuit
3159 2255 3348 2317 Isaac,
3402 2256 3561 2310 Isaac
3617 2270 3784 2310 autent

2272 2325 2656 2396 genuitﬂlacob,
2685 2324 3053 2396 Jacobiantem
3083 2329 3255 2395 genuit
3285 2325 3487 2380 Iudam
3519 2339 3568 2380 et
3598 2326 3784 2396 fratres

2274 2395 2404 2464 ejus.
2446 2395 2513 2448 Et
2548 2395 2778 2464 reliqua.
2812 2394 3025 2465 (Matth.
3062 2394 3123 2466 ιζ)

2279 2488 2543 2550 Audistis,
2594 2487 2793 2542 fratres
2823 2489 3158 2553 charissimi,
3189 2487 3487 2545 Dominicze
3539 2491 3786 2545 incarna-

2204 2577 2366 2634 tionis
2403 2577 2674 2633 ineffabile
2707 2589 3108 2633 sacramentum
3141 2596 3153 2631 :
3187 2580 3414 2632 audistis
3451 2579 3504 2633 in
3540 2580 3787 2650 genealo-

2203 2669 2289 2740 gia
2332 2668 2658 2724 beatissima:
2701 2668 2981 2740 genitricis
3024 2669 3149 2733 Dei,
3193 2669 3556 2738 rcparationis
3591 2678 3786 2740 myste-

2205 2761 2373 2826 rium;
2427 2759 2689 2825 audistis,
2727 2759 2854 2829 quia
2894 2759 3123 2814 Creator
3167 2761 3484 2830 angelorum
3535 2761 3786 2829 dignatus

2201 2863 2288 2909 est
2325 2855 2612 2926 propagari
2661 2854 2728 2910 de
2777 2853 2945 2924 stirpe
2993 2855 3336 2920 mortalium;
3377 2855 3624 2916 audistis,
3664 2853 3785 2923 quia

2201 2960 2432 3015 proavos
2480 2944 2680 2998 habere
2723 2955 2809 2999 est
2849 2945 3103 3014 dignatus
3146 2945 3199 2998 in
3238 2945 3403 2998 terris
3437 2946 3530 3012 qui
3573 2943 3697 2997 fons
3737 2952 3788 2995 et

2203 3040 2358 3107 origo
2397 3038 2639 3092 omnium
2692 3053 2874 3090 rerum
2917 3037 3041 3107 jura
3087 3038 3352 3108 gubernat
3388 3036 3442 3091 in
3485 3037 3663 3090 malis.
3705 3035 3788 3088 Ait

2203 3129 2348 3182 enim
2378 3129 2570 3182 beatus
2592 3127 2748 3197 231
2773 3128 3100 3197 evangelista
3133 3144 3146 3179 :
3181 3145 3198 3177 ‹
3234 3126 3396 3180 Liber
3421 3124 3787 3196 generationis

2202 3217 2326 3272 Jcsu
2353 3217 2554 3273 Christi
2578 3219 2672 3271 filii
2703 3217 2889 3283 David,
2925 3217 3016 3270 filii
3044 3217 3317 3271 Abraham
3347 3215 3570 3285 (Matth.
3605 3215 3673 3287 ι).
3699 3233 3718 3266 ι

2276 3308 2381 3362 Sed
2421 3309 2770 3378 qumrcndum
2806 3308 2893 3362 hic
2929 3307 3142 3362 videtur
3178 3324 3278 3362 cur
3317 3316 3394 3361 tot
3436 3315 3657 3377 patrum
3695 3321 3788 3359 nu-

2203 3413 2416 3453 merosa
2464 3399 2634 3453 series
2682 3399 3079 3464 intermittitur,
3113 3408 3169 3452 ut
3214 3399 3405 3452 horum
3448 3398 3787 3452 solummodo

2202 3489 2464 3554 duorum,
2527 3489 2697 3544 David
2751 3489 2963 3544 scilicet
3019 3498 3072 3543 et
3126 3489 3399 3544 Abraham
3461 3490 3788 3559 Redemptor

2203 3589 2388 3634 noster
2420 3580 2561 3636 filius
2587 3595 2708 3635 esse
2735 3581 2984 3635 dicatur?
3027 3581 3137 3636 Cur
3168 3582 3312 3636 enim
3345 3580 3487 3635 filius
3513 3581 3708 3644 David,
3738 3592 3789 3634 et

2204 3686 2328 3724 mox
2378 3671 2520 3725 tilius
2558 3671 2858 3736 Abraham,
2886 3681 2939 3725 et
2967 3687 3076 3726 non
3119 3672 3298 3740 potius
3334 3669 3480 3725 filius
3507 3670 3679 3731 Jesse,
3711 3669 3790 3723 vel

2203 3761 2348 3816 ﬁlius
2375 3761 2573 3826 Obeth,
2605 3761 3036 3832 vel_c:eterorum
3066 3762 3324 3832 deinceps
3350 3762 3401 3814 in
3429 3762 3616 3816 medio
3649 3762 3788 3830 posi-

2203 3861 2258 3906 to
2267 3867 2380 3905 rum
2397 3851 2421 3904 ἲ

2274 3946 2380 4000 Sed
2415 3946 2528 4000 haec
2559 3945 2785 4016 quaestio
2811 3944 2965 4000 facile
2995 3946 3242 4009 solvitur,
3279 3945 3322 3998 si
3352 3941 3501 3997 facta
3534 3943 3790 3996 divinitus

2201 4037 2448 4106 utrisque
2484 4038 2770 4106 promissio
2811 4045 3144 4091 recensetur.
3187 4035 3425 4090 Abrahae
3466 4034 3669 4104 quippe
3707 4030 3788 4084 di-

2204 4131 2329 4185 vina
2365 4145 2496 4185 voce
2525 4130 2727 4182 dictum
2761 4139 2844 4182 est
2871 4143 2886 4182 :
2917 4146 2934 4174 ι
2970 4128 3025 4182 In
3063 4129 3269 4182 semine
3314 4136 3407 4180 tuo
3456 4125 3786 4180 benedicen-

2207 4230 2293 4276 tur
2315 4234 2502 4274 omnes
2529 4221 2700 4273 tribus
2729 4229 2885 4273 terra:
2907 4217 3057 4290 (Gen.
3088 4219 3246 4288 χχιι).
3282 4236 3300 4268 ι
3328 4217 3486 4283 Quod
3515 4229 3789 4286 exponens

2202 4309 2515 4378 Apostolus.
2548 4310 2624 4361 ait
2652 4323 2666 4360 :
2698 4325 2715 4359 ι
2747 4306 2862 4361 Non
2910 4308 3047 4361 dixit
3095 4307 3147 4359 in
3192 4303 3516 4370 seminibus,
3546 4305 3699 4374 quasi
3737 4303 3789 4356 in

2207 4401 2424 4466 multis;
2473 4399 2568 4454 sed
2621 4401 2672 4454 in
2723 4399 2929 4454 semine
2960 4407 3052 4450 tuo
3081 4412 3213 4460 uno,
3245 4398 3388 4465 quod
3428 4405 3514 4450 est
3546 4395 3790 4450 Christus

507 4497 693 4545 nostra
740 4488 795 4542 in
842 4487 1027 4558 regula
1076 4487 1270 4542 divinae
1306 4488 1534 4558 justitia:
1577 4505 1870 4561 parumper
1916 4493 2096 4548 radios
2125 4475 2175 4534 Ῑ)
2202 4492 2346 4564 (Gul.
2378 4492 2487 4564 ιιι).
2523 4511 2542 4545 ι
2581 4491 2716 4559 Quia
2743 4492 2885 4546 enim
2915 4490 3189 4544 Abraham
3222 4487 3397 4544 adhuc
3439 4491 3493 4542 in
3529 4489 3790 4558 pmpuiio

511 4581 710 4636 mentis
739 4579 983 4650 infigere,
1015 4588 1068 4633 et
1096 4579 1331 4648 qualiter
1361 4581 1705 4651 omnipotens
1734 4583 1874 4636 Deus
1899 4582 2099 4637 electos

506 4689 638 4728 suos
670 4671 896 4742 deprimi
944 4670 1316 4740 temporaliter
1355 4671 1519 4737 sinat,
1561 4687 1697 4740 quos
1740 4673 2001 4728 extollere
2042 4673 2096 4727 in

510 4773 775 4819 aeternum
827 4759 1169 4824 decreverit,
1224 4760 1502 4832 indagare.
1553 4760 1623 4817 Ut
1664 4762 1808 4818 enim
1852 4778 1994 4816 nunc
2031 4762 2099 4816 de

509 4855 724 4911 caeteris
753 4853 960 4914 sileam,
998 4853 1111 4907 inec
1142 4851 1332 4906 eadem
1380 4853 1693 4909 beatissima
1729 4852 1912 4925 Virgo,
1943 4855 2098 4924 cujus

510 4945 830 5001 hodiernam
862 4942 1200 4996 nativitatem
1227 4942 1425 4997 debitis
1450 4958 1777 4998 veneramur
1800 4945 2096 5013 obsequiis,

510 5042 638 5091 ante
682 5032 1128 5086 constitutionem
1172 5031 1357 5085 mundi
1401 5032 1451 5086 in
1491 5031 1717 5087 consilio
1755 5041 1971 5086 :cternae
2012 5049 2101 5086 sa-

2201 4583 2409 4654 positus
2443 4583 2696 4646 credidit,
2726 4591 2882 4653 pater
2909 4581 3185 4652 gentium;
3224 4581 3348 4648 quia
3380 4596 3513 4634 vero
3557 4589 3791 4649 postmo-

2203 4676 2329 4730 dum
2361 4675 2574 4745 signum
2620 4671 3052 4728 circumcisionis
3081 4672 3308 4742 accepit,
3348 4682 3506 4740 pater
3535 4686 3653 4724 csse
3685 4680 3791 4721 ωε-

2202 4766 2311 4819 ruit
2353 4762 2694 4828 Iudaeorum;
2729 4771 2782 4818 et
2807 4763 2933 4832 quia
2964 4763 3029 4816 de
3059 4760 3176 4830 ejus
3219 4761 3390 4830 stirpe
3438 4761 3529 4813 ille
3570 4758 3785 4828 prodiit,

2199 4871 2297 4926 per
2324 4871 2484 4925 quem
2512 4855 2816 4910 benedictio
2843 4853 3086 4908 redditur
3111 4852 3239 4906 olim
3271 4850 3573 4904 maledictae
3600 4860 3786 4908 term;

2203 4945 2407 4998 idcirco
2453 4945 2506 4998 in
2556 4945 2764 4999 semine
2806 4943 2924 5011 ejus
2964 4944 3360 4999 benedicuntur
3387 4957 3580 4998 omnes
3618 4941 3791 4995 tribus

2205 5047 2383 5092 teme.
2415 5036 2582 5090 David
2628 5050 2758 5092 vero
2790 5036 2992 5090 dictum
3027 5045 3108 5089 est
3140 5053 3153 5089 :
3197 5052 3216 5085 ι
3255 5033 3330 5089 De
3363 5031 3540 5086 fructu
3585 5033 3790 5086 ventn‘s

3142 5121 3206 5138 ιη
3278 5125 3290 5138 ι
3513 5123 3522 5137 ι
3651 5119 3695 5138 Α
3743 5120 3780 5137 ’κ
