3978 5328
167 332 274 388 769

1582 310 1812 369 SERMO
1851 308 2034 366 XLVI.

3319 306 3348 361 7
3359 305 3422 360 Si.

238 441 376 506 Sed,
406 439 453 495 si
500 437 718 496 modum
749 435 906 490 factae
943 446 1011 488 au
1051 438 1337 499 utrumque
1375 424 1749 498 promissionis
1774 429 1821 484 Α
1851 419 2110 489 poraliter
2150 417 2416 480 ducimus.
2459 432 2554 487 per
2599 427 2830 487 quatuor
2879 424 3123 486 tempora
3171 417 3424 483 Volvitur,

169 534 414 589 studiose
445 528 848 601 perpendimus,
881 540 986 579 non
1021 523 1140 577 sine
1182 535 1343 574 causa
1375 517 1540 572 David
1584 515 1751 570 fuisse

167 624 525 696 prmpositum
575 619 896 674 invenimus.
934 613 1085 682 Quod
1125 613 1270 666 enim
1312 610 1541 664 Abraha:
1584 605 1751 662 semel

169 715 372 785 legitur
415 712 583 766 fuisse
621 709 969 779 promissum,
1003 706 1105 759 hoc
1141 701 1306 756 David
1351 699 1621 768 frequenti
1669 706 1753 752 est

169 802 564 873 pollicitatione
609 799 905 853 ﬁrmatum.
957 795 1188 849 Abrahae
1229 792 1370 847 enim
1415 788 1752 846 solummodo

169 893 378 948 dictum
425 902 549 947 est:
585 909 602 942 ι
641 890 696 944 ln
737 888 944 944 semine
995 893 1086 940 tuo
1132 884 1519 940 benedicentur
1562 895 1753 936 omnes

170 993 438 1056 gentes.t
505 980 671 1036 David
719 994 851 1034 vero
901 975 1103 1031 Christi
1158 982 1313 1044 pater
1366 972 1471 1026 dici
1532 967 1751 1040 speciali

166 1071 574 1144 quodammodo
613 1068 896 1140 privilegio
945 1063 1172 1126 meruit,
1218 1063 1308 1132 qui
1357 1060 1539 1132 plures
1579 1061 1645 1116 de
1689 1074 1754 1113 eo

166 1163 564 1234 promissiones
610 1159 855 1228 accepit;
890 1157 1031 1210 sicut
1076 1163 1158 1209 est
1218 1153 1346 1207 illud
1398 1152 1450 1206 in
1499 1151 1750 1220 psalmo:

172 1273 194 1306 ι
225 1257 299 1310 De
332 1253 513 1308 fructu
541 1253 746 1308 ventris
777 1249 850 1304 tui
880 1264 1075 1319 ponam
1107 1261 1268 1316 super
1293 1244 1475 1299 sedem
1509 1258 1704 1298 meum.
1730 1260 1747 1292 ι

169 1347 234 1402 Et
303 1346 502 1400 iterum
553 1361 566 1397 :
623 1362 642 1393 ι
683 1341 860 1398 Semel
915 1338 1150 1408 juraviiu
1218 1345 1410 1391 sancto
1482 1349 1646 1398 meo,
1709 1331 1754 1387 si

168 1435 342 1490 David
392 1434 657 1496 mentiar,
702 1447 886 1486 semen
935 1428 1052 1496 ejus
1098 1429 1148 1480 in
1206 1436 1467 1478 aeternum
1517 1421 1756 1476 manebit

169 1529 362 1601 (Psal.
417 1526 714 1597 Lxxxvtn).
766 1544 786 1579 ι
835 1525 903 1578 Ει
949 1523 1002 1577 in
1057 1522 1198 1576 libro
1242 1519 1484 1588 Regum.
1541 1515 1754 1569 Nathan

169 1621 437 1692 propheta
518 1620 569 1672 in
636 1616 841 1688 Spiritu
917 1622 1107 1668 sancto
1179 1611 1244 1664 ad
1323 1609 1490 1663 David
1579 1606 1754 1675 loqui-

170 1721 305 1776 tur,
386 1711 628 1764 dicens:
682 1707 869 1762 «Cum
951 1703 1238 1760 dormieris
1309 1716 1433 1755 cum
1512 1699 1755 1768 patribus

1852 521 1906 565 et
1936 511 2188 574 mundus,
2218 510 2270 564 in
2301 525 2408 580 quo
2438 508 2687 573 vivimus,
2731 519 2964 578 quatuor
2993 509 3116 563 hinc
3149 509 3272 564 inde
3309 526 3405 580 par

1855 602 1994 656 tibus
2045 601 2386 656 terminatur.
2436 599 2548 653 lloc
2610 599 2841 668 denique
2893 598 3103 668 Moyses
3151 600 3427 668 praevidit,

1852 697 1954 751 hoc
1976 697 2118 751 Elias
2135 696 2424 750 intellexit:
2454 694 2833 762 uterqueenim
2858 693 3212 762 quadraginta
3239 693 3430 746 diebus

1851 789 2121 843 continuis
2144 786 2424 856 jejunavit.
2455 785 2649 856 (Exod.
2679 801 2868 857 xxxiv;
2895 783 2991 837 III
3013 783 3138 854 Reg.
3165 785 3298 846 nx).
3325 784 3429 838 Re-

1853 886 2101 956 demptor
2145 885 2306 938 etiam
2363 892 2550 938 noster
2603 884 2706 938 hoc
2756 882 2892 936 idem
2932 881 3192 950 jejunium
3241 881 3432 934 diebus

1854 975 2076 1030 totidem
2108 973 2443 1030 consecravit
2470 973 2684 1044 (Matth.
2717 972 2810 1042 tv).
2869 972 3005 1027 Hinc
3037 982 3115 1026 est
3147 973 3288 1042 quod
3338 971 3432 1026 lilii

1854 1066 2042 1130 Israel,
2068 1068 2158 1137 qui
2188 1083 2284 1136 per
2310 1068 2580 1121 desertum
2629 1066 2864 1120 laborem
2896 1067 3028 1120 tanti
3063 1067 3272 1121 itineris
3308 1082 3434 1135 per-

1856 1156 2117 1220 tulerunt,
2145 1166 2264 1225 post
2285 1155 2636 1226 quadraginta
2653 1171 2823 1209 annos
2844 1164 3039 1208 terram
3063 1157 3434 1224 repromissio-

1855 1248 1938 1304 nis
1965 1249 2234 1302 intrarunt
2259 1247 2439 1318 (Deut.
2469 1264 2518 1312 ι;
2543 1248 2657 1302 Jos.
2684 1247 2780 1319 xu).
2811 1247 2918 1301 Nos
2947 1249 3178 1317 denique
3212 1246 3433 1310 fratres,

1856 1354 1954 1391 nos
2005 1336 2098 1391 ﬁlii
2150 1325 2313 1394 Israel
2369 1353 2588 1402 sumus,
2641 1338 2731 1406 qtti
2787 1338 2936 1407 prius
2987 1336 3227 1391 laborem
3277 1336 3437 1403 hujus

1854 1442 2174 1481 :crumuosa:
2215 1427 2336 1481 vita:
2381 1426 2726 1496 perferimus,
2757 1437 2813 1482 et
2851 1428 2929 1481 sic
2969 1428 3183 1482 demum
3236 1436 3436 1482 terram

1857 1519 2314 1588 repromissionis,
2365 1520 2415 1574 id
2461 1529 2563 1585 est,
2604 1520 2951 1576 stabilitatem
3002 1522 3150 1591 regni
3201 1520 3439 1576 caelestis

1857 1609 2144 1663 intramus.
2177 1608 2313 1664 Hinc
2342 1619 2425 1664 est
2453 1612 2619 1665 etiam
2651 1612 2794 1680 quod
2821 1611 3002 1672 Jonas.
3030 1613 3120 1680 qui
3159 1627 3222 1666 ex
3258 1612 3439 1666 divina

1851 1699 2093 1770 jussione
2138 1700 2205 1753 ad
2252 1698 2477 1755 Niniven
2532 1702 2781 1766 mittitur,
2832 1702 3114 1758 imminere
3167 1705 3266 1757 sibi
3321 1715 3444 1772 post

168 1806 314 1869 tuis,
358 1805 635 1858 suscitabo
680 1816 864 1856 semen
915 1808 1100 1861 tuum,
1149 1796 1290 1866 quod
1340 1793 1646 1863 egredietur
1691 1789 1757 1842 de
1789 1781 1833 1838 Β
1861 1789 2217 1859 quadraginta
2271 1791 2386 1844 dies
2433 1791 2700 1846 excidium
2739 1794 3124 1847 comminatur.
3179 1813 3195 1844 r
3230 1794 3439 1858 Adhuc,

170 1893 371 1948 lumbis
403 1893 528 1957 tuis,
557 1903 613 1947 et
655 1892 768 1962 ipse
812 1890 915 1944 erit
955 1888 1085 1942 mihi
1128 1888 1181 1941 in
1219 1885 1412 1948 filium,
1442 1891 1495 1936 et
1525 1896 1625 1949 ego
1662 1896 1756 1935 ero

168 1985 219 2039 ei
254 1985 306 2038 in
338 1995 544 2054 patrem
576 1981 660 2052 (II
689 1981 812 2052 Reg.
848 1980 969 2049 vn).
1006 1999 1024 2031 ο
1068 1978 1196 2032 lure
1227 1991 1356 2047 ergo
1385 1974 1552 2028 David
1579 1973 1755 2026 Abra-

171 2074 256 2128 hae
290 2074 342 2128 in
387 2072 587 2128 Christi
635 2072 983 2142 generatione
1029 2067 1339 2141 praal'ertur,
1378 2066 1465 2121 cui
1503 2064 1759 2133 multipli-

169 2166 291 2219 cior
319 2181 384 2220 ac
415 2181 512 2236 per
543 2165 646 2220 hoc
685 2165 910 2219 omnino
950 2160 1240 2217 immobilis
1285 2157 1573 2232 promissio
1613 2170 1754 2226 prae-

171 2265 417 2324 rogatur.

242 2345 380 2399 lllud
426 2360 558 2400 vero
596 2346 858 2416 quosdam
909 2358 1128 2399 movere
1163 2355 1271 2397 non
1313 2337 1758 2395 irrationabiliter

170 2444 374 2504 potest,
405 2451 504 2490 cur
542 2445 762 2490 sanctus
801 2434 1136 2506 evangelista
1182 2429 1636 2502 reprehensibiles
1672 2443 1758 2483 so-

172 2526 456 2580 lummodo
502 2526 757 2581 mulieres
806 2526 860 2580 in
907 2523 1106 2580 Christi
1157 2521 1464 2592 genealogia
1515 2519 1756 2588 interpo-

173 2632 305 2672 nere
359 2618 593 2678 sluduit;
635 2628 849 2671 sanctas
890 2632 1016 2671 vero
1062 2623 1114 2669 et
1157 2615 1363 2682 absque
1403 2610 1506 2664 ulla
1546 2621 1759 2665 contra-

172 2709 414 2762 dictione
443 2708 736 2762 laudabiles
765 2707 980 2761 silentio
1005 2706 1333 2774 prmterivit‘!

243 2798 354 2854 Sed
395 2800 496 2854 hoc
545 2799 747 2854 idcirco
779 2798 979 2853 factum
1021 2806 1106 2852 est
1146 2803 1226 2861 ut,
1259 2796 1384 2850 dum
1428 2792 1760 2862 Redempter

172 2902 363 2946 noster
394 2892 460 2946 de
499 2892 876 2961 peccatoribus
913 2901 1070 2944 natus
1117 2902 1238 2943 esse
1283 2886 1626 2946 describitur,
1661 2899 1758 2954 pro

173 2986 555 3056 peccatoribus
583 2984 650 3039 de
676 2983 816 3039 coelo
845 2982 911 3037 ad
943 2991 1141 3037 terram
1186 2978 1530 3034 descendisse
1568 2976 1753 3030 creda-

175 3087 282 3131 tur.
325 3057 614 3132 Descendit
661 3075 859 3146 quippe
906 3083 965 3128 nt
1004 3082 1228 3142 peccata
1269 3079 1450 3124 nostra
1490 3069 1602 3139 ipse
1633 3083 1759 3139 por-

1862 1877 2068 1947 inqtrlt,
2127 1881 2483 1950 quadraginta
2540 1881 2690 1946 dies,
2744 1892 2799 1936 et
2855 1882 3044 1937 Ninive
3097 1883 3442 1940 subvertetur

1860 1967 2006 2034 (Jon.
2041 1970 2144 2039 ιιι).
2187 1991 2202 2020 ι
2235 1971 2408 2038 Quod,
2441 1971 2565 2041 quia
2607 1980 2736 2026 tunc
2783 1988 2890 2027 non
2944 1974 3142 2044 legitur
3191 1975 3443 2029 historia-

1859 2057 1980 2112 liter
2011 2058 2236 2125 factum,
2269 2073 2617 2132 chpeetatur
2659 2063 2836 2119 adhuc
2877 2064 3232 2134 spiritualiter
3269 2068 3443 2121 adim-

1859 2150 2135 2220 plendum.
2166 2153 2270 2207 Per
2301 2153 2525 2210 Niniven
2560 2155 2758 2226 quippe
2789 2157 3022 2212 mundus
3060 2157 3160 2213 iste
3193 2159 3442 2230 designa-

1861 2252 1966 2309 tur,
1996 2260 2094 2314 per
2140 2246 2494 2316 quadraginta
2533 2263 2662 2317 ergo
2707 2248 2847 2314 dies,
2879 2249 3055 2306 omnis
3101 2260 3274 2305 status
3319 2253 3444 2307 vita:

1858 2336 2142 2404 praesentis
2205 2336 2469 2392 innuitur.
2524 2338 2654 2392 Post
2723 2340 3080 2411 quadraginta
3137 2356 3269 2410 ezgo
3331 2343 3446 2399 dies

1859 2425 2050 2480 Ninive
2095 2427 2459 2499 subvertetur,
2497 2433 2620 2500 quia
2664 2440 2784 2500 post
2827 2431 2988 2502 hujus
3035 2438 3280 2488 mortalis
3323 2435 3445 2489 vita:

1861 2515 2180 2584 decursum,
2236 2520 2504 2590 completo
2554 2521 2805 2577 videlicet
2853 2522 3144 2579 electorum
3197 2542 3443 2588 nimicro,

1862 2606 2094 2661 mundus
2143 2608 2246 2662 iste
2295 2611 2623 2665 destruetur.
2654 2611 2758 2666 Per
2800 2617 3270 2686 septuagenarium
3315 2632 3445 2670 vero

1862 2714 2172 2762 numerum,
2202 2716 2362 2771 quem
2391 2701 2566 2757 Lucas
2593 2705 2794 2774 posuit,
2827 2707 3073 2760 remissio
3099 2719 3445 2777 peccatorum

1857 2793 2198 2862 exprimitur.
2232 2794 2383 2850 Sicut
2416 2797 2529 2866 ipse
2560 2797 2817 2852 Dominus
2848 2801 2899 2853 in
2935 2801 3226 2871 Evangelia
3265 2812 3432 2857 testa-

1861 2894 1967 2939 tur.
2002 2885 2135 2940 Cum
2166 2889 2309 2940 enim
2341 2887 2535 2944 Petrus
2581 2890 2973 2961 interrogaret,
3019 2893 3203 2958 dieens
3236 2911 3248 2946 :
3287 2912 3308 2945 ι
3341 2895 3446 2950 Do-

1860 2975 2028 3038 tuine,
2047 2976 2260 3044 quoties
2288 2978 2596 3046 peccaverit
2616 2979 2669 3033 in
2697 2995 2782 3034 me
2809 2980 2976 3036 frater
2998 2999 3172 3048 meus,
3189 2992 3242 3038 ει
3263 2985 3444 3038 dimit-

1862 3075 1972 3120 tam
2021 3067 2106 3122 ei?
2154 3084 2324 3138 usque
2377 3071 2611 3138 septies?
2657 3091 2674 3124 ι
2732 3071 3070 3142 Respondit:
3105 3093 3122 3125 ι
3161 3073 3275 3128 Νοιι
3326 3076 3448 3130 dico

175 3176 350 3231 taret;
400 3167 645 3224 ascendit
687 3182 835 3232 vero,
869 3175 929 3220 ιιι
957 3165 1258 3220 divinitatis
1303 3178 1415 3218 suae
1453 3177 1551 3217 nos
1589 3161 1758 3232 parti-
1786 3155 1829 3216 C
1865 3157 1960 3210 tibi
2011 3173 2183 3228 usque
2232 3160 2465 3230 septies.
2525 3163 2622 3216 sed
2672 3179 2843 3234 usque
2887 3167 3193 3236 septuagies
3250 3169 3449 3238 septies

170 3261 322 3328 cipes
361 3259 599 3323 faceret',
645 3259 784 3313 sicut
831 3272 928 3327 per
952 3255 1270 3327 Apostolum
1321 3254 1522 3308 dicitur
1552 3270 1564 3306 :
1600 3271 1618 3304 ι
1654 3250 1756 3320 Qui

173 3359 425 3404 mortuus
461 3359 544 3404 est
590 3359 816 3419 propter
855 3354 1077 3417 peccata
1130 3353 1336 3410 nostra,
1367 3352 1424 3398 et
1461 3341 1759 3398 resurrexit

171 3450 398 3509 propter
435 3438 879 3506 justilicationem
927 3447 1171 3492 nostram
1212 3433 1393 3505 (Rom.
1420 3433 1517 3506 tv).
1560 3452 1578 3485 ι
1624 3432 1760 3486 Hinc

173 3538 259 3584 est
296 3530 443 3582 enim
471 3529 614 3599 quod
647 3527 926 3582 Matthqu
969 3525 1346 3582 descendendo
1388 3539 1485 3594 per
1515 3522 1760 3577 Salomo-

173 3637 322 3684 nem,
350 3619 506 3689 cujus
546 3631 776 3675 matrem
825 3616 1260 3688 concupiscendo
1289 3614 1456 3668 David
1493 3611 1756 3681 peccavit,

175 3712 538 3781 quadraginta
600 3710 980 3780 generationes
1050 3713 1372 3769 enumerat,
1423 3702 1582 3773 232
1637 3717 1758 3754 cum

172 3802 352 3858 Lucas
384 3802 727 3857 ascendendo
769 3815 867 3872 per
899 3799 1132 3866 Nathan,
1179 3813 1276 3868 per
1322 3795 1476 3864 cujus
1525 3794 1759 3850 nominis

173 3895 498 3963 prophetam
539 3903 822 3964 peccatum
861 3892 1030 3946 David
1071 3890 1329 3945 Dominus
1379 3887 1639 3957 expiavit,
1675 3902 1761 3941 sc-

173 3985 452 4055 ptuoginta
506 3993 561 4040 et
615 3994 819 4055 septem
875 3984 1255 4056 generationes
1313 3981 1602 4036 describat.
1654 3977 1760 4034 Per

173 4076 489 4132 Matthaaum
523 4079 722 4150 quippe
757 4079 1004 4149 signatur
1044 4078 1170 4147 quia
1218 4075 1419 4131 idcirco
1461 4075 1552 4131 Dei
1589 4073 1758 4129 Filius

173 4169 242 4221 ad
275 4183 375 4223 nos
407 4178 718 4236 peccatores
745 4168 1046 4232 descendit,
1076 4174 1135 4221 ut
1179 4165 1525 4220 mortalitatis
1554 4174 1758 4219 nostra:

170 4260 450 4328 particeps
499 4259 684 4323 ﬁeret;
750 4274 848 4329 per
901 4256 1100 4311 Lucam
1156 4271 1280 4310 vero
1338 4255 1582 4309 innuitur
1631 4256 1756 4325 quia

173 4350 382 4405 idcirco
417 4359 540 4418 post
585 4349 1044 4406 resurrectionem
1074 4348 1139 4402 ad
1163 4346 1378 4402 Patrem
1407 4347 1668 4412 ascendit,
1701 4356 1760 4401 ut

172 4455 276 4495 nos
317 4441 622 4495 divinitatis
671 4456 781 4495 sua:
826 4449 1111 4495 consortes
1155 4439 1406 4494 ediceret.
1460 4437 1616 4492 Sicut
1662 4453 1759 4508 per

171 4533 451 4601 egregium
511 4531 920 4601 prazdicatorem
978 4531 1178 4586 dicitur
1228 4549 1240 4584 :

171 4630 441 4692 ascendit,
473 4629 604 4699 qttid
633 4639 738 4696 est,
775 4630 877 4684 nisi
924 4629 1053 4698 quia
1101 4630 1378 4685 descendit
1421 4632 1653 4701 primum
1701 4632 1754 4686 in

170 4715 464 4773 inferiores
505 4728 690 4789 partes
737 4719 933 4774 terrm?
959 4719 1063 4787 Qui
1109 4719 1385 4776 descendit
1420 4723 1534 4790 ipse
1568 4731 1671 4785 est,
1703 4731 1758 4776 et

171 4809 268 4878 qui
295 4811 540 4865 ascendit
581 4825 745 4879 super
770 4825 958 4866 omnes
988 4811 1174 4876 caelos,
1205 4820 1264 4864 ut
1294 4812 1614 4881 adimpleret
1642 4827 1759 4866 om-

171 4903 265 4956 nia
316 4902 546 4973 (Ephes.
585 4903 692 4971 tv).
733 4923 750 4954 ι
788 4904 889 4958 Per
937 4919 1218 4959 numerum
1271 4919 1539 4974 namque,
1596 4920 1756 4975 quem

174 4991 460 5048 Matthacus
507 4992 757 5056 ordinat,
807 4994 1080 5062 susceptio
1129 5002 1326 5049 nostra
1377 4992 1755 5057 mortalitatis;

937 5085 1096 5122 ’ςῖιῖηε
1142 5086 1316 5122 nncnil
1376 5085 1626 5122 humanm
1664 5103 1758 5122 av-

172 5096 272 5122 Μι-
317 5082 465 5122 illum
521 5097 652 5122 νηί-η
716 5099 870 5122 nnmr.
921 5084 941 5122 Γ
969 5100 1096 5122 nunc
1142 5086 1316 5122 nncnit

1293 4550 1312 4581 r
1363 4530 1515 4596 Quod
1572 4505 1834 4585 autemD

1865 3247 2080 3319 (Matth.
2107 3250 2286 3322 xvur).
2327 3271 2346 3304 ι
2373 3251 2621 3323 Congrue
2641 3264 2818 3309 autem
2843 3269 2942 3324 per
2968 3259 3442 3328 septuagenarium

1864 3357 2148 3396 numerum
2203 3355 2548 3413 peccatorum
2594 3348 2842 3404 remissio
2891 3349 3222 3421 designatur,
3254 3351 3344 3420 qui
3377 3355 3447 3406 ab

1862 3434 2165 3488 undenario
2195 3444 2250 3488 et
2293 3437 2600 3504 septenario
2629 3439 2888 3493 nascitur.
2928 3438 3184 3494 Undecim
3214 3455 3447 3509 namque

1863 3523 1908 3575 si
1980 3525 2179 3595 septies
2239 3526 2684 3594 multiplicemur,
2740 3532 3077 3598 septuaginta
3137 3539 3191 3584 et
3240 3544 3444 3600 septem

1865 3633 2148 3672 numerum
2201 3617 2424 3674 faciunt.
2476 3620 2739 3676 Denarius
2787 3632 2966 3676 autent
3015 3639 3270 3679 numerus
3322 3641 3447 3693 per-

1864 3705 2040 3762 fectus
2069 3723 2190 3763 esse
2219 3710 2576 3780 dignoscitur,
2609 3727 2705 3781 per
2730 3727 2890 3782 quem
2926 3721 2982 3766 et
3014 3713 3309 3784 Decalogus
3350 3718 3446 3768 de-

1863 3799 2123 3869 signatur.
2142 3799 2247 3854 Sed
2275 3801 2318 3856 si
2349 3802 2603 3857 denarius
2624 3810 2708 3857 est
2735 3802 3030 3873 perfectus,
3064 3814 3230 3860 restat
3261 3816 3447 3861 neces-

1862 3893 2008 3944 sario
2039 3878 2102 3945 ut
2129 3894 2457 3948 undenarius
2487 3895 2557 3949 sit
2593 3895 2962 3965 imperfectus.

1933 3983 2073 4049 Quid
2101 3994 2184 4038 est
2208 3994 2390 4038 autem
2421 3994 2723 4054 peccatum,
2755 3987 2856 4040 nisi
2888 3988 3247 4058 transgressio
3275 3988 3447 4060 legis?

1865 4074 1918 4128 Si
1947 4090 2074 4146 ergo
2103 4092 2200 4146 per
2237 4078 2520 4132 denarium
2548 4079 2634 4133 lex
2667 4079 3003 4151 intelligitur,
3033 4092 3182 4138 recte
3218 4098 3316 4153 per
3347 4101 3448 4139 un-

1863 4165 2142 4219 denarium
2182 4165 2312 4236 legis
2351 4171 2710 4240 transgressio
2743 4169 3026 4241 ﬁguratur.
3061 4173 3220 4246 233
3253 4174 3443 4245 Septe-

1861 4259 2014 4312 nario
2062 4272 2190 4312 vero
2236 4275 2464 4315 numero
2514 4270 2624 4316 tota
2672 4265 2856 4332 saeculi
2907 4266 3064 4337 hujus
3118 4268 3447 4324 universitas

1861 4348 2194 4415 continetur,
2232 4351 2358 4420 quia
2386 4362 2592 4422 septem
2621 4355 2810 4410 diebus
2835 4359 3012 4412 omnis
3041 4359 3299 4414 decursus
3322 4361 3445 4415 vita:

1863 4440 2142 4505 prmsentis
2192 4442 2480 4498 evolvitur.
2540 4443 2646 4500 Per
2693 4447 3050 4502 undenarium
3087 4463 3215 4518 ergo
3239 4451 3444 4519 septies

1865 4531 2277 4600 multiplicatum
2306 4546 2498 4589 cuncta
2531 4547 2713 4592 nostra
2743 4550 2967 4607 peccata
3009 4541 3075 4595 ad
3107 4543 3445 4610 septuagesi-

1865 4636 2010 4674 mum
2043 4623 2328 4690 septimum
2353 4626 2694 4682 deducuntur
2739 4645 3023 4684 numerum
3050 4671 3064 4695 ,
3094 4632 3147 4686 in
3178 4649 3285 4702 quo
3314 4647 3446 4687 vere

1864 4717 2104 4769 omnium
2145 4717 2203 4770 ﬁt
2244 4719 2492 4774 remissio
2517 4732 2880 4789 peccatorum.
2919 4723 3071 4780 Unde
3101 4727 3378 4797 eleganter
3417 4742 3447 4779 a

1865 4806 2065 4862 Christi
2102 4809 2374 4880 baptismo
2405 4813 2520 4867 haec
2568 4816 2864 4870 secundum
2895 4816 3102 4874 Lucam
3151 4818 3322 4872 series
3371 4817 3453 4870 in-

1865 4899 2115 4963 choatur,
2147 4910 2201 4955 et
2228 4900 2279 4954 in
2308 4901 2400 4956 Dei
2441 4901 2616 4956 Patris
2653 4920 2886 4975 persona
2939 4905 3127 4965 (initur
3157 4905 3309 4978 (Luc.
3343 4905 3450 4975 ιιι).

1867 4991 1924 5046 ιιι
1954 4991 2222 5062 baptismo
2253 4995 2394 5049 enim
2422 4995 2625 5053 Christi
2646 5000 2886 5054 omnium
2920 5002 3076 5057 nobis
3109 5007 3457 5075 peccatorum

1866 5085 2114 5122 ramiccin
2143 5088 2391 5122 nnnvnnit
2419 5101 2516 5122 τιον
2543 5087 2801 5122 ﬁnivit...“

2851 5103 3102 5122 nonnon...
3159 5108 3246 5122 ("CII
3301 5104 3466 5122 cunn-
