3978 5328
524 303 624 361 751

525 512 808 567 litudinem
838 513 1017 568 carnis
1057 515 1263 583 peccati
1293 555 1307 578 ,
1341 534 1360 567 ›
1397 524 1742 583 peccatorum
1793 527 2100 569 nostrorum

522 605 922 672 susceptionem
982 605 1266 660 manifeste
1319 604 1603 671 declarat;
1660 621 1822 674 quam
1867 607 2105 661 ostendit

524 677 837 758 \la'ttincus,
868 710 990 748 cum
1038 697 1414 751 descendendo
1464 696 1818 766 quadraginta
1873 711 2104 764 genera-

522 786 695 840 tiones
722 795 1028 840 enumerat.
1057 786 1191 841 Cum
1220 802 1348 842 vero
1375 788 1620 856 sequitur
1649 801 1662 839 :
1699 805 1716 838 ι
1759 789 1825 841 Et
1869 790 1936 843 de
1981 804 2106 858 pee-

518 887 640 932 cato
669 878 948 933 damnavit
985 888 1263 948 peccatum
1313 880 1365 933 in
1411 893 1614 943 carae,
1670 897 1690 932 ι
1740 880 2102 950 expiationem

518 969 761 1023 omnium
792 980 1100 1025 nostrorum
1133 970 1417 1024 criminum
1453 971 1656 1024 indicat
1686 987 1699 1035 ;
1732 986 1892 1041 quam
1927 971 2104 1026 Lucas

518 1059 798 1128 exprimit,
831 1075 953 1114 cum
979 1060 1323 1114 ascendendo
1345 1060 1685 1130 septuaginta
1713 1069 1918 1128 septem
1941 1074 2104 1128 gene-

518 1155 762 1210 rationes
783 1155 1063 1209 describit.
1539 1153 1541 1156 ’

588 1243 826 1298 Plurima
857 1244 1073 1313 quidem
1098 1244 1402 1299 dilectionis
1429 1253 1644 1305 vestrae,
1676 1241 1872 1297 fratres
1895 1243 2103 1297 charis-

514 1335 659 1398 simi,
675 1335 738 1388 de
761 1334 992 1390 lectione
1015 1335 1350 1404 evangeliea,
1367 1349 1487 1403 qua:
1511 1333 1704 1387 multis
1720 1334 2101 1404 mysteriorum

516 1424 873 1478 sacramentis
897 1433 979 1478 est
1021 1422 1278 1494 gravida,
1333 1437 1614 1494 possemus
1654 1438 1964 1492 exponere;
2009 1423 2103 1477 sed

515 1532 638 1570 eam
669 1515 870 1572 idcirco
913 1517 1188 1570 succincte
1216 1516 1662 1580 transcurrimus,
1695 1532 1761 1570 ne
1793 1531 1880 1579 ea,
1925 1531 2042 1585 quae
2072 1531 2101 1570 a

515 1611 811 1683 majoribus
840 1611 1040 1666 nostris
1063 1610 1128 1664 (le
1160 1626 1222 1665 ea
1248 1610 1408 1664 latius
1452 1611 1594 1664 dicta
1633 1619 1757 1664 sunt
1786 1651 1799 1675 ,
1831 1609 2102 1680 superfluo

514 1713 762 1773 repetere
792 1703 1091 1756 videamur.
1127 1701 1258 1755 lllud
1289 1714 1470 1755 autem
1497 1717 1663 1754 unum
1694 1702 1744 1754 in
1769 1717 1832 1756 ea
1858 1717 1963 1754 non
1992 1711 2099 1755 tam

1133 309 1190 363 S.
1235 309 1437 364 PETRI
1470 309 1750 364 DAMIA'NI
1793 309 1942 365 OPP.
1987 311 2164 368 PARS
2205 313 2337 371 SEU
2371 314 2691 372 TOMUSII.
2725 348 2793 358 —-
2834 318 3219 377 SERMONES.

527 421 662 474 Cum
694 420 837 475 cnim
863 420 990 474 dicit
1019 435 1032 473 :
1065 440 1081 472 ι
1122 421 1264 475 Misit
1297 422 1437 477 Deus
1471 421 1666 476 Filium
1696 437 1850 476 suum
1884 423 1934 475 in
1964 423 2109 476 simi-
2141 433 2185 488 Α

3690 325 3798 381 733

2285 426 2439 492 llinc,
2457 428 2670 494 fratres,
2685 429 2830 495 hinc,
2849 447 2996 502 rogo,
3014 434 3326 502 perpendite
3338 435 3532 505 quibus
3549 435 3796 492 laudibus

2207 517 2368 587 digna
2395 521 2465 572 sit
2494 520 2648 574 beata
2687 531 2741 576 et
2787 522 3017 593 gloriosa
3052 525 3202 595 virgo
3244 527 3411 581 Maria
3438 570 3451 593 ,
3485 544 3608 598 qua:
3647 531 3792 584 illum

2206 611 2359 666 nobis
2386 612 2450 666 de
2467 613 2788 668 castissimis
2814 615 2924 669 suis
2949 616 3246 671 visceribus
3269 621 3476 688 genuit,
3497 622 3705 691 quinos
3730 623 3795 677 de

2206 708 2314 752 tam
2339 699 2606 770 profundo
2632 712 2849 772 gutture
2877 705 3174 761 avidissimi
3197 707 3448 763 draconis
3475 712 3698 780 eripuit.
3715 713 3793 767 Ad

2203 794 2318 861 ejus
2362 809 2594 864 namque
2643 795 2802 865 digne
2831 795 3100 853 efferenda
3145 801 3411 868 praeconia
3453 818 3561 856 non
3607 805 3792 858 rheto-

2207 883 2438 936 ricorum
2460 885 2662 938 diserta
2691 884 2964 951 facundia,
2995 903 3104 942 non
3128 888 3540 944 dialecticorum
3573 892 3790 946 subtiiia

2204 984 2543 1041 argumenta,
2573 991 2679 1029 non
2715 976 3029 1031 acutissima
3060 979 3511 1049 philosophorum
3541 993 3672 1051 apta
3705 1000 3786 1037 re-

2203 1065 2486 1133 periuntur
2522 1065 2754 1135 ingenia.
2794 1067 2860 1121 Et
2885 1069 3012 1136 quid
3038 1069 3260 1134 mirmn,
3287 1072 3332 1125 si
3358 1072 3473 1126 haec
3501 1071 3790 1128 ineffabili;

2205 1155 2368 1226 Virgo
2397 1157 2450 1211 in
2478 1158 2591 1211 suis
2621 1157 2874 1213 laudibus
2899 1162 3115 1215 modum
3152 1162 3407 1216 humanae
3437 1165 3592 1218 vocis
3633 1180 3790 1220 exsu-

2204 1255 2376 1313 perat,
2407 1261 2529 1300 cum
2553 1255 2608 1302 et
2629 1248 2800 1318 ipsam
2832 1252 3047 1318 generis
3072 1252 3288 1306 humani
3331 1263 3589 1307 naturam
3615 1256 3789 1310 excel-

2205 1335 2428 1390 lentium
2480 1338 2794 1392 meritorum
2832 1341 3092 1410 dignitate
3130 1344 3532 1398 transcendat?
3564 1343 3682 1399 Non
3705 1349 3791 1400 de-

2204 1428 2366 1496 nique
2419 1429 2903 1486 excellentissimus
2947 1433 3036 1487 ille
3083 1435 3519 1504 patriarcharum
3564 1439 3788 1502 chorus,
3869 1477 3877 1490 .

2206 1533 2310 1572 non
2363 1521 2621 1588 providus
2669 1524 3055 1592 prophetarum
3103 1540 3403 1590 numerus,
3456 1544 3566 1581 non
3624 1526 3784 1594 judex

2205 1612 2574 1678 apostolorum
2611 1621 2852 1679 senatus,
2888 1629 2994 1668 non
3029 1625 3328 1685 martyrum
3354 1619 3530 1671 victor
3573 1622 3785 1674 exerci-

2205 1709 2312 1764 tus,
2341 1718 2444 1756 non
2470 1702 2666 1773 aliquis
2697 1705 3067 1774 antiquormn,
3099 1722 3208 1761 non
3238 1709 3525 1778 quisquam
3555 1727 3787 1780 sequen-

511 1795 646 1850 libet
675 1808 945 1864 exponere
969 1810 1130 1864 quam
1169 1793 1355 1849 mirari
1381 1835 1395 1856 ,
1426 1795 1552 1864 quia
1599 1809 1830 1864 persona
1869 1795 2098 1850 Redem-
2131 1785 2174 1843 Β
2205 1791 2336 1845 tium
2377 1792 2595 1846 Patrum
2629 1795 2752 1849 huic
2796 1797 3122 1851 beatissima:
3170 1798 3370 1867 Virgini
3410 1801 3609 1868 poterit
3641 1817 3787 1854 com-

514 1885 687 1954 ptoris
713 1887 880 1940 nostri
921 1886 998 1939 sic
1023 1887 1074 1940 in
1104 1886 1208 1940 fine
1229 1885 1390 1954 hujus
1416 1887 1725 1956 propaginis
1755 1887 1970 1956 ponitur
1991 1928 2005 1952 ,
2035 1903 2099 1942 ac

511 1978 556 2033 si
582 1979 779 2033 hamus
805 1980 858 2032 in
891 1978 1238 2033 extremitate
1266 1978 1420 2032 linete
1446 1981 1825 2034 subnectatur:
1857 1980 1935 2034 sic
1956 1979 2099 2034 ordi-

510 2078 637 2123 nate
657 2068 872 2123 additur
898 2069 1226 2138 genealogiae
1242 2109 1256 2133 ,
1284 2069 1424 2124 sicut
1449 2069 1640 2123 hamus
1661 2069 1936 2138 producta:
1958 2071 2098 2124 iuse-

515 2159 655 2213 ritur
695 2159 872 2215 liueae.
905 2160 1040 2214 Cum
1073 2160 1219 2214 enim
1251 2160 1483 2214 dicitur:
1525 2179 1542 2210 ι
1592 2161 1866 2215 Abraham
1911 2162 2104 2230 genuit

509 2249 682 2313 Isaac,
709 2249 861 2304 Isaac
885 2258 1064 2304 autem
1084 2249 1502 2320 genuitJacob,»
1524 2252 1769 2306 etecteri
1795 2252 2098 2323 progenito-

513 2355 600 2395 res
619 2340 705 2394 bis
727 2341 1271 2410 numerantur,quasi
1289 2340 1457 2394 lilittm
1486 2341 1600 2394 lilio
1620 2342 1895 2408 inseritur,
1913 2351 1969 2396 ut
1991 2358 2094 2396 una

507 2445 572 2485 ex
600 2429 844 2500 pluribus
894 2429 946 2484 in
977 2429 1193 2501 longum
1227 2430 1365 2485 linea
1415 2432 1763 2500 producatur.
1797 2433 1930 2488 Cum
1965 2449 2095 2488 vero

507 2523 852 2594 subjungitur
887 2542 898 2576 :
936 2541 954 2574 ‹
990 2521 1157 2577 Jaeob
1207 2532 1384 2577 autem
1433 2525 1619 2594 genuit
1657 2523 1857 2594 Joseph
1917 2527 2092 2581 virum

507 2613 716 2680 Mariae,
745 2615 811 2669 de
840 2629 946 2684 qua
976 2623 1133 2672 natus
1160 2624 1241 2670 est
1269 2615 1442 2676 Jesus,
1472 2618 1560 2685 qui
1596 2627 1818 2672 vocatur
1842 2619 2094 2673 Christus

507 2706 729 2777 (Matth.
762 2708 832 2778 I);
860 2727 877 2760 ι
913 2724 1018 2763 non
1041 2708 1153 2778 jam
1179 2707 1450 2775 directim,
1483 2709 1575 2763 sed
1601 2711 1756 2778 quasi
1778 2727 1841 2764 ex
1874 2711 2095 2780 obliquo

509 2799 706 2853 hamus
739 2800 1050 2868 apponitur,
1078 2802 1170 2870 qui
1199 2800 1404 2870 antiqui
1429 2800 1574 2854 Illius
1603 2801 1898 2856 Leviathan
1926 2801 2094 2856 fauci-

505 2887 608 2941 bus
634 2889 908 2960 inligatur.
945 2889 1082 2945 llinc
1112 2900 1196 2944 est
1219 2892 1361 2960 quod
1396 2892 1463 2945 ad
1510 2893 1728 2946 beatum
1765 2891 1867 2948 Job
1909 2892 2092 2947 Domi-

510 2993 613 3032 nus
645 2977 884 3049 loquitur
935 2980 1158 3034 dicens:
1199 2999 1218 3030 ί
1263 2981 1511 3050 Nunquid
1565 2983 1747 3052 capies
1793 2983 2090 3042 Leviathan

507 3069 717 3124 hamo?
753 3089 770 3122 ›
823 3069 968 3141 (Job
1015 3072 1138 3142 xc.)
1202 3071 1305 3125 Per
1372 3073 1662 3128 Leviathan:
1713 3075 1949 3145 quippe,
1999 3077 2088 3145 qui

511 3161 928 3216 additamentum
979 3180 1158 3216 eorum
1209 3165 1438 3227 dicitur,
1486 3174 1638 3218 cetus
1673 3166 1760 3220 ille
1803 3168 2092 3221 devorator

506 3254 732 3308 humani
759 3255 974 3325 generis
1006 3254 1338 3326 designatur,
1367 3257 1456 3326 qui
1491 3258 1617 3310 dum
1648 3271 1705 3311 se
1755 3257 2092 3311 divinitatem

509 3346 716 3401 homini
756 3347 958 3402 addere
1007 3348 1326 3417 spopondit,
1383 3349 1840 3405 immortalitatem
1877 3350 2095 3404 sustulit

509 3435 665 3506 (Gen.
697 3435 812 3510 tu);
842 3436 1417 3508 qui'prtevaricationis
1438 3454 1651 3509 quoque
1677 3441 1912 3511 culpam,
1931 3457 2092 3511 quam

510 3528 689 3598 primo
719 3529 924 3584 homini
951 3529 1278 3600 prepinavit,
1311 3531 1435 3584 dum
1480 3546 1539 3584 se
1592 3531 1940 3600 sequentibus
1973 3547 2096 3602 pes-

507 3621 646 3675 sima
671 3622 1025 3691 persuasione
1057 3621 1398 3692 multiplicat,
1435 3637 1622 3692 poenas
1663 3624 1744 3676 eis
1771 3623 1888 3678 sine
1913 3639 2096 3677 cessa-

504 3713 655 3767 tione
685 3723 989 3768 eoaeervat.
1045 3714 1102 3770 lu
1149 3716 1311 3770 hamo
1349 3724 1529 3768 autem
1571 3729 1696 3770 esca
1745 3715 2050 3769 ostenditur
2077 3757 2092 3782 ,

508 3805 730 3861 aculeus
753 3806 1077 3860 occultatur.

581 3896 735 3952 llunc
761 3913 891 3968 ergo
915 3897 1078 3953 Pater
1101 3899 1445 3969 omnipotens
1479 3899 1641 3954 hamo
1676 3898 1843 3970 cepit,
1873 3899 2000 3969 quia
2027 3899 2093 3954 ad

513 3998 748 4044 mortem
786 3989 930 4044 illius
961 3991 1295 4062 unigenitum
1320 3991 1516 4045 Filium
1550 3992 1892 4045 incarnatum
1926 3992 2090 4055 misit,

513 4083 570 4135 in
598 4096 708 4151 quo
743 4091 798 4136 et
823 4098 951 4137 caro
974 4083 1244 4151 passibilis
1283 4084 1450 4137 videri
1489 4093 1708 4153 posset,
1753 4091 1805 4138 et
1844 4083 2095 4138 divinitas

510 4173 861 4242 impassibilis
888 4174 1056 4228 videri
1083 4191 1188 4230 non
1213 4183 1414 4244 pesset.
1434 4175 1681 4244 Cumque
1704 4175 1756 4229 in
1779 4190 1844 4230 eo
1869 4190 2094 4245 serpens

517 4268 620 4322 iste
661 4282 760 4336 per
792 4282 982 4320 manus
1017 4267 1456 4336 persequentium
1486 4281 1666 4321 eseam
1705 4267 1950 4336 corporis
1977 4283 2093 4320 mo-

519 4358 744 4423 mordit,
773 4357 1074 4412 divinitatis
1124 4357 1272 4411 illum
1321 4356 1541 4411 aculeus
1583 4356 1894 4427 perforavit.
1941 4357 2096 4411 Prius

2200 1885 2402 1954 parari.
2430 1885 2568 1950 Quid
2599 1885 2742 1939 enim
2771 1887 3112 1953 sanctitatis,
3163 1890 3289 1957 quid
3335 1891 3564 1959 justitiae
3595 1933 3609 1953 ,
3657 1895 3786 1962 quid

2201 1975 2499 2045 religionis,
2532 1977 2660 2045 quid
2691 1977 3040 2046 perfectionis
3087 1979 3349 2050 singulari
3401 1982 3528 2037 huic
3579 1983 3783 2053 Virgini

2199 2065 2386 2119 deesse
2416 2067 2607 2134 potuit,
2642 2082 2760 2134 quae
2789 2067 2954 2122 totius
2985 2068 3180 2123 divina:
3217 2072 3407 2138 gratize
3449 2071 3781 2125 charismate

2198 2157 2356 2226 plena
2387 2157 2487 2212 fuit
2513 2159 2536 2212 ?
2568 2158 2661 2214 Sic
2683 2175 2913 2229 namque
2936 2161 3004 2213 ab
3032 2162 3245 2231 angelo,
3274 2163 3401 2216 dum
3430 2164 3782 2229 salutaretur,

2197 2248 2429 2301 audivit:
2452 2268 2469 2300 ι
2490 2250 2602 2302 Ave
2627 2289 2640 2313 ,
2658 2251 2828 2319 gratia
2848 2250 3026 2320 plena,
3044 2251 3300 2306 Dominus
3319 2263 3500 2309 tecum
3519 2255 3670 2325 (Luc.
3687 2260 3777 2326 1).;

2197 2339 2372 2406 Quod,
2413 2355 2560 2409 rogo,
2589 2339 2798 2401 vitium,
2829 2341 2881 2394 in
2913 2341 3028 2410 ejus
3057 2353 3256 2406 mente,
3285 2344 3369 2399 vel
3399 2361 3633 2415 corpore
3667 2350 3779 2400 vin-

2196 2435 2378 2489 dicare
2409 2435 2509 2488 sibi
2533 2435 2708 2504 potuit
2736 2435 2932 2498 locum,
2959 2451 3078 2504 qua:
3120 2437 3184 2489 ad
3218 2438 3387 2491 instar
3434 2441 3586 2504 εωιί,
3619 2441 3788 2510 pleni-

2196 2525 2400 2579 tudinis
2458 2526 2626 2580 totius
2668 2526 2969 2580 divinitatis
3008 2528 3206 2581 meruit
3261 2544 3383 2583 esse
3431 2533 3786 2585 sacrarium?

2201 2633 2218 2665 ι
2253 2615 2307 2668 ln
2335 2614 2554 2670 Christo
2589 2634 2606 2666 ›
2638 2617 2805 2678 enim,
2831 2616 2970 2670 sicut
2999 2631 3095 2686 per
3116 2618 3333 2672 Paulum
3362 2620 3565 2674 dicitur
3589 2638 3603 2686 ;
3640 2639 3662 2675 ι
3691 2624 3788 2674 ha-

2195 2705 2331 2759 bitat
2372 2707 2548 2761 omnis
2588 2706 2865 2776 plenitudo
2902 2708 3199 2765 divinitatis
3243 2713 3603 2780 corporaliter
3635 2714 3779 2784 (Col.

2195 2794 2329 2864 tu).t
2383 2793 2491 2850 Nec
2521 2796 2750 2862 mirum,
2779 2798 2822 2852 si
2852 2807 3169 2854 cunctorum
3210 2804 3402 2857 merita
3428 2807 3778 2860 transcendat

2194 2887 2534 2952 mortalium,
2577 2904 2694 2958 qua:
2729 2899 2783 2944 et
2823 2891 2937 2962 ipsa
2977 2907 3139 2964 super
3163 2897 3376 2950 excedit
3403 2897 3779 2955 celsitudinem

2193 2980 2526 3050 angelorum.
3409 3053 3414 3058 _

2264 3072 2366 3126 l’er
2389 3074 2528 3127 hanc
2551 3073 2694 3128 enim
2721 3074 3090 3130 beatissimam
3115 3077 3412 3148 Virginem,
3451 3095 3559 3134 non
3603 3081 3775 3134 solum

2196 3163 2391 3216 amissa
2442 3163 2569 3216 olim
2611 3167 2719 3218 vita
2769 3166 3078 3221 hominibus
3125 3167 3409 3234 redditur,
3464 3174 3560 3225 sed
3615 3172 3778 3227 etiam

2195 3255 2474 3310 beatitudo
2502 3256 2758 3325 angelicae
2787 3256 3136 3312 sublimitatis
3169 3270 3417 3329 augetur,
3447 3263 3577 3330 quia
3606 3301 3624 3326 ,
3651 3264 3777 3315 dntn

2196 3347 2356 3400 domo
2381 3348 2446 3400 ad
2479 3362 2707 3416 superna
2739 3349 3016 3402 reducitur
3041 3389 3055 3412 ,
3087 3349 3299 3403 illorum
3342 3366 3637 3415 numerus,
3687 3352 3776 3419 qui

2195 3435 2492 3495 diminutus
2522 3435 2717 3501 fuerat,
2752 3448 3057 3506 reparatur.
3094 3437 3205 3491 lloc
3236 3453 3431 3508 nempe
3460 3440 3775 3508 angelorum

2196 3525 2481 3580 multitudo
2503 3525 2589 3579 illa
2613 3527 2924 3595 signaverat
2950 3543 3070 3595 quae
3096 3529 3402 3597 pastoribus
3428 3530 3777 3585 audientibus

2197 3616 2248 3669 in
2287 3615 2664 3686 Redemptoris
2693 3618 2864 3671 nostri
2895 3619 3175 3673 nativitate
3200 3619 3502 3673 clamabat:
3543 3638 3562 3669 ι
3592 3621 3775 3675 Gloria

2196 3707 2248 3760 in
2275 3707 2506 3762 excelsis
2548 3710 2677 3774 Deo,
2725 3720 2781 3762 et
2829 3709 2882 3762 in
2925 3719 3066 3764 terra
3115 3727 3216 3779 pax
3262 3712 3577 3768 hominibus
3627 3715 3777 3768 bene

2193 3801 2488 3858 voluntatis
2516 3801 2668 3872 (Luc.
2702 3802 2786 3874 tt).
2821 3823 2839 3855 ι
2871 3803 3006 3856 Cum
3031 3804 3175 3857 enim
3205 3805 3353 3874 prius
3379 3805 3585 3860 dicitur
3609 3799 3774 3876 gloria

2194 3907 2316 3947 esse
2343 3893 2450 3946 Deo
2475 3893 2527 3946 in
2557 3893 2811 3959 excelsis,
2839 3895 3032 3949 deinde
3058 3895 3278 3950 additur
3298 3905 3350 3949 et
3380 3897 3433 3950 in
3471 3905 3618 3952 terra
3650 3913 3774 3968 pax,

2194 3996 2448 4057 patenter
2475 3988 2780 4043 ostenditur
2806 3989 2934 4057 quia
2960 3988 3246 4044 ineffabilis
3276 3990 3624 4046 intemeratae
3659 3990 3771 4044 Vir-

2195 4080 2334 4149 ginis
2363 4090 2552 4150 partus
2579 4096 2685 4134 non
2713 4081 2885 4134 solum
2911 4082 3094 4145 terris,
3125 4081 3220 4136 sed
3251 4091 3306 4136 et
3337 4082 3470 4149 ipsis
3496 4082 3772 4137 nihilomi-

2197 4186 2295 4225 nus
2324 4173 2615 4241 generabat
2641 4172 2892 4240 gaudium
2923 4173 3096 4226 ctelis.
3123 4172 3236 4226 Hoc
3263 4173 3429 4226 etiam
3461 4172 3552 4226 illa
3587 4175 3766 4228 beato-

2197 4278 2314 4315 rum
2344 4278 2631 4331 puerorum
2659 4263 2865 4318 indoles
2894 4265 3210 4329 asserebat,
3243 4264 3367 4333 qui,
3404 4265 3665 4320 veniente
3711 4264 3773 4318 ad

2195 4356 2500 4422 passionem
2531 4355 2775 4416 Domino,
2809 4355 3063 4410 concordi
3093 4369 3227 4410 voce
3257 4355 3597 4409 cantabant:
3632 4375 3650 4406 ι
3675 4355 3773 4408 Ho-

514 4463 645 4503 vero
672 4463 796 4502 eum
837 4447 890 4502 in
924 4447 1198 4502 miraculis
1227 4446 1394 4503 Deum
1425 4455 1768 4516 cognoverat,
1791 4445 1887 4500 sed
1913 4445 1978 4500 de
2009 4462 2094 4500 co-
2127 4471 2168 4516 -h
2199 4461 2363 4498 sanna
2392 4445 2444 4498 in
2468 4445 2716 4500 excelsis.
2750 4445 3102 4511 Benedictus,
3133 4447 3224 4516 qui
3270 4447 3420 4500 venit
3463 4445 3518 4498 in
3562 4447 3774 4500 nomine

511 4541 753 4612 gnitione
781 4542 849 4596 ad
874 4542 1264 4596 dubitationem
1289 4540 1507 4602 cecidit,
1533 4539 1751 4609 quando
1782 4539 1926 4593 hunc
1971 4554 2094 4607 pas-

507 4634 718 4689 sibiletn
758 4630 922 4704 235
947 4633 1097 4686 vidit.
1127 4623 1291 4700 Quasi
1318 4632 1511 4686 hamus
1537 4646 1664 4700 ergo
1688 4629 1869 4684 fauces
1911 4629 2094 4700 deglu-

504 4723 688 4777 tientis
731 4724 945 4787 tenuit,
980 4723 1106 4776 dum
1162 4723 1215 4776 in
1261 4722 1354 4777 illo
1408 4736 1535 4777 esca
1593 4720 1775 4775 carnis
1819 4721 2089 4790 apparuit,

501 4832 666 4887 quam
703 4815 993 4871 devorator
1043 4823 1362 4885 appeteret,
1418 4822 1473 4869 et
1523 4813 1776 4868 divinitas
1826 4813 2092 4882 passionis

502 4919 745 4977 tempore
779 4907 958 4971 latuit,
982 4921 1103 4975 qum
1134 4915 1374 4960 necaret.
1405 4905 1460 4959 In
1488 4905 1650 4958 hamo
1679 4904 1796 4972 ejus
1827 4903 2086 4956 incarna-

502 4999 668 5053 tionis
707 5007 896 5066 captus
923 5008 1028 5061 est,
1059 4997 1205 5066 quia,
1250 4996 1376 5049 dum
1416 4997 1466 5049 in
1511 4995 1601 5048 illo
1632 4994 1858 5063 appetiit
1906 5008 2088 5048 escam

501 5089 765 5159 corporis,
796 5089 1088 5143 transfixus
1112 5098 1199 5143 est
1219 5087 1408 5144 aculeo
1434 5088 1755 5143 divinitatis.
1788 5087 1863 5142 lbi
1890 5087 2088 5157 quippe

506 5182 688 5236 inerat
718 5181 1049 5245 humanitas,
1075 5195 1195 5249 quae
1219 5181 1284 5234 ad
1309 5193 1369 5234 se
1404 5179 1779 5236 devoratorem
1825 5179 2045 5233 duceret
2072 5195 2087 5244 ;

504 5272 580 5320 ibi
612 5269 885 5322 divinitas.
922 5285 1041 5322 eum
1066 5269 1404 5324 nerforaret:
1439 5271 1508 5324 ibi
1531 5281 1714 5326 anerta
1770 5269 2084 5328 infirmitas.

2123 4496 2170 4556 Ι)

2201 4537 2413 4592 Domini
2436 4537 2652 4608 (Matth.
2680 4538 2816 4608 χιι).
2865 4557 2884 4589 ι

2269 4628 2314 4685 Ο
2366 4631 2686 4684 mirabiliter
2730 4629 2957 4684 fecunda
3005 4629 3289 4700 virginitas
3315 4670 3330 4693 ,
3371 4645 3494 4698 qua:
3545 4646 3687 4685 novo
3727 4639 3775 4682 et

2195 4723 2439 4777 inaudito
2494 4721 2757 4782 miraculo
2783 4731 2838 4776 et
2882 4731 3058 4776 mater
3107 4721 3212 4775 dici
3273 4723 3445 4791 possit
3494 4730 3551 4776 et
3585 4723 3768 4792 virgo!

2187 4811 2295 4879 Qui
2325 4820 2438 4867 toto
2466 4811 2663 4865 mundo
2694 4824 2801 4864 non
2825 4811 3057 4878 capitur,
3099 4810 3287 4880 puellae
3335 4821 3582 4876 tmmptae
3613 4824 3773 4862 mem-

2193 4903 2306 4959 bris
2363 4902 2684 4956 infunditur.
2739 4900 3021 4956 Sentiebat
3059 4901 3280 4970 quidem
3325 4900 3488 4970 235
3536 4901 3770 4967 pondera

2195 4994 2401 5049 ventris
2431 5006 2550 5062 quae
2575 4996 2833 5062 pudorem
2862 5008 2971 5046 non
3003 4993 3264 5047 amiserat
3291 4993 3584 5046 castitatis.
3618 4987 3771 5044 Mira-

2194 5086 2352 5140 batur
2383 5095 2571 5156 partus
2595 5085 2824 5154 insignia
2849 5099 2970 5153 quae
3007 5083 3153 5138 nulla
3187 5093 3411 5137 noverat
3446 5083 3549 5137 viri
3583 5092 3767 5136 conta-

2191 5178 2300 5247 gia.
2328 5178 2456 5231 Erat
2480 5191 2604 5246 spes
2635 5178 2687 5230 in
2717 5185 2894 5246 partu,
2924 5191 3046 5230 cum
3079 5193 3187 5230 non
3222 5175 3416 5230 fuisset
3444 5175 3694 5244 voluptas
3719 5176 3767 5233 in

2191 5268 2354 5321 coitu.
2384 5267 2712 5323 Immensae:
2739 5267 3007 5326 concepit.
3059 5277 3320 5322 :eternum
3366 5268 3590 5326 genuit.
3626 5266 3770 5326 geni-
