3978 5328
177 149 288 206 755

1607 144 1837 205 SERMO
1873 142 2065 205 XLVI;

3337 145 3447 205 τω

175 263 311 318 Sion
335 261 514 318 dicet:
544 259 737 325 Homo,
768 268 823 315 et
843 260 1004 314 homo
1035 259 1210 314 factus
1237 267 1319 314 est
1347 274 1414 314 ex
1442 274 1526 322 ea,
1554 266 1608 313 et
1634 259 1750 328 ipse
1782 264 1830 322 Α
1859 259 1970 312 suis
2001 258 2162 313 totius
2187 257 2332 313 orbis
2358 273 2581 330 campos
2603 260 2748 315 velut
2777 259 2917 316 rosis
2953 267 3007 314 et
3049 259 3176 314 liliis
3216 258 3438 317 decora-

178 354 432 411 [nndavit
475 367 595 407 eam
639 350 949 406 Altissimus
996 347 1169 422 (Psal.
1203 349 1443 421 Lxxxvt).
1485 368 1502 401 ι
1529 348 1757 406 Creatus

174 454 259 500 est
294 460 358 499 ex
392 459 455 498 ea
482 459 642 514 quam
672 445 895 509 creavit,
932 452 1178 515 portatus
1221 452 1305 498 est
1349 445 1599 500 manibus
1623 460 1758 515 quas

171 535 457 597 formavit,
496 535 639 590 suxit
666 535 832 589 ubera
859 550 979 605 quae
1004 536 1252 606 replevit,
1278 535 1467 604 puellae
1497 534 1754 590 confove-

170 626 340 683 batur
370 626 424 680 in
453 626 658 694 gremio
681 641 840 695 quem
888 628 1200 681 vastissima
1237 626 1357 680 εαξιί
1407 642 1515 681 non
1567 626 1759 695 recipit

175 713 433 779 latitudo,
465 715 765 784 puerilibus
791 714 976 770 fasciis
1002 716 1321 785 cingebatur
1353 715 1442 785 qui
1478 715 1759 771 immensi-

176 813 343 858 tatem
366 805 519 859 orbis
550 813 707 859 terrm
732 805 931 876 pugillo
956 804 1356 876 complectitur,
1384 806 1575 861 matris
1600 821 1759 876 pare-

168 894 264 949 bat
292 896 522 951 arbitrio
547 897 638 966 qui
669 898 912 952 omnium
935 913 1114 953 rerum
1136 898 1257 969 jura
1289 913 1386 952 suo
1422 898 1758 969 gubernabat

171 987 427 1057 imperio,
470 988 721 1057 vagiebat
751 989 803 1042 in
829 988 1113 1043 cunabulis
1152 989 1245 1059 qui
1278 988 1595 1061 angelorum
1619 1004 1756 1058 gau-

170 1078 323 1134 dium
355 1090 473 1134 erat
501 1081 552 1135 in
582 1082 754 1146 cmlis,
785 1080 979 1136 vilibus
1004 1082 1291 1152 tegebatur
1322 1081 1641 1151 crepundiis
1662 1081 1754 1150 qui

167 1169 380 1225 electos
410 1187 537 1226 suos
566 1173 700 1226 stola
747 1173 921 1227 induit
959 1172 1404 1234 immortalitatis,
1454 1172 1758 1242 imperabat

171 1260 253 1314 illi
284 1262 459 1331 puella
492 1264 576 1318 cui
605 1274 801 1318 cuncta
856 1266 1235 1334 obtemperant
1256 1273 1310 1318 et
1356 1263 1614 1318 obediunt
1641 1262 1753 1318 ele-

170 1364 379 1408 menta.
435 1355 527 1410 Sic
572 1370 807 1427 namque
855 1356 908 1411 in
971 1356 1259 1425 Evangelio
1306 1356 1568 1425 scriptum
1616 1363 1749 1410 est:

177 1458 197 1492 ι
232 1442 373 1509 Quia
426 1445 574 1498 venit
620 1459 741 1499 cum
794 1445 1115 1515 parentibus
1164 1444 1476 1509 Nazareth,
1529 1454 1583 1500 et
1635 1454 1754 1501 erat

167 1533 420 1588 subditus
445 1534 549 1590 illis
577 1534 726 1605 (Luc.
759 1537 842 1607 ιι).
875 1553 895 1585 ι

1864 352 1958 405 vit.
1987 352 2291 419 Singularis
2322 367 2557 422 namque
2584 351 2682 408 llos
2699 361 2899 409 sancta:
2914 352 3171 407 Ecclesia:
3194 352 3311 423 ipse
3332 360 3441 420 est,

1861 443 2001 495 sicut
2030 441 2095 495 de
2125 441 2417 511 semetipso
2443 441 2494 495 in
2526 441 2768 497 Canticis
2814 442 3148 498 canticorum
3179 441 3440 513 loquitur.

1859 529 2086 585 dicens:
2131 548 2151 581 ι
2202 531 2311 602 Ego
2359 529 2458 584 tios
2503 532 2676 603 campi
2705 572 2721 598 ,
2777 542 2832 587 et
2888 531 3059 587 lilium
3116 531 3444 587 convallium

1861 620 2036 687 (Cant.
2074 623 2156 692 ll).
2200 641 2218 673 ι
2257 622 2369 677 Hoc
2408 623 2577 677 lilium
2631 639 2735 678 non
2786 623 2839 678 in
2899 623 3198 687 montibus,
3241 623 3336 678 sed
3389 624 3442 676 in

1859 712 2190 766 convallibus
2212 712 2479 777 nascitur,
2509 714 2634 783 quia
2680 713 2930 784 superbis
2965 713 3107 768 Deus
3156 712 3442 787 resistens.

1861 801 1912 854 in
1964 802 2244 856 humilium
2296 804 2551 859 cordibus
2602 803 2900 858 invenitur.
2966 802 3163 857 Lilium
3218 812 3446 858 vocatur

1858 892 2128 957 Christus,
2161 894 2331 948 lilium
2366 894 2565 949 dicitur
2599 905 2653 950 et
2702 905 2880 950 mater
2914 895 3154 960 Christi,
3200 896 3341 950 sicut
3386 894 3443 951 in

1857 983 2045 1037 eodem
2098 985 2323 1039 Cantico
2388 983 2765 1040 subinfertur:
2822 1004 2841 1038 Ι
2882 986 3036 1042 Sicut
3083 988 3251 1042 lilium
3303 988 3446 1043 inter

1859 1074 2063 1142 Spinas,
2094 1075 2172 1129 sic
2223 1076 2394 1129 amica
2445 1091 2563 1130 mea
2620 1077 2761 1132 inter
2801 1077 2939 1133 ﬁlias
2975 1077 3187 1149 (Ibid.).
3235 1098 3254 1131 ι
3290 1079 3445 1134 Sicut

1857 1160 2027 1216 lilium
2058 1164 2198 1217 inter
2225 1165 2432 1233 spinas,
2470 1165 2552 1218 sic
2580 1165 2896 1221 beatissima
2933 1169 3086 1238 virgo
3118 1168 3284 1222 Maria
3324 1169 3444 1223 eni-

1860 1253 1961 1308 tuit
1994 1254 2136 1309 inter
2165 1255 2339 1319 ﬁlias;
2382 1271 2502 1326 qua:
2544 1255 2613 1311 de
2641 1258 2859 1328 spinosa
2901 1260 3196 1330 propagine
3230 1259 3445 1314 Judmn-

1858 1360 1975 1399 rum
2025 1353 2150 1400 nata
2167 1386 2180 1409 ,
2222 1346 2584 1402 can-iescehat
2608 1348 2871 1403 munditia
2897 1349 3154 1419 virginea:
3177 1351 3443 1405 castitatis

1856 1435 1911 1491 in
1941 1451 2170 1507 corpore
2198 1480 2211 1503 ,
2267 1437 2669 1494 ﬂammescebat
2723 1449 2905 1494 autem
2963 1442 3159 1496 ardore
3216 1438 3446 1509 gemina:

1855 1526 2140 1582 charitatis
2171 1527 2225 1582 in
2274 1537 2491 1595 mente,
2540 1528 2806 1598 ﬂagrabat
2851 1531 3053 1599 passim
3096 1528 3264 1586 odore
3316 1531 3447 1591 boni

240 1622 436 1678 Μετίιο
457 1624 641 1696 itaque
661 1626 817 1681 beata
840 1626 1003 1682 Maria
1024 1627 1225 1683 dicitur
1244 1642 1443 1699 parens
1465 1627 1748 1699 parientis,
1783 1624 1826 1683 Β
1852 1617 2033 1687 operis
2058 1660 2073 1686 ,
2127 1618 2380 1675 tendebat
2430 1620 2496 1674 ad
2538 1619 2791 1675 sublimia
2835 1620 3137 1677 intentione
3183 1623 3440 1679 continua

166 1713 352 1768 oriens
381 1714 629 1781 orientis,
657 1714 776 1771 fons
808 1715 973 1771 fontis
996 1713 1122 1780 vivi,
1151 1717 1304 1787 origo
1324 1717 1597 1789 principii,
1627 1717 1754 1787 quia

168 1802 261 1857 ille
290 1816 354 1858 ex
387 1818 451 1859 ea
476 1806 675 1875 prodiit
698 1821 796 1876 per
825 1807 1110 1863 materiam
1152 1808 1334 1863 carnis
1364 1810 1454 1879 qui
1486 1817 1647 1880 caput
1672 1818 1755 1865 est

170 1903 223 1947 et
251 1893 466 1950 initium
517 1892 758 1952 omnium
803 1913 988 1953 rerum
1034 1915 1132 1970 per
1180 1901 1471 1955 essentiam
1517 1900 1750 1956 deitatis.

169 1982 298 2038 llaec
325 1994 411 2039 est
432 1985 664 2056 denique
686 1997 837 2057 porta
866 1989 979 2054 illa,
1003 1990 1068 2045 de
1091 2005 1193 2059 qua
1217 1989 1468 2045 Ezechiel
1501 1998 1752 2058 testatur,

170 2076 363 2130 dicens
395 2089 410 2128 :
448 2093 466 2128 ι
500 2076 779 2133 Convertit
803 2094 908 2144 me,
932 2080 1124 2149 inquit.
1159 2081 1226 2135 ad
1260 2080 1402 2135 viam
1435 2072 1604 2151 portae
1628 2098 1753 2136 san-

168 2163 367 2217 ctuarii
395 2167 703 2233 exterioris,
738 2183 858 2236 quze
895 2170 1222 2238 respiciebat
1265 2171 1332 2225 ad
1364 2172 1631 2226 orientem
1657 2213 1671 2237 ,
1698 2181 1754 2228 et

170 2252 287 2307 lucc
314 2264 432 2306 erat
463 2254 669 2312 clausa.
716 2257 784 2311 Et
813 2258 949 2312 dixit
1004 2259 1265 2314 Dominus
1309 2261 1375 2315 ad
1417 2275 1544 2315 me:
1589 2260 1751 2316 Porta

166 2343 303 2409 haec,
334 2361 499 2414 quam
532 2347 705 2413 vides,
734 2349 915 2404 clausa
948 2350 1075 2416 erit,
1111 2360 1165 2405 et
1184 2367 1290 2405 non
1349 2353 1625 2422 aperietur
1651 2393 1664 2416 ,
1698 2361 1753 2407 et

169 2436 255 2490 Vir
303 2454 407 2493 non
443 2439 694 2494 transibit
729 2457 827 2512 per
873 2458 994 2497 eam
1020 2483 1033 2506 ,
1069 2450 1122 2497 et
1150 2458 1368 2513 semper
1412 2444 1516 2497 erit
1565 2443 1749 2498 clausa

169 2526 386 2585 (δισσὴ.
416 2534 587 2601 κων).
623 2552 640 2582 ι
673 2533 813 2588 Vere
856 2549 1072 2604 semper
1128 2534 1332 2601 clausa,
1370 2536 1497 2605 quia
1528 2543 1751 2607 semper

166 2619 501 2692 incorrupta.
557 2625 873 2698 lncorrupta
928 2639 1053 2683 ante
1107 2641 1366 2700 partum,
1434 2631 1749 2703 incorrupta

163 2724 287 2784 post
314 2729 525 2788 partum
551 2765 565 2785 ,
617 2724 928 2793 concipiens
971 2725 1146 2779 virum
1173 2766 1188 2791 ,
1233 2726 1480 2781 nesciens
1530 2728 1707 2781 virum
1731 2767 1747 2793 ,

168 2806 309 2861 sicut
351 2824 450 2879 per
485 2810 773 2866 Jeremiam
805 2813 1007 2869 dicitur
1040 2832 1052 2869 :
1092 2834 1109 2867 ι
1148 2815 1334 2871 Faciet
1363 2817 1618 2873 Dominus
1653 2833 1749 2873 no-

166 2910 291 2950 vum
323 2915 485 2968 super
523 2909 741 2964 terram,
792 2912 846 2958 et
871 2919 998 2960 ecce
1042 2906 1237 2960 mulier
1285 2907 1641 2963 circumdabit
1670 2909 1747 2963 vi-

166 3003 286 3041 rum
324 2989 459 3060 (Jer.
495 2992 728 3062 ἢχθη»

232 3076 579 3135 Gaudeamus
607 3083 808 3153 itaque,
836 3084 1168 3141 dilectissimi
1194 3128 1208 3150 ,
1250 3096 1304 3141 et
1329 3088 1664 3144 exsultemus
1694 3088 1747 3144 in

165 3167 448 3222 nativitate
504 3170 831 3226 beatissima:
878 3174 971 3229 Dei
1028 3176 1303 3245 genitricis
1353 3175 1575 3243 Marim,
1630 3193 1750 3247 quae

164 3271 364 3311 novum
392 3261 593 3313 mundo
622 3262 888 3316 nuntiavit
916 3265 1169 3334 gaudium
1195 3305 1211 3329 ,
1240 3272 1296 3320 et
1329 3266 1493 3320 totius
1537 3266 1751 3324 exstitit

161 3345 411 3401 humanae
441 3349 630 3404 salutis
651 3352 952 3406 exordium.
988 3351 1330 3408 Exsultemus
1356 3394 1369 3417 ,
1404 3354 1622 3423 inquam
1646 3395 1659 3417 ,
1696 3362 1752 3408 et

165 3437 307 3491 sicut
362 3440 600 3509 gaudere
655 3442 890 3498 solemus
935 3443 991 3498 in
1046 3433 1328 3499 nativitate
1371 3444 1618 3512 Christi,
1672 3446 1747 3500 ita

162 3528 330 3582 etiam
379 3531 727 3588 nihilominus
764 3536 1091 3605 gaudeamus
1131 3535 1184 3589 in
1235 3537 1514 3592 nativitate
1560 3539 1750 3593 matris

159 3616 387 3673 Christi.
429 3621 603 3678 Hodie
627 3633 755 3679 nata
784 3635 867 3681 est
892 3626 1075 3696 regina
1099 3628 1306 3692 mundi,
1337 3625 1575 3682 fenestra
1601 3629 1742 3693 rmli,

155 3707 318 3776 ianua
353 3712 617 3781 paradisi,
644 3714 1049 3771 tabernaculum
1077 3716 1191 3784 Dei,
1220 3718 1372 3774 stella
1398 3721 1583 3786 maris,
1602 3720 1745 3776 scala

160 3801 419 3867 celestis,
444 3819 543 3873 per
575 3819 737 3874 quam
770 3821 1037 3876 supernus
1058 3808 1173 3863 Rex
1200 3810 1515 3866 humiliatus
1542 3813 1608 3866 ad
1639 3813 1745 3867 ima

158 3891 479 3959 descendit;
508 3903 562 3949 et
591 3895 753 3950 homo
778 3938 792 3960 ,
819 3898 911 3968 qui
940 3908 1244 3966 prostratus
1276 3896 1493 3970 jacebat
1516 3941 1530 3965 ,
1559 3902 1625 3955 ad
1658 3916 1749 3955 su-

160 3998 326 4051 perna
393 3985 666 4042 exaltatus
728 3989 989 4044 ascendit.
1048 3988 1218 4044 Hodie
1278 3993 1528 4061 apparuit
1583 3992 1739 4048 stella

162 4075 386 4139 mundo,
415 4091 513 4146 per
540 4092 701 4145 quam
744 4078 836 4133 Sol
879 4079 1105 4149 justitite
1156 4082 1334 4135 illuxit
1377 4084 1601 4137 mundo.
1651 4083 1744 4138 llla

159 4164 434 4229 videlicet,
470 4167 536 4222 de
562 4183 667 4237 qua
695 4183 793 4238 per
829 4171 1150 4240 prophetam
1191 4172 1390 4227 dicitur
1422 4187 1435 4227 :
1473 4190 1492 4224 ι
1527 4172 1746 4229 Orietur

160 4257 315 4311 stella
356 4273 423 4312 ex
447 4257 638 4325 Iacob,
666 4269 722 4314 et
764 4271 1020 4332 exsurget
1049 4262 1210 4317 homo
1236 4263 1303 4318 de
1353 4263 1516 4319 lsrael
1550 4248 1739 4337 (Nunt.

161 4347 332 4417 xxiv).
364 4366 384 4400 ι
409 4346 582 4405 Hodie
606 4358 730 4405 nata
760 4362 844 4406 est
875 4352 1312 4421 splendidissima
1341 4355 1429 4410 illa
1462 4355 1648 4429 Virgo,
1678 4373 1744 4414 ex

161 4454 262 4508 qua
302 4436 576 4512 processit
608 4444 887 4513 speciosus
915 4446 1089 4501 forma
1137 4463 1249 4518 pra:
1286 4448 1410 4503 ﬁliis
1460 4451 1742 4506 hominum

163 4544 423 4603 tanquam
471 4552 705 4606 sponsus
762 4539 827 4593 de
872 4541 1112 4596 thalamo
1151 4558 1248 4598 suo
1290 4543 1487 4615 (l’snl.
1541 4562 1667 4600 κων
1698 4546 1737 4617 ).

164 4625 330 4681 llodic
358 4629 559 4698 prodiit
606 4646 675 4685 ex
722 4640 874 4686 utero
913 4636 1122 4701 matris,
1169 4653 1288 4706 qua:
1326 4637 1579 4707 templum
1626 4639 1740 4696 ﬁeri

163 4720 359 4774 meruit
385 4720 708 4777 divinitatis.
742 4722 912 4779 Hodie
939 4725 1156 4796 impleta
1202 4737 1284 4785 cst
1318 4730 1598 4799 prophetia
1631 4730 1738 4798 illa,

161 4825 320 4873 unum
351 4813 590 4866 eximius
621 4814 1007 4881 prophetarum
1057 4815 1224 4873 lsaias
1265 4818 1418 4888 quasi
1452 4835 1629 4889 praeco
1660 4820 1742 4875 fa-

161 4910 276 4953 ctus
309 4902 375 4956 ad
405 4903 707 4957 adventum
736 4905 933 4974 regina:
963 4906 1144 4960 mundi
1171 4948 1186 4970 ,
1222 4924 1418 4978 magna
1464 4892 1596 4965 voce
1627 4913 1739 4967 cla-

162 4990 352 5059 mabat,
380 4993 618 5049 dicens:
653 5011 671 5043 r
705 4992 1018 5062 Egredietnr
1046 4994 1194 5070 virga
1226 5001 1291 5056 de
1340 4997 1528 5054 radice
1564 4999 1737 5070 Jesse,

160 5091 206 5132 et
237 5082 333 5140 flos
360 5087 428 5140 de
459 5085 656 5140 radice
698 5084 809 5153 ejus
838 5087 1082 5142 ascendet
1120 5069 1260 5157 (isa.
1294 5087 1400 5160 χι).
1444 5108 1462 5140 ι
1495 5089 1561 5145 Et
1602 5069 1738 5153 bene

168 5171 272 5227 lucc
302 5173 755 5245 incomparabilis
800 5177 956 5247 Virgo
993 5178 1133 5246 virga
1166 5182 1341 5258 236
1364 5178 1586 5249 dicitur,
1617 5202 1736 5257 qua:

155 5270 200 5312 et
229 5279 320 5328 per
356 5266 722 5320 intentionem
748 5267 988 5322 desiderii
1010 5268 1074 5321 ad
1105 5283 1356 5328 sunerna
1406 5274 1651 5328 emicuit.
1681 5292 1737 5328 ei.

1854 1710 2055 1766 cordis.

1922 1801 2176 1859 Nonnulli
2204 1812 2413 1871 autem,
2436 1805 2564 1860 dum
2587 1806 2708 1877 plus
2742 1821 2932 1876 sapere
2976 1820 3139 1878 quam
3183 1817 3436 1878 oporteat

1854 1909 2044 1964 sapere
2074 1897 2333 1965 gestiunt,
2359 1898 2483 1967 quis
2513 1908 2665 1969 pater
2688 1940 2703 1965 ,
2754 1900 2837 1954 vel
2883 1916 3004 1970 quae
3047 1907 3222 1956 mater
3264 1901 3438 1958 beata:

1854 1982 2036 2039 Mariae
2060 1985 2437 2052 fuerit,studio
2466 1987 2751 2058 superﬂua:
2771 1988 3103 2044 curiositatis
3133 1990 3437 2061 inquirunt.

1854 2075 1960 2129 Sed
1988 2076 2183 2146 aliquis
2212 2077 2383 2134 lector
2408 2079 2573 2133 nimis
2596 2078 2863 2135 inutiliter
2889 2082 3085 2149 quaerit
3108 2082 3250 2152 quod
3274 2097 3436 2137 evan-

1858 2167 2048 2235 gelista
2084 2183 2311 2224 narrare
2338 2168 2667 2241 superﬂuum
2696 2172 2868 2226 duxit.
2905 2171 2960 2227 Si
2999 2173 3144 2227 enim
3175 2173 3300 2229 huic
3335 2189 3438 2230 no-

1853 2257 1984 2310 titia:
2007 2257 2296 2313 utilitatem
2322 2260 2501 2314 inesse
2528 2269 2884 2331 cognosceret
2909 2303 2923 2325 ,
2954 2278 3296 2332 nequaquam
3338 2280 3435 2320 no-

1852 2347 1975 2402 hilis
2006 2348 2297 2404 hismrieus
2326 2365 2439 2404 rem
2468 2352 2833 2406 necessariam
2863 2352 3081 2409 silentio
3102 2352 3430 2424 praeteriret.

1852 2436 2142 2493 Sciendum
2170 2455 2301 2495 vero
2334 2450 2418 2495 est
2470 2442 2613 2495 hunc
2657 2456 2778 2496 esse
2826 2458 3032 2497 morem
3077 2443 3436 2513 scriptoribus

1851 2529 1992 2582 sacri
2018 2528 2219 2599 eloquii
2250 2538 2343 2596 ut,
2376 2530 2516 2585 sicut
2566 2531 2787 2587 studeat
2839 2546 3057 2604 semper
3101 2533 3261 2589 silere
3291 2538 3437 2605 quod

1849 2622 2024 2689 obest,
2052 2624 2132 2680 sic
2173 2625 2339 2680 etiam
2378 2626 2582 2681 referre
2630 2626 2936 2697 despiciunt
2979 2628 3122 2697 quod
3154 2628 3297 2684 scire
3332 2646 3443 2685 non

1844 2716 2087 2785 prodest.
2110 2716 2417 2788 Aliquando
2466 2728 2647 2773 autem
2700 2718 2755 2773 in
2801 2734 2959 2774 sacra
2983 2716 3266 2791 Scriptura
3294 2723 3433 2776 certi

1849 2824 2011 2864 causa
2041 2811 2281 2882 mysterii
2316 2810 2520 2879 aliquid
2549 2810 3020 2880 praetermittitur,
3051 2821 3110 2866 ut
3137 2812 3251 2881 ipso
3281 2814 3440 2882 quasi

1850 2897 2119 2953 clamante
2149 2899 2368 2955 silentio
2391 2914 2650 2971 magnum
2699 2899 2905 2970 aliquid
2959 2901 3248 2956 sentiatur.
3290 2902 3448 2958 Sicut

1774 2976 1820 3039 C
1851 2997 1933 3043 est
1956 2990 2098 3060 quod
2118 2989 2510 3047 Melchisedech
2536 2992 2589 3045 in
2613 2992 2815 3047 veteris
2841 2993 3154 3048 narratione
3178 2994 3440 3059 historiae,

1857 3080 1974 3135 sine
2000 3084 2306 3154 patre,siue
2333 3090 2527 3144 matre.
2544 3085 2660 3139 sine
2682 3085 3436 3157 genealogiaperMoysenin-

1858 3170 2323 3241 troducitur(Gen.
2356 3187 2467 3240 xxv;
2498 3172 2794 3247 llebr.lvn),
2812 3181 2872 3228 ut
2898 3174 3145 3230 videlicet
3162 3174 3435 3241 Christus,

1856 3262 1948 3329 qui
1986 3270 2068 3315 est
2123 3263 2379 3317 sacerdos
2427 3265 2723 3318 secundum
2762 3264 3011 3320 ordinem
3038 3264 3437 3322 Melchisedech

1858 3351 2424 3423 (Psel.c1x).pereum
2441 3354 2802 3425 signiﬁcetur,
2815 3354 3000 3424 dequo
3013 3355 3273 3424 propheta
3286 3354 3438 3410 dicit:

1863 3460 1880 3491 ι
1902 3443 2314 3497 Cenerationem
2336 3445 2478 3498 enim
2500 3444 2619 3512 ejus
2638 3444 2759 3514 quis
2780 3446 3097 3500 euarrabit?
3118 3444 3282 3517 »(Ιδα.
3298 3446 3441 3516 LIII.)

1858 3535 1910 3588 In
1939 3536 2289 3604 generatione
2314 3542 2495 3590 autem
2529 3535 2729 3590 Christi
2774 3536 2879 3590 illa:
2921 3536 3163 3595 ordinari
3196 3551 3441 3606 persona:

1857 3626 2051 3680 merito
2090 3626 2440 3690 debuerunt,
2472 3640 2569 3694 per
2623 3641 2760 3695 quas
2801 3627 2870 3681 ad
2915 3624 3115 3696 Ioseph
3161 3627 3443 3682 descensio

1857 3720 2031 3784 ﬁeret,
2060 3735 2168 3774 non
2198 3721 2264 3774 ad
2295 3720 2541 3784 Mariam,
2574 3734 2694 3789 qua:
2729 3720 2795 3775 de
2836 3734 2943 3774 una
2971 3735 3093 3775 cum
3144 3720 3259 3790 ipso
3298 3722 3443 3776 tribu

1857 3810 2052 3876 fuerat,
2079 3810 2396 3865 declinaret.
2449 3809 2797 3866 Consuetudo
2834 3812 3034 3881 quippe
3077 3810 3256 3868 fuerat
3284 3821 3438 3869 vete-

1855 3919 1977 3959 rum
2007 3912 2067 3958 ut
2097 3904 2150 3958 in
2182 3903 2493 3975 genealogia
2518 3904 2759 3959 virorum
2783 3905 2874 3960 vix
2903 3904 3191 3975 aliquando
3217 3906 3438 3962 nomina

1853 4003 2119 4065 ponerent
2145 3992 2489 4049 feminarum.
2540 3993 2596 4049 Si
2637 4011 2767 4050 vero
2807 3995 3098 4052 mulierum
3142 4012 3312 4068 genus
3338 4011 3435 4052 vo-

1855 4086 2079 4141 luissent
2131 4088 2463 4152 describere,
2516 4103 2615 4159 per
2676 4089 2928 4145 mulieres
2979 4089 3108 4144 illud
3164 4090 3434 4144 curabant

1854 4180 2141 4251 aliquando
2170 4196 2490 4252 propagare.
2544 4182 2852 4239 Attestatur
2890 4192 3092 4238 nostra:
3141 4183 3435 4237 assertioni

1854 4269 2027 4325 Lucas
2057 4271 2407 4341 evangelista,
2458 4271 2548 4340 qui
2601 4271 2918 4325 Zachariam
2955 4282 3165 4342 patrem
3209 4270 3437 4326 Joannis

1853 4376 1948 4432 per
1978 4361 2133 4416 virile
2161 4376 2330 4432 genus
2364 4361 2673 4427 ostendere,
2707 4362 2981 4417 Elisabeth
3031 4378 3162 4419 vero
3208 4378 3307 4434 per
3346 4378 3436 4418 se-

1855 4470 1978 4507 xum
2016 4455 2229 4509 curavit
2260 4454 2581 4509 muliebrem
2621 4456 2928 4525 designarc.
2974 4472 2992 4507 τ
3031 4455 3190 4522 Fuit',
3240 4455 3438 4524 inquit,

1851 4545 1902 4599 in
1940 4545 2127 4601 diebus
2150 4544 2382 4600 Herodis
2409 4546 2554 4613 regis
2582 4545 2781 4601 Judiere
2812 4585 2826 4609 ,
2858 4546 3122 4603 sacerdos
3161 4546 3383 4619 quidam
3417 4586 3432 4605 ,

1849 4636 2066 4692 nomine
2101 4638 2413 4702 Zacharias,
2443 4637 2510 4689 de
2532 4637 2651 4692 vice
2698 4636 2854 4700 Abia,
2893 4644 2949 4690 et
2984 4651 3133 4696 uxor
3179 4636 3258 4693 illi
3288 4634 3354 4686 de
3385 4634 3448 4685 ti-

1844 4729 2022 4783 liabus
2065 4730 2247 4786 Aaron
2285 4727 2438 4799 (Luc.
2474 4728 2536 4798 I).
2569 4749 2588 4782 ι
2629 4730 2697 4786 Ut
2726 4730 2980 4783 nimirum
3023 4744 3281 4809 congrue
3320 4725 3403 4776 Vir
3426 4740 3458 4778 a

1840 4820 1998 4883 viris,
2042 4820 2239 4879 femina
2273 4822 2562 4893 prepagari
2593 4823 2867 4877 videretur
2895 4838 2923 4875 θ
2948 4820 3220 4891 feminis.

1921 4910 2207 4973 Mattheus
2265 4913 2463 4982 igitur,
2512 4915 2607 4982 qui
2683 4916 2781 4968 viri
2852 4926 3261 4988 proposuerat
3313 4919 3480 4978 genus

1845 5005 2199 5074 describere,
2247 5004 2397 5063 illius
2428 5004 2668 5071 scilicet.
2708 5007 2775 5061 de
2818 5020 2926 5075 quo
2969 5021 3085 5076 per
3166 5003 3481 5094 prophetam

1842 5096 2090 5155 dicitur:
2125 5120 2143 5153 ι
2176 5088 2328 5156 Εοοό
2350 5100 2433 5154 vir
2452 5096 2649 5155 Oriens
2677 5114 2872 5154 nomen
2900 5096 3018 5164 ejus
3052 5088 3287 5174 (Ζξιέιι.
3329 5089 3429 5156 τι),
3467 5106 3486 5138 ι

1850 5188 2067 5246 erudite
2096 5209 2188 5264 per
2212 5191 2419 5262 Ioseph
2456 5190 2785 5248 descendere
2832 5190 3045 5259 voluit;
3110 5197 3326 5265 Mariae
3368 5193 3497 5235 νετο

1850 5294 2105 5328 nnrentnc
2135 5296 2340 5328 nonem
2371 5281 2700 5328 minerﬂimm
2737 5282 3013 5328 indicavit-
