3978 5328
564 395 670 448 755

561 513 701 566 verit
737 525 948 579 quoque
988 524 1106 565 eam
1145 526 1266 565 cum
1325 510 1642 567 sacerdotali
1703 511 1883 564 Aaron
1936 525 2132 580 genere
2162 518 2205 571 Α

561 598 897 670 cognationis
925 599 1176 654 habuisse
1216 600 1690 670 propinquitatem.
1737 597 1890 654 Unde
1937 599 1986 653 ei
2033 614 2130 668 per

563 690 810 760 angelum
841 690 1038 744 dicitur
1079 709 1092 745 :
1140 711 1155 741 ι
1197 692 1261 745 Et
1285 707 1413 746 ecce
1440 691 1712 747 Elisabeth
1743 699 1970 760 cognata
2003 699 2126 758 tua,

558 794 612 838 et
642 787 755 854 ipsa
786 788 1030 855 concepit
1059 787 1222 841 lilium
1265 787 1316 840 in
1367 793 1645 840 senectute
1686 802 1782 839 sua
1825 783 1975 854 (Luc.
2008 783 2072 852 ι).
2104 805 2121 836 ι

537 877 622 940 ,Et
647 876 770 943 jure
804 876 1131 947 Redemptor
1158 888 1345 932 noster
1385 877 1451 930 de
1501 877 1844 941 sacerdotali,
1887 875 2129 930 simulet

561 967 706 1036 regia
738 969 1086 1036 generatione
1116 982 1335 1021 carnem
1360 969 1635 1037 suscipere
1672 967 1866 1030 voluit,
1890 967 1980 1034 qui
2013 965 2128 1020 Rex

559 1066 684 1112 ante
715 1059 906 1112 saecula
931 1059 1188 1120 existens,
1221 1067 1406 1127 utpote
1433 1072 1594 1111 verus
1621 1059 1894 1118 sacerdos,
1926 1066 2124 1111 semet-

557 1148 729 1215 ipsum
758 1146 906 1200 Patri
930 1163 1028 1216 pro
1061 1148 1211 1200 nobis
1240 1147 1522 1201 suavitatis
1547 1147 1777 1200 hostiam
1810 1147 2124 1202 immolavit.

557 1236 690 1289 Nam
730 1245 785 1288 et
818 1251 909 1289 rex
942 1236 1106 1289 David
1140 1251 1260 1289 eum
1323 1249 1490 1305 panes
1534 1235 1946 1305 propositionis,
1993 1250 2128 1305 quos

558 1343 664 1380 non
693 1327 886 1382 licebat
909 1329 1009 1382 nisi
1034 1328 1163 1382 solis
1191 1329 1354 1382 edere
1383 1328 1755 1382 sacerdotibus
1785 1327 2130 1402 manducavit

556 1418 642 1485 (11
666 1419 790 1489 Reg.
827 1421 960 1486 XXI),
991 1421 1042 1472 in
1070 1436 1173 1473 una
1198 1421 1492 1488 eademque
1524 1435 1750 1490 persona
1777 1419 1902 1473 Jestt
1926 1416 2126 1474 Christi

553 1511 764 1564 Domini
806 1512 974 1564 nostri
1007 1522 1292 1578 utrumque
1319 1509 1572 1574 futurum,
1606 1511 1655 1564 id
1682 1521 1784 1573 est,
1819 1527 2040 1579 regnum
2071 1521 2126 1566 et

555 1599 936 1659 sacerdotium,
963 1600 1229 1669 ﬁguravit.
1259 1600 1366 1654 Nec
1413 1601 1584 1655 solum
1630 1600 1890 1656 Mediator
1943 1601 2035 1655 Dei
2071 1609 2126 1656 et

553 1689 860 1750 hominum,
892 1689 1050 1743 homo
1073 1689 1338 1753 Christus,
1364 1690 1476 1743 llex
1509 1701 1564 1745 et
1590 1689 1859 1746 Sacerdos
1890 1705 2125 1760 congrue

547 1778 765 1839 dicitur,
793 1781 884 1833 sed
906 1789 958 1833 et
979 1779 1285 1848 quicunque
1308 1780 1378 1834 illi
1413 1781 1652 1851 perfecto
1683 1796 1867 1837 amore
1899 1781 2124 1850 conjun-

1154 393 1208 446 S-
1253 393 1453 448 PETRI
1488 392 1769 448 DAMIANI
1807 391 1957 449 OPP.
1987 388 2164 447 PARS
2195 386 2323 448 SEU
2359 385 2591 448 TOMUS
2626 386 2692 446 ll.
2719 422 2796 482 :-
2833 392 3218 453 SERMONES.

3703 401 3799 458 756

2307 508 2350 564 Ο
2379 511 2565 578 quanti
2592 511 2732 565 hanc
2758 512 3082 568 vindemiam
3121 514 3290 570 aridis
3327 518 3586 572 mentium
3628 521 3798 576 lanci-

2233 599 2334 653 bus
2362 599 2635 664 sitiebant,
2665 603 2848 670 quanti
2879 604 2945 656 ad
2973 613 3205 659 mustum
3256 609 3578 676 evangelica:
3618 615 3802 681 gratiae

2233 693 2540 762 pertingere
2565 694 2912 751 inenarrabili
2958 699 3225 754 desiderio
3260 700 3594 772 ﬂagitabant.
3651 707 3804 763 Unde

2232 792 2288 838 et
2323 783 2596 854 discipulis
2628 784 2836 842 Veritas
2859 789 2988 845 dicit
3014 807 3027 842 :
3075 808 3095 841 ι
3140 791 3310 848 Amen
3342 795 3463 848 dico
3493 798 3801 868 vobisquod

2231 877 2382 931 multi
2411 881 2701 949 prephette,
2725 891 2780 935 et
2825 897 2979 953 reges
3024 884 3307 940 voluerunt
3369 889 3535 960 238
3584 891 3799 957 videre,

2231 985 2350 1039 qua:
2387 986 2481 1025 vos
2508 972 2720 1036 videtis,
2766 983 2822 1027 et
2870 989 2974 1028 non
3025 976 3296 1045 viderunt,
3337 991 3392 1032 et
3441 981 3658 1047 audire,
3685 999 3803 1052 quae

2231 1060 2446 1125 auditis,
2475 1070 2530 1115 et
2553 1077 2657 1117 non
2681 1063 2966 1118 audierunt
2997 1063 3147 1135 (Luc.
3172 1068 3316 1136 xu).
3353 1086 3371 1120 ι
3401 1068 3478 1124 De
3508 1070 3618 1124 hac
3645 1073 3799 1124 vinea

2231 1165 2460 1220 sponsus
2503 1153 2553 1204 in
2591 1151 2834 1208 Canticis
2878 1155 3214 1210 canticorum
3264 1157 3523 1227 loquitur,
3563 1161 3798 1214 dicens:

2235 1257 2254 1290 ι
2303 1240 2565 1295 Descendi
2615 1242 2681 1295 ad
2739 1242 2948 1298 hortum
2997 1261 3212 1310 nucum,
3254 1255 3311 1300 ut
3351 1249 3594 1303 viderem
3645 1265 3800 1320 poma

2229 1329 2572 1394 convallium,
2604 1341 2658 1385 et
2690 1332 3009 1401 inspicerem
3033 1336 3077 1389 si
3101 1335 3370 1392 ﬂoruisset
3397 1339 3577 1403 vinea,
3596 1351 3654 1395 et
3675 1357 3798 1410 ger—

2229 1418 2528 1474 minassent
2564 1421 2700 1476 mala
2733 1425 2925 1492 punica
2970 1424 3147 1492 (Cant.
3181 1429 3277 1498 vt).
3312 1448 3330 1480 ι
3372 1427 3571 1484 Malum
3602 1433 3801 1502 quippe

2226 1510 2480 1579 punicum
2507 1526 2692 1565 amara
2731 1513 2952 1582 quidem
2990 1517 3193 1572 cortice
3235 1519 3454 1589 tegitur,
3484 1523 3581 1576 sed
3629 1523 3801 1578 dulcis

2228 1596 2281 1650 in
2331 1597 2448 1665 ejus
2495 1600 2737 1670 granulis
2796 1603 3036 1660 suavitas
3086 1608 3410 1664 occultatur.
3445 1612 3584 1666 Sunt
3617 1624 3799 1667 autem

2227 1690 2488 1756 nonnulli,
2511 1691 2761 1760 qui,dum
2786 1709 2881 1763 per
2897 1694 3656 1768 afﬂictionisamaritudinem,
3678 1719 3800 1759 eru-

2225 1792 2343 1832 cem
2373 1781 2571 1836 (lhristi
2597 1783 2810 1839 assidue
2832 1787 3111 1855 patiuntur
3135 1789 3184 1843 in
3205 1805 3451 1860 corpore,
3475 1808 3572 1862 per
3596 1797 3801 1849 amoris

544 1870 713 1937 gitur,
748 1870 1025 1938 utriusque
1075 1871 1350 1939 dignitatis
1396 1873 1712 1927 vocabulum
1762 1883 2120 1944 promeretur.
2154 1879 2199 1939 Β
2227 1870 2552 1928 desiderium
2583 1874 2866 1931 dulcedine
2899 1879 3368 1950 contemplationis
3419 1884 3628 1938 intima:
3671 1886 3797 1939 relic

547 1959 701 2014 «Iulle
740 1970 794 2016 et
848 1977 944 2030 per
1002 1960 1216 2015 Petrum
1277 1963 1518 2017 dicitur:
1555 1982 1571 2015 ι
1619 1962 1724 2018 Vos
1775 1965 1905 2018 estis
1951 1980 2120 2035 genus

547 2054 802 2119 electum,
838 2055 1017 2124 regale
1058 2055 1442 2115 sacerdotium.
1470 2073 1599 2126 gens
1646 2068 1863 2124 sancta,
1894 2058 2120 2128 p0pttlus

547 2144 919 2214 acquisitiouis
959 2144 1006 2214 (1
1042 2143 1183 2198 Petr.
1216 2145 1297 2215 tt).
1331 2165 1349 2196 ι
1396 2147 1458 2200 Et
1487 2147 1538 2199 in
1591 2147 1908 2218 Apocalypsi
1955 2147 2117 2202 Joan-

547 2237 632 2292 nis
660 2239 724 2304 εξ(
762 2237 964 2308 Dignus
992 2254 1069 2300 es,
1106 2237 1329 2293 Domine
1354 2237 1516 2304 Deus,
1546 2240 1792 2309 accipere
1821 2240 2016 2294 librum
2063 2249 2117 2296 et

545 2327 756 2396 aperire
776 2327 1044 2397 signacula
1073 2326 1221 2396 ejus;
1253 2328 1508 2396 quoniam
1539 2330 1754 2384 occisus
1778 2345 1856 2395 es,
1890 2339 1944 2383 et
1969 2332 2116 2384 rede-

548 2415 689 2470 misti
724 2431 820 2470 nos
845 2415 957 2469 Deo
985 2416 1036 2469 in
1067 2416 1324 2486 sanguine
1383 2425 1474 2472 tuo
1523 2433 1587 2472 ex
1644 2417 1790 2472 omni
1849 2416 2010 2480 tribu.
2062 2426 2115 2473 et

543 2507 828 2578 itngua,ct
875 2508 1090 2577 populo,
1120 2517 1176 2562 et
1227 2509 1474 2574 natione,
1522 2518 1577 2564 et
1630 2509 1802 2565 fecisti
1853 2524 1950 2565 nos
2006 2509 2116 2563 Deo

544 2607 732 2654 nostro
757 2599 1345 2669 regnmu,—sacerdotes,
1368 2608 1424 2654 et
1445 2601 1788 2669 regnabimus
1817 2611 1979 2671 super
2007 2607 2115 2653 ter-

547 2711 659 2749 ram
689 2695 870 2764 (Apoc.
902 2697 980 2761 v).
1021 2692 1244 2764 iReges
1291 2696 1436 2749 enim
1485 2710 1580 2763 per
1625 2693 1826 2748 Christi
1881 2693 2111 2763 gratiam

542 2801 751 2850 sumus,
778 2787 903 2854 quia
953 2785 1133 2839 crucis
1178 2783 1431 2838 vexillum
1483 2784 1535 2837 in
1587 2783 1762 2837 fronte
1814 2793 2109 2852 portamus.

543 2877 862 2932 Sacerdotes
885 2884 1062 2930 autem
1088 2874 1210 2942 jure
1239 2875 1490 2936 dicimur,
1513 2874 1638 2944 quia
1671 2873 1844 2929 sancti
1880 2872 2113 2943 Spiritus

541 2967 681 3032 oleo,
719 2977 774 3022 et
809 2966 1120 3022 chrismatis
1150 2965 1400 3020 unctione
1428 2964 1664 3019 linimur.

610 3061 755 3114 Inter
791 3070 982 3114 cuncta
1009 3039 1189 3113 autem
1214 3054 1372 3125 hujus
1396 3055 1713 3113 veneranda:
1755 3055 2110 3111 solemnitatis

541 3151 790 3222 insignia,
820 3150 1018 3204 fratres
1063 3149 1386 3214 charissimi,
1438 3149 1561 3203 illud
1617 3149 1778 3202 etiam
1841 3165 1944 3201 non
1995 3148 2111 3202 sine

2223 1962 2441 2019 cittntur
2469 1964 2520 2018 itt
2554 1977 2753 2021 mente.
2795 1965 2933 2022 Mala
2991 1983 3120 2039 ergo
3169 1971 3361 2040 punica
3405 1975 3593 2043 sponsi
3643 1977 3796 2032 vinea

2225 2054 2516 2122 germinat,
2541 2057 2665 2124 quia
2697 2057 2831 2112 tales
2872 2072 3064 2128 parere
3117 2053 3312 2117 sancta
3355 2063 3602 2121 Ecclesia
3657 2084 3795 2122 nunc

2220 2159 2385 2213 quam
2417 2155 2617 2201 cessat.
2657 2147 2734 2201 De
2760 2149 2859 2205 hac
2885 2151 3073 2206 eadem
3108 2153 3264 2206 vinea
3290 2155 3344 2209 in
3393 2156 3601 2212 eisdem
3648 2158 3793 2212 Can-

2222 2234 2343 2288 ticis
2381 2249 2576 2303 sponsa
2604 2237 2670 2290 ad
2700 2251 2956 2308 sponsum
2998 2238 3256 2310 loquitur,
3282 2244 3467 2301 dicens
3515 2263 3530 2300 :
3577 2265 3599 2298 ι
3644 2245 3796 2302 lianc

2220 2339 2507 2395 surgamus
2561 2328 2627 2382 ad
2669 2329 2912 2395 vineam,
2939 2331 3216 2388 videamus
3246 2335 3294 2390 si
3329 2333 3512 2391 ﬂoruit
3545 2339 3727 2403 vinea,
3749 2340 3793 2394 si

2217 2415 2382 2470 ﬂores
2407 2416 2617 2473 {ructus
2637 2421 2976 2489 parturiunt;
3034 2423 3078 2476 si
3104 2424 3398 2480 ﬂoruerunt
3427 2427 3571 2481 mala
3601 2429 3792 2498 punica

2219 2505 2398 2577 (Cant.
2426 2507 2543 2576 vn).
2582 2528 2600 2560 ι
2634 2508 2806 2580 Hujus
2843 2511 3017 2568 vincte
3045 2513 3134 2568 ille
3171 2515 3538 2572 vindemiator
3563 2519 3792 2584 exstitit,

2218 2597 2308 2667 qui
2359 2597 2411 2651 in
2457 2599 2708 2654 torculari
2756 2602 3025 2670 passionis
3071 2618 3183 2659 suae
3239 2621 3483 2674 pressus,
3537 2611 3794 2679 mysticus

2220 2687 2376 2742 nobis
2406 2688 2570 2743 divini
2596 2690 2794 2760 eloquii
2821 2705 3010 2747 sensus
3036 2695 3270 2765 aperuit,
3295 2705 3353 2750 et
3403 2698 3589 2752 vinum
3639 2701 3795 2755 nobis

2217 2781 2541 2854 evangelica:
2571 2783 2756 2853 gratia:
2783 2785 3112 2855 propinavit.
3162 2788 3234 2842 De
3263 2802 3370 2856 quo
3390 2788 3648 2844 videlicet
3673 2792 3793 2844 vino

2218 2871 2270 2925 in
2293 2871 2494 2926 eisdem
2526 2872 2762 2928 Cantieis
2787 2891 2997 2944 sponsa:
3039 2891 3171 2932 voce
3207 2879 3273 2932 ad
3300 2894 3563 2949 sponsum
3599 2881 3790 2934 iterum

2216 2963 2419 3019 dicitur
2449 2983 2462 3020 :
2503 2983 2520 3015 ί
2551 2965 2747 3021 Guttur
2776 2977 2923 3022 tuum
2973 2969 3113 3023 sicut
3157 2970 3336 3024 vinum
3383 2973 3676 3040 optimum,
3709 2976 3792 3026 di-

2215 3073 2376 3128 gnum
2408 3058 2604 3113 dilecto
2626 3075 2744 3114 meo
2765 3060 2832 3113 ad
2871 3061 3166 3130 potandum
3196 3060 3407 3132 (Ibid.).
3455 3083 3475 3115 ι

2283 3145 2439 3201 Hune
2478 3148 2920 3203 vindemiatoretu
2964 3160 3245 3204 cruentum
3290 3167 3385 3220 per
3415 3168 3639 3207 crucem
3669 3170 3791 3222 pas-

541 3241 793 3312 profundi
848 3256 1011 3296 causa
1073 3240 1315 3310 mystcrii
1369 3240 1664 3310 contigisse
1716 3240 1997 3304 creditur;
2051 3248 2110 3293 ut
2137 3248 2182 3309 ε
2215 3240 2382 3295 sionis
2410 3241 2670 3312 sanguine
2702 3241 2854 3312 longe
2890 3251 3016 3296 ante
3060 3243 3228 3298 Isaias
3267 3256 3644 3314 prospexerat,
3669 3263 3786 3299 cum

541 3333 711 3389 Mater
762 3331 972 3387 Domini
1013 3332 1111 3386 sub
1142 3335 1255 3401 ipso
1285 3345 1420 3400 pene
1444 3330 1838 3386 vindemiarum
1868 3339 2110 3400 tempore

537 3434 873 3480 nasceretur.
927 3421 1081 3477 Nunc
1133 3423 1327 3490 quippe
1381 3422 1658 3476 vinearum
1709 3420 1958 3490 palmites
1989 3434 2109 3489 pro-

536 3528 696 3572 ventu
721 3517 900 3572 onusti
918 3515 1186 3572 fructuum
1205 3518 1270 3570 ad
1289 3518 1396 3571 ima
1420 3515 1685 3580 deﬂuunt;
1717 3531 1860 3570 nunc
1885 3529 2106 3568 uvarum

540 3613 679 3666 betri
705 3611 925 3682 gravida
955 3610 1266 3664 maturitate
1290 3618 1634 3679 turgescunt;
1670 3625 1811 3663 nunc
1846 3607 2110 3678 agricola-

535 3719 653 3757 rum
682 3719 834 3773 spes,
861 3718 980 3772 qute
1009 3710 1121 3756 toto
1161 3701 1289 3755 anni
1339 3700 1545 3756 circulo
1595 3714 1854 3769 suspensa
1909 3696 2104 3760 fuerat,

536 3795 733 3848 uberes
767 3793 1022 3848 transaeti
1048 3792 1246 3846 laboris
1271 3806 1329 3847 se
1349 3807 1572 3860 carpere
1601 3790 1809 3860 fructus
1837 3786 2101 3851 exsultat;

537 3901 679 3938 nunc
719 3886 938 3939 arbores
977 3884 1272 3954 saporil'era
1322 3882 1592 3938 fructuum
1639 3882 1907 3935 suavitate
1953 3879 2107 3934 redo-

537 3976 666 4037 lent,
700 3983 756 4027 ut
787 3990 966 4043 poma,
997 3990 1114 4043 qua:
1140 3975 1436 4029 acerbitate
1462 3990 1556 4029 sua
1586 3973 1864 4027 hominum
1913 3980 2105 4038 gustus

534 4046 1010 4135 exasperavcrant,
1059 4075 1212 4136 grata
1263 4066 1574 4120 maturitate
1627 4064 1954 4120 demulcent.
1999 4063 2104 4120 Sed

531 4171 632 4225 per
660 4156 794 4218 haec,
824 4172 944 4226 quae
972 4157 1211 4211 exterius
1255 4157 1548 4220 cernimus,
1595 4155 1870 4210 reﬂectcre
1913 4154 2103 4210 oculos

533 4248 602 4302 ad
639 4248 889 4303 interiora
917 4248 1191 4303 debemus.
1228 4246 1391 4301 Vinea
1417 4248 1612 4316 quippe
1647 4243 1916 4318 synagoga
1960 4255 2098 4312 erat,

532 4356 654 4410 qua:
684 4339 816 4410 legis
837 4348 893 4394 et
920 4340 1300 4408 prophetarum
1331 4339 1492 4402 dicta,
1521 4339 1676 4408 quasi
1719 4338 1982 4409 plantaria
2033 4339 2100 4392 ad

529 4430 880 4500 proferendos
908 4431 1115 4485 fructus
1145 4440 1444 4500 acceperat.
1473 4431 1623 4487 Unde
1653 4441 1708 4485 et
1744 4447 1841 4501 per
1875 4431 2104 4501 pmpbe-

532 4533 644 4577 tam
679 4523 876 4577 dicitur
905 4539 919 4577 :
958 4541 976 4575 ι
1013 4523 1176 4578 Vinea
1206 4533 1385 4578 autem
1416 4523 1675 4588 Sabaoth,
1705 4522 1899 4578 domus
1932 4521 2097 4577 Israel

2212 3332 2527 3402 prophetico
2550 3331 2739 3403 plenus
2763 3333 2982 3403 spiritu,
3007 3334 3108 3388 sub
3139 3335 3566 3406 interrogatione
3593 3336 3787 3392 clama-

2210 3421 2303 3476 bat
2333 3439 2346 3476 :
2385 3439 2404 3473 ι
2446 3419 2578 3488 Quis
2603 3431 2686 3477 est
2713 3423 2836 3485 iste,
2861 3424 2951 3494 qui
2977 3424 3124 3478 venit
3145 3424 3212 3479 de
3247 3426 3436 3491 Edom,
3465 3426 3652 3482 tinctis
3697 3443 3785 3481 ve-

2209 3513 2384 3567 stibus
2412 3513 2478 3568 de
2499 3512 2709 3567 Bosra?
2745 3533 2762 3564 ι
2791 3515 2858 3569 Ει
2884 3515 3042 3584 paulo
3067 3525 3186 3586 post
3210 3534 3224 3569 :
3261 3536 3280 3568 ι
3316 3516 3498 3586 Quare
3529 3533 3663 3588 ergo
3698 3534 3787 3572 ru-

2208 3603 2364 3659 hrum
2393 3612 2476 3659 est
2503 3605 2872 3660 indumentum
2907 3617 3078 3670 tuum,
3109 3616 3165 3662 et
3204 3608 3590 3663 veStimentum
3638 3618 3782 3663 tuum

2207 3695 2348 3750 sicut
2373 3695 2697 3751 calcantium
2715 3698 2767 3751 in
2792 3697 3082 3752 torculari?
3105 3718 3122 3748 ι
3151 3699 3283 3768 (lsa.
3311 3701 3487 3764 thtt.)
3504 3700 3785 3754 indumen-

2210 3799 2321 3840 tum
2349 3787 2544 3856 quippe
2575 3786 2776 3842 Christi
2805 3787 2938 3842 nihil
2967 3799 3050 3842 est
3075 3789 3239 3850 aliud,
3269 3791 3369 3845 nisi
3401 3806 3607 3860 corpus
3643 3790 3782 3860 quod

2205 3878 2435 3945 sumpsit
2459 3893 2526 3932 ex
2568 3877 2784 3932 domina
2831 3887 2886 3934 et
2939 3879 3147 3950 virgine
3191 3880 3378 3935 Maria.
3436 3881 3552 3934 Nec
3606 3891 3780 3934 tamen

2205 3967 2348 4022 aliud
2376 3977 2458 4022 est
2482 3969 2861 4023 vestimentum
2902 3968 3037 4037 ejus,
3085 3983 3250 4039 atque
3289 3971 3419 4025 illud
3467 3972 3603 4040 ipse.
3650 3971 3778 4025 Nam

2205 4069 2448 4115 nostrum
2475 4075 2688 4132 quoque
2705 4061 3083 4116 vestimentum
3101 4063 3465 4122 earodicitur,
3484 4064 3582 4117 sed
3609 4073 3778 4119 tamen

2204 4150 2305 4222 ipsi
2336 4166 2434 4206 nos
2454 4166 2640 4206 sumus
2676 4167 2822 4212 caro,
2870 4165 2974 4221 qua
3015 4152 3292 4206 vestimur.
3339 4153 3412 4206 De
3479 4153 3585 4208 hoc
3625 4153 3779 4207 vesti-

2203 4253 2387 4300 mento
2410 4259 2505 4315 per
2528 4245 2790 4300 Joannem
2817 4245 3018 4301 dicitur
3064 4263 3078 4298 :
3140 4263 3159 4296 ι
3219 4244 3462 4301 Habebat
3514 4246 3569 4301 in
3621 4245 3781 4301 vesti-

2202 4353 2252 4390 tu
2294 4347 2403 4399 nto,
2434 4335 2562 4390 etin
2591 4335 2798 4392 femore
2839 4352 2937 4391 suo
2983 4337 3266 4405 scriptum,
3324 4337 3439 4391 Rex
3493 4352 3704 4406 regum,
3727 4345 3778 4389 et

2200 4424 2462 4480 Dominus
2509 4426 2898 4481 dominantium
2952 4427 3137 4498 (Apoc.
3172 4429 3305 4495 xix).
3371 4446 3388 4478 ι
3447 4426 3557 4482 Per
3609 4427 3778 4482 femur

2197 4517 2394 4587 quippe
2424 4518 2740 4588 propagatio
2760 4517 2942 4572 carnis
2969 4518 3045 4572 tit.
3072 4517 3172 4584 Qui
3218 4532 3346 4587 ergo
3395 4533 3491 4586 per
3535 4517 3776 4586 propagi-

529 4623 611 4668 est
641 4612 776 4683 (Ian.
800 4611 873 4684 v).
928 4633 947 4666 ι
981 4613 1046 4668 Ει
1076 4613 1358 4669 Psalmisla
1393 4629 1409 4669 :
1467 4633 1485 4666 ι
1525 4615 1772 4680 Vineam,
1801 4615 1994 4684 inquit,
2028 4631 2091 4670 ex
2128 4593 2174 4652 D
2201 4622 2322 4663 nem
2347 4609 2559 4678 generis
2595 4609 2814 4663 humani
2857 4610 2909 4662 in
2934 4608 3189 4663 mundum
3217 4612 3361 4664 hunc
3389 4610 3627 4664 venitex
3660 4609 3772 4662 Vir-

529 4703 767 4774 .‘Egyplo
801 4707 1117 4762 transtulisti
1164 4707 1333 4778 (Psal.
1366 4706 1571 4777 ωιτη).
1626 4726 1643 4758 ι
1707 4706 1860 4762 Sicut
1913 4715 2096 4761 autem

526 4795 807 4849 vinearum
854 4796 1059 4850 fructus
1113 4806 1226 4850 toto
1273 4813 1415 4850 anno
1463 4804 1825 4866 exspectatur,
1876 4798 1929 4850 in
1981 4796 2097 4852 solo

530 4899 660 4938 vero
687 4893 942 4938 autumno
973 4885 1270 4955 colligitur;
1315 4887 1393 4940 sic
1433 4885 1712 4951 nimirum,
1736 4887 1814 4940 sic
1859 4885 2093 4941 Redem-

528 4985 651 5043 ptor
678 4984 891 5038 noster,
935 4990 1093 5045 quem
1141 4975 1226 5031 lex
1269 4977 1706 5046 prtesiguaverat,
1757 4991 1915 5045 quem
1969 4991 2094 5044 pro-

529 5066 703 5135 pheta:
731 5066 1117 5134 praedixerant,
1148 5083 1305 5136 quem
1355 5069 1524 5121 sancti
1569 5083 1756 5122 omnes
1811 5068 1878 5122 ab
1925 5067 2095 5122 Adam

531 5171 701 5202 Ilmltle
743 5157 809 5202 ml
860 5167 1183 5202 transactam
1209 5159 1451 5202 mtinlnm
1480 5168 1692 5202 natalem
1722 5173 1933 5202 ettmnm
1959 5159 2102 5202 (logi-

2201 4701 2345 4772 gine,
2375 4708 2429 4753 et
2458 4713 2553 4772 per
2572 4699 2961 4754 lucarnationis
2987 4715 3096 4754 suae
3127 4701 3467 4770 mysterium,
3497 4701 3626 4770 quia
3667 4698 3772 4752 Rex

2201 4800 2367 4856 esset,
2411 4800 2468 4846 et
2515 4791 2802 4853 Dominus.
2854 4792 3064 4852 cunctis
3101 4793 3352 4861 gentibus
3397 4792 3686 4850 indicavit.
3726 4792 3770 4844 in

2198 4883 2518 4936 vestimento
2542 4882 2667 4937 etin
2688 4881 2889 4937 feruore
2922 4883 3180 4952 scriptum
3205 4883 3391 4940 habuit
3417 4901 3430 4936 :
3458 4884 3569 4936 [lex
3595 4897 3768 4952 regem

2200 4981 2254 5026 et
2283 4973 2538 5026 Dominus
2565 4973 2978 5028 dominantium.
3006 4972 3158 5032 Unde
3183 4974 3328 5027 enim
3376 4973 3584 5032 mundo
3626 4973 3772 5026 iuno-

2205 5067 2328 5132 tuit,
2358 5067 2429 5122 ibi
2477 5069 2756 5123 scientiam
2814 5087 2924 5125 sua:
2971 5069 3268 5139 majestatis
3316 5072 3615 5141 inscripsit.
3669 5071 3770 5125 lloc

2204 5171 2380 5202 mulam
2413 5162 2780 5202 indunmnlnm
2813 5163 3032 5202 rnhr-nm
3067 5165 3337 5202 nrnnhal-n
3369 5165 3614 5202 ηηηςη-ιιίι
3655 5163 3766 5202 nnis
