3978 5328
201 260 308 321 737

1639 261 1871 320 8εῆἈο
1909 259 2089 320 χιιι.

3367 263 3469 320 τω

199 383 372 438 rexit.
399 382 545 438 Bene
568 389 750 437 autem
778 380 1000 447 dicitur,
1039 399 1058 434 ι
1092 389 1147 436 et
1177 379 1246 436 de
1275 381 1528 450 gentibus
1565 394 1673 436 non
1699 388 1784 436 est
1809 385 1859 443 Α
1886 378 2058 434 variis
2081 391 2252 434 sacra:
2283 375 2581 448 Scriptura
2608 377 2916 444 sententiis,
2947 377 3092 433 velut
3119 391 3185 434 ex
3237 378 3473 434 diversis

197 475 290 527 vir
311 488 557 537 mecum;
593 490 614 526 ι
640 472 766 542 quia
806 471 865 536 ii,
892 485 992 542 pro
1015 470 1210 542 quibus
1243 470 1353 541 pati
1391 479 1636 536 venerat,
1664 485 1786 541 pas-

197 563 377 618 sionis
404 560 525 631 eius
554 576 675 618 esse
713 561 1008 632 participes
1040 562 1332 617 debebant.
1383 559 1488 628 Qui
1540 576 1639 631 pro
1686 575 1782 627 eo,

183 656 350 754 [quod
378 654 609 710 necdum
640 655 1009 718 crediderant,
1037 654 1104 708 de
1134 654 1265 723 ipsis
1298 654 1353 707 in
1378 651 1786 708 resurrectione

194 741 830 815 conqueritur,quorum
861 746 972 799 vita
999 745 1052 798 in
1079 744 1196 814 ejus
1219 753 1396 799 morte
1419 741 1784 813 quaerebatur.

196 837 323 907 ipse
369 839 539 893 etiam
571 840 698 893 vitis
735 838 956 901 dicitur,
989 838 1135 892 sicut
1183 852 1280 908 per
1321 835 1674 905 semetipsum
1730 835 1784 890 in

195 928 496 998 Evangelio
524 937 758 984 testatur
788 946 802 984 :
839 947 859 981 ι
899 929 1033 998 Ego.
1065 929 1262 998 inquit,
1301 943 1422 983 sum
1451 927 1580 983 vitis
1628 941 1782 992 vera,

193 1030 254 1075 et
278 1020 444 1075 Pater
465 1037 618 1077 meus
642 1021 879 1092 agricola
909 1033 990 1076 est
1022 1019 1203 1090 (Joau.
1229 1021 1320 1091 xv)
1353 1039 1402 1075 ,ι

273 1110 406 1164 Haec
433 1111 668 1180 denique
698 1110 1070 1166 sacratissima
1101 1111 1226 1165 vitis
1254 1120 1426 1165 totum
1457 1125 1555 1180 per
1595 1111 1784 1164 orbem

193 1199 368 1270 239
395 1210 670 1255 sarmenta
704 1201 954 1263 tetendit,
984 1201 1111 1270 quia
1148 1201 1348 1270 ubique
1397 1201 1620 1255 dilatata
1670 1198 1785 1255 fru-

192 1292 469 1356 ctificans,
500 1292 654 1361 quasi
683 1302 763 1346 tot
800 1293 1053 1363 palmites
1080 1295 1250 1358 misit,
1283 1304 1416 1362 quot
1466 1295 1605 1349 intra
1654 1309 1784 1348 san-

194 1393 346 1438 etam
375 1381 677 1438 Ecclesiam
716 1392 936 1438 sanctos
959 1397 1057 1453 per
1079 1384 1306 1454 gratiam
1339 1400 1450 1440 sua:
1481 1385 1783 1441 vocationis

192 1472 378 1544 elegit.
416 1471 570 1528 Unde
608 1474 750 1527 idem
794 1488 1009 1543 quoque
1058 1473 1378 1530 inculcando
1436 1473 1714 1546 subiungit
1764 1494 1778 1530 :

197 1584 217 1616 ι
267 1565 383 1636 Ego
420 1580 562 1630 sum,
597 1565 796 1636 inquit,
825 1566 971 1631 vitis,
1009 1581 1108 1622 vos
1132 1575 1313 1622 autem
1341 1566 1630 1637 palmites;
1689 1566 1780 1636 qui

193 1667 386 1711 manet
408 1656 460 1710 in
490 1670 600 1718 me,
630 1666 685 1711 et
715 1671 814 1728 ego
841 1657 894 1710 in
923 1671 1010 1722 eo,
1044 1656 1131 1712 hic
1159 1656 1264 1713 fert
1292 1655 1527 1712 fructum
1549 1657 1777 1711 multum

1889 484 2113 523 uvarum
2181 467 2437 524 folliculis
2497 469 2857 540 exprimatur.
2923 470 3116 526 Merito
3177 472 3474 527 autumnali

1887 569 2130 628 tempore
2158 561 2420 622 nascitur,
2455 559 2668 630 utjnm,
2700 562 2847 616 velut
2895 562 2949 616 in
3001 571 3264 618 autumno
3307 564 3475 618 totius

1885 649 2066 705 saeculi
2098 650 2305 706 fructus
2340 651 2702 722 spiritualium
2735 655 2988 708 arborum
3030 655 3366 710 comedatur.
3411 651 3471 708 In

1885 739 2220 809 plenitudine
2254 741 2514 812 temporis
2539 742 2704 807 venit,
2737 757 2858 812 qua:
2899 743 3071 813 gratia
3119 742 3274 814 plena
3315 741 3416 798 fuit
3456 761 3469 796 :

1891 849 1911 884 ι
1943 831 2076 897 Ave,
2117 851 2134 884 ι
2164 832 2341 903 inquit
2366 833 2612 904 angelus,
2639 853 2657 886 ι
2693 835 2863 906 gratia
2897 834 3074 904 plena,
3103 834 3366 890 Dominus
3397 842 3474 888 te-

1885 937 2030 986 cum,
2065 925 2346 979 benedicta
2375 933 2432 979 tu
2467 924 2519 979 in
2553 925 2870 980 mulieribus
2910 926 3058 992 (an.
3098 925 3158 996 ι).
3207 946 3228 979 ι

1955 1017 2000 1073 Ο
2028 1017 2203 1082 dulce,
2233 1034 2266 1073 ο
2293 1017 2611 1074 admirabile
2644 1018 2915 1080 nuntium,
2944 1034 2976 1072 o
3005 1033 3200 1073 novum
3230 1026 3284 1073 et
3315 1018 3472 1073 inau-

1885 1107 2053 1161 ditum
2084 1107 2340 1177 angeliea-
2371 1105 2715 1161 salutationis
2750 1107 3088 1176 obsequium!
3124 1104 3344 1162 Plenam
3377 1121 3474 1176 ap-

1887 1198 2432 1268 peUatgratia,quia
2481 1198 2596 1266 ipse
2649 1198 2700 1250 in
2754 1213 2876 1252 eam
2935 1195 3322 1262 descendebat,
3375 1212 3474 1267 per

1883 1300 2043 1359 quem
2075 1291 2223 1343 oinni
2256 1291 2457 1344 tnnndo
2481 1290 2672 1344 collata
2723 1300 2804 1344 est
2858 1291 3048 1361 gratia.
3107 1310 3125 1341 ι
3189 1291 3469 1354 Dominus,

1885 1383 2082 1452 inquit,
2108 1394 2321 1448 tecum;
2363 1403 2380 1434 ι
2435 1383 2562 1452 quia
2606 1383 2693 1436 ille
2724 1382 2777 1436 in
2808 1391 2861 1438 te
2891 1393 2994 1446 est,
3024 1383 3112 1452 qui
3149 1381 3309 1436 talem
3342 1381 3474 1437 fecit

1887 1483 1957 1539 te,
1988 1484 2047 1530 ut
2072 1483 2126 1530 et
2166 1475 2280 1544 ipse
2313 1474 2468 1529 ﬁeret
2495 1491 2561 1529 ex
2593 1473 2758 1546 240
2787 1483 2858 1528 te.
2913 1494 2931 1527 ι
2967 1473 3258 1528 Benedicta
3309 1481 3365 1526 tu
3415 1473 3472 1527 in

1883 1565 2222 1620 mulieribus.
2261 1585 2279 1618 ι
2343 1563 2447 1620 Per
2503 1565 2786 1620 mulierem
2836 1563 3010 1618 infusa
3047 1571 3130 1618 est
3161 1561 3471 1616 maledictio

1887 1665 2066 1722 terrae,
2092 1672 2190 1727 per
2225 1656 2506 1711 mulierem
2545 1654 2792 1710 redditur
2821 1654 3125 1709 benedictio
3156 1661 3334 1707 terrae.
3365 1651 3472 1706 Per

192 1743 414 1814 (ΝΜ).
460 1764 478 1797 ι
535 1744 690 1801 Hunc
717 1747 964 1800 eumdem
1000 1746 1354 1802 mediatorem
1386 1745 1482 1800 Dei
1523 1754 1577 1802 et
1606 1747 1781 1802 homi—
1812 1729 1856 1789 Β
1882 1746 2036 1816 cujus
2065 1761 2282 1799 manum
2311 1755 2472 1816 potus
2516 1744 2707 1798 mortis
2760 1758 2960 1796 amann
3011 1741 3326 1811 porrigitur,
3373 1754 3472 1808 per

189 1851 350 1900 num,
375 1835 650 1890 hominem
672 1835 948 1891 Christum
974 1835 1182 1900 Jesum,
1209 1837 1398 1892 botrus
1422 1835 1510 1892 ille
1537 1837 1782 1908 signave-

191 1936 306 1990 rat,
372 1942 532 1996 quem
604 1927 672 1982 de
734 1938 878 1983 terra
921 1929 1352 1999 repromissionis
1413 1929 1781 2000 exploratores

192 2017 250 2071 in
291 2018 556 2089 phalanga
607 2021 675 2072 ad
704 2019 841 2075 ﬁlios
870 2019 1036 2076 lsrael
1067 2021 1381 2077 deferebant
1408 2019 1597 2086 (Num.
1632 2022 1777 2091 xm).

190 2109 416 2165 Duobus
443 2119 622 2164 autem
655 2112 1006 2180 portitoribus
1033 2112 1158 2168 hinc
1182 2113 1308 2168 inde
1350 2113 1662 2184 suppositis,
1695 2113 1778 2167 al-

193 2212 316 2255 tero
362 2201 612 2256 videlicet
657 2203 1021 2272 pczeredente,
1075 2203 1246 2259 altero
1275 2204 1657 2274 subsequente,
1683 2203 1779 2259 bo-

192 2297 280 2342 tru
332 2292 416 2344 sin
467 2292 642 2346 medio
671 2291 945 2347 ferebatur
976 2334 992 2356 ,
1032 2294 1157 2363 quia
1199 2293 1530 2364 Redemptor
1572 2304 1777 2360 noster,

191 2381 318 2434 dum
347 2396 377 2434 a
406 2383 654 2451 patribus
693 2381 906 2438 Veteris
954 2384 1286 2439 Testamenti
1347 2397 1612 2440 venturus
1659 2401 1779 2441 esse

191 2470 529 2538 praedicitur,
560 2487 590 2525 a
619 2471 752 2526 Novi
780 2489 911 2528 vero
940 2474 1390 2543 praedicatoribus
1413 2473 1526 2543 jam
1563 2475 1778 2531 venisse

191 2559 494 2624 nuntiatur,
527 2561 683 2629 quasi
714 2562 902 2616 botrus
935 2562 986 2616 in
1017 2561 1284 2633 phalanga
1322 2562 1587 2626 defertur,
1619 2573 1676 2618 ut
1708 2564 1777 2618 ad

189 2650 580 2718 capessendam
612 2666 864 2720 superum
894 2653 1334 2722 repromissionis
1385 2663 1583 2708 terram
1623 2669 1776 2712 incus

189 2739 430 2796 ﬁdelium
461 2744 808 2798 accendatur.
839 2743 1111 2815 Phalanga
1142 2745 1339 2816 quippe
1375 2746 1553 2802 delata
1587 2747 1774 2802 liumec

187 2833 266 2888 ris
304 2833 654 2903 portitorum,
685 2835 867 2891 divina
911 2836 996 2891 lex
1046 2847 1129 2892 est
1170 2838 1421 2906 imposita
1472 2839 1774 2894 cervicibus

186 2924 490 2979 hominum.
522 2924 688 2996 Cujus
720 2937 906 2996 partes
957 2929 1168 2984 botrus-
1199 2928 1287 2985 ille
1340 2929 1548 2984 medius
1601 2929 1773 2984 conti-

186 3016 534 3084 uuavit,quia
557 3015 810 3072 Salvator
838 3029 1039 3084 noster,
1057 3021 1146 3090 qui
1172 3018 1298 3074 fecit
1318 3029 1546 3092 utraque
1571 3037 1734 3075 unum
1752 3062 1768 3088 ,

1884 1849 2005 1888 eam
2034 1849 2247 1904 quoque
2277 1834 2451 1890 dulcis
2478 1833 2603 1889 vita:
2651 1832 2904 1903 poculum
2960 1831 3267 1886 exhibetur.
3327 1827 3471 1884 Lar-

1883 1926 2165 1997 gissimum
2205 1926 2602 1981 benedictionis
2631 1940 2781 1980 nova:
2803 1925 3063 1978 fluentum
3093 1931 3263 1976 totum
3291 1921 3470 1976 deter-

1883 2017 1974 2081 sit,
2008 2015 2402 2072 maledictionis
2432 2016 2672 2086 antiquae
2701 2014 3033 2084 contagium.
3073 2010 3178 2067 Sed
3224 2010 3353 2081 quid
3389 2013 3460 2066 ad

1883 2106 1998 2162 huic
2033 2106 2238 2162 Maria?
2290 2106 2537 2178 Nunquid
2591 2107 2771 2162 delato
2829 2106 2930 2162 sibi
2968 2103 3184 2160 caelitus
3239 2103 3453 2169 nuntio,

1883 2199 1937 2254 in
1968 2199 2340 2255 immoderata:
2383 2214 2442 2255 se
2493 2199 2694 2254 lietitiaa
2743 2199 2911 2254 risum
2967 2196 3162 2253 solvit?
3216 2194 3467 2266 Nunquid

1882 2291 1935 2346 in
1967 2291 2235 2362 superbia:
2267 2289 2464 2347 fastum
2507 2291 2775 2346 cervicem
2811 2289 3006 2344 mentis
3039 2287 3252 2343 erexit?
3306 2285 3458 2341 Nun-

1879 2381 2005 2451 quid
2039 2398 2168 2444 non,
2201 2390 2488 2450 antequam
2539 2381 2908 2450 responderet,
2971 2380 3144 2450 ipsum
3197 2378 3458 2449 angelicae

1879 2471 2223 2526 salutationis
2253 2473 2464 2542 pondus
2489 2471 2685 2526 librata
2735 2471 2934 2526 mentis
2987 2470 3142 2526 lance
3185 2469 3478 2540 pensavit?»

1878 2564 1967 2618 Ait
1994 2564 2137 2618 enim
2167 2564 2499 2635 evangelista
2526 2581 2538 2617 :
2579 2585 2596 2615 ι
2631 2563 2762 2631 Qua:
2795 2580 2917 2618 eum
2946 2563 3217 2629 audisset,
3248 2563 3464 2618 turbata

1875 2662 1960 2708 est
1990 2653 2043 2707 in
2073 2669 2326 2708 sermone
2355 2652 2494 2722 ejus,
2528 2662 2581 2708 et
2609 2652 2884 2724 cogitabat
2936 2651 3113 2722 qualis
3165 2659 3312 2708 esset
3359 2653 3461 2708 ista

1875 2743 2130 2799 salutatio
2163 2743 2313 2816 (Luc.
2347 2746 2408 2813 I).
2451 2763 2468 2797 ι
2506 2742 2607 2800 Ubi
2651 2752 2776 2798 sunt
2826 2742 2948 2810 illm,
2974 2759 3094 2813 qua:
3123 2743 3332 2814 dicunt,
3360 2759 3462 2814 ego

1874 2848 1993 2890 sum
2035 2837 2204 2908 virgo,
2233 2852 2333 2908 ego
2361 2852 2479 2892 sum
2514 2837 2700 2905 virgo?
2758 2834 3030 2898 Verbosze,
3081 2835 3458 2898 contentiosae,

1872 2938 2256 2998 suspectuosae,
2286 2928 2656 3000 superliuosa‘,
2676 2939 2826 2984 veste
2857 2930 3188 3000 composita;
3221 2930 3463 2986 moribus

1873 3018 2184 3090 dissipataa?
2238 3021 2348 3092 Ego
2396 3037 2512 3076 smn
2569 3021 2753 3091 virgo;
2809 3025 2994 3077 nescio
3052 3023 3198 3077 enim
3247 3024 3460 3089 virum,

182 3120 307 3161 eum
343 3108 658 3178 evangelica
689 3109 936 3164 doctrina
963 3110 1096 3182 legis
1121 3121 1174 3166 et
1200 3113 1586 3181 prophetarum
1617 3128 1768 3168 mau-
1795 3086 1840 3147 (ἶ
1873 3109 2063 3179 ignoro
2095 3109 2424 3182 conjugium.
2459 3111 2502 3166 Ο
2541 3113 2722 3183 virgo,
2777 3127 2941 3182 quam
2992 3111 3116 3168 felix
3169 3128 3352 3182 esses.
3409 3116 3457 3168 si

182 3197 308 3252 data
340 3198 644 3266 conjunxit.
681 3200 784 3254 Sed
812 3203 901 3270 qui
942 3203 1304 3271 praecedebat,
1335 3205 1478 3273 quod
1531 3205 1770 3260 humeris

183 3288 452 3356 portabat,
482 3291 657 3344 oculis
679 3307 782 3345 non
809 3291 1058 3358 videbat;
1084 3294 1173 3363 qui
1204 3302 1382 3348 autem
1411 3296 1764 3364 sequebatur,

181 3393 319 3432 onus
361 3395 519 3434 suum
552 3396 768 3450 semper
793 3383 1127 3438 intuebatur.
1159 3383 1264 3440 Per
1294 3385 1444 3439 illum
1489 3401 1643 3456 ergo,
1674 3387 1768 3456 qui

179 3473 553 3541 prmcedebat,
586 3475 813 3545 populus
837 3477 1177 3544 .Iudmorum;
1206 3495 1302 3549 per
1331 3479 1475 3534 illum
1507 3495 1652 3545 vero,
1672 3483 1764 3552 qui

178 3564 525 3634 sequebatur,
581 3581 687 3622 non
748 3567 1044 3639 incongrue
1105 3569 1418 3640 designatur
1476 3572 1765 3627 multitudo

179 3655 442 3724 gentium.
487 3655 581 3710 Ille
627 3657 770 3712 enim
819 3675 918 3729 per
971 3675 1142 3715 sacrae
1193 3660 1489 3730 Scriptura:
1541 3664 1765 3734 paginas

178 3745 336 3812 quasi
369 3744 424 3798 in
455 3745 696 3803 humeris
726 3748 1002 3803 Christum
1040 3751 1304 3820 portavit;
1349 3751 1443 3806 sed
1473 3753 1596 3822 quia
1626 3769 1763 3824 prae-

176 3842 386 3888 sentem
417 3834 471 3889 in
503 3851 686 3900 carne,
719 3839 1046 3909 impediente
1073 3840 1413 3898 infidelitatis
1463 3859 1574 3900 sure
1627 3847 1760 3902 cali-

173 3923 320 3992 gine,
387 3939 493 3980 non
549 3929 822 3996 cognovit,
872 3929 1092 3986 dorsum
1143 3931 1193 3986 ci
1247 3934 1648 4002 quodammodo
1703 3939 1758 3993 in

173 4011 370 4068 faciem
403 4016 571 4071 misit.
601 4017 704 4073 Iste
734 4034 886 4083 vero,
918 4021 1010 4090 qui
1042 4023 1310 4093 sequitur,
1342 4026 1568 4098 aspicit;
1630 4029 1756 4098 quia

172 4103 392 4172 gentilis
423 4107 651 4176 populus
679 4108 1102 4181 Redemptorem
1127 4130 1306 4180 suum,
1341 4117 1393 4170 in
1423 4097 1585 4187 quem
1629 4097 1759 4176 lide-

170 4190 294 4246 litcr
319 4195 516 4259 credit,
547 4197 832 4253 manifeste
859 4203 1162 4272 cognoscit.
1235 4223 1242 4231 λ

240 4281 430 4339 Potest
459 4286 623 4340 etiam
655 4303 752 4357 per
782 4293 1218 4361 repromissionis
1254 4304 1454 4351 terram
1513 4315 1618 4355 non
1666 4302 1753 4358 in-

170 4385 408 4438 congrue
465 4375 642 4444 ipsum
698 4379 1026 4437 beatissima:
1064 4383 1159 4439 Dei
1217 4384 1507 4443 Geuitrieis
1559 4407 1754 4460 corpus

171 4459 422 4555 intelligi,
448 4480 514 4518 ex
545 4480 653 4535 quo
696 4467 1024 4542 Redemptor
1056 4485 1242 4531 noster
1269 4479 1416 4535 velut
1461 4482 1753 4555 singularis

169 4549 356 4607 botrus
385 4554 557 4610 voluit
586 4555 897 4615 humanitus
919 4565 1232 4632 germinari.
1259 4566 1420 4626 Juxta
1443 4549 1590 4638 illud,
1609 4577 1752 4642 quod

167 4647 425 4716 scriptum
462 4661 542 4706 est
588 4671 609 4709 :_
640 4673 657 4705 ι
699 4653 910 4712 Veritas
940 4659 1008 4714 de
1059 4668 1201 4716 terra
1257 4673 1377 4719 orta
1432 4678 1513 4722 est
1572 4667 1746 4739 (l’sal.

167 4743 406 4810 uxnv).
448 4760 468 4792 ι
507 4739 578 4796 Ει
609 4743 744 4800 bene
773 4761 902 4802 caro
946 4749 1273 4808 beatissima:
1316 4752 1552 4825 Virginis
1604 4768 1749 4814 terra

167 4830 606 4896 repromissionis
633 4843 715 4888 est
757 4837 922 4902 dicta,
954 4853 1073 4908 qua:
1112 4841 1270 4912 longe
1321 4855 1447 4898 ante
1505 4849 1748 4917 paritura

167 4917 493 4976 Salvatorem
528 4927 715 4978 mundi
748 4943 777 4980 a
803 4930 1078 4999 prophetis
1117 4932 1466 4990 multifariam
1507 4947 1591 4994 est
1620 4954 1746 5009 pro-

166 5013 341 5068 missa.
375 5016 510 5084 Quae
549 5032 678 5072 vere
709 5019 792 5075 lac
839 5033 894 5077 et
925 5024 1030 5077 mel
1060 5026 1337 5092 manavit;
1391 5028 1519 5083 dum
1554 5032 1743 5098 Deum,

165 5113 213 5158 et
241 5109 516 5162 hominem
548 5107 867 5167 intemerata
913 5113 1220 5184 virginitate
1269 5117 1533 5186 profudit.
1591 5121 1745 5180 Unde

162 5203 207 5248 et
234 5210 325 5264 per
349 5197 555 5251 lsaiam
583 5195 776 5253 dicitur
807 5219 821 5256 :
878 5218 896 5252 ι
945 5201 1080 5257 Ecce
1109 5205 1260 5276 virgo
1287 5204 1340 5258 in
1368 5215 1523 5264 utero
1553 5211 1739 5265 conci-

159 5285 270 5328 niP'.
305 5295 363 5328 ρί
400 5287 590 5328 nnrinl
621 5284 772 5328 ﬁli-Im
835 5303 883 5320 η’
923 5292 1204 5328 νηιπιιιῖΙιηι
1235 5309 1427 5328 nnl'nnn
1460 5297 1574 5328 nino
1620 5300 1715 5328 If.“

1870 3199 2012 3269 quod
2043 3201 2210 3256 habes
2237 3203 2289 3256 in
2323 3217 2510 3269 carne,
2544 3217 2797 3258 scrvares
2833 3203 2884 3258 in
2921 3212 3121 3270 mente,
3153 3205 3459 3262 custodires

1869 3291 1922 3346 in
1956 3293 2188 3349 actione!
2250 3293 2390 3362 Quid
2444 3295 2588 3350 enim
2633 3296 2878 3366 prodest,
2903 3297 3072 3352 solius
3101 3297 3286 3352 carnis
3316 3298 3458 3352 inte-

1865 3382 2118 3450 gritatem
2152 3399 2395 3450 servare,
2424 3394 2479 3440 et
2507 3386 2868 3457 malignorum
2918 3387 3205 3457 spirituum
3253 3389 3458 3456 stupris

1868 3475 2066 3528 mentis
2095 3475 2351 3530 interiora
2391 3478 2783 3548 corrumpere?
2835 3477 2975 3546 Quid
3003 3479 3158 3549 juvat
3187 3478 3456 3548 virginem

1865 3579 2003 3630 esse,
2047 3575 2102 3620 et
2131 3567 2473 3636 exigentibus
2524 3570 2801 3624 actionum
2856 3570 3065 3624 meritis
3105 3585 3451 3640 nequaquam

1863 3654 1930 3708 ad
1970 3655 2286 3726 virginalem
2325 3659 2608 3728 praemium
2664 3659 2983 3729 pervenire?
3043 3657 3206 3730 Virgo
3254 3675 3445 3722 carne,

1864 3762 1970 3802 non
1996 3748 2200 3812 animo,
2230 3749 2561 3820 virginitatis
2592 3751 2814 3819 praemio
2855 3766 2959 3805 non
3009 3751 3231 3821 potitur.
3285 3751 3445 3806 Aliud

1861 3839 2061 3910 quippe
2089 3851 2172 3895 est
2201 3842 2557 3895 tentationum
2592 3841 2807 3897 fortiter
2845 3842 3117 3897 illecebris
3155 3843 3449 3907 contraire,

1860 3931 2006 3986 aliud
2036 3933 2240 3987 eisdem
2266 3933 2461 3988 blande
2487 3934 2870 4004 irrepentibus,
2897 3943 2952 3989 et
2983 3934 3028 3990 si
3059 3950 3165 3990 non
3194 3949 3448 4006 corpore.

1863 4034 2042 4079 mente
2077 4033 2254 4078 tamen
2285 4025 2560 4080 encrvitcr
2588 4026 2801 4080 cedere.

1930 4116 2046 4171 Non
2074 4133 2203 4187 ergo
2231 4118 2486 4188 cuiquam
2519 4116 2716 4173 sufficit
2754 4120 2821 4173 ad
2853 4117 3180 4188 capessenda
3224 4119 3450 4188 prtmuia

1859 4205 2007 4260 solus
2032 4207 2202 4277 pudor
2230 4207 2526 4278 virgineus,
2554 4209 2658 4264 nisi
2686 4219 2742 4264 et
2771 4208 2891 4264 aliis
2919 4208 3080 4264 fuerit
3111 4209 3315 4264 ditatus
3339 4210 3446 4265 vir-

1862 4297 2087 4354 tutibus.
2119 4299 2312 4354 Joanni
2342 4301 2543 4371 quippe
2576 4302 2629 4356 in
2679 4302 3006 4374 Apocalypsi
3058 4318 3153 4372 per
3199 4305 3446 4374 angelum

1857 4390 2058 4446 dicitur
2089 4410 2101 4444 :
2137 4410 2154 4442 ι
2192 4391 2254 4446 lli
2287 4403 2439 4458 sunt,
2472 4394 2564 4462 qui
2611 4409 2733 4448 cum
2796 4393 3113 4448 mulieribus
3163 4409 3269 4448 non
3320 4405 3447 4448 sunt

1857 4483 2211 4551 coinquinati.
2229 4481 2480 4552 Virgines
2501 4484 2647 4538 enim
2670 4495 2820 4549 sunt,
2837 4499 2890 4538 et
2916 4481 3446 4554 sequuntnr'Agnum

1856 4588 2179 4642 quocunque
2211 4573 2337 4627 ierit
2367 4573 2552 4643 (Apoc.
2586 4577 2720 4643 Xiv).
2756 4594 2776 4627 ι
2811 4575 2995 4646 Agnus
3040 4577 3185 4630 enim
3232 4585 3436 4640 noster,

1855 4662 1942 4717 ille
1968 4664 2244 4729 videlicet,
2278 4665 2368 4733 qui
2415 4665 2551 4720 tollit
2602 4676 2825 4736 peccata
2880 4668 3088 4733 mutuli,
3117 4669 3441 4724 charitatem

1855 4754 2063 4818 habuit,
2095 4755 2221 4824 quia
2255 4769 2354 4823 pro
2383 4755 2559 4810 salute
2592 4757 2872 4812 hominum
2904 4760 3182 4829 preprium
3224 4760 3443 4828 sangui-

1851 4860 1974 4899 nem
2009 4845 2166 4902 fudit.
2195 4845 2384 4900 Gratia
2437 4848 2761 4907 humilitatis
2803 4849 3052 4914 emicuit,
3085 4851 3211 4922 quia
3260 4852 3444 4906 humi-

1855 4933 2005 4989 liavit-
2031 4937 2382 5009 semetipsum
2417 4955 2586 5010 usque
2621 4945 2686 4994 ad
2717 4951 2969 5006 mortem,
3002 4953 3230 4998 mortem
3260 4952 3446 5002 autem

1853 5030 2049 5086 crucis.
2087 5031 2409 5087 Patientiam
2465 5034 2724 5100 servavit,
2757 5035 2883 5103 quia
2937 5050 3063 5092 cum
3098 5035 3452 5094 maledicere-

1855 5128 1961 5185 tur,
1988 5137 2092 5177 non
2125 5122 2518 5193 maledicebat;
2569 5142 2690 5181 cum
2736 5135 3048 5197 pateretur,
3080 5145 3186 5184 non
3217 5133 3451 5186 commi-

1852 5211 2100 5266 nabatur.
2147 5212 2432 5271 Mundanm
2484 5217 2761 5288 dignitatis
2818 5219 3166 5278 altitudinem
3219 5224 3448 5290 sprevit,

2204 5319 2302 5328 -ΑΛ-
2343 5319 2480 5328 -Α.....
