3978 5328
507 325 610 380 759

1083 323 1142 381 S.
1174 324 1377 386 PETRI
1415 325 1696 382 DAMIANI
1735 327 1887 385 OPP.
1928 328 2107 385 PARS
2147 328 2275 385 SEU
2318 327 2555 385 TOMUS
2592 327 2656 383 ll.
2697 358 2768 369 —
2806 328 3193 389 SERMONES.

3667 330 3775 391 700

507 452 721 510 cunque
742 438 869 495 ierit
897 439 1165 508 sequitur,
1195 440 1287 509 qui
1318 456 1423 494 non
1449 441 1565 495 sola
1609 441 1926 511 virginitate
1970 441 2087 511 ejus
2114 446 2167 506 Α
2198 459 2214 493 ι
2248 441 2387 496 Ecce
2408 440 2603 495 ancilla
2636 441 2868 504 Domini,
2895 441 2989 498 ﬁat
3018 444 3149 497 mihi
3192 442 3490 498 secundum
3540 447 3767 500 verbum

503 532 778 603 vestigia,“
795 532 888 587 sed
920 547 1016 595 per
1034 548 1224 589 omnes
1245 549 1459 605 quoque
1488 536 1745 590 virtutum
1773 535 2012 600 semitas,
2033 537 2085 592 in

504 634 765 693 quantum
791 627 1065 695 praevalet,
1093 626 1355 680 imitatur.
1388 626 1480 682 ille
1506 627 1717 696 Agnutn
1748 628 1995 688 Sequitur
2034 629 2086 683 in

502 717 872 785 pervcntionis
917 718 1122 786 requie,
1151 718 1243 788 qni
1275 718 1424 772 illum
1452 718 1654 773 imitari
1680 719 1888 774 studuit
1920 720 1972 773 in
2007 721 2090 776 iti-

503 807 649 860 neris
680 807 1029 863 adversitate.

578 894 686 951 Sed
715 897 1034 966 plerumque
1071 899 1485 953 conversatione
1514 898 1926 969 coniugatorum
1977 899 2087 953 vita

503 987 856 1045 confunditur
887 991 1172 1060 virginum,
1204 1007 1332 1048 cum
1359 1001 1413 1046 et
1444 992 1521 1045 illi
1552 992 1692 1047 ultra
1725 992 1967 1046 habitum
2002 1007 2091 1047 as-

501 1090 726 1143 sumunt
773 1097 959 1152 Opera,
985 1092 1039 1137 et
1078 1083 1167 1138 isti
1201 1081 1358 1151 juxta
1399 1083 1645 1138 ordinem
1673 1083 1948 1154 pmprium
1980 1098 2088 1138 non

500 1172 751 1226 excitant
772 1174 956 1226 corda.
1015 1171 1169 1227 Unde
1213 1181 1269 1227 et
1322 1188 1417 1243 per
1461 1174 1782 1243 prophetam
1835 1173 2085 1227 dicitur:

510 1281 527 1310 ι
572 1261 867 1326 Erubesce,
901 1262 1092 1327 Sidon,
1142 1262 1219 1317 ait
1270 1276 1421 1316 mare
1450 1262 1587 1334 (lsa.
1641 1262 1790 1333 xxv).
1847 1282 1865 1315 ι
1923 1260 2088 1330 Quasi

501 1338 645 1403 enim
675 1366 773 1420 per
796 1366 982 1409 vocem
1015 1353 1181 1408 maris
1214 1354 1281 1408 ad
1310 1354 1691 1409 verecundiam
1726 1353 1891 1409 Sidon
1923 1355 2091 1409 adduc

504 1442 668 1504 citur,
703 1444 919 1511 quando
950 1460 1045 1512 per
1074 1446 1535 1514 comparationem
1570 1445 1694 1500 vitm
1723 1444 2087 1509 saecularium,

504 1543 667 1601 atque
697 1533 751 1586 in
782 1534 884 1588 hoc
916 1534 1115 1589 mundo
1140 1536 1539 1601 fluctuantium,
1565 1535 1682 1605 ejus
1708 1536 1798 1605 qui
1826 1534 2086 1600 munitus,

398 1626 409 1635 '
504 1630 562 1677 ct
603 1623 755 1697 quasi
807 1625 1017 1680 stabilis
1063 1626 1326 1692 cernitur,
1374 1626 1482 1679 vita
1541 1627 1880 1695 reprobatur.
1935 1626 2089 1695 Szepe

505 1711 648 1765 enim
681 1714 920 1768 nonnulli
950 1715 1017 1768 ad
1045 1714 1332 1771 Dominum
1359 1726 1481 1786 post
1525 1718 1709 1773 carnis
1745 1728 1967 1787 peccata
2005 1734 2087 1771 re-

505 1804 752 1867 deuntes,
787 1812 937 1860 tanto
962 1820 1019 1861 se
1048 1807 1328 1861 ardentius
1356 1808 1408 1861 in
1447 1807 1605 1865 bonis
1644 1810 1899 1879 Operibus
1934 1809 2089 1868 exhi-

503 1904 655 1965 bent,
670 1912 874 1972 quanto
887 1904 1308 1960 damnabiliores
1322 1921 1381 1961 se
1396 1907 1461 1960 de
1477 1905 1631 1961 malis
1644 1906 1849 1961 vident.
1868 1906 1933 1960 Et
1946 1921 2087 1973 sa‘pe

504 1989 664 2063 εἰει
698 1993 915 2062 quidam
949 1995 1002 2047 in
1033 1996 1546 2067 caruisintegritate
1567 1997 2085 2065 perdurantes,dum

505 2084 684 2139 minus
725 2102 784 2140 se
818 2087 1113 2156 respiciunt
1163 2089 1383 2154 habere,
1432 2091 1575 2160 quod
1624 2090 1877 2157 deﬂeant,
1930 2090 2089 2162 plene

504 2175 607 2229 sibi
636 2175 879 2232 sullicere
907 2178 1031 2233 vita:
1058 2194 1168 2234 suae
1198 2179 1563 2235 innocentiam
1600 2189 1813 2250 putant,
1840 2193 2001 2250 atque
2022 2181 2088 2236 ad

505 2270 783 2325 fervorem
830 2272 1054 2340 spiritus
1091 2271 1253 2326 nullis
1289 2287 1347 2326 se
1383 2272 1598 2327 ardoris
1622 2272 1856 2327 stimulis
1886 2272 2089 2326 inflam-

504 2372 675 2415 mant.
706 2362 770 2415 Et
803 2362 1205 2433 fitplernmque
1250 2364 1360 2419 Deo
1408 2364 1613 2435 gratior
1660 2379 1844 2419 amore
1894 2364 2090 2419 ardens

505 2453 619 2506 vita
649 2461 770 2523 post
799 2454 1037 2523 culpam,
1078 2471 1241 2524 quam
1293 2456 1587 2510 securitate
1620 2464 1837 2525 torpens
1872 2457 2090 2526 virginis

505 2545 837 2599 innocentia.
871 2545 1024 2600 Unde
1048 2556 1103 2600 et
1131 2560 1264 2601 voce
1289 2545 1495 2602 Judicis
1523 2547 1721 2602 dicitur
1749 2566 1762 2600 :
1822 2567 1841 2599 ι
1886 2547 2091 2603 Remit-

506 2641 696 2686 tuntur
724 2633 774 2690 ei
828 2643 1049 2702 peccata
1098 2634 1286 2699 multa,
1329 2636 1586 2705 quoniam
1626 2635 1817 2691 dilexit
1866 2638 2090 2693 nmltutn

511 2722 657 2795 (Luc.
682 2734 802 2791 vn).
838 2745 856 2776 ι
888 2725 955 2778 Ει
993 2723 1186 2778 iterum
1220 2744 1232 2777 :
1264 2743 1282 2775 ι
1322 2723 1590 2780 Gaudium
1617 2736 1700 2780 est
1736 2727 1942 2796 angelis
1994 2726 2091 2782 Dei

504 2830 670 2889 super
727 2831 834 2871 uno
887 2826 1175 2886 peccatore
1227 2816 1601 2885 paenitentiam
1666 2827 1878 2888 agente,
1928 2832 2089 2887 quam

503 2919 667 2975 supra
726 2908 1016 2977 nonaginta
1076 2921 1270 2961 novem
1317 2904 1496 2974 jtlSliS,
1546 2908 1635 2975 qui
1698 2924 1803 2963 non
1853 2908 2092 2979 indigent

503 3003 823 3081 paenitentia
866 3003 1016 3072 (Luc.
1048 3003 1159 3073 xv).
1201 3022 1220 3055 ι

576 3093 669 3149 llla
702 3112 830 3167 ergo
855 3097 1141 3167 virginitas
1182 3095 1422 3166 perfecta
1449 3108 1550 3159 est,
1583 3112 1702 3165 qua:
1733 3094 1955 3165 reliquis
1980 3093 2090 3147 vir-

2195 542 2342 589 tuum
2365 533 2576 604 (Ibid).
2614 553 2633 586 ι
2673 533 2770 589 Dei
2818 543 2997 590 mater
3031 536 3101 590 ab
3151 536 3341 606 angelo
3370 536 3675 599 dicebatur,
3716 547 3773 592 et

2191 626 2305 694 ipsa
2342 640 2399 681 se
2421 625 2670 681 ancillam
2721 625 2933 681 Domini
2989 626 3277 681 fatebatur.
3316 628 3376 683 Et
3412 642 3541 682 vere
3579 638 3772 693 mater,

2190 718 2350 774 simul
2405 727 2461 772 et
2514 716 2727 773 ancilla.
2765 717 2973 774 Ancilla
3002 719 3265 790 siquidem
3303 736 3399 789 per
3427 734 3777 776 communem

2191 808 2514 864 conditionis
2543 808 2793 862 humana:
2828 798 3099 875 naturam,
3130 817 3307 862 mater
3330 825 3458 864 vero
3486 825 3587 879 per
3638 808 3772 865 inefo

2191 896 2406 952 fabilem
2454 897 2621 951 divini
2674 899 2915 952 muneris
2967 901 3217 968 gratiam.
3251 899 3423 953 Mater
3450 900 3506 953 in
3533 914 3602 953 eo
3637 902 3775 967 quod

2191 989 2375 1059 genuit
2394 1006 2409 1054 ;
2428 989 2620 1044 ancilla
2652 990 2705 1043 in
2736 1003 2803 1044 eo
2828 992 2968 1059 quod
2992 992 3174 1061 genita
3203 990 3320 1045 fttit.
3339 991 3583 1046 Necdum
3604 990 3778 1046 Evan-

2191 1078 2385 1150 gelium
2415 1081 2675 1148 scriptum
2722 1090 2859 1145 erat,
2905 1088 2960 1135 et
2996 1081 3110 1148 jam
3146 1082 3454 1148 evangelica
3502 1091 3778 1151 praecepta

2192 1168 2464 1224 servabat.
2481 1167 2732 1238 Prmcipit
2761 1171 2903 1225 enim
2921 1172 3205 1227 Dominus:
3229 1191 3247 1223 ι
3267 1172 3486 1239 Quanto
3503 1172 3683 1240 major
3700 1188 3775 1235 es,

2192 1258 2416 1312 humilia
2449 1267 2499 1312 te
2530 1260 2582 1312 in
2610 1259 2861 1314 omnibus
2886 1260 3239 1330 (Mat/unm
3258 1281 3272 1326 ;
3291 1263 3581 1332 Eccliau).
3604 1281 3624 1314 ι
3645 1262 3779 1328 Quid

2190 1348 2335 1402 enim
2370 1348 2545 1418 majus
2586 1358 2759 1405 matre
2808 1350 3059 1405 Domini?
3105 1352 3244 1418 Quid
3284 1352 3548 1407 humilius
3586 1351 3777 1407 ancilla

2195 1436 2439 1491 Domini?
2474 1455 2491 1486 ι
2526 1437 2667 1492 Ecce
2701 1438 2895 1492 ancilla
2921 1439 3157 1505 Domini,
3188 1439 3281 1494 fiat
3315 1442 3445 1495 mihi
3479 1442 3780 1497 secundum

2190 1526 2413 1580 verbum
2440 1536 2609 1581 tuutn.
2649 1545 2668 1577 ι
2706 1526 2856 1582 Unde
2885 1528 3022 1583 bene
3072 1529 3124 1582 in
3170 1528 3411 1585 Canticis
3441 1514 3781 1584 canticorum

2193 1618 2306 1671 luce
2329 1633 2546 1685 sponsa,
2577 1627 2632 1672 et
2660 1628 2834 1674 mater
2852 1620 3085 1685 Domini,
3110 1622 3292 1690 sponsi
3323 1622 3406 1675 sui
3431 1636 3567 1676 voce
3601 1621 3785 1676 lauda-

2191 1716 2298 1773 tur,
2325 1724 2449 1764 cum
2479 1709 2677 1765 dicitur
2703 1725 2718 1764 :
2758 1728 2778 1762 ι
2811 1710 2943 1779 Quae
2969 1714 3214 1769 ascendit
3238 1728 3336 1783 per
3360 1714 3642 1769 desertum
3678 1717 3783 1769 sic-

2118 1818 2165 1877 B
2197 1810 2254 1853 ut
2282 1799 2495 1871 virgula
2526 1800 2680 1865 fumi,
2718 1817 2786 1856 ex
2824 1805 3159 1859 aromatibus
3190 1806 3440 1876 myrrhae.
3480 1816 3539 1861 ct
3582 1807 3781 1869 thuris,

2193 1900 2251 1945 et
2278 1891 2518 1947 universi
2548 1892 2786 1962 pulveris
2808 1895 3183 1965 pigmentarii?
3218 1915 3236 1947 ι
3272 1896 3448 1966 (Cant.
3477 1897 3587 1967 ιιι.)
3615 1896 3780 1951 Beata

2192 1986 2390 2056 quippe
2410 1985 2577 2040 Maria
2592 1987 2735 2042 sicut
2751 1988 2957 2058 virgula
2984 1988 3112 2043 fumi
3137 2005 3205 2044 ex
3235 1990 3573 2044 aromatibus
3592 2003 3784 2045 ascen-

2192 2076 2289 2138 dit,
2338 2076 2464 2145 quia
2500 2091 2568 2131 οι
2619 2078 2742 2133 vitae
2784 2093 2898 2134 suae
2934 2079 3223 2134 virtutibus
3253 2080 3306 2135 in
3337 2080 3541 2134 interni
3568 2094 3782 2149 semper

2195 2166 2398 2220 incensi
2453 2169 2831 2224 rectitudinem
2882 2170 3148 2240 prolicere
3193 2171 3430 2236 studuit;
3464 2186 3568 2226 nec
3595 2184 3785 2239 sparsa

2190 2273 2288 2327 per
2316 2259 2673 2329 cogitationes
2698 2259 2939 2323 defluxit,
2974 2261 3066 2315 sed
3093 2275 3214 2315 sese
3245 2262 3384 2315 intra
3413 2276 3619 2315 arcana
3660 2274 3781 2315 eor-

2193 2348 2276 2402 dis
2306 2349 2360 2402 in
2387 2349 2583 2420 rigoris
2625 2350 2776 2417 virga
2816 2352 3162 2405 constrinxit.
3196 2350 3326 2419 Quae
3352 2351 3515 2423 242
3544 2366 3634 2413 ea,
3664 2364 3786 2419 qua:

2192 2439 2321 2507 egit,
2349 2439 2477 2492 dum
2527 2442 2831 2509 reeogitare
2869 2455 3082 2512 semper
3108 2458 3172 2497 ac
3218 2452 3520 2496 retractare
3553 2458 3662 2495 non
3692 2443 3783 2495 de-

2192 2532 2353 2596 stitit,
2384 2533 2660 2603 myrrham
2705 2535 2919 2603 quidem
2955 2543 3012 2589 et
3063 2535 3187 2590 thus
3231 2534 3465 2590 habebat
3514 2534 3570 2588 in
3593 2550 3779 2604 opere,

2193 2624 2288 2677 sed
2313 2624 2587 2693 pulverem
2620 2624 2673 2678 in
2701 2625 3048 2697 cogitatione.
3093 2625 3159 2680 Et
3208 2626 3346 2681 bene
3398 2623 3612 2696 virgula
3651 2624 3784 2679 fumi

2194 2712 2310 2769 lure
2339 2714 2542 2768 dicitur
2572 2729 2692 2784 qua:
2714 2731 2810 2784 per
2848 2716 3054 2786 virgam
3088 2730 3302 2785 quoque
3327 2716 3511 2769 Aaron
3553 2715 3786 2786 mystice

2194 2804 2474 2875 ﬁguratur.
2526 2806 2619 2860 llla
2672 2807 2816 2860 cuitu
2842 2807 3214 2879 amygdalinas
3242 2821 3409 2861 nuces
3431 2797 3645 2876 absque
3674 2805 3781 2859 ullo

2194 2895 2420 2950 humore
2474 2897 2674 2951 terreni
2727 2897 2949 2967 cespitis
2998 2899 3248 2968 protulit;
3283 2899 3382 2953 ista
3423 2913 3556 2951 vero
3581 2898 3785 2966 absque

2192 2984 2303 3040 ullo
2325 2986 2465 3041 virili
2493 2988 2699 3042 semine
2733 2988 2824 3043 Dei
2853 2987 3048 3043 Filium
3081 2988 3377 3063 generavit.
3421 2988 3543 3056 Ipse
3567 3001 3784 3057 quoque

2194 3078 2358 3148 virgae
2400 3077 2542 3133 illius
2578 3076 2808 3144 fruetus,
2848 3080 2894 3134 si
2916 3080 3154 3135 studiose
3176 3079 3488 3142 discutitur,
3542 3077 3781 3147 aliquam

506 3184 714 3239 tutibus
740 3172 997 3256 ci'ngitur,
1051 3202 1172 3255 qua:
1221 3200 1347 3240 vera
1396 3185 1599 3242 'mentis
1632 3183 1935 3240 humilitate
1963 3198 2089 3238 οοη.
2122 3170 2169 3233 C
2200 3182 2322 3225 cum
2348 3167 2564 3223 Christo
2606 3169 2805 3225 habere
2848 3170 3259 3225 similitudinem
3301 3170 3600 3224 invenitur.
3632 3168 3782 3224 Sicut

507 3274 674 3329 ditur.
716 3275 846 3343 Quae
890 3292 995 3332 non
1026 3277 1198 3331 Solum
1231 3276 1491 3331 illibatam
1516 3291 1575 3331 se
1599 3285 1781 3332 servat
1813 3276 1865 3330 in
1905 3290 2090 3341 carne,

506 3367 602 3422 sed
628 3369 792 3421 etiam
813 3369 1064 3437 pudieam
1093 3369 1323 3423 custodit
1347 3368 1401 3422 in
1420 3384 1536 3423 ore.
1557 3367 1709 3423 Unde
1730 3377 1781 3423 et
1807 3367 1961 3422 beata
1988 3368 2096 3421 vir-

507 3476 575 3531 go
612 3457 799 3523 Maria,
840 3461 1024 3515 audito
1051 3460 1307 3530 angelica:
1337 3460 1622 3531 legationis
1654 3461 1933 3532 mysterio,
1963 3458 2095 3513 soli-

508 3562 621 3607 tum
653 3551 877 3606 modesti
910 3552 1109 3606 silentii
1139 3552 1371 3622 rigorem
1398 3550 1611 3616 tenuit;
1642 3560 1698 3605 et
1725 3551 1768 3604 si
1802 3550 1916 3623 ipsa
1944 3550 2090 3604 enim

506 3645 649 3715 intra
699 3659 759 3699 se
797 3644 1073 3699 discutere
1103 3660 1208 3699 non
1234 3652 1416 3712 posset
1440 3643 1617 3712 qualis
1649 3652 1794 3697 esset
1830 3643 1919 3697 illa
1949 3640 2093 3697 salu—

511 3736 665 3802 tatio,
700 3735 879 3790 verbis
918 3744 1095 3789 tamen
1124 3735 1400 3804 inquirere
1436 3732 1764 3804 swpcrflnnm
1793 3733 2091 3803 deputavit.

510 3829 617 3883 Sed
645 3844 767 3885 mox
808 3827 1036 3884 tacendo
1066 3829 1255 3882 audire
1279 3828 1498 3892 meruit,
1531 3826 1671 3896 quod
1712 3826 2095 3895 interrogando

509 3920 786 3989 inquirere
842 3935 947 3973 nou
1012 3918 1373 3989 praesumpsit.
1425 3919 1515 3972 Ait
1564 3918 1709 3971 enim
1738 3918 1962 3988 angelus
1992 3915 2092 3970 ei:

515 4029 534 4061 ι
567 4009 643 4064 Ne
691 4012 906 4075 timeas,
961 4010 1161 4074 Maria;
1215 4009 1465 4064 invenisti
1521 4009 1666 4063 enim
1695 4008 1922 4078 gratiam
1954 4002 2095 4075 apud

510 4101 831 4165 Dominum;
864 4117 992 4157 ecce
1021 4101 1295 4170 concipies
1319 4101 1373 4155 in
1404 4109 1579 4163 utero,
1621 4107 1675 4153 et
1696 4099 1876 4168 paries
1900 4098 2091 4162 lilium,

513 4202 570 4248 et
596 4192 811 4247 vocabis
857 4208 1049 4246 nomen
1091 4191 1204 4260 ejus
1244 4193 1425 4247 .lcsum
1456 4191 1608 4257 (Luc.
1635 4190 1696 4263 ι).
1736 4210 1752 4240 ι
1780 4189 1932 4256 Quod
1968 4204 2095 4259 pro-

512 4286 675 4353 pheta
717 4283 887 4337 multo
927 4294 1052 4336 ante
1101 4283 1337 4337 futurum
1392 4286 1660 4354 praedixit,
1712 4287 1815 4339 hoc
1860 4300 2097 4354 prarseus

515 4378 707 4432 adesse
729 4375 934 4432 eisdem
964 4376 1141 4431 verbis
1174 4375 1398 4446 angelus
1432 4376 1722 4432 nuntiavit.
1766 4374 1904 4430 Dicit
1929 4378 2095 4441 enim,

512 4479 572 4523 ut
597 4469 935 4537 prmnissmn
953 4477 1053 4532 est,
1087 4467 1281 4523 Isaias:
1303 4487 1321 4519 ι
1361 4468 1501 4523 Ecce
1529 4469 1680 4539 virgo
1710 4469 1761 4523 in
1787 4477 1942 4523 utero
1969 4485 2099 4523 con-

2195 3262 2342 3317 enim
2381 3261 2723 3333 amygdalina
2804 3278 2912 3317 nux
2943 3277 3007 3317 ex
3056 3262 3247 3318 nucleo
3278 3272 3514 3323 constat,
3558 3276 3686 3316 osse
3728 3270 3785 3315 et

2194 3355 2426 3418 cortice;
2457 3354 2531 3408 ita
2555 3353 2884 3424 Redemptor
2910 3362 3096 3409 noster
3121 3369 3189 3410 ex
3212 3352 3497 3408 divinitate
3544 3361 3782 3417 constat,

2193 3455 2250 3501 et
2271 3446 2450 3501 anima
2482 3446 2643 3501 simul
2667 3455 2721 3501 et
2742 3461 2927 3502 carne.

2265 3539 2404 3608 Quia
2452 3554 2584 3593 vero
2626 3539 2830 3610 absque
2887 3538 2994 3593 ullo
3036 3539 3179 3593 virili
3227 3538 3434 3593 semine
3462 3536 3533 3591 de
3564 3533 3785 3606 Virgine

2194 3632 2505 3687 nasciturus
2531 3641 2669 3696 erat,
2694 3632 2809 3701 ipse
2829 3629 2998 3685 multo
3024 3640 3149 3685 ante
3171 3644 3267 3701 per
3287 3629 3615 3701 Prophetam
3636 3628 3785 3681 dixe-

2195 3734 2282 3780 rat
2311 3743 2325 3779 :
2372 3742 2392 3775 ‹
2425 3724 2538 3795 Ego
2568 3732 2750 3777 autem
2800 3738 2919 3777 sum
2970 3723 3170 3777 vermis
3192 3732 3247 3777 et
3272 3737 3378 3776 non
3414 3722 3580 3774 homo
3609 3716 3779 3787 (Ριαι.

2198 3817 2332 3886 ιιι).
2366 3835 2385 3868 ι
2423 3814 2577 3870 Sicut
2602 3815 2746 3868 enim
2772 3814 2970 3868 vermis
2990 3829 3056 3866 ex
3084 3813 3226 3883 ligno
3252 3812 3457 3880 absque
3482 3810 3664 3864 alieno
3690 3822 3783 3861 ua-

2197 3908 2367 3963 seitur
2427 3907 2675 3971 semine;
2721 3905 2793 3959 ita
2833 3913 2888 3959 et
2928 3903 3175 3959 Christus
3225 3903 3430 3971 absque
3462 3900 3573 3955 ulla
3603 3898 3783 3953 carnis

2197 3999 2635 4068 concupiscentia
2665 3997 2733 4052 de
2758 3998 2913 4051 beata
2947 4006 3102 4049 natus
3125 4004 3210 4049 est
3241 3994 3479 4064 Virgine.
3518 3991 3658 4046 Hinc
3700 3999 3781 4045 est

2198 4089 2362 4153 enim,
2412 4088 2554 4157 quod
2604 4102 2702 4157 per
2747 4074 3063 4155 prophetam
3104 4085 3268 4139 alium
3317 4083 3561 4137 dicitur:
3602 4100 3621 4132 ι
3652 4079 3782 4134 Ecce

2198 4183 2457 4238 Dominus
2488 4182 2743 4236 ascendet
2772 4196 2935 4251 super
2967 4183 3161 4235 nubem
3190 4180 3359 4233 levem
3403 4177 3543 4249 (Isti.
3580 4180 3716 4243 xix).
3756 4194 3775 4226 ι

2200 4271 2293 4327 Sol
2318 4273 2517 4340 quippe
2566 4285 2688 4325 cum
2737 4269 2877 4323 nube
2925 4268 3142 4338 tegitur,
3196 4267 3264 4323 ab
3307 4266 3565 4321 humanis
3591 4265 3784 4318 visibus

2198 4359 2521 4416 occultatur.
2567 4358 2661 4413 Sic
2702 4357 2986 4421 nimirum,
3030 4357 3107 4411 sic
3131 4356 3380 4410 Salvator
3411 4365 3621 4417 noster,
3646 4369 3783 4408 sum-

2200 4463 2290 4525 pta
2320 4469 2383 4508 ex
2412 4451 2629 4521 Virgine
2652 4465 2710 4505 se
2738 4465 2904 4504 carne
2926 4448 3168 4513 vestivit,
3204 4449 3255 4503 in
3288 4463 3390 4517 qua
3426 4448 3685 4500 divinitas
3713 4443 3783 4497 la-

428 4575 441 4586 ‘
514 4526 706 4631 cip'ict;
768 4568 821 4612 et
880 4560 1055 4629 pariet
1110 4559 1302 4622 filium,
1328 4569 1383 4613 et
1413 4526 1693 4614 vocabitur
1733 4576 1926 4614 nomen
1981 4558 2097 4627 ejus
2122 4526 2175 4586 Ι)
2205 4545 2578 4599 ιεηειιυίηαηο
2626 4541 2822 4596 illum"
2862 4541 3034 4595 νίιιθνί
3089 4556 3193 4594 11οη
3234 4540 3428 4631 βοίξιίίῑο
3457 4536 3785 4631 Quali“?

517 4650 841 4707 Emmanuel
874 4651 1007 4711 (lso.
1059 4652 1177 4724 vlt).
1224 4673 1241 4705 ι
1281 4653 1390 4706 lllic
1426 4653 1601 4715 .lesus,
1637 4655 1727 4722 qui
1752 4652 1995 4709 Salvator
2016 4652 2099 4707 tli-

514 4745 692 4809 citur;
729 4744 813 4799 hic
847 4744 1191 4809 Emmanuel,
1225 4745 1315 4814 qui
1344 4745 1611 4798 nobiscum
1640 4744 1780 4799 Deus
1835 4745 2099 4814 interpre-

510 4844 683 4895 tatur.

592 4926 709 4991 Qua
776 4925 982 4988 laetitia,
1039 4940 1146 4994 quo
1194 4925 1448 4994 tripudio,
1480 4924 1678 4979 fratres
1726 4926 1855 4988 mei,
1920 4923 2100 4977 Maria:

508 5030 681 5078 ,mens
719 5016 915 5083 repleta
944 5031 1063 5071 esse
1093 5024 1364 5085 potuerat,
1398 5018 1616 5086 quando
1651 5017 1764 5070 haec
1786 5016 2095 5086 prophetica

516 5113 571 5159 et
602 5106 908 5174 evangeliea
957 5107 1123 5161 verba
1183 5108 1323 5163 inter
1365 5123 1423 5164 se
1479 5109 1712 5163 invicem
1738 5110 2097 5163 conferebat:

530 5214 549 5232 ι
587 5195 748 5232 Maria
782 5196 922 5232 anim
982 5196 994 5232 ἶ

782 5196 922 5232 ollim
982 5196 1151 5234 innuit
1190 5198 1517 5236 uvannnlicln
1578 5200 1930 5236 nnncarv-thnl
1979 5212 2101 5238 nm-

2205 4636 2567 4693 idcircolevis
2598 4636 2821 4699 dicitur,
2844 4634 2972 4704 quia
2994 4632 3301 4687 beatissima
3331 4628 3499 4699 Virgo
3532 4628 3681 4683 nullo
3709 4628 3783 4678 vi-

2203 4729 2249 4783 ri
2276 4728 2482 4782 semine
2515 4726 2761 4796 gravida,
2792 4725 2905 4780 sola
2933 4726 3107 4778 sancti
3145 4720 3380 4791 Spiritus
3392 4721 3582 4797 gratia
3607 4719 3785 4773 fecun-

2207 4820 2386 4875 datur.
2420 4817 2552 4884 Quae
2579 4826 2634 4871 et
2655 4815 2972 4887 dignitatem
2998 4813 3290 4869 Geuitricis
3311 4811 3575 4872 obtinuit,
3603 4820 3658 4864 et
3683 4809 3783 4860 vir-

2207 4912 2438 4983 ginalem
2468 4908 2780 4980 pudicitiam
2820 4924 2926 4963 non
2948 4907 3144 4962 amisit.
3191 4905 3321 4972 Qua:
3365 4905 3483 4957 sine
3523 4900 3783 4957 contami~

2207 5003 2425 5057 natione
2463 5000 2734 5069 concepit,
2789 5010 2846 5054 et
2887 4999 3002 5053 sine
3046 4995 3230 5051 dolore
3258 4995 3428 5048 filium
3460 4990 3783 5061 procreavit.

2205 5092 2321 5147 Non
2379 5100 2596 5147 secntus
2653 5098 2737 5145 est
2784 5089 2938 5143 dolor
2959 5096 3194 5157 parttun,
3225 5085 3351 5154 quia
3388 5082 3786 5151 nonpnecessit

2204 5186 2729 5238 libidoconcentum.
2793 5184 3004 5238 Dictum
3081 5195 3313 5238 namque
3383 5179 3557 5231 fuerat
3626 5175 3779 5229 Evae:
