3978 5328
207 271 298 327 76I

1621 271 1852 331 SERMO
1884 277 2092 334 XLVII.

3362 281 3468 352 πει

207 383 486 457 virginalis
509 383 773 455 pudicitia!
800 397 906 438 non
945 383 1207 455 corrupit.
1247 383 1520 456 Virginem
1549 385 1780 458 denique
1808 398 1854 455 Α
1883 389 2048 444 afﬂixit
2095 405 2190 446 eas
2211 392 2358 446 cruci
2417 371 2546 448 suae.
2607 394 2684 448 Ex
2741 395 2908 450 altera
2963 405 3117 466 parte
3171 399 3472 454 cruciﬁxus

209 478 450 541 veniens,
485 477 750 540 introivit,
779 475 1054 546 Virginem
1081 476 1432 532 nihilominus
1467 479 1676 545 exiens,
1701 480 1789 535 de-

209 567 445 636 reliquit.
481 566 607 621 llrec
635 566 776 620 enim
799 577 882 620 est
906 569 1092 622 hortus
1120 567 1426 630 conclusus,
1459 569 1578 623 fons
1603 571 1785 640 signa—

213 675 292 715 tus
315 658 496 729 (Cant.
531 657 626 728 iv),
650 674 770 728 quae
798 667 854 712 et
879 658 1112 713 fructum
1144 658 1490 715 fecunditatis
1510 661 1700 728 edidit,
1733 671 1788 718 ct

209 751 535 822 virginitatis
567 751 816 804 meritum
841 767 946 805 non
971 751 1258 806 imminuit.

273 843 316 898 Ο
347 843 640 908 mirabilis,
665 857 698 896 o
719 842 1066 913 singulariter
1089 843 1282 898 nobilis
1309 859 1437 898 caro
1459 844 1788 900 beatissima:

209 935 481 1006 Virginis,
531 934 584 988 in
618 950 724 1004 qua
755 935 1033 990 muliebris
1071 947 1262 990 natura
1294 947 1551 1000 mutatur,
1599 939 1788 992 Imma-

210 1043 270 1082 na
293 1028 537 1082 conditio
597 1044 702 1082 non
754 1029 1156 1084 teneturi‘Per
1205 1030 1404 1085 coitum
1451 1031 1668 1102 quidem
1702 1042 1786 1087 est

208 1119 406 1190 genita,
455 1119 554 1172 sed
597 1135 696 1190 per
737 1118 1030 1175 eﬂicaciam
1079 1121 1254 1178 coitus
1279 1138 1384 1176 non
1409 1125 1592 1178 enisa.
1631 1125 1786 1179 Edita

209 1212 476 1266 communi
537 1213 872 1268 nascentium
898 1212 1040 1282 jure,
1087 1215 1252 1268 edidit
1283 1215 1572 1284 singularis
1599 1217 1785 1286 gratim

209 1301 457 1356 novitate.
499 1301 558 1356 In
605 1303 842 1359 humano
871 1303 1104 1374 denique
1129 1320 1326 1376 genere
1362 1305 1450 1360 ille
1477 1307 1670 1361 nobilis
1705 1309 1784 1361 di-

210 1393 360 1456 citur,
408 1393 502 1462 qui
558 1393 720 1448 claris
749 1395 1013 1466 majorum
1047 1397 1215 1450 titulis
1251 1397 1583 1469 insignitur;
1625 1399 1782 1454 beata

209 1499 326 1538 vero
355 1483 548 1550 Maria,
585 1485 714 1540 licet
739 1487 805 1542 de
830 1503 1088 1558 generosa
1120 1490 1188 1544 sit
1211 1499 1421 1558 patrum
1450 1491 1617 1558 stirpe
1658 1507 1784 1560 pro-

209 1575 397 1646 genita,
441 1573 512 1628 ab
563 1577 652 1628 illo
683 1585 859 1631 tamen
899 1579 1555 1635 trahitexcellentissima:
1589 1581 1780 1636 nobili-

211 1663 322 1716 tatis
365 1680 559 1732 genus,
609 1665 698 1734 qui
747 1665 813 1721 de
865 1665 950 1722 ilia
1001 1679 1084 1722 est
1125 1684 1262 1722 novo
1296 1671 1547 1724 nascendi
1583 1686 1782 1738 genere

1891 492 1980 538 est-
2003 483 2330 553 Redemptor
2377 493 2576 552 noster,
2627 501 2694 541 ex
2733 488 2836 542 alia
2869 504 3114 544 summus
3137 489 3230 544 ille
3266 505 3474 560 prazva-

1891 575 2112 628 ricator.
3379 567 3406 582 ’

1961 664 2074 718 Rex
2101 663 2197 718 Iiai
2229 673 2286 718 nt
2307 675 2492 720 narrat
2515 667 2736 722 historia
2767 669 2902 738 (los.
2927 686 3020 724 vni
3043 688 3144 724 sec.
3175 671 3474 742 LXX),su-

1888 769 2116 824 spensus
2143 763 2228 810 est
2259 756 2310 808 in
2334 757 2556 825 gemino
2585 759 2848 824 patibulo,
2866 760 2936 812 ita
2969 775 3058 812 rex
3085 761 3274 816 mortis
3295 761 3348 814 in
3372 761 3474 815 du-

1889 846 2011 916 plici
2033 846 2272 914 patibulo
2293 847 2660 916 suspenditur,
2686 849 2812 917 quia
2841 849 2966 904 dum
2993 849 3271 906 Christum
3305 849 3472 904 inter-

1889 937 2102 1000 ficit,in
2143 938 2258 1008 ipsa
2315 953 2478 994 cruce
2529 941 2878 1009 cruciﬁgitur,
2909 957 3070 1012 quem
3097 941 3302 996 invenit
3350 957 3471 996 ma-

1888 1045 2050 1100 gnum
2073 1039 2474 1084 sacramentum
2514 1032 2714 1094 crucis,
2766 1048 2866 1088 nec
2891 1041 2978 1086 est
3003 1032 3206 1102 aliquid
3246 1033 3349 1086 hoc
3373 1047 3470 1088 .sa-

1887 1129 2166 1175 cramento
2197 1123 2483 1176 sacratius.
2513 1122 2736 1191 Respice
2774 1139 2988 1178 crucem
3027 1132 3278 1186 stantem,
3305 1131 3360 1178 et
3391 1123 3474 1178 vi-

1888 1213 1954 1266 de
1975 1227 2137 1281 quam
2169 1221 2315 1267 recta
2347 1215 2780 1268 cacuminatione
2820 1219 2886 1270 de
2937 1217 3098 1268 terris
3131 1215 3372 1284 erigatur
3401 1215 3468 1268 ad

1885 1301 2104 1366 malum,
2156 1311 2212 1356 et
2261 1305 2546 1358 veritatem
2597 1306 2670 1358 rei
2705 1305 2816 1372 ipsa
2845 1305 3078 1376 imagine
3111 1297 3466 1374 protestetur.

1887 1391 2076 1446 Nonne
2107 1393 2203 1446 tibi
2235 1394 2450 1448 videtur
2473 1395 2644 1464 ﬁgura
2671 1395 2794 1465 ejus
2823 1396 3040 1460 coelum,
3073 1407 3126 1451 et
3153 1405 3352 1450 terram
3377 1412 3470 1450 su-

1885 1481 2036 1536 blimi
2058 1483 2464 1538 continuatione
2523 1485 3044 1556 coniungereUIaec
3095 1495 3178 1540 est
3224 1486 3472 1540 ﬁrmissi-

1887 1587 2034 1626 mum
2061 1589 2126 1626 ac
2175 1573 2547 1628 indissolubile
2595 1575 2814 1646 gluten,
2869 1593 2976 1644 quo
3029 1578 3470 1645 conglutinantur

1887 1661 2180 1716 rationales
2209 1671 2497 1728 creaturae,
2529 1675 2586 1717 ut
2617 1681 2682 1720 ex
2707 1668 2956 1736 utrisque
2983 1667 3072 1722 fiat
3119 1667 3204 1720 illa
3251 1667 3466 1728 civitas,

207 1767 530 1827 procreatus,
561 1771 618 1813 et
643 1775 742 1830 per
768 1759 1123 1815 clarissimam
1169 1761 1406 1817 sobolem
1438 1779 1652 1816 omnem
1679 1764 1778 1817 hu-
1810 1759 1854 1818 Β
1885 1753 2039 1822 cuius
2105 1754 2448 1822 ρειτιίοίινειιίο
2499 1752 2614 1822 eius
2657 1756 2708 1809 in
2760 1757 2990 1825 idipsum
3055 1756 3227 1826 (l’sul.
3255 1761 3464 1826 cura).

211 1851 339 1904 mani
376 1853 688 1906 stemmatis
717 1851 932 1906 excedit
969 1852 1326 1907 nobilitatem.
1374 1853 1531 1907 Clara
1556 1869 1782 1922 proavo-

209 1959 314 1998 rum
345 1943 536 2008 titulis,
569 1944 664 1998 sed
693 1944 1398 2014 incomparabilitcrclarior
1417 1947 1781 2016 generositate

209 2029 378 2100 prolis.
423 2030 559 2084 Filia
613 2031 878 2100 siquidem
910 2045 1128 2098 regum;
1162 2031 1256 2084 sed
1291 2031 1464 2084 Mater
1503 2032 1664 2100 Regis
1694 2047 1779 2086 re-

211 2137 319 2191 gum
345 2139 358 2172 ε
388 2140 404 2171 ι
436 2119 684 2175 Gloriosa
718 2119 858 2174 dicta
890 2130 1018 2175 sunt
1054 2122 1120 2174 de
1150 2129 1225 2186 te,
1261 2121 1454 2176 civitas
1480 2121 1572 2174 Dei
1601 2119 1774 2190 (Paul.

209 2213 428 2284 tum).
465 2233 483 2264 ι
519 2213 628 2267 Sed
657 2213 916 2286 quidquid
956 2215 1020 2268 de
1050 2223 1100 2268 te
1127 2229 1155 2266 a
1189 2215 1398 2274 mortali
1437 2214 1653 2268 homine
1691 2213 1774 2266 di-

212 2306 354 2368 citur,
407 2305 746 2361 celsitudinis
800 2317 903 2362 huc
935 2307 1141 2362 meritis
1164 2323 1269 2360 non
1302 2316 1566 2375 aequatur.
1601 2307 1776 2373 Quam

209 2397 334 2450 enim
361 2399 532 2452 exet-ll
572 2414 634 2452 ns
664 2397 836 2468 gratia
865 2412 1026 2466 super
1069 2397 1289 2467 angelos
1340 2396 1532 2460 elevat,
1570 2397 1634 2449 ad
1658 2397 1773 2466 ejus

211 2489 348 2558 digne
371 2487 647 2544 eﬁ'erenda
669 2489 939 2559 praeconia
957 2489 1186 2542 humana
1215 2488 1476 2558 fragilitas
1501 2503 1604 2540 non
1633 2487 1773 2556 aspi-

212 2589 297 2632 rat.
333 2579 606 2648 Rogamus
661 2589 733 2646 te,
783 2579 1226 2643 clementissima,
1263 2579 1429 2648 ipsius
1465 2578 1680 2646 pietatis
1719 2585 1774 2631 et

211 2671 580 2726 misericordia:
607 2681 798 2736 mater,
824 2681 880 2725 ut
907 2671 998 2740 qui
1031 2680 1132 2725 tua:
1163 2670 1334 2723 laudis
1357 2669 1584 2740 insignia
1611 2669 1771 2742 243

211 2743 529 2830 frequentare
577 2761 872 2831 gaudemus
906 2763 958 2816 iu
994 2762 1170 2824 terris,
1204 2769 1308 2814 tum
1361 2760 1772 2815 intercessionis

211 2849 443 2904 auxilium
477 2851 680 2905 habere
704 2867 1012 2906 mereamur
1041 2853 1093 2905 in
1119 2851 1304 2914 cwlis;
1337 2861 1603 2919 quatenus
1633 2851 1772 2904 sicut

211 2949 361 3010 perte
386 2941 477 2997 Dei
511 2943 682 2998 Filius
713 2945 964 3014 dignatus
995 2945 1166 2998 estad
1197 2953 1384 2998 nostra
1415 2943 1768 3006 descendere,

210 3027 271 3084 ita
317 3040 366 3085 et
415 3047 512 3088 nos
558 3051 655 3104 per
713 3043 765 3088 te
815 3035 882 3090 ad
942 3033 1060 3105 ejus
1103 3035 1376 3114 valeamus
1434 3037 1764 3092 consortium

1883 1842 2016 1897 Vide
2059 1845 2224 1898 etiam
2267 1847 2538 1912 quomodo
2583 1847 2916 1915 quadrifaria
2969 1849 3180 1902 ratione
3233 1857 3468 1914 quatuor

1881 1934 2066 1987 mundi
2092 1935 2307 1988 climata
2331 1937 2776 2005 comprehendat,
2811 1945 2864 1990 et
2896 1952 3112 1992 omnem
3149 1939 3216 1992 ad
3247 1953 3304 1990 sc
3333 1951 3464 2005 per-

1883 2027 2054 2080 trahat
2081 2035 2408 2082 creaturam.
2464 2030 2620 2083 Astat
2672 2028 2830 2084 Jesus
2871 2031 2922 2084 in
2957 2030 3152 2092 medio,
3183 2029 3462 2099 quadrifao

1881 2117 1960 2170 ria
1983 2117 2062 2170 sui
2088 2119 2334 2186 corporis
2355 2129 2510 2188 parte
2531 2121 2820 2184 distentus,
2845 2131 2896 2176 et
2921 2121 3178 2188 expansis
3215 2120 3464 2174 manibus

1878 2209 2132 2262 omnibus
2176 2209 2240 2262 ad
2269 2227 2328 2264 se
2365 2225 2428 2264 ex
2459 2211 2603 2264 omni
2647 2220 2800 2278 parte
2827 2212 3164 2266 venientibus
3188 2211 3464 2281 amplissi—

1881 2313 2022 2352 mum
2049 2299 2436 2354 misericordia:
2467 2303 2644 2356 sinum
2677 2303 2936 2356 ostendit.
2965 2302 3098 2356 Nam
3139 2321 3156 2354 ι
3185 2302 3328 2372 apud
3359 2301 3466 2356 Do-

1879 2389 2082 2444 minum
2133 2392 2528 2454 misericordia,
2575 2403 2628 2446 ct
2685 2395 2901 2464 copiosa
2924 2396 3065 2464 apud
3095 2409 3216 2448 eum
3253 2395 3462 2448 redeat—

1875 2481 1988 2550 ptio
2009 2479 2181 2550 (Paul.
2211 2483 2420 2552 cxxtx).
2453 2501 2470 2536 ι
2497 2483 2730 2539 Prorsus
2782 2486 3022 2554 copiosa,
3067 2501 3173 2539 non
3227 2485 3412 2540 stricta
3440 2501 3456 2550 ;

1875 2571 1999 2639 quia
2031 2570 2252 2642 largiter
2273 2574 2414 2626 unda
2445 2575 2728 2644 sanguinis
2765 2576 2832 2630 de
2875 2591 3105 2645 corpore
3129 2575 3329 2632 Christi
3359 2591 3460 2645 per

1875 2662 2112 2732 quinque
2135 2673 2316 2733 partes
2338 2667 2630 2720 emanavit.
2684 2666 2966 2722 Sulliceret
3009 2669 3078 2722 ad
3137 2668 3460 2736 redemptio-

1844 2750 1996 2806 'nem
2015 2754 2184 2818 orbis,
2215 2754 2296 2808 vel
2353 2771 2458 2808 una
2510 2757 2888 2826 pretiosissimi
2939 2758 3218 2828 sanguinis
3265 2767 3456 2825 gutta;

1874 2841 1968 2894 sed
2009 2841 2134 2896 data
2171 2853 2248 2897 est
2299 2845 2451 2912 copia
2479 2885 2494 2909 ,
2541 2854 2600 2898 ut
2627 2847 2796 2901 virtus
2825 2846 3096 2916 diligentis
3129 2847 3180 2900 in
3209 2847 3458 2902 beneficii

1873 2932 2268 2988 redundatione
2297 2934 2586 2990 clarescat.

1945 3026 2050 3080 Sed
2085 3041 2152 3080 ne
2181 3026 2320 3080 forte
2361 3039 2672 3082 occurreret
2701 3028 2820 3092 tibi,
2871 3037 2930 3082 ut
2961 3029 3158 3097 ubique
3189 3037 3457 3084 terrarum

211 3124 484 3189 pervenire.
547 3125 650 3192 Qui
697 3143 818 3182 cum
873 3128 1036 3182 Patre
1079 3139 1134 3182 et
1179 3111 1384 3198 Spiritu
1435 3137 1626 3184 sancto
1685 3129 1766 3183 vi—

1878 3115 2032 3188 244
2059 3133 2308 3183 currens,
2334 3118 2748 3188 Redemptorcm
2775 3129 2922 3172 tuum
2939 3120 3182 3174 invenire
3205 3137 3308 3174 non
3332 3135 3460 3188 pos-

211 3212 274 3265 vit
336 3225 386 3270 et
455 3215 720 3286 gloriatur
761 3233 856 3288 per
903 3219 1115 3274 inﬁnita
1168 3220 1362 3274 saacula
1425 3219 1766 3276 saeculorum.

212 3301 378 3358 Amen.

745 3377 976 3435 SERMO
1015 3379 1219 3434 XLVII.

303 3481 338 3518 ι.
369 3481 432 3520 or.
459 3483 832 3524 sumntum;
858 3485 1074 3525 sasc'rze
1105 3485 1311 3526 caveis.
1347 3471 1462 3540 (xiv
1488 3475 1662 3543 serv.)

273 3575 341 3632 De
377 3581 520 3652 virga
549 3581 702 3638 .lcsse
754 3583 1073 3638 devenimus
1131 3583 1198 3637 ad
1249 3583 1453 3655 virgam
1483 3587 1684 3646 crucis,
1717 3592 1770 3638 et

213 3669 510 3739 principium
554 3674 944 3743 redemptionis
991 3675 1098 3729 fine
1146 3675 1539 3730 concludimus.
1575 3675 1650 3728 Es
1680 3675 1765 3727 illa

214 3754 350 3814 Iesus
398 3761 644 3820 Christus
681 3764 845 3836 Virgo
875 3766 1026 3836 virga
1057 3765 1268 3836 virgine
1311 3765 1634 3819 mirabiliter
1687 3774 1768 3818 est

213 3863 503 3921 generatus;
531 3859 583 3909 in
619 3857 718 3912 ista
755 3867 961 3929 martyr
989 3869 1287 3928 martyrum
1319 3869 1500 3928 caput,
1530 3867 1584 3912 et
1617 3875 1766 3912 mar-

217 3946 322 4011 tyrii
349 3946 512 4004 forma
531 3953 762 4022 turpiter
786 3961 870 4006 est
898 3968 1187 4023 appensus.
1221 3954 1310 4006 Illa
1341 3955 1486 4024 virga
1519 3955 1769 4008 directio-

217 4039 304 4101 nis,
331 4043 468 4114 virga
506 4046 654 4115 regni
685 4047 756 4099 tui
790 4044 960 4116 (Ρδίιι.
1015 4047 1182 4116 xmv),
1226 4047 1304 4100 ait
1337 4046 1464 4099 illud
1499 4047 1767 4100 familiare

220 4126 425 4198 Spiritus
454 4136 621 4192 sancti
654 4153 940 4206 organum,
965 4138 1088 4206 quia
1121 4137 1254 4190 nihil
1300 4137 1518 4208 Virgine
1545 4141 1764 4204 rectius,

221 4220 440 4278 subtilius
474 4227 624 4282 nihil.
663 4227 800 4282 Audi
853 4239 908 4282 ct
957 4229 1022 4284 de
1063 4229 1166 4282 alia
1206 4247 1217 4282 :
1257 4247 1274 4278 ‹
1307 4225 1521 4300 Virgam
1551 4229 1768 4282 virtutis

221 4320 306 4367 tua:
328 4321 516 4374 emittit
543 4322 798 4376 Dominus
821 4337 888 4376 ex
916 4320 1042 4376 Sion
1095 4321 1266 4392 (Psal.
1293 4321 1425 4390 etx).
1460 4342 1476 4372 ι
1517 4321 1767 4376 Profecto

220 4417 330 4460 Crux
379 4408 475 4464 fuit
511 4415 659 4484 virga
709 4413 947 4478 virtutis,
981 4414 1032 4466 in
1064 4429 1168 4484 qua
1195 4413 1452 4468 Dominus
1505 4414 1760 4467 virtutum

217 4497 416 4554 viriliter
441 4507 733 4575 pugnavit,
791 4515 846 4559 et
891 4507 1038 4560 vicit.
1075 4525 1092 4556 ι
1132 4507 1410 4574 Assumpsi
1456 4507 1582 4560 mihi
1629 4507 1763 4560 duas

222 4587 388 4656 virgas,
417 4595 790 4666 aitrpropheta;
821 4613 983 4650 unam
1009 4597 1195 4652 vocavi
1225 4599 1472 4651 decorem
1498 4637 1512 4662 ,
1541 4606 1596 4666 et
1625 4597 1760 4650 alte-

221 4688 316 4728 ram
357 4679 640 4740 I‘uniculum
694 4685 877 4754 (Zaclr.
927 4685 1024 4757 XI).
1075 4708 1092 4740 ι
1125 4689 1286 4758 Virga
1327 4687 1760 4758 pulchrittulinis,

224 4775 382 4823 uterus
431 4772 684 4846 Virginis.
719 4797 736 4829 ι
767 4778 1020 4845 Pulchra,
1072 4779 1267 4849 inquit,
1325 4791 1382 4832 ιιι
1433 4779 1556 4832 luna
1582 4779 1760 4848 (Cant.

225 4857 301 4922 Ἦ),
337 4880 353 4914 ι
384 4867 522 4936 virga
553 4869 801 4936 funiculi,
839 4871 1042 4940 lignum
1075 4871 1324 4939 patibuli,
1374 4869 1760 4924 disterminans

223 4955 420 5020 utraque
449 4973 668 5028 regnum
721 4960 808 5016 Dei
851 4973 906 5014 et
953 4960 1172 5024 diaboli,
1219 4963 1502 5028 imponens
1549 4959 1757 5014 frenum

225 5037 410 5096 malitiae
436 5047 569 5116 ejus,
615 5049 886 5122 latamque
920 5049 1038 5118 ejus
1061 5049 1496 5120 pervagationem
1541 5051 1758 5106 validis-

1872 3225 1979 3270 ses,
2003 3223 2034 3262 a
2065 3223 2280 3279 quaqua
2310 3210 2493 3262 mumli
2523 3219 2678 3278 parte
2699 3211 2982 3279 procedas,
3013 3211 3130 3264 sive
3153 3209 3222 3264 ab
3255 3209 3452 3265 Orien-

1874 3309 1948 3364 te,
1979 3301 2090 3354 sive
2117 3301 2183 3355 ab
2227 3301 2556 3365 Occidente,
2585 3317 2678 3356 seu
2703 3318 2732 3354 a
2773 3301 3026 3368 Meridie,
3058 3301 3140 3356 vel
3167 3318 3196 3356 a
3227 3301 3458 3372 Septen-

1873 3400 2045 3445 trionc
2103 3402 2323 3460 paratus
2370 3401 2455 3445 est
2499 3392 2612 3461 ipse
2660 3392 2938 3460 suscipere
3007 3391 3308 3446 venientem
3337 3431 3351 3454 ,
3401 3400 3460 3448 ct

1869 3481 2066 3534 blanda
2125 3482 2413 3536 eoufm'ere
2457 3481 2761 3536 dulcedine.
2805 3483 2913 3535 Sed
2945 3483 3166 3536 attende
3193 3482 3321 3550 quid
3355 3481 3454 3536 tibi

1870 3572 2194 3641 exprimitur
2237 3573 2302 3626 de
2357 3573 2520 3627 corde
2573 3572 2858 3626 Altissimi.
2891 3571 3052 3626 Venis
3079 3573 3148 3626 ad
3179 3573 3452 3628 hominem

1870 3666 2225 3720 crucifixum?
2281 3666 2573 3722 crucifixus
2633 3667 2838 3732 venias,
2890 3676 2981 3720 aut
3034 3665 3450 3736 crucifigendus.

1871 3755 1970 3822 Qui
2018 3757 2162 3810 enim
2213 3757 2414 3811 Christi
2452 3767 2596 3822 sunt,
2629 3759 3012 3812 crucilixerunt
3047 3771 3264 3810 carnem
3295 3769 3450 3810 suam

1871 3865 1992 3902 cum
2035 3849 2200 3915 vitiis,
2233 3857 2290 3904 et
2329 3849 2788 3920 concupiscentiis
2820 3849 2962 3920 (Gal.
2997 3848 3071 3918 v).
3125 3847 3220 3903 Sic
3247 3849 3450 3920 lignum

1869 3940 2111 4004 Christo,
2145 3941 2507 3995 necessarium
2535 3941 2650 3995 tibi.
2688 3940 2791 3996 Sed
2815 3942 2928 4010 jam
2957 3941 3192 3995 ascende
3225 3941 3292 3994 ad
3321 3955 3448 3994 ver-

1870 4034 1922 4086 bi
1957 4033 2116 4101 hujus
2143 4032 2370 4086 celsiora
2401 4032 2636 4102 fastigia,
2675 4042 2726 4086 et
2755 4035 2873 4086 vide
2897 4033 3154 4102 quidnam
3190 4033 3260 4085 sit
3307 4031 3454 4098 quod

1843 4173 1846 4176 .
1869 4125 2159 4192 egreditur.
2191 4124 2463 4193 Scriptum
2491 4135 2572 4179 est
2597 4127 2648 4178 in
2673 4125 2876 4193 Regum
2903 4125 3150 4188 historia,
3177 4124 3302 4194 quia
3329 4125 3454 4178 hea~

1874 4229 1922 4271 ta
1957 4219 2041 4272 illa
2062 4226 2248 4272 'mater
2275 4219 2351 4272 ait
2377 4218 2442 4271 ad
2473 4217 2644 4272 Eliam
2683 4236 2696 4270 :
2733 4237 2750 4270 ι
2785 4218 2862 4272 En
2915 4216 3109 4284 colligo
3162 4218 3266 4270 duo
3307 4215 3450 4284 ligna

1871 4309 1988 4382 (III
2017 4309 2145 4379 Reg.
2179 4310 2333 4380 xv").
2389 4329 2408 4364 ι
2462 4311 2577 4364 Duo
2623 4309 2786 4380 ligna,
2849 4311 2953 4364 duo
3001 4308 3179 4362 crucis
3226 4307 3450 4362 brachia

1873 4411 2016 4456 sunt.
2043 4403 2096 4456 In
2129 4403 2214 4456 his
2237 4403 2448 4456 duobus
2481 4404 2770 4455 humanam
2791 4409 2846 4454 et
2873 4399 3173 4470 angelicam
3199 4407 3450 4450 naturam

1869 4493 2126 4562 iutcllige.
2156 4493 2224 4546 Et
2258 4491 2388 4546 illud
2429 4492 2644 4562 quidem
2677 4491 2902 4560 lignum,
2931 4489 3074 4558 quod
3103 4498 3252 4543 recta
3281 4487 3448 4542 subli~

1868 4585 2056 4638 mitate
2081 4585 2250 4638 tendit
2278 4583 2343 4636 ad
2369 4582 2562 4648 caelos,
2595 4583 2928 4651 superiorem
2957 4583 3144 4650 accipe
3175 4588 3446 4642 naturam,

1867 4694 1984 4748 quae
2012 4679 2160 4733 stetit
2185 4678 2238 4731 in
2263 4675 2612 4740 rectitudine,
2651 4685 2704 4731 et
2733 4675 3126 4731 oilieiosissima
3163 4675 3450 4729 devotione

1863 4769 2130 4822 voluntati
2147 4767 2484 4822 Dominantis
2506 4769 2753 4822 adhmsit.
2779 4767 2910 4821 Illud
2937 4783 3084 4831 vero,
3107 4765 3250 4837 quod
3270 4774 3448 4818 trans-

1865 4875 2080 4914 versum
2089 4873 2106 4927 ,’
2130 4867 2230 4922 est,
2289 4859 2584 4912 humanam
2622 4858 2890 4930 designat,
2934 4873 3060 4926 qua:
3115 4867 3450 4920 transversa,

1866 4953 1995 5018 imo,
2026 4963 2083 5007 ut
2113 4951 2294 5008 verius
2318 4950 2585 5014 dicamus,
2614 4965 2826 5014 eversa,
2869 4957 3056 5009 status
3094 4949 3177 5005 sui
3224 4946 3459 5013 perdidit

1863 5045 2194 5114 aequitatem.
2238 5041 2453 5096 Intuere
2479 5056 2606 5096 cum
2629 5053 2832 5112 quanto
2855 5045 3218 5102 sacramento
3240 5032 3466 5101 iungan-

2465 5149 2474 5151 μ
2511 5134 2565 5152 n.
2667 5139 2677 5150 ⁸
2745 5139 2756 5149 ι
2853 5142 2894 5152 --
2929 5147 2972 5152 -4
3131 5128 3329 5152 λ-κῖηοιη
3357 5125 3440 5152 δια-ι
