3978 5328
493 311 598 368 765

1065 311 1122 368 S.
1165 311 1369 368 PETRI
1403 311 1684 368 DAMIANI
1723 313 1871 370 OPP.
1913 311 2094 368 PARS
2139 310 2270 368 SEU
2314 312 2547 371 TOMUS
2583 315 2649 370 ll.
2693 346 2763 356 —
2796 317 3184 376 SERMONES.

3658 323 3756 410 περ

491 425 674 495 planta
706 426 856 495 pedis
886 439 1055 494 usque
1101 426 1168 478 ad
1206 424 1468 480 verticem
1503 425 1577 480 ita
1626 408 2075 480 venenlt‘erahfcr-
2103 427 2151 485 Α
2179 420 2399 477 militari
2428 424 2733 494 perfossum
2773 435 2877 493 est,
2906 435 2964 480 ut
2997 436 3188 498 pectus
3218 437 3367 482 tuum
3397 444 3426 484 a
3451 431 3638 498 pravis
3668 408 3756 487 co-

491 520 822 576 mentatione
850 518 1049 573 inlecta
1085 527 1192 582 est,
1231 529 1292 572 ut
1343 519 1551 574 nesciat
1574 521 1716 574 unde
1754 518 1955 585 veniat,
1981 526 2076 574 aut

491 593 614 678 qut;
635 609 816 664 vadat.

567 699 934 769 Utrorumque
973 701 1262 770 spirituum
1309 702 1472 773 igitur
1493 701 1736 772 utrisque
1760 701 2073 756 vulneribus

491 805 596 844 non
633 791 980 847 mediocriter
1007 792 1304 859 hiantibus,
1331 793 1615 863 impressio
1637 793 1780 848 facta
1807 801 1891 848 est
1912 791 2073 861 junc-

492 881 704 944 turalis,
736 897 857 951 qua:
886 883 1105 938 Christo
1147 885 1507 956 conjungente
1547 885 1618 940 ita
1649 894 1734 939 est
1784 885 2069 949 resarcita,

488 983 549 1026 ut
579 973 711 1028 nihil
740 974 1068 1031 vulniferum
1118 979 1364 1033 videatur
1405 979 1601 1034 inesse.
1651 978 1905 1034 Christus
1925 978 2068 1032 enim

489 1063 542 1118 in
568 1067 814 1133 utrisque
863 1076 919 1122 et
964 1083 1063 1137 pro
1110 1069 1355 1139 utrisque
1389 1069 1651 1132 conﬁxus,
1686 1078 1947 1138 utrosque
1976 1085 2070 1124 ca-

485 1155 609 1208 villa
643 1157 890 1226 corporis
919 1160 1002 1213 sui
1030 1159 1237 1214 validus
1261 1161 1446 1224 nectit,
1474 1170 1528 1215 et
1562 1175 1756 1229 corpus
1793 1161 2067 1230 proprium

478 1244 754 1312 juncturis
805 1248 1048 1316 opponit,
1106 1261 1174 1302 ne
1227 1249 1436 1303 valeant
1467 1248 1697 1302 resilire.
1730 1247 1872 1303 Crux
1906 1249 2069 1319 igitur

479 1332 659 1405 jungit
693 1337 890 1392 caelum
938 1345 994 1392 et
1043 1347 1288 1404 terram;
1339 1338 1590 1394 Christus
1635 1339 1872 1394 ineruce
1901 1340 2070 1393 trahit

483 1425 698 1492 omnia;
725 1426 806 1481 leo
836 1428 1052 1498 rugiens
1080 1429 1149 1484 ibi
1177 1430 1406 1498 ligatur;
1460 1429 1682 1500 angelus
1721 1430 2064 1484 confedera-

483 1525 572 1570 tur
592 1525 647 1571 et
671 1518 868 1583 honto;
917 1527 1194 1588 totumque
1223 1536 1320 1591 per
1345 1535 1465 1576 eam
1496 1521 1754 1588 reﬁcitur,
1807 1521 2064 1592 quidquid

484 1607 614 1664 fecit
637 1626 831 1665 manus
859 1611 1150 1668 Altissimi.

553 1701 768 1756 Excede
797 1720 927 1774 ergo
958 1706 1232 1776 paulisper
1257 1723 1450 1762 sensus
1485 1708 1685 1770 carnis,
1715 1715 1768 1761 et
1797 1707 2062 1763 irruentia

2177 515 2526 586 gitationibus
2553 520 2926 584 mundaretur,
2952 524 3269 576 mundatum
3295 527 3754 594 sanctiﬁearetr,

2176 618 2597 680 conservaretur
2645 612 3062 667 sanctiﬁcatum.
3113 612 3283 669 Pedes
3347 616 3463 682 illi,
3521 633 3752 688 quorum

2174 697 2468 752 scabellum
2523 700 2751 754 adorare
2815 701 3110 765 debemus,
3177 704 3304 772 quia
3357 715 3607 762 sanctum
3675 718 3754 764 est

2175 786 2350 858 (Psal.
2395 791 2606 860 xcvm),
2647 790 2779 844 dura
2840 793 3192 848 transﬁxione
3240 795 3437 851 conﬁxi
3481 807 3638 860 sunt.
3685 813 3754 852 ne

2171 878 2336 946 pedes
2368 878 2442 931 tui
2471 877 2788 934 festinarent
2824 881 2890 934 ad
2919 880 3140 946 malum,
3174 883 3265 937 sed
3297 895 3590 940 currerent
3614 887 3754 942 viam

2172 968 2551 1022 mandatorum
2595 969 2830 1025 Domini.
2854 969 3022 1038 l’Quid
3050 971 3250 1042 plura?
3284 992 3301 1025 ι
3331 973 3373 1028 F
3378 975 3615 1031 oderunt
3643 993 3753 1032 ma-

2172 1072 2274 1110 nus
2303 1056 2419 1124 ejus
2458 1069 2514 1112 et
2542 1061 2726 1128 pedes,
2777 1069 2833 1116 et
2885 1062 3366 1120 dinumeraverunt
3413 1067 3599 1120 omnia
3628 1083 3753 1138 ossa

2171 1163 2266 1203 sua
2294 1147 2466 1219 (Psal.
2500 1151 2632 1220 ut).
2676 1170 2695 1203 ι
2738 1149 2842 1208 Pro
2874 1161 2924 1207 te
2962 1169 3182 1210 carnem
3223 1165 3279 1210 et
3327 1157 3570 1212 animam
3603 1174 3751 1214 suam

2168 1241 2365 1309 posuit,
2400 1252 2456 1295 ut
2498 1258 2695 1312 corpus
2725 1254 2779 1298 et
2805 1247 3053 1316 spiritum
3087 1257 3235 1302 tuum
3269 1250 3372 1304 sibi
3409 1251 3747 1322 vindicaret.

2170 1329 2307 1383 Toto
2336 1345 2395 1384 se
2430 1340 2598 1385 totmn
2635 1342 2686 1387 te
2731 1336 3086 1403 comparavit.
3113 1337 3250 1403 Quid
3278 1339 3417 1393 ultra
3448 1340 3642 1394 debuit
3675 1340 3751 1394 ia-

2168 1437 2293 1478 cere
2340 1433 2396 1479 et
2442 1441 2546 1478 non
2595 1424 2766 1481 fecit?
2819 1428 3067 1482 Absolvit
3110 1431 3370 1495 vinctum,
3423 1432 3752 1487 illuminavit

2167 1531 2392 1581 cmcum,
2419 1517 2542 1585 quia
2577 1537 2594 1570 ‹
2628 1519 2886 1574 Dominus
2911 1520 3070 1574 solvit
3095 1525 3450 1593 compeditos,
3487 1525 3751 1582 Dominus

2166 1605 2434 1662 illuminat
2464 1624 2635 1665 czecos
2666 1608 2838 1681 (Paul.
2886 1617 3065 1685 exn).
3099 1633 3117 1666 ι
3153 1614 3388 1670 lleduxit
3431 1633 3742 1684 erroneum,

2167 1695 2540 1753 reconciliavit
2577 1715 2751 1765 reum,
2781 1702 2872 1772 qui
2906 1711 2958 1756 te
2993 1705 3228 1773 portavit
3257 1705 3310 1759 in
3342 1705 3589 1763 humeris
3609 1709 3746 1775 suis,

477 1806 864 1860 corporearum
916 1797 1296 1864 phantasmata
1356 1796 1716 1865 voluptatum,
1769 1804 1825 1852 et
1847 1797 2060 1852 intuere
2090 1799 2136 1859 Β
2164 1790 2255 1859 ιιυί
2286 1805 2383 1858 PFO
2409 1801 2459 1846 le
2488 1791 2631 1846 Pall'i
2665 1793 2883 1863 PI‘OPI‘iO
2912 1796 3173 1865 sanguine
3194 1799 3478 1854 satisfecit.

474 1879 670 1934 divinae
710 1890 918 1938 natura:
941 1883 1259 1948 bonitatem,
1298 1886 1642 1951 suavitatem,
1665 1885 2052 1956 dignationem.

475 1968 738 2027 Meditare
761 1973 1085 2042 positionem
1111 1975 1356 2031 cruciﬁxi
1403 1977 1668 2046 corporis.
1710 1975 1847 2033 Vide
1879 1976 1924 2031 si
1953 1975 2056 2030 ali-

470 2063 599 2130 quid
649 2075 734 2119 est
777 2065 830 2120 in
888 2081 985 2132 eo,
1036 2067 1179 2137 quod
1211 2083 1315 2122 non
1339 2076 1553 2137 peroret
1575 2083 1672 2138 pro
1703 2077 1752 2123 te
1779 2067 1919 2136 apud
1956 2067 2057 2122 Pa-

475 2161 634 2209 trem.
668 2156 916 2210 Divinum
941 2157 1071 2212 illud
1103 2168 1264 2227 caput
1309 2159 1588 2229 multiplici
1612 2161 1893 2228 spinarum
1921 2160 2055 2216 den-

468 2243 630 2299 sitate
688 2245 995 2312 densatum,
1042 2262 1214 2317 usque
1255 2249 1322 2303 ad
1374 2249 1585 2305 cerebri
1635 2249 2052 2304 teneritudinem

468 2335 740 2392 conﬁxum
771 2347 855 2393 est
884 2338 1010 2394 dum
1034 2340 1325 2409 conﬁgitur
1344 2341 1518 2411 spina.
1552 2357 1572 2392 ι
1605 2340 1789 2412 Spinis
1809 2349 2055 2411 peccato-

465 2443 584 2483 rum
611 2445 856 2494 suorum,
892 2449 908 2482 ι
965 2431 1039 2486 ait
1089 2431 1351 2487 Dominus
1383 2448 1480 2502 per
1507 2431 1858 2503 Prophetam,
1887 2450 1906 2485 t
1937 2432 2052 2488 cir-

466 2522 744 2577 cumdedit
767 2537 852 2577 me
874 2523 1100 2593 populus
1123 2525 1224 2580 iste
1250 2521 1422 2595 (Psal.
1450 2523 1588 2595 ut).
1618 2543 1636 2576 ι
1662 2523 1742 2578 Ad
1767 2524 1894 2594 quid
1925 2524 2052 2579 hoc?

464 2610 546 2668 Ne
568 2612 772 2668 doleret
801 2623 965 2684 caput
991 2623 1162 2685 tuum,
1216 2629 1283 2670 ne
1335 2621 1424 2668 tua
1454 2614 1834 2669 vulneraretur
1875 2613 2052 2668 inten-

463 2704 560 2760 tio.
591 2705 973 2776 Caligaverunt
1012 2707 1065 2761 in
1100 2715 1330 2762 mortem
1362 2705 1504 2762 oculi
1529 2706 1633 2773 sui,
1673 2715 1730 2760 et
1757 2705 1843 2759 illa
1885 2704 2048 2758 lumi-

461 2797 637 2862 naria,
693 2812 813 2866 quae
859 2797 1166 2853 illuminant
1217 2798 1426 2861 orbem,
1458 2798 1526 2852 ad
1555 2798 1742 2852 horam
1783 2800 2048 2850 exstincta

463 2895 616 2941 sunt.
646 2885 834 2943 Nonne
884 2887 990 2943 illis
1035 2887 1551 2951 obtenebrantibus,
1601 2887 1838 2942 tenebrae
1891 2886 2048 2941 facta:

460 2983 590 3028 sunt
611 2991 707 3046 per
728 2978 1038 3033 universam
1068 2988 1288 3041 terram,
1310 2986 1364 3032 et
1384 2977 1472 3032 illa
1486 2978 1592 3032 duo
1608 2993 1794 3046 magna
1817 2977 2050 3031 lumina-

460 3066 540 3120 ria
570 3082 694 3121 cum
717 3069 825 3122 illis
852 3068 1214 3123 luminaribus
1238 3068 1485 3124 submota
1509 3069 1672 3124 sunt?
1707 3069 1818 3123 Hoc
1860 3079 2042 3123 autem

2227 1881 2469 1938 Attende
2503 1899 2637 1956 ergo
2665 1886 2949 1942 consilium
2991 1887 3084 1942 Dei
3118 1890 3219 1952 tui,
3266 1906 3372 1946 non
3409 1893 3588 1947 solum
3620 1910 3743 1949 cum

2157 1972 2319 2028 Patre
2349 1977 2646 2045 regnantis,
2671 1977 2765 2032 sed
2792 1987 2845 2034 et
2871 1979 3168 2036 dulcissimi
3193 1984 3352 2039 amici
3387 1986 3460 2039 tui
3496 1986 3551 2039 in
3578 2001 3745 2043 cruce

2155 2065 2458 2132 pendentis;
2496 2081 2595 2122 nec
2627 2067 2770 2121 enim
2814 2067 2922 2123 falli
2950 2079 3147 2137 potest,
3179 2073 3303 2141 quia
3336 2074 3608 2144 sapientia
3636 2085 3744 2143 est,

2156 2172 2256 2212 nec
2291 2157 2480 2212 fallere
2517 2167 2567 2212 te
2607 2159 2738 2224 vult,
2767 2175 2864 2232 pro
2911 2176 3018 2231 quo
3059 2163 3743 2233 ignominiosamsustinet

2156 2258 2371 2313 paruam
2403 2264 2416 2299 :
2453 2265 2470 2298 ι
2504 2246 2559 2302 Si
2590 2247 2736 2318 quis,
2766 2249 2960 2318 inquit,
3002 2251 3113 2304 vult
3142 2261 3262 2322 post
3290 2268 3376 2308 me
3402 2255 3614 2318 venire,
3644 2256 3742 2312 ab.-

2154 2343 2315 2407 neget
2340 2338 2713 2408 semetipsum,
2747 2349 2802 2394 et
2833 2340 2987 2398 tollat
3009 2357 3227 2397 crucem
3258 2359 3411 2398 suam
3448 2356 3506 2400 et
3538 2361 3739 2416 sequa-

2154 2436 2245 2480 tur
2275 2441 2358 2479 me
2385 2426 2536 2496 (Luc.
2569 2427 2667 2498 Ix).
2698 2447 2716 2479 ι
2747 2430 2885 2484 Audi
2914 2432 3221 2498 consilium,
3247 2448 3353 2489 non
3380 2446 3741 2505 praeceptum.
3826 2494 3839 2511 ο

2154 2511 2210 2568 Si
2253 2515 2396 2568 enim
2444 2526 2772 2587 praeceptum
2817 2528 2982 2584 esset,
3029 2522 3336 2593 quicunque
3377 2523 3592 2581 etl’ectui
3631 2543 3743 2582 non

2152 2606 2548 2675 manciparent,
2604 2610 2878 2664 cruciatus
2920 2623 3142 2681 possent
3177 2625 3496 2686 exspectare
3537 2634 3737 2688 perpe-

2153 2702 2293 2758 tuos;
2347 2696 2440 2750 sed
2479 2710 2601 2750 cum
2649 2697 2823 2754 dicit:
2862 2719 2878 2751 ι
2910 2699 2965 2754 Si
3017 2704 3140 2771 quis
3190 2705 3322 2770 vult,
3361 2726 3380 2758 ι
3440 2708 3491 2760 in
3545 2718 3737 2764 nostra

2149 2787 2330 2854 posuit
2378 2787 2676 2854 voluntate,
2701 2778 2882 2846 utrum
2931 2809 2998 2848 ex
3040 2810 3196 2866 aequo
3229 2813 3350 2851 cum
3396 2814 3464 2852 eo
3507 2814 3737 2858 Currere

2149 2874 2488 2934 festinemus.
2521 2878 2755 2936 Grandis
2802 2882 3045 2952 profecto
3092 2885 3265 2950 labor,
3308 2889 3402 2942 sed
3449 2892 3736 2959 praemium

2149 2965 2590 3037 incomparabile.
2621 2969 2778 3024 «Post
2807 2987 2946 3037 me”
2975 2973 3164 3044 inquit.
3190 2973 3316 3029 Post
3340 2993 3465 3032 eum
3493 2981 3736 3036 eundum

2148 3064 2254 3120 est,
2282 3058 2405 3126 quia
2440 3060 2553 3128 ipse
2583 3069 2665 3114 est
2695 3062 2915 3127 veritas,
2949 3080 3016 3119 ne
3063 3064 3422 3136 decipiamur;
3461 3083 3558 3136 per
3581 3085 3732 3135 eum.

462 3163 632 3212 totum
655 3155 953 3213 factumest
974 3169 1032 3212 ut
1053 3167 1432 3214 averterentur
1452 3159 1685 3212 oculitui
1713 3175 1778 3212 ne
1801 3160 2046 3214 viderent
2072 3151 2115 3209 C
2147 3148 2275 3216 quia
2305 3149 2422 3218 ipse
2453 3149 2555 3212 νῖθι
2585 3166 2651 3204 ηε
2673 3152 2988 3209 aberremus
3014 3172 3028 3221 ἲ
3061 3158 3126 3210 ιιι]
3152 3174 3297 3223 eum.
3335 3161 3460 3229 quia
3492 3161 3608 3231 ipse
3649 3174 3732 3218 εει

456 3247 776 3312 vanitatem,
801 3259 859 3304 et
887 3250 932 3304 si
961 3250 1232 3313 viderent,
1264 3265 1371 3303 non
1389 3249 1750 3304 adlnnrerent.
1779 3249 1952 3304 Aures
1984 3249 2048 3303 il-

457 3337 542 3402 ιω,
559 3354 680 3408 qua:
698 3340 751 3392 iu
765 3340 918 3394 caelis
931 3341 1156 3395 audiunt
1172 3358 1185 3394 :
1207 3338 1493 3404 «Sanctus,
1513 3339 1769 3404 Sanctus,
1787 3338 2042 3406 Sanetus,

457 3428 619 3502 245
667 3431 928 3487 Dominus
974 3433 1116 3487 Deus
1172 3432 1409 3487 Sabaoth
1451 3431 1585 3504 (lsa.
1630 3432 1737 3503 vr);
1783 3452 1800 3484 ι
1853 3433 2041 3488 audie-

457 3533 584 3578 runt
613 3523 666 3577 in
701 3525 864 3578 terris
889 3543 901 3579 :
934 3543 952 3575 ι
982 3525 1315 3580 Dmmonium
1344 3524 1511 3578 habes
1540 3524 1720 3593 (Joan.
1748 3525 1871 3588 vn),
1900 3544 1918 3576 ι
1947 3533 2001 3578 et
2026 3543 2040 3580 :

459 3630 482 3665 ι
499 3612 787 3684 Crueiﬁge,
801 3614 1052 3684 crucillge
1065 3630 1186 3672 eum
1203 3613 1353 3684 (Luc.
1375 3629 1507 3668 mn
1519 3616 1550 3681 ).
1578 3633 1596 3665 ι
1626 3611 1692 3666 Ut
1712 3613 1839 3682 quid
1863 3613 2042 3668 istud?

455 3703 536 3760 Ne
555 3722 715 3762 aures
745 3715 850 3761 tute
875 3707 1326 3762 obsurdescerent
1355 3706 1422 3760 ad
1448 3705 1738 3759 clamorem
1766 3705 2039 3775 pauperis,

455 3810 526 3852 ne
555 3798 862 3868 reciperent
892 3799 1134 3852 auditum
1168 3812 1387 3862 vanum,
1420 3813 1488 3852 ne
1516 3797 1866 3852 detractionis
1890 3799 2040 3852 virus

453 3889 654 3955 apertis
697 3890 1051 3958 propitiisque
1096 3889 1318 3944 auribus
1363 3890 1720 3958 susciperent.
1779 3889 2037 3960 Speciosa

455 3978 543 4032 illa
573 3980 738 4034 facies
761 3981 988 4049 speciosi
1017 3981 1188 4034 forma
1215 3981 1343 4053 [pra—3
1378 3981 1503 4036 ﬁliis
1535 3983 1812 4036 hominum
1863 3982 2038 4051 sputis

453 4066 588 4120 illita
616 4079 720 4133 est,
749 4069 948 4122 afﬂicta
979 4071 1244 4139 colaphis,
1275 4072 1486 4125 addicta
1515 4071 1921 4136 delusionibus;
1957 4072 2037 4127 sic

452 4171 685 4226 namque
736 4160 998 4228 Scriptum
1049 4169 1132 4214 est
1168 4180 1181 4214 :
1213 4181 1229 4212 α
1260 4162 1555 4231 Coeperunt
1600 4177 1906 4232 conspuere
1970 4161 2029 4216 in

451 4263 599 4312 eum,
636 4259 687 4304 et
717 4267 997 4320 percu'ere
1036 4251 1230 4307 faciem
1271 4253 1386 4320 ejus
1415 4263 1472 4308 et
1500 4254 1733 4323 illudere
1770 4256 1818 4310 ei
1850 4256 2035 4311 dicen-

450 4351 530 4397 tes
565 4359 578 4396 :
614 4341 932 4413 Prophetiza
968 4347 1089 4415 quis
1117 4357 1200 4402 est
1227 4349 1316 4415 qui
1348 4357 1400 4402 te
1429 4350 1773 4419 percussit?»
1809 4350 2028 4422 (Matth.

449 4436 628 4506 xxvi.)
685 4435 866 4503 Quare
899 4437 1037 4492 hoc?
1068 4437 1135 4494 Ut
1189 4437 1361 4495 facies
1397 4449 1487 4495 tua
1519 4440 1938 4510 illuminaretur,
1967 4443 2031 4497 il-

2149 3238 2284 3298 vita,
2318 3253 2386 3292 ne
2438 3242 2736 3295 moriamur
2773 3259 2789 3297 :
2823 3262 2842 3294 ι
2872 3243 2982 3314 Ego
3014 3260 3156 3310 sum,
3191 3266 3209 3298 ι
3245 3249 3340 3310 ait,
3395 3268 3413 3302 ι
3449 3251 3560 3318 via,
3591 3255 3734 3310 veri-

2150 3336 2233 3384 tas
2286 3337 2342 3384 et
2391 3331 2498 3385 vita
2525 3330 2707 3399 (Joan.
2759 3334 2896 3407 xrv).
2934 3355 2952 3387 ι
2997 3335 3296 3408 Sequitur:
3329 3359 3346 3391 ι
3378 3342 3614 3413 abneget
3648 3359 3733 3400 se-

2148 3421 2454 3490 metipsum.
2487 3441 2506 3474 ι
2537 3421 2751 3480 Primus
2780 3425 2867 3480 ille
2890 3429 3104 3496 parens,
3141 3429 3380 3496 prmﬁxis
3403 3430 3731 3488 obedientia

2145 3509 2352 3582 legibus
2380 3522 2708 3576 coarctatus,
2744 3515 2795 3569 in
2842 3531 3093 3587 campum
3124 3517 3278 3574 malae
3309 3519 3580 3575 libertatis
3617 3523 3732 3577 exi-

2149 3603 2243 3655 vit.
2275 3604 2572 3674 Acccperat
2601 3607 2652 3659 in
2698 3616 2989 3677 praecepto,
3042 3618 3100 3662 ut
3139 3609 3471 3664 voluntatem
3499 3609 3730 3666 Creato-

2146 3694 2221 3747 ris
2252 3710 2586 3764 praepoueret
2633 3713 2763 3760 suae,
2797 3700 2889 3752 sed
2922 3715 3075 3764 usus,
3130 3699 3237 3755 imo
3265 3704 3464 3755 abusus
3508 3703 3730 3773 propria

2147 3785 2441 3849 voluntate,
2493 3804 2615 3840 cum
2664 3789 2829 3842 beare
2867 3805 2925 3844 se
2955 3791 3144 3855 voluit,
3192 3792 3422 3860 perdidit
3451 3792 3620 3866 m
3645 3810 3729 3848 se-

2144 3879 2456 3948 metipsum.
2491 3879 2758 3951 Depulsus
2807 3899 2935 3953 ergo
2974 3883 3042 3937 ab
3090 3882 3177 3937 illa
3228 3883 3370 3938 felici
3409 3885 3727 3942 hereditate

2141 3969 2390 4023 exsilium
2425 3972 2650 4025 sortitus
2693 3983 2776 4026 est
2811 3988 2908 4041 pro
2941 3974 3136 4042 patria,
3190 3984 3418 4028 mortem
3459 3990 3559 4044 pro
3595 3976 3728 4040 vita,

2141 4075 2239 4130 pro
2267 4061 2436 4130 gloria
2467 4062 2834 4131 ignominiam.
2863 4065 2921 4118 Si
2952 4065 3032 4119 vis
3057 4080 3186 4136 ergo
3215 4065 3282 4119 ad
3317 4074 3464 4120 tuam
3493 4066 3723 4122 haeredi-

2142 4160 2305 4206 tatem
2328 4153 2552 4220 reverti,
2582 4162 2726 4207 tuam
2749 4154 2955 4226 abnega
2979 4155 3328 4210 voluntatem.

2211 4244 2270 4297 lu
2297 4243 2398 4298 hac
2427 4243 2786 4316 abnegatione
2818 4247 2925 4300 duo
2956 4246 3296 4302 solummodo
3331 4257 3482 4316 sunt,
3533 4251 3722 4306 adver-

2138 4354 2232 4394 sus
2259 4353 2381 4409 qua:
2419 4353 2662 4409 pugnare
2706 4348 2760 4393 et
2791 4324 3101 4410 eXpugnare
3140 4350 3426 4411 oporteat;
3460 4343 3632 4398 elatio
3668 4343 3719 4397 in

2139 4440 2357 4496 mente,
2384 4430 2632 4500 voluptas
2673 4430 2725 4484 in
2767 4446 3014 4502 corpore.
3059 4431 3207 4499 Fuge
3255 4447 3435 4503 regem
3483 4443 3541 4486 et
3581 4433 3721 4503 regis

445 4527 705 4585 luminata
735 4529 1174 4596 conﬁrmaretur,
1205 4541 1260 4588 et
1301 4533 1574 4589 diceretur
1600 4536 1667 4590 de
1717 4543 1770 4590 te
1801 4553 1814 4590 :
1853 4555 1872 4588 ι
1906 4537 2032 4592 Vul-

2157 4523 2458 4586 excreitum,
2492 4523 2800 4595 superbiam
2845 4533 2900 4579 et
2932 4525 3200 4594 superbiae
3229 4525 3456 4594 prolem,
3492 4536 3544 4581 et
3573 4527 3719 4580 illum

447 4627 533 4674 tus
557 4619 675 4689 ejus
700 4637 806 4676 non
837 4634 962 4678 sunt
995 4624 1226 4692 amplius
1251 4625 1304 4677 in
1343 4625 1557 4679 diversa
1590 4627 1778 4681 mutati
1805 4625 1856 4697 (1
1895 4625 2025 4697 Reg.

447 4711 511 4781 ι).
538 4730 557 4764 ι
591 4710 664 4767 Os
690 4712 815 4766 illud
853 4715 998 4782 quod
1038 4714 1198 4769 docet
1227 4714 1466 4786 angelos,
1507 4714 1753 4771 homines
1785 4716 2027 4783 instruit,

445 4803 589 4871 quod
638 4803 794 4870 dixit,
840 4814 894 4858 et
938 4803 1138 4860 factum
1171 4814 1275 4867 est,
1302 4821 1591 4876 parumper
1623 4806 1916 4871 obmutuit,
1967 4815 2028 4861 ut

445 4895 729 4948 veritatem
762 4904 818 4948 et
839 4893 1103 4964 judicium
1135 4896 1449 4966 loqueretur
1477 4913 1539 4952 os
1571 4906 1718 4952 tuum
1757 4907 1811 4953 et
1857 4897 2028 4954 conﬁ-

447 4991 654 5020 IDI'DIIII‘
678 4983 962 5020 nnnlhnun
993 4986 1156 5020 “annm
1183 5003 1338 5020 cal-ann
1393 4987 1578 5020 una-nua
1605 4989 1706 5020 ἷΙΙσνι
1759 5004 1876 5020 num
1905 4989 1993 5020 run

2133 4977 2424 5020 rnnﬁvieli-

2135 4622 2356 4669 secutus
2397 4612 2546 4668 illum
2587 4624 2913 4669 consecutus
2957 4629 3016 4668 es
3052 4615 3142 4684 qui
3175 4616 3314 4669 dixit
3344 4630 3360 4668 :
3398 4635 3417 4666 ι
3451 4614 3661 4670 Discite
3688 4630 3718 4668 a

2133 4723 2220 4762 me
2251 4707 2376 4776 quia
2408 4707 2553 4762 mitis
2577 4724 2695 4763 sum
2741 4717 2797 4762 et
2846 4707 3069 4761 humilis
3111 4708 3273 4762 corde
3300 4707 3520 4779 (Matth.
3562 4710 3661 4776 at).
3693 4725 3714 4758 ι

2132 4797 2375 4854 Pretiosa
2416 4799 2603 4864 vestis,
2652 4797 2824 4869 epota:
2868 4797 3125 4852 lautiores
3151 4806 3205 4852 et
3246 4796 3490 4867 voluptas
3537 4813 3716 4852 secre-

2133 4890 2237 4943 tior
2271 4889 2426 4957 longe
2468 4890 2577 4943 sint
2618 4905 2647 4942 a
2693 4897 2762 4949 te.
2796 4897 2849 4943 et
2885 4903 3077 4943 carnes
3125 4897 3243 4942 tuas
3282 4889 3475 4942 timore
3504 4887 3712 4941 Domini

2482 4978 2771 5020 Alt-nantia
2823 4978 2985 5020 iuilnr
3016 4977 3326 5020 vnlnnlnlie-
3381 4978 3716 5020 hmmrlilntie
