3978 5328
247 177 355 236 ’1Βὸ

1635 166 1870 224 SERMO
1906 166 2130 224 XLViIl.

3400 174 3505 227 786

322 289 461 360 Quia
494 287 658 358 igitur
696 299 793 355 per
820 280 1346 338 abrenuntiationem
1389 279 1621 350 propria:
1650 282 1834 334 volun-
1861 292 1910 346 Α
1942 285 2090 338 ribus
2136 283 2388 349 moveris,
2437 293 2494 340 et
2544 284 2798 350 traheris,
2849 284 3160 340 durioribus
3205 283 3371 340 clavis
3415 291 3519 343 tuis

249 380 387 435 tatis
448 377 604 432 nobis
644 373 934 428 haereditas
975 371 1238 437 redditur,
1298 379 1692 439 consequenter
1737 385 1832 441 per

249 474 436 529 crucis
489 470 850 540 portationem
889 475 1039 535 grata
1083 465 1172 520 illa
1211 465 1495 521 beatorqu
1545 464 1831 534 spirituum

250 565 490 620 societas
519 569 820 631 reparatur.
849 558 962 613 Duo
993 572 1120 612 vero
1153 555 1406 611 notabilia
1437 563 1584 622 sunt,
1621 571 1741 625 qua:
1780 556 1832 609 in

250 659 357 712 hac
383 656 563 710 crucis
589 651 895 723 portatione
941 665 1038 704 nos
1067 648 1268 703 habere
1309 656 1578 716 oporteat,
1622 655 1681 700 ut
1722 644 1833 698 lzesi

253 764 366 803 non
400 748 657 802 laedamus
695 753 744 798 et
779 741 1182 796 benefaciamus
1205 739 1539 794 laedentibus.
1581 736 1832 807 Magnum

250 839 474 908 quidem
501 847 557 892 et
579 835 720 890 ultra
755 833 1030 889 hominem
1055 838 1139 885 est
1174 831 1523 900 asperitatem
1543 828 1833 883 verborum

250 939 306 982 et
335 928 620 981 verberum
660 940 764 978 non
814 923 987 976 solum
1035 920 1169 990 pati,
1202 919 1294 974 sed
1324 930 1379 974 et
1429 935 1533 973 non
1585 917 1829 974 reddere.

250 1017 388 1073 Illud
443 1033 570 1070 vero
620 1013 796 1082 majus
837 1023 921 1068 est
967 1022 1022 1067 et
1065 1011 1304 1066 divinum
1346 1010 1601 1079 quiddam
1646 1009 1831 1090 sapit:

258 1128 276 1159 ι
303 1107 616 1162 Benefacite
647 1106 730 1158 his
760 1105 851 1174 qui
900 1104 1130 1157 oderunt
1175 1117 1270 1156 vos
1299 1101 1451 1167 (Luc.
1479 1102 1576 1171 vt).
1608 1119 1625 1152 ι
1662 1099 1834 1169 Magi-

251 1207 369 1252 ster
399 1205 582 1251 noster
611 1206 664 1250 et
698 1195 980 1259 Dominus,
1020 1194 1268 1249 Christus
1293 1193 1462 1247 Filius
1493 1193 1605 1254 Dei,
1639 1201 1695 1246 et
1737 1191 1832 1245 lae-

254 1288 454 1342 dentes
488 1286 757 1356 patienter
811 1284 1131 1355 pertulit-et
1171 1283 1437 1338 bcnefecit
1494 1283 1832 1347 ludentibus,

253 1376 443 1430 dicens
476 1391 490 1428 :
527 1393 546 1426 ι
577 1374 758 1438 Pater,
804 1375 1022 1445 ignosce
1071 1373 1198 1439 illis,
1243 1374 1371 1443 quia
1418 1374 1664 1428 nesciunt
1705 1373 1834 1443 quid

251 1463 460 1519 laciunt
487 1461 639 1534 (Luc.
673 1462 849 1532 nm).
881 1481 902 1516 ι
930 1462 1224 1518 Considera
1248 1460 1592 1526 beneﬁcium,
1614 1461 1742 1515 dum
1765 1460 1831 1514 fel

254 1553 362 1618 ori,
396 1551 534 1607 clavi
583 1552 854 1617 manibus,
889 1549 1075 1606 lancea
1125 1549 1281 1605 lateri
1321 1559 1723 1621 apponerentur
1765 1548 1834 1603 ab

1934 373 2097 443 pedes
2127 371 2524 442 Omnipotentis
2551 375 3019 438 transverberans,
3055 374 3122 428 ab
3159 373 3401 429 inferiori
3434 376 3520 432 in-

1934 463 2040 516 fers
2068 463 2408 532 supplicium,
2441 464 2566 518 dum
2607 475 2982 518 momentanca
3025 465 3295 534 voluptate
3325 464 3517 520 volun-

1937 563 2102 608 tatem
2147 553 2487 609 Dominantis
2516 554 2777 609 excludis.
2807 553 2939 609 Cum
2972 557 3308 626 prosperaris
3335 557 3389 610 in
3418 556 3524 611 ini-

1934 643 2161 714 quitate,
2193 653 2248 698 et
2289 642 2546 698 fmtidiori
2587 659 2748 697 cursu
2799 659 2974 697 rerum
3016 655 3233 712 peccata
3280 644 3521 715 peccatis

1936 734 2272 798 accumulas,
2301 733 2513 788 clavum
2542 735 2698 805 ponis
2731 734 2782 787 in
2815 733 2960 788 illius
2986 734 3229 798 dextera,
3260 749 3420 804 quem
3451 735 3519 789 de

1935 827 2048 881 suis
2072 827 2228 881 bonis
2258 827 2508 897 persequi
2536 842 2640 880 non
2666 827 2901 880 desistis.
2931 825 3062 880 Cum
3088 841 3216 880 vero
3237 826 3518 879 abundan-

1937 919 2056 974 tiori
2087 919 2309 973 tristitia
2337 917 2665 982 absorberis,
2694 927 2748 972 et
2782 927 2926 972 tuam
2955 918 3286 988 impietatem
3328 918 3516 987 pietati

1936 1009 2030 1063 Dei
2060 1008 2461 1077 prmponderas,
2503 1007 2778 1061 sinistram
2805 1007 2922 1076 ejus
2966 1006 3260 1077 transllgis,
3301 1015 3354 1061 et
3390 1021 3520 1060 con-

1936 1109 2153 1169 ceptum
2187 1098 2422 1152 furorem
2444 1097 2628 1153 furore
2649 1106 2755 1152 tua:
2782 1099 3174 1169 desperationis
3199 1099 3516 1170 amplificas.

1936 1190 2176 1261 Denique
2202 1207 2325 1246 cum
2367 1191 2651 1261 praesumis
2684 1190 2974 1245 defendere
3000 1192 3142 1259 quod
3175 1190 3370 1254 fecisti,
3401 1189 3519 1244 lan-

1935 1298 2153 1338 cearum
2185 1284 2350 1339 ictum
2382 1283 2536 1336 lateri
2583 1282 2885 1337 Salvatoris
2930 1282 3228 1352 intorques,
3273 1282 3518 1352 nihilque

1935 1375 2154 1444 gravius
2189 1375 2390 1446 ingeris
2423 1373 2698 1429 Cruciflxo
2728 1388 2889 1442 quam
2921 1373 3058 1426 tueri
3109 1374 3250 1443 quod
3276 1372 3410 1426 odit.
3445 1371 3520 1425 De

1937 1466 2039 1521 hoc
2082 1467 2227 1520 enim
2281 1476 2505 1536 peccato
2532 1466 2792 1535 scriptum
2841 1473 2923 1518 est
2954 1481 2966 1517 :
3005 1482 3022 1514 ι
3058 1461 3171 1516 Non
3209 1462 3522 1516 miserearis

1935 1557 2205 1621 omnibus,
2246 1556 2336 1626 qui
2379 1563 2675 1625 operantur
2722 1554 3059 1624 iniquitatem
3089 1551 3259 1624 (Paul.
3289 1551 3462 1620 Lvm).
3494 1569 3514 1602 ο

252 1647 526 1711 inimicm
576 1659 639 1701 οε
685 1653 741 1699 οι
789 1658 982 1702 manus
1033 1653 1090 1699 ει
1126 1642 1269 1699 latius
1312 1643 1545 1714 aseballl
1585 1656 1682 1711 ι)το
1730 1640 1832 1694 ίηὶ·
1866 1634 1906 1692 Β
1941 1649 2100 1704 Vides
2120 1649 2231 1720 jam
2259 1657 2462 1718 quanta
2489 1645 2791 1702 diﬂ'erentia
2822 1646 2964 1701 inter
2990 1655 3275 1714 utramque
3297 1657 3517 1698 crucem

250 1753 323 1793 IIII
329 1753 429 1792 CIS.

325 1825 460 1882 Vide
484 1841 616 1896 ergo
637 1827 682 1883 si
727 1825 980 1896 angelicze
1005 1823 1252 1896 dignitati
1270 1823 1416 1895 juste
1447 1823 1560 1876 hzec
1589 1819 1830 1892 assigne-

252 1937 394 1976 mus.
433 1919 560 1975 Haec
590 1920 734 1976 enim
765 1918 873 1974 duo
909 1919 1120 1973 illorum
1161 1915 1477 1987 proprietati
1528 1921 1655 1970 sunt
1705 1927 1832 1983 pro-

251 2011 397 2082 pria.
435 2009 691 2077 Quotidie
737 2007 858 2063 illos
905 2009 971 2063 ad
1019 2008 1189 2062 nostri
1218 2005 1518 2061 custodiam
1551 2004 1833 2072 deputatos

250 2102 625 2172 multipliciter
671 2099 1026 2166 oﬂ’endimus,
1073 2108 1130 2156 et
1191 2096 1451 2154 oﬁ‘ensam
1509 2095 1833 2168 negligentia

249 2194 614 2250 cumulamus.
665 2191 770 2264 Ipsi
819 2201 1001 2246 autem
1057 2189 1189 2244 licet
1235 2204 1266 2243 a
1316 2188 1475 2243 nobis
1520 2185 1838 2258 frequenter

251 2284 480 2355 injurias
505 2285 800 2354 patiantur,
831 2283 1102 2336 sustinent
1133 2276 1314 2334 tamen
1339 2290 1395 2334 et
1433 2279 1835 2347 compatiuntur

248 2374 636 2446 peccantibus;
679 2389 776 2427 nec
805 2373 983 2426 minor
1014 2371 1225 2425 illorum
1256 2369 1400 2423 circa
1441 2384 1539 2422 nos
1568 2367 1833 2429 custodia,

250 2469 360 2523 imo
389 2467 562 2537 major
591 2464 914 2526 sollicitudo,
939 2478 1064 2518 cum
1090 2462 1212 2516 boni
1237 2461 1476 2516 custodis
1503 2461 1574 2514 sit
1607 2458 1835 2514 infirmis

247 2558 423 2629 magis
450 2573 611 2626 quam
643 2557 790 2610 sanis
812 2569 1029 2625 operam
1067 2553 1345 2608 exhibere.

321 2648 723 2719 Subjungitur:
756 2664 775 2696 ι
807 2645 1164 2714 Et'sequatar
1202 2660 1306 2697 me.
1341 2661 1359 2693 ι
1385 2642 1519 2698 Cum
1551 2640 1603 2694 in
1633 2640 1714 2695 sui
1743 2639 1836 2692 ab-

247 2739 538 2810 negatione
563 2744 842 2792 revocetur
865 2735 1168 2793 ltaeteditas.
1193 2743 1246 2788 et
1277 2734 1327 2786 in
1357 2731 1589 2786 tollendo
1617 2745 1833 2785 crucem

247 2829 490 2898 dignitas
539 2826 890 2897 angelorum,
944 2824 996 2878 in
1044 2823 1346 2878 imitatione
1374 2823 1573 2878 Christi
1623 2836 1834 2874 summa

246 2919 407 2973 nobis
434 2916 665 2972 felicitas
694 2926 1024 2972 reservatur.
1061 2914 1160 2970 Hic
1181 2925 1264 2970 est
1293 2915 1554 2969 virtutum
1579 2928 1834 2969 consum-

247 3008 443 3072 matio,
471 3007 593 3061 linis
621 3022 834 3070 cursus,
861 3006 1184 3076 principium
1224 3006 1590 3075 praemiorum.
1639 3005 1746 3059 Sed
1780 3005 1831 3057 in
1861 2989 1906 3049 C

247 3101 353 3158 hac
403 3099 705 3153 imitatione
749 3098 855 3153 duo
902 3107 1028 3152 sunt
1071 3097 1440 3169 adimplenda,
1481 3097 1731 3152 videlicet
1775 3104 1834 3148 ut

250 3192 637 3260 magistrorum
669 3187 920 3243 subdaris
965 3187 1230 3258 imperiis,
1269 3197 1326 3242 et
1373 3187 1833 3258 perseverantiam

248 3295 358 3336 non
396 3280 636 3334 amittas.
671 3278 746 3331 Ita
777 3276 934 3348 plane
972 3278 1176 3346 poteris
1215 3277 1367 3348 sequi
1395 3276 1693 3340 Christum,
1739 3273 1830 3344 qui

249 3384 358 3424 non
381 3369 530 3423 venit
556 3368 737 3422 facere
770 3367 1096 3421 voluntatem
1128 3382 1309 3430 suam,
1352 3367 1445 3421 sed
1469 3365 1584 3433 ejus
1615 3366 1706 3434 qui
1735 3365 1836 3418 mi-

245 3459 318 3514 sit
348 3458 501 3512 illum
533 3457 714 3528 (Joan.
747 3458 824 3525 v),
866 3467 920 3510 et
952 3457 1041 3525 qui
1075 3470 1172 3526 pro
1200 3457 1389 3511 eadem
1423 3455 1702 3509 voluntate
1727 3469 1833 3506 non

249 3550 432 3608 timuit
471 3562 675 3619 ponere
723 3549 960 3601 animam
991 3562 1144 3600 suam
1189 3546 1371 3610 (Joan.
1416 3545 1539 3616 xit).
1577 3545 1694 3612 Quo
1719 3542 1835 3597 fru-

244 3651 361 3705 ctu,
387 3656 495 3711 qua
539 3639 790 3706 utilitate,
820 3655 926 3707 quo
959 3637 1216 3708 praemio?
1259 3654 1277 3688 ι
1325 3633 1396 3692 Ut
1425 3637 1514 3690 ubi
1549 3650 1648 3704 ego
1694 3649 1833 3698 sum,

247 3733 452 3803 inquit,
490 3731 600 3786 illic
653 3731 724 3786 sit
757 3743 812 3787 et
856 3729 1106 3784 minister
1147 3743 1298 3783 meus
1320 3725 1533 3800 (Ibat).
1571 3745 1590 3778 ι
1626 3725 1836 3793 Quanta

246 3824 489 3896 dignitas
532 3837 656 3878 esse
692 3838 814 3878 cum
869 3822 999 3886 Deo,
1027 3821 1202 3876 beatis
1231 3820 1495 3874 interesse
1532 3818 1834 3888 spiritibus,

247 3923 305 3970 et
353 3914 498 3968 inter
551 3913 702 3968 illum
750 3912 1026 3968 caelestem
1070 3920 1394 3966 conventum
1438 3919 1698 3980 perpetuo
1741 3924 1840 3962 nuv

247 4006 450 4061 merari
477 4005 493 4058 ξ

318 4095 485 4168 24³1
518 4094 651 4149 \‘ide
686 4109 816 4166 ergo
853 4107 922 4148 ne
969 4107 1160 4148 rursus
1195 4091 1505 4162 tibimetipsi
1553 4090 1839 4163 crnciligas

246 4185 449 4241 Filium
485 4184 579 4239 Dei
626 4193 680 4240 et
717 4185 926 4239 hostem
970 4184 1046 4238 ttti
1097 4183 1320 4249 habeas,
1354 4198 1542 4238 rursus
1568 4182 1840 4238 fabricans

248 4292 496 4341 crucem,
526 4277 580 4330 in
627 4291 734 4345 qua
773 4275 1123 4346 crucifigatur
1152 4274 1265 4338 ille,
1302 4274 1392 4342 qui
1437 4288 1723 4344 resurgens
1768 4288 1834 4326 ex

250 4367 484 4421 mortuis
519 4365 634 4436 jam
677 4381 784 4421 non
839 4365 1067 4420 moritur
1115 4363 1295 4435 (Rom.
1342 4363 1442 4436 vr).
1496 4365 1710 4420 Intuere
1765 4381 1833 4418 ne

251 4458 590 4514 mortiferam
614 4473 832 4512 crucem
859 4455 1078 4521 eﬂicias,
1110 4456 1164 4510 in
1193 4471 1298 4526 qua
1325 4456 1492 4510 facies
1517 4455 1711 4510 Filium
1738 4456 1833 4510 Dei

249 4553 454 4608 amaris
482 4550 758 4607 doloribus
787 4549 1030 4604 interire.
1078 4547 1341 4618 Superbia
1388 4548 1659 4618 superius,
1700 4547 1837 4602 infe»-

249 4645 366 4703 rius
388 4641 630 4708 luxuria,
657 4657 687 4695 a
715 4641 923 4696 dextris
949 4641 1288 4710 prosperatio
1333 4639 1655 4709 iniquitatis,
1695 4655 1726 4694 a
1756 4639 1834 4694 si-

252 4734 439 4789 nistris
465 4731 816 4787 adversitatis
839 4731 1164 4802 desperatio,
1200 4731 1403 4801 spinas,
1435 4731 1615 4786 clavos
1639 4740 1694 4786 et
1722 4731 1836 4785 lan-

250 4840 402 4880 ceam
437 4823 550 4877 lilio
579 4821 814 4892 Virginis
841 4831 1250 4893 repraasentant.
1283 4822 1415 4876 Cum
1443 4823 1585 4876 enim
1616 4823 1836 4878 elevans

253 4925 306 4972 te
329 4924 384 4971 et
429 4913 718 4970 ambulans
749 4915 888 4970 collo
919 4922 1136 4967 extento
1179 4921 1341 4983 caput
1364 4912 1624 4967 Altissimi
1656 4917 1838 4985 spina-

254 5027 370 5066 rum
403 5009 808 5078 multiplicitate
830 5017 1178 5076 contorques,
1201 5016 1255 5061 et
1288 5005 1374 5058 hic
1407 5021 1436 5058 a
1468 5009 1839 5074 superioribus

250 5103 500 5174 superari
548 5099 770 5155 moleste
802 5102 932 5162 fers.
982 5100 1088 5153 imo
1124 5099 1432 5170 superiores
1459 5098 1634 5165 potius
1678 5112 1840 5168 supe-

253 5207 374 5248 rare
421 5189 729 5254 contendis,
768 5191 840 5244 illi
884 5187 1074 5244 similis
1103 5204 1162 5244 es
1187 5188 1276 5259 qui
1309 5201 1368 5240 se
1394 5186 1622 5240 similem
1673 5190 1840 5244 Altis-

250 5284 387 5328 simo
415 5279 695 5328 cogitavit.
735 5279 1004 5328 Scrinium
1035 5288 1115 5328 est
1150 5281 1295 5328 enim
1329 5293 1340 5328 :
1379 5294 1396 5328 ι
1428 5275 1567 5328 Deus
1593 5279 1841 5328 superbis

1864 4333 1914 4393 ι)
1932 4379 1934 4381 .

1934 1738 2295 1808 perambulet.
2348 1737 2613 1808 Relinque
2661 1753 2790 1808 ergo
2830 1751 3068 1798 crucem,
3099 1751 3261 1803 quam
3301 1734 3395 1789 tibi
3442 1732 3522 1788 fa-

1934 1831 2176 1895 bricasti,
2207 1840 2261 1885 et
2294 1830 2524 1901 gloriare
2568 1829 2624 1884 in
2667 1843 2828 1884 cruce
2858 1828 3066 1883 Domini
3119 1827 3210 1882 Dei
3263 1827 3336 1882 tui
3369 1824 3514 1899 (flat.

1935 1922 2010 1989 vt)
2031 1962 2044 1985 ,
2073 1921 2164 1990 qui
2194 1930 2278 1975 est
2313 1920 2628 1976 benedictus
2649 1919 2703 1974 in
2730 1919 2947 1974 sarcula.
2985 1918 3177 1973 Amen.

2615 2027 2841 2085 XLVIII.

2044 2139 2102 2179 II.
2145 2138 2365 2178 ιιοιιιιιΑ
2405 2139 2470 2177 DE
2521 2135 2898 2178 EXAL'I‘ATIONB

2563 2193 2676 2261 (xw
2713 2208 2842 2246 ser'r
2871 2193 2889 2262 )

2010 2283 2272 2340 Vexillum
2325 2283 2671 2354 imperatoris
2708 2283 2920 2347 :eterni,
2965 2282 3160 2336 fratres
3187 2279 3529 2358 charissimi,‘

1935 2392 1998 2432 ea
2029 2378 2314 2431 devotione
2367 2376 2745 2445 prosequimur
2772 2389 2878 2444 qua
2920 2382 2973 2429 et
3010 2373 3182 2442 ipsum
3235 2372 3325 2442 qui
3358 2371 3410 2426 in
3449 2384 3517 2426 eo

1937 2470 2269 2538 triumphare
2301 2469 2551 2539 dignatus
2576 2477 2660 2522 est
2700 2481 3041 2522 veneramur.
3069 2465 3220 2530 Quod
3267 2462 3518 2517 videlicet

1941 2561 2070 2616 nulli
2113 2569 2421 2614 sanctorum
2451 2575 2521 2614 ex
2560 2559 2927 2614 ecclesiastica
2977 2555 3325 2627 cognoscitur
3365 2554 3519 2608 insti-

1939 2652 2146 2705 tutione
2166 2649 2442 2705 collatum.
2471 2649 2701 2704 Sanctos
2726 2648 2868 2703 enim
2895 2647 3184 2717 quoslibet,
3207 2645 3326 2700 sive
3349 2644 3515 2700 etiam

1939 2742 2188 2797 caelestes
2222 2741 2452 2796 virtutes
2496 2754 2715 2794 oramus
2751 2738 2991 2809 quidem,
3036 2738 3130 2792 sed
3175 2753 3278 2791 non
3324 2737 3516 2789 adora-

1941 2847 2093 2896 mus;
2127 2819 2250 2885 cum
2277 2845 2408 2885 vero
2441 2845 2658 2884 crucem
2707 2845 2804 2884 nos
2854 2827 3088 2883 fatemur
3137 2827 3387 2892 adorare,
3432 2826 3517 2881 vel

1941 2922 2138 2984 colere,
2167 2920 2240 2974 illi
2279 2929 2486 2974 tantum
2511 2920 2692 2992 figura:
2723 2919 2982 2975 Dominici
3009 2917 3275 2988 corporis,
3309 2932 3430 2987 qua:
3461 2917 3513 2970 in

1938 3026 2098 3065 cruce
2145 3009 2284 3064 facta
2313 3019 2419 3073 est,
2469 3011 2608 3064 hanc
2652 3010 2930 3064 noscitnur
2967 3009 3326 3063 reverentiam
3365 3007 3518 3061 exhi-

1937 3101 2088 3156 bere.
2121 3101 2175 3154 In
2220 3101 2374 3171 signo
2405 3116 2596 3172 nempe
2629 3101 2870 3156 victoria:
2899 3102 3154 3156 victorem
3185 3099 3434 3162 colimus,
3461 3105 3516 3151 et

1937 3193 2212 3247 adorando
2241 3208 2481 3257 crucem,
2515 3193 2711 3260 ipsum,
2740 3192 2829 3260 qui
2859 3191 3156 3246 cruciﬁxus
3182 3197 3287 3252 est,
3325 3189 3516 3240 adorao

1938 3299 2076 3339 mus.
2127 3282 2464 3353 Quapropter
2505 3283 2648 3336 sicut
2691 3285 2990 3352 aggaudere
3039 3278 3338 3350 resurgenti
3369 3318 3383 3340 ,
3432 3279 3517 3332 vel

1937 3375 2256 3430 ascendenti
2284 3375 2512 3429 Domino
2540 3375 2935 3434 consuevimus,
2971 3375 3041 3427 ita
3075 3373 3238 3426 etiam
3271 3370 3517 3425 exaltatze

1936 3467 2053 3535 ejus
2100 3468 2246 3520 cruci
2309 3481 2414 3521 non
2475 3467 2747 3521 immerito
2804 3466 3219 3534 congaudcmus.
3275 3463 3514 3518 Pretium

1939 3571 2171 3625 namque
2208 3567 2454 3611 nostrum
2487 3557 2601 3612 haec
2628 3566 2824 3610 statera
2870 3556 3105 3620 libravit,
3133 3571 3240 3625 quo
3269 3554 3518 3609 videlicet

1937 3660 1989 3704 ct
2027 3651 2092 3703 de
2113 3648 2244 3718 iugo
2278 3647 2612 3722 Egyptian:
2635 3649 2912 3704 servitutis
2938 3650 3216 3718 eripimur,
3243 3657 3298 3702 et
3323 3663 3390 3700 ex
3416 3647 3519 3700 im-

1937 3741 2086 3812 probi
2111 3742 2381 3795 exaetoris
2411 3740 2616 3795 ftenore
2643 3739 2952 3795 liberamur.
2980 3740 3104 3794 Hmc
3127 3739 3285 3809 plane
3303 3751 3514 3793 summa

1939 3831 2246 3900 inexplebili
2278 3831 2643 3886 damnationis
2679 3840 2878 3886 nostrzc
2915 3831 3274 3900 chirographo
3302 3828 3515 3884 satisfe-

1937 3921 2028 3982 cit,
2064 3929 2113 3974 ct
2149 3920 2420 3976 insolubili
2461 3935 2558 3975 nos
2585 3920 2767 3975 debito
2795 3931 3020 3976 vetusta:
3049 3921 3312 3975 cautionis
3339 3917 3517 3974 absol-

1939 4012 2036 4066 vit.
2069 4011 2221 4066 Unde
2248 4013 2314 4067 ad
2344 4011 2692 4067 Colossenses
2730 4012 3054 4084 prmdicator
3079 4011 3327 4080 egregius
3357 4027 3370 4064 :
3403 4026 3422 4060 ι
3449 4007 3518 4062 Et

1939 4116 2057 4164 vos,
2092 4101 2288 4170 inquit,
2330 4117 2453 4156 cum
2492 4103 2690 4156 mortui
2721 4102 2914 4157 essetis
2944 4102 2995 4156 in
3027 4102 3256 4165 delictis,
3299 4109 3352 4154 et
3382 4114 3518 4170 pra:-

1939 4195 2090 4265 ptttio
2136 4195 2316 4250 carnis
2354 4205 2566 4261 vestrae,
2617 4196 3012 4250 convivillcavit
3051 4193 3216 4266 248
3238 4209 3359 4247 cum
3403 4192 3516 4257 illo,

1939 4287 2149 4343 donans
2175 4289 2328 4343 vobis
2357 4291 2537 4342 omnia
2577 4289 2793 4352 delicta,
2822 4289 3027 4351 delens,
3057 4289 3200 4355 quod
3228 4285 3514 4339 adversum

1938 4394 2039 4434 nos
2065 4390 2202 4446 erat,
2235 4380 2682 4452 cbrirographum
2711 4381 2935 4444 decreti,
2980 4379 3124 4448 quod
3156 4387 3271 4432 erat
3296 4385 3514 4431 contra-

1939 4471 2076 4526 rium
2121 4470 2294 4530 nobis,
2328 4481 2383 4524 et
2414 4470 2585 4538 ipsum
2616 4470 2736 4524 tttlit
2784 4471 2850 4524 de
2899 4469 3094 4532 medio,
3139 4466 3359 4537 alligens
3388 4464 3516 4520 illud

1938 4563 2086 4617 cruci
2121 4579 2132 4613 :
2165 4570 2220 4615 et
2249 4562 2558 4632 evspolians
2588 4563 2943 4634 principatus,
2971 4570 3027 4616 et
3062 4567 3375 4632 potestates,
3409 4566 3519 4612 tra-

1938 4659 2088 4716 duxit
2151 4657 2527 4724 confidenter,
2574 4658 2753 4729 palam
2803 4657 3139 4725 triumphans
3187 4653 3304 4709 illos
3343 4654 3395 4707 in
3441 4667 3521 4708 se-

1941 4749 2172 4818 metipso
2215 4746 2350 4818 (Col.
2399 4747 2482 4815 ιι).
2521 4768 2539 4800 ι
2583 4749 2712 4816 Qum
2755 4748 2918 4820 igitur
2966 4746 3147 4819 lingua
3207 4745 3261 4799 in
3305 4743 3521 4797 laudem

1944 4843 2121 4896 crucis
2151 4840 2420 4893 invenitur
2446 4841 2659 4903 idonea,
2686 4855 2806 4909 quae
2831 4838 3028 4894 coelum
3058 4835 3286 4907 aperuit,
3323 4843 3526 4888 terram

1945 4946 1974 4984 a
1997 4931 2262 4983 sententia
2288 4930 2523 4998 antiqua:
2554 4927 2955 4984 maledictionis
2978 4927 3230 4987 absolvit,
3257 4932 3528 4978 tartarum

1945 5019 2228 5089 spoliavit?
2278 5019 2400 5072 Ilzcc
2433 5021 2684 5074 nimirum
2726 5021 2884 5074 oliva:
2924 5034 3026 5075 nos
3079 5019 3341 5073 oleastros
3381 5013 3530 5068 inse-

1946 5110 2074 5172 ruit,
2109 5119 2158 5162 et
2197 5109 2263 5163 de
2301 5110 2444 5162 vasis
2481 5112 2572 5165 irae
2614 5126 2739 5164 vasa
2784 5111 3174 5167 misericordize
3221 5105 3530 5160 fabricavit.

1948 5198 2072 5252 Haec
2104 5213 2200 5251 nos
2245 5199 2498 5253 sedentes
2536 5201 2586 5254 in
2628 5202 2868 5256 tenebris
2912 5201 2964 5252 in
3008 5202 3144 5256 lucis
3183 5195 3323 5248 filios
3351 5202 3535 5249 trans-

1947 5287 2078 5328 IIIIII.
2113 5289 2176 5328 ιΙρ
2201 5287 2432 5328 inimioic
2457 5291 2780 5328 (Innmclinnc
2812 5291 2934 5328 fni-il
2990 5294 3060 5328 ,ιο
3080 5286 3386 5328 ρηηιὶἰιίηιιρ
3411 5299 3534 5328 ειη·-

2947 2133 3164 2176 ΒᾹΝΟΤΑΕ
3201 2135 3411 2177 ειωςιε.
