3978 5328
447 287 546 341 767

1008 282 1067 338 ὃ.
1104 279 1307 338 PETRI
1346 281 1628 338 DAMIANI
1656 281 1807 338 OPP.
1837 276 2014 337 PARS
2055 276 2184 333 SEU
2220 276 2455 335 TOMUS
2496 278 2558 334 ll.
2598 311 2666 322 ——
2698 279 3087 337 SERMONES.

3605 279 3709 336 768

446 399 778 457 abundantia
836 400 989 453 bona:
1036 398 1329 454 voluntatis
1383 400 1636 468 impletur
1661 439 1676 463 ,
1727 397 2022 473 praesertim
2051 396 2104 454 Α
2130 395 2359 449 exaltari
2384 404 2596 466 oportet
2633 396 2800 452 ﬁlium
2828 398 3083 463 hominis,
3124 407 3182 453 ut
3208 398 3383 456 omnis
3411 402 3507 471 qui
3536 402 3712 458 credit

446 506 567 544 eum
599 487 885 558 Apostolus
925 488 1069 541 ditat
1102 506 1114 541 :
1146 507 1164 540 ι
1203 486 1320 542 Νοιι
1369 490 1423 553 in
1458 488 1720 559 sapientia
1767 489 1936 556 verbi,
1962 499 2022 542 ut

444 594 552 634 non
583 587 872 633 evacuetur
901 593 1035 631 crux
1076 575 1275 633 Christi
1311 578 1365 649 (I
1390 577 1513 634 Cor.
1543 582 1605 649 ι).
1638 600 1654 631 ι
1686 578 2020 633 Praedicato-

444 685 533 740 rcs
580 682 814 736 namque
852 668 1031 723 crucis
1078 667 1219 724 Deus
1271 670 1568 737 piscatores
1617 670 1873 732 instituit,
1912 686 2019 726 non

442 767 711 814 oratores.
754 758 1043 814 Accuratis
1072 758 1255 828 itaque
1298 761 1480 817 verbis
1509 778 1641 818 crux
1680 778 1785 817 non
1820 762 2021 819 asseri-

443 858 545 911 tur,
586 847 681 903 sed
712 847 1020 903 econtrario
1048 838 1330 904 vacuatur.
1362 850 1705 921 Quapmpter
1741 867 1848 905 non
1878 852 2019 906 indi-

441 953 609 1008 gnum
646 945 754 1005 est,
800 938 844 993 si
890 940 1047 993 beata
1096 954 1226 994 crux
1275 941 1453 996 verbis
1502 958 1646 997 uuiic
1691 942 2023 1013 simplicibus

442 1033 787 1102 praedicetur,
826 1034 1025 1103 quibus
1045 1034 1230 1105 utique
1258 1034 1469 1090 invecta
1500 1034 1697 1089 mundo
1732 1034 1875 1089 inter
1907 1034 2021 1103 ipsa

442 1138 595 1191 novae
627 1123 751 1180 ﬁdei
783 1126 1086 1181 rudimenta
1110 1127 1476 1197 cognoscitur.

512 1204 820 1270 Notandum
866 1231 995 1271 vero
1042 1216 1167 1287 quia
1229 1216 1369 1272 sicut
1418 1218 1624 1273 duobus
1670 1217 1838 1285 signis
1888 1232 2024 1272 crux

442 1290 680 1380 constat,
726 1309 821 1389 ita
852 1310 987 1365 duas
1031 1307 1150 1379 ejus
1197 1310 1576 1365 solemnitates
1624 1324 1721 1379 per
1767 1310 2025 1363 annalem

444 1403 709 1461 circulum
749 1404 1116 1463 ecclesiastica
1146 1405 1368 1460 traditio
1395 1405 1653 1461 celebrat.
1680 1403 1806 1459 Haec
1834 1419 2026 1473 nempe

446 1496 557 1555 duo
597 1497 740 1568 ligna
779 1498 972 1554 mulier
1012 1497 1233 1554 volebat
1263 1498 1563 1569 Sareptaua
1594 1497 1871 1568 colligere,
1908 1497 2026 1566 qui-

443 1590 546 1645 bus
570 1599 756 1660 posset
796 1589 1010 1660 inopem
1034 1589 1139 1646 sibi
1171 1591 1353 1645 cibum
1378 1600 1434 1646 et
1461 1588 1573 1645 ﬁlio
1593 1590 1897 1659 providere;
1931 1587 2025 1643 sed

445 1676 606 1745 hujus
662 1679 838 1734 vidua:
878 1678 1055 1735 farina
1092 1688 1150 1734 et
1194 1678 1373 1734 oleum
1423 1679 1488 1734 ad
1519 1687 1813 1749 proventus
1858 1676 2030 1731 abun-

2126 483 2176 538 ὶςι
2223 485 2371 540 illum
2423 502 2526 541 non
2580 497 2784 557 pereat,
2841 490 2934 544 sed
2980 490 3177 545 habeat
3230 492 3400 547 vitam
3447 500 3710 549 aeternam

2124 574 2305 645 (Joan.
2334 577 2439 648 ιιι).
2477 596 2495 630 ι
2546 577 2712 633 Recte
2755 592 2885 648 ergo
2922 595 3146 649 serpens
3185 596 3369 637 alueus
3412 599 3514 652 pro
3554 585 3713 655 signo

2121 669 2361 737 ponitur,
2391 679 2443 724 et
2481 670 2707 741 pepulus
2756 672 3024 741 aspiciens
3069 687 3099 726 a
3150 687 3331 727 morsu
3377 676 3710 743 serpentium

2124 756 2424 824 liberatur;
2463 760 2588 829 quia
2637 760 2950 831 quicunque
2994 762 3046 815 in
3099 761 3456 825 Salvatorem,
3509 765 3605 833 qui
3658 766 3714 819 in

2122 862 2285 903 cruce
2313 864 2607 919 suspensus
2638 859 2742 915 est,
2778 866 2844 904 ex
2885 850 3153 907 desiderio
3182 851 3507 908 imitationis
3533 853 3715 909 inten-

2123 939 2275 1005 dunt,
2300 955 2459 995 omne
2491 956 2612 996 mox
2637 944 2784 997 virus
2806 953 2861 997 et
2900 942 3176 999 lethiferos
3201 959 3416 1001 morsus
3442 946 3716 1001 veternosi

2124 1034 2395 1102 serpentis
2423 1036 2682 1090 evadunt.

2194 1122 2259 1177 Et
2291 1124 2585 1179 notandum
2612 1125 2756 1194 quod
2804 1140 3028 1196 serpens
3057 1127 3147 1181 ille
3177 1142 3275 1197 pro
3314 1128 3473 1198 signo
3513 1126 3721 1184 dicitur

2124 1215 2333 1286 positus
2372 1234 2384 1269 :
2425 1231 2551 1270 nam
2583 1225 2640 1271 et
2680 1215 2899 1272 Simeon
2938 1218 3026 1273 ille
3050 1220 3251 1289 justus,
3277 1220 3460 1275 delato
3483 1221 3553 1275 ad
3585 1230 3720 1275 tem-

2125 1307 2271 1376 plum
2322 1308 2585 1373 Domino,
2636 1308 2937 1363 Vaticinans
2974 1310 3049 1365 ait
3096 1328 3110 1365 :
3152 1331 3170 1363 ι
3207 1311 3347 1367 Ecce
3386 1312 3600 1382 positus
3640 1321 3723 1366 est

2127 1399 2216 1454 hic
2246 1399 2299 1454 in
2340 1399 2551 1454 ruinam
2600 1406 2654 1454 et
2707 1400 2759 1454 in
2814 1401 3266 1456 resurrectionem
3314 1402 3616 1456 multorum
3664 1401 3719 1455 in

2124 1488 2312 1551 Israel,
2344 1497 2399 1544 et
2447 1490 2502 1543 in
2540 1488 2752 1560 signum
2794 1490 2882 1546 cui
2921 1491 3324 1548 contradicetur
3380 1490 3537 1564 (Luc.
3569 1492 3656 1561 ιι).
3695 1511 3721 1544 ι

2125 1580 2185 1637 lu
2215 1581 2428 1653 signum
2476 1597 2709 1653 namque
2760 1583 3206 1639 contradictionis
3258 1583 3594 1653 Redemptor
3640 1590 3724 1637 est

2131 1675 2359 1743 positus,
2384 1674 2511 1744 quia
2535 1674 2587 1728 in
2621 1690 2783 1731 cruce
2827 1683 2947 1731 erat
2985 1691 3081 1744 pro
3124 1676 3347 1730 humani
3388 1674 3611 1745 generis
3637 1688 3726 1727 sa-

444 1739 686 1825 tiantiam
716 1769 1112 1827 benedicuntur
1132 1768 1251 1841 (111
1297 1768 1424 1840 Reg.
1452 1739 1609 1833 xvii),
1652 1777 1711 1822 ut
1740 1768 2026 1823 eharitatis
2055 1739 2240 1820 Blute
2294 1739 2578 1836 passurus.
2643 1763 2741 1820 Cui
2801 1739 3056 1820 nimirum
3106 1765 3253 1819 cruci
3307 1739 3484 1819 omnis
3538 1763 3725 1817 mundi

451 1859 660 1914 l’ructus
681 1870 733 1915 et
761 1859 1047 1915 hilaritatis
1067 1860 1183 1930 jam
1216 1870 1343 1916 tunc
1374 1860 1427 1915 in
1460 1870 1805 1915 sacramento
1838 1859 2026 1914 Eccle-

443 1952 537 2027 si‘re
572 1952 1003 2018 commendetur,
1055 1971 1073 2003 ι
1108 1952 1334 2007 hilarem
1380 1952 1527 2023 enim
1572 1953 1815 2008 datorem
1854 1952 2029 2022 diligit

446 2039 589 2095 Deus
611 2038 696 2112 (II
726 2039 850 2094 Cor.
876 2042 973 2112 rx).
1007 2026 1025 2091 ι
1064 2039 1233 2095 Vidua
1262 2043 1376 2096 haec
1401 2052 1588 2096 sancta
1616 2051 1735 2096 erat
1762 2041 2025 2107 Ecclesia,

445 2128 513 2182 de
541 2143 646 2197 qua
683 2128 882 2183 dicitur
916 2147 928 2183 :
960 2148 977 2181 ι
1011 2128 1239 2184 Viduam
1289 2130 1407 2199 ejus
1451 2131 1776 2185 benedicens
1803 2131 2023 2185 benedio

446 2232 566 2272 cam
607 2216 780 2289 (Psal.
824 2219 1033 2291 cxxxt).
1065 2240 1084 2271 ι
1128 2220 1223 2275 Cui
1272 2221 1470 2276 licebat
1517 2222 1818 2291 cuicunque
1868 2221 2030 2277 vellet

446 2316 662 2362 mortuo
706 2308 824 2362 viro
861 2309 1154 2381 conjungi,
1198 2311 1324 2381 quia
1380 2312 1664 2368 desinente
1712 2312 1851 2384 lege,
1900 2329 2026 2367 mox

445 2399 682 2464 Christo,
714 2400 805 2471 qui
854 2400 979 2456 linis
1001 2401 1135 2473 legis
1160 2413 1272 2470 est,
1305 2404 1372 2457 ad
1395 2402 1667 2471 justitiam
1709 2404 1855 2459 omni
1912 2421 2029 2460 cre-

445 2490 590 2545 denti
618 2490 789 2560 (Rom.
824 2491 879 2563 χ)
907 2533 921 2559 ,
957 2494 1156 2549 meruit
1184 2494 1423 2549 Ecclesia
1444 2496 1705 2564 copulari.
1734 2494 1825 2550 Illa
1848 2497 2027 2550 cibum

446 2587 775 2655 anhelabat,
826 2589 920 2660 qui
966 2589 1177 2646 duobus
1226 2601 1371 2646 esset
1422 2591 1581 2663 lignis
1636 2603 1924 2659 excoctus;
1974 2601 2030 2645 et

444 2688 631 2743 sancta
664 2682 904 2738 Ecclesia
944 2697 1140 2753 panem
1191 2683 1258 2738 de
1296 2684 1435 2739 coelo
1486 2685 1797 2740 venientem
1832 2685 2025 2748 esurit,

444 2772 534 2841 qui
571 2773 623 2828 in
669 2789 764 2828 ara
795 2774 977 2830 crucis
1000 2785 1091 2830 est
1138 2776 1395 2831 torridus.
1420 2775 1521 2844 Qui
1563 2777 1931 2847 voluptuosos,
1974 2786 2030 2830 et

444 2863 693 2921 carnales
729 2864 878 2919 cibos
918 2853 1146 2936 appetit,
1174 2867 1499 2937 serpentinis
1522 2855 1816 2922 'morsibus
1856 2867 2025 2920 tradi-

448 2960 559 3013 tur.
593 2954 685 3023 qui
722 2970 849 3009 vero
881 2956 948 3008 ad
978 2958 1123 3010 hunc
1152 2952 1345 3025 panem
1381 2958 1619 3025 respicit,
1651 2973 1680 3011 a
1718 2957 2025 3028 grassantis

449 3045 641 3100 veneni
670 3047 907 3113 pernicie
936 3046 1217 3107 liberatur.
1246 3048 1383 3113 Quid
1412 3058 1517 3112 est,
1557 3050 1704 3118 quod
1731 3050 1880 3104 dixi?
1910 3050 2025 3105 Non

448 3137 744 3208 ignoratis,
777 3138 995 3201 fratres,
1025 3138 1151 3203 quia
1178 3139 1342 3193 Israel
1388 3138 1478 3193 ille
1512 3140 1747 3194 carnalis
1791 3156 2032 3196 murmu-

448 3246 580 3284 rans
605 3228 893 3300 aliquando
914 3230 1172 3285 adversus
1201 3225 1443 3302 Moysen,
1468 3232 1521 3286 in
1548 3234 1763 3288 deserto
1784 3233 2026 3289 dicebat:

452 3340 472 3372 ι
504 3321 663 3378 Deest
699 3321 876 3392 panis,
924 3336 1029 3376 non
1072 3331 1199 3377 sunt
1240 3337 1418 3392 aquae,
1464 3323 1645 3377 anima
1690 3332 1873 3378 nostra
1913 3325 2028 3392 jam

447 3422 673 3467 nauseat
696 3426 859 3482 super
880 3412 1002 3469 cibo
1025 3411 1128 3467 isto
1147 3411 1421 3468 levissimo
1442 3410 1633 3485 (Num.
1658 3414 1795 3484 ut).
1829 3434 1849 3467 ι
1877 3414 2030 3472 Tunc

447 3503 672 3560 immisit
703 3504 757 3558 iu
784 3519 880 3559 eos
910 3504 1168 3560 Dominus
1212 3505 1408 3576 ignitos
1447 3516 1773 3577 serpentes;
1800 3520 2031 3577 eumque

447 3594 824 3662 paenitentiam
864 3595 1010 3650 ducti
1069 3594 1456 3666 indulgentiam
1486 3606 1753 3666 peterent,
1799 3613 1865 3653 ex
1902 3614 2034 3669 prae-

449 3692 608 3753 cepto
655 3685 868 3740 Domini
904 3685 1031 3741 fecit
1086 3686 1296 3760 Moyses
1337 3701 1648 3759 serpentem
1696 3705 1927 3754 teneum,
1979 3702 2037 3749 et

449 3789 549 3843 pro
574 3775 728 3845 signo
761 3776 961 3845 posuit,
985 3777 1053 3830 ad
1086 3792 1269 3846 quem,
1296 3780 1605 3849 quicunque
1656 3781 2035 3851 percussil‘ue-

453 3876 610 3937 rant,
667 3868 994 3937 aspicientes
1042 3869 1291 3939 protinus
1339 3871 1694 3925 sanabautur.
1745 3872 2037 3928 Enimvero

452 3972 551 4025 per
575 3959 865 4013 consilium
907 3960 1177 4029 serpentis
1205 3969 1289 4016 est
1323 3962 1487 4017 homo
1514 3962 1765 4032 delapsus
1795 3963 1847 4017 in
1893 3979 2038 4019 mor-

454 4056 597 4111 tem;
643 4062 717 4102 azs
744 4062 872 4103 vero
915 4050 1125 4103 caeteris
1152 4051 1385 4106 metallis
1413 4052 1714 4107 durabilius
1743 4053 2033 4107 invenitur.

525 4135 732 4190 JEneus
783 4138 965 4206 itaque
1008 4155 1235 4209 serpens
1284 4142 1566 4196 Dominum
1615 4143 1894 4214 ﬁguravit,
1944 4144 2035 4215 qui

457 4228 693 4283 infusum
727 4230 881 4285 nobis
908 4246 1172 4286 venenum
1199 4234 1476 4289 diabolica:
1513 4236 1878 4306 suggestionis
1912 4239 2037 4292 abe-

453 4323 554 4397 git.
594 4322 659 4378 Et
685 4331 809 4394 apte
832 4338 1015 4379 tenens
1047 4339 1295 4395 serpens,
1326 4335 1385 4379 ut
1412 4343 1509 4397 per
1548 4339 1853 4397 serpentem
1887 4346 2036 4384 mor-

456 4423 601 4479 tuus,
628 4424 685 4470 et
712 4430 808 4484 per
831 4431 905 4471 ωε
938 4416 1195 4473 Dominus
1221 4418 1620 4488 signiﬁcaretur
1645 4431 1902 4474 aeternus.
1933 4420 2032 4487 Qui

452 4504 597 4561 (nim
626 4519 692 4559 ex
742 4505 1081 4562 humanitate
1124 4508 1301 4564 crucis
1326 4509 1645 4579 supplicium
1688 4510 1928 4580 pertulit,
1967 4528 2036 4568 ex

453 4596 737 4651 divinitate
791 4606 1083 4667 perpetuus
1139 4608 1194 4654 et
1245 4600 1595 4670 impassibilis
1646 4602 1798 4656 vivit.
1863 4601 2036 4659 Porro

454 4696 635 4748 autem
665 4702 886 4757 serpens
908 4704 1096 4751 Amneus
1125 4689 1533 4745 similitudinem
1564 4691 1781 4761 quidem
1815 4707 2035 4762 serpen-

458 4778 527 4832 tis
558 4779 736 4844 habet,
767 4780 861 4834 sed
890 4778 1054 4852 249
1088 4796 1352 4837 venenum
1390 4783 1661 4852 serpentis
1699 4800 1805 4839 non
1850 4784 2032 4840 habet.

456 4869 525 4923 lit
556 4868 880 4938 Redemptor
913 4884 1098 4926 noster
1128 4872 1180 4927 in
1213 4873 1569 4929 similitudine
1599 4876 1813 4943 quidem
1851 4877 2034 4931 carnis

456 4961 665 5031 peccati
693 4962 963 5029 apparuit,
992 4962 1088 5017 sed
1115 4964 1317 5031 peccati
1357 4979 1624 5019 venenum
1668 4965 1720 5019 in
1756 4980 1822 5020 eo
1859 4964 2035 5019 locum

458 5050 659 5106 habere
690 5066 794 5105 nou
821 5053 1013 5120 potuit,
1042 5054 1238 5124 quippe
1260 5055 1353 5125 qui
1390 5074 1409 5107 ι
1444 5066 1727 5124 peccatum
1755 5072 1864 5110 non
1888 5056 2035 5120 fecit,

459 5157 561 5197 nec
589 5140 741 5196 dolus
778 5143 1027 5197 inventus
1056 5154 1138 5198 est
1167 5146 1222 5200 in
1260 5162 1355 5202 ore
1381 5148 1497 5216 ejus
1524 5148 1575 5217 (Ι
1604 5147 1753 5202 Petr.
1781 5149 1867 5219 ιι).
1904 5168 1923 5200 ι

532 5233 641 5288 Nec
663 5235 1091 5302 praetereundum
1112 5245 1196 5290 est
1228 5239 1369 5306 quod
1398 5253 1637 5308 congrue
1669 5242 1802 5295 satis
1828 5241 2038 5295 mansio

2129 1859 2392 1928 sapientia
2416 1859 2768 1924 contradixit,
2796 1858 2889 1913 sed
2914 1855 3041 1928 Regi
3066 1873 3163 1928 per
3184 1872 3302 1912 eam
3328 1855 3515 1927 gloria:
3539 1856 3727 1909 trium-

2128 1951 2315 2021 phauti
2368 1950 2585 2005 tandem
2635 1950 2846 2006 devicta
2882 1949 3184 2004 succubuit.
3230 1948 3383 2003 Sicut
3415 1951 3469 2002 in
3497 1948 3723 2002 Actibus

2132 2042 2496 2112 apostolorum
2527 2042 2727 2097 dicitur
2753 2060 2765 2096 :
2812 2061 2829 2095 ι
2866 2041 2942 2097 De
2978 2053 3124 2098 secta
3153 2050 3332 2095 autem
3360 2043 3461 2095 hac
3493 2041 3720 2103 scimus,

2131 2136 2255 2206 quia
2284 2135 2485 2204 ubique
2511 2135 2559 2190 ei
2595 2133 2987 2190 contradicitur
3012 2132 3149 2206 (Act.
3177 2132 3289 2205 xx).
3321 2153 3339 2186 ι
3383 2133 3447 2187 Ει
3477 2132 3679 2188 Paulus
3707 2153 3719 2186 :

2138 2242 2156 2277 ι
2189 2224 2572 2289 Pnedicamus,
2618 2218 2845 2294 inquit,
2880 2208 3061 2278 Jesum
3116 2223 3470 2286 cruciﬁxum,
3520 2221 3723 2277 Iudaeis

2132 2314 2349 2386 quidem
2380 2315 2718 2380 scandalum,
2742 2315 2988 2386 gentibus
3008 2322 3186 2368 autem
3211 2314 3495 2368 stultitiam
3523 2312 3571 2384 (1
3598 2311 3721 2367 Cor.

2134 2407 2195 2478 ι).
2232 2427 2249 2461 ι
2294 2406 2397 2462 Sed
2425 2408 2680 2476 quoniam
2708 2406 2850 2475 quod
2888 2406 3112 2460 stultum
3142 2412 3226 2459 est
3261 2404 3379 2467 Dei,
3420 2403 3721 2471 sapientius

2132 2509 2217 2554 est
2245 2500 2578 2563 hominibus,
2610 2508 2665 2554 et
2690 2497 2831 2567 quod
2861 2497 3137 2552 inﬁrmum
3167 2504 3249 2551 est
3276 2496 3370 2551 Dei
3403 2496 3603 2550 fortius
3644 2505 3725 2550 est

2136 2594 2462 2655 hominibus,
2498 2592 2827 2663 Redemptor
2851 2598 3052 2655 uoster,
3082 2588 3171 2658 qui
3200 2603 3306 2643 non
3330 2588 3477 2642 venit
3507 2588 3725 2643 mittere

2132 2698 2342 2753 pacem,
2370 2683 2466 2737 sed
2492 2681 2727 2752 gladium
2762 2679 2976 2753 (Matth.
3011 2678 3084 2744 ι),
3111 2677 3277 2731 lorica
3317 2677 3523 2753 carnis
3545 2676 3725 2731 accin-

2134 2785 2276 2840 ctus,
2315 2774 2368 2828 in
2399 2773 2557 2843 hujus
2588 2773 2772 2827 mundi
2806 2785 3056 2841 campum
3093 2769 3436 2839 praeliaturus
3469 2768 3723 2832 accessit,

2135 2876 2189 2920 et
2210 2864 2465 2920 vexillum
2494 2863 2788 2934 praeferens
2819 2862 3019 2927 crucis,
3051 2861 3292 2917 onmium
3333 2859 3435 2914 sibi
3467 2860 3728 2914 resisten-

2137 2958 2273 3011 tium
2301 2954 2438 3011 colla
2469 2956 2719 3010 calcavit.
2751 2953 2843 3009 Sic
2865 2954 2957 3025 ,sic
3000 2951 3249 3007 videlicet
3297 2950 3497 3006 Potens
3545 2958 3728 3006 noster

2140 3050 2194 3104 in
2221 3049 2406 3119 prmlio
2435 3058 2491 3106 et
2512 3050 2734 3105 hostiles
2756 3048 3079 3120 quandoque
3113 3046 3260 3102 acies
3282 3046 3348 3100 ad
3378 3063 3473 3101 sua
3501 3061 3727 3101 conver-

2141 3140 2222 3199 tit.
2254 3148 2309 3194 et
2336 3154 2445 3194 non
2476 3139 2647 3195 solum
2680 3148 2927 3199 mortem,
2957 3137 3051 3193 sed
3078 3145 3133 3191 et
3158 3137 3330 3206 ipsum
3356 3136 3550 3190 mortis
3578 3136 3724 3206 prin-

2135 3232 2310 3301 cipem
2340 3247 2511 3299 usque
2552 3231 2618 3284 ad
2646 3231 2859 3285 inferna
2896 3237 3220 3299 persecutus
3247 3227 3537 3281 exstinxit.
3562 3225 3727 3297 Hujus

2133 3339 2263 3379 sane
2291 3322 2417 3379 belli
2449 3322 2561 3390 jam
2595 3331 2723 3377 tunc
2772 3321 3022 3375 minister
3058 3327 3176 3372 erat
3214 3317 3426 3389 Moyses
3459 3333 3587 3373 cum
3628 3332 3726 3387 pu-

2133 3422 2322 3484 gnaret
2349 3423 2536 3469 contra
2564 3413 2820 3468 Amalech
2849 3410 3048 3481 (Exod.
3107 3412 3264 3480 xvn).
3286 3410 3369 3465 Ad
3397 3411 3541 3480 quod
3585 3409 3728 3465 vide-

2133 3502 2257 3557 licet
2299 3502 2496 3557 bellum
2525 3518 2629 3556 non
2654 3501 2878 3572 gladios,
2897 3515 3001 3554 non
3019 3499 3119 3554 tela
3135 3500 3497 3563 vibravit,sed
3524 3500 3728 3570 virgam

2135 3596 2229 3649 Dei
2260 3596 2312 3649 in
2342 3611 2501 3649 manu
2524 3595 2736 3656 detulit,
2767 3609 2886 3662 qua:
2919 3592 3101 3662 procul
3128 3590 3291 3645 dubio
3323 3590 3527 3662 lignum
3554 3590 3728 3645 crucis

2135 3688 2429 3742 Dominicae
2459 3686 2728 3757 ﬁguravit.
2755 3685 2861 3741 Sed
2903 3695 3022 3739 esto
3056 3695 3114 3738 ut
3154 3685 3363 3755 virgam
3405 3681 3635 3744 deferat,
3673 3690 3733 3735 ut

2137 3779 2193 3831 in
2242 3778 2366 3847 ligni
2419 3788 2765 3832 sacramento
2806 3778 3064 3840 conﬁdat,
3122 3784 3177 3831 et
3222 3791 3329 3829 non
3385 3775 3583 3837 anuis,
3632 3773 3725 3829 sed

2138 3869 2283 3939 ligno
2312 3870 2491 3940 potius
2523 3877 2767 3924 armatus
2803 3870 3039 3924 hostium
3076 3882 3275 3923 cuneos
3326 3867 3726 3922 debellaturum

2141 3975 2199 4014 se
2228 3975 2350 4015 esse
2379 3977 2482 4015 non
2506 3960 2767 4030 ambigat,
2800 3960 2901 4013 nisi
2936 3968 3111 4014 tamen
3148 3959 3384 4029 speciem
3416 3957 3603 4013 crucis
3635 3972 3729 4012 ex-

2142 4051 2420 4118 presserit,
2454 4051 2555 4104 nisi
2590 4050 2916 4120 triumphale
2941 4049 3195 4104 vexillum
3229 4050 3280 4103 iu
3315 4048 3547 4109 sublime
3580 4048 3727 4104 leva-

2141 4145 2297 4207 verit,
2340 4143 2538 4197 nullam
2573 4153 2721 4199 certe
2753 4143 3035 4197 \lt'lcl'ltlm
3064 4143 3130 4196 de
3157 4142 3446 4211 prostratis
3481 4142 3729 4196 hostibus

2146 4237 2435 4292 obtinebit.

2144 4386 2147 4389 _
2216 4327 2431 4382 Ilabeus
2456 4327 2637 4395 itaque
2670 4326 2879 4397 Moyses
2901 4326 3112 4395 virgam
3144 4325 3199 4379 in
3237 4339 3422 4388 manu,
3452 4323 3558 4379 hoc
3589 4323 3730 4377 insu-

2144 4436 2243 4487 per
2269 4419 2478 4474 addidit
2507 4428 2565 4471 ut
2597 4418 2820 4473 brachia
2851 4433 2945 4471 sua
2982 4418 3034 4470 in
3066 4417 3283 4471 modum
3320 4415 3502 4470 erucis
3529 4430 3730 4482 expan-

2144 4512 2318 4575 deret,
2353 4511 2539 4579 sicque
2559 4508 2673 4578 jam
2708 4508 2910 4565 factum
2932 4520 3039 4573 est,
3072 4518 3130 4563 ut
3156 4519 3500 4562 catervarum
3533 4507 3728 4560 adver-

2144 4602 2379 4667 santium
2408 4603 2554 4656 acies
2581 4601 2727 4670 ligno
2757 4611 2811 4655 et
2832 4602 2988 4673 signo
3018 4601 3118 4656 hoc
3143 4599 3298 4670 pleno
3321 4599 3500 4654 crucis
3528 4608 3733 4669 myste-

2142 4694 2224 4750 rio
2248 4702 2545 4765 superaret.
2572 4693 2685 4746 Hoc
2710 4693 2856 4746 enim
2889 4707 3044 4746 sacra
3073 4700 3305 4745 testatur
3327 4690 3554 4744 historia
3577 4730 3591 4753 ,
3613 4704 3730 4742 cum

2142 4785 2313 4841 dicit:
2346 4803 2364 4836 ι
2396 4785 2531 4839 Dum
2562 4785 2767 4838 levaret
2792 4799 2982 4837 manus
3008 4782 3235 4853 Moyses.
3265 4781 3515 4835 vincebat
3540 4779 3727 4839 Israel;

2142 4876 2225 4930 sin
2262 4883 2440 4929 autem
2469 4873 2742 4943 paululum
2772 4873 3102 4937 remisisset,
3132 4870 3423 4941 superabat
3476 4867 3728 4922 Amalech

2145 4964 2344 5037 (Exod.
2373 4964 2531 5035 xvn).
2565 4983 2583 5015 ι
2620 4963 2731 5017 lloe
2771 4963 2928 5034 plane
2964 4962 3190 5027 factum,
3219 4960 3420 5015 fratres
3465 4960 3595 5021 mei,
3627 4972 3727 5013 non

2146 5055 2321 5109 solum
2362 5054 2624 5124 spiritalis
2667 5053 3043 5123 intelligentiae
3084 5058 3509 5112 sacramentum,
3547 5048 3639 5102 sed
3675 5055 3729 5100 et

2146 5145 2363 5200 virtutis
2401 5145 2559 5200 nobis
2607 5144 3024 5200 saluberrimum
3074 5150 3355 5198 convectat
3398 5138 3722 5207 exemplum.

2140 5237 2311 5308 250
2347 5235 2479 5290 Nam
2522 5237 2647 5290 dum
2694 5251 2910 5290 crucem
2960 5243 3081 5304 post
3134 5232 3421 5287 Dominum
3464 5228 3704 5289 tollimus
