3978 5328
237 217 346 286 769

1571 235 1578 238 '
1627 223 1858 280 SEllIdO
1889 225 2118 282 XLVIII.

3403 237 3512 300 770

228 343 464 398 victoria
489 332 920 416 persequentium
946 345 1138 416 gladiis
1159 345 1569 400 obtruncantur.
1595 344 1650 398 ln
1671 345 1818 400 omni
1849 348 1894 408 Α
1933 342 2155 398 dextera
2185 357 2354 416 usque
2399 345 2463 398 ad
2495 343 2793 410 sinistram,
2821 355 2874 402 et
2905 347 3086 402 decies
3117 357 3322 406 tantum
3354 365 3518 421 quam

229 453 366 492 sane
419 437 644 506 spiritali
701 441 1000 494 certamine
1046 437 1228 494 crucis
1264 437 1523 492 debemus
1565 437 1824 508 praeferre

229 528 510 590 vexillum,
560 529 698 596 quod
739 528 993 582 nimirum
1032 527 1076 582 si
1111 527 1341 582 viriliter
1378 535 1598 596 agentes
1623 527 1824 582 attolli-

229 633 376 680 tuus,
409 617 596 686 procul
645 617 806 672 dubio
853 618 1090 672 victores
1133 617 1440 680 existimas;
1491 615 1730 686 alioquin
1775 617 1822 670 si

229 707 474 778 segniter
501 707 730 762 vivendo
761 707 1100 776 deponimus,
1143 707 1208 760 ad
1253 707 1456 776 primos
1489 721 1822 774 persequen-

229 799 368 851 tium
427 798 658 866 impetus
711 813 932 851 necesse
988 806 1070 850 e.-..t
1123 797 1396 850 enerviter
1447 797 1818 850 concidamus.

231 886 392 942 L'nde
441 897 496 940 ct
549 887 772 956 insignis
823 886 910 939 ille
963 885 1166 940 militiae
1219 883 1478 954 Spiritalis
1529 886 1824 938 instructor

227 975 434 1030 Paulus
470 977 548 1029 ait
581 995 592 1030 :
627 994 644 1028 ι
679 975 956 1030 Remissas
1001 992 1212 1040 manus,
1252 987 1302 1030 et
1347 977 1606 1031 dissoluta
1647 993 1820 1046 genua

229 1066 450 1136 erigite,
485 1075 538 1120 et
575 1081 793 1136 gressus
826 1077 1004 1121 rectos
1044 1066 1204 1120 facite
1241 1069 1465 1136 pedibus
1501 1069 1718 1134 vestris,
1755 1083 1822 1123 ne

229 1159 546 1214 claudicans
571 1159 694 1228 quis
723 1167 868 1212 erret
893 1157 1080 1224 (Hebr.
1117 1159 1237 1222 an).
1276 1179 1294 1209 ι

301 1249 419 1302 Hoc
465 1263 658 1317 nempe
719 1248 974 1302 vexillum
1036 1259 1090 1302 et
1139 1247 1354 1302 Gedcon
1411 1249 1546 1312 sibi,
1601 1250 1822 1318 suisque

228 1339 696 1395 commilitonibus
713 1339 886 1411 lypice
897 1339 1156 1410 prmtulit,
1171 1343 1260 1410 qui
1275 1351 1396 1394 conl
1410 1357 1464 1394 ra
1479 1357 1655 1406 arma,
1672 1360 1820 1396 arma

227 1431 498 1492 deseruit,
525 1429 746 1484 inermis
773 1441 1011 1484 armatos
1035 1432 1251 1494 invasit,
1275 1443 1328 1484 et
1349 1434 1414 1486 ad
1441 1433 1820 1486 debellandum

231 1519 652 1572 Madianilarum
723 1519 1122 1574 multitudinem
1189 1521 1410 1574 dimissa
1479 1521 1822 1576 multitudine

229 1627 358 1664 cum
411 1611 598 1680 paucis
641 1612 790 1666 venit
837 1613 985 1682 (ἐπει.
1015 1611 1132 1682 vn).
1169 1611 1359 1666 Divina
1407 1614 1669 1682 siquidem
1719 1615 1820 1668 sibi

1930 433 2185 498 altitudo,
2223 451 2342 504 qua:
2387 445 2469 488 est
2514 447 2640 490 ante
2673 445 2726 492 et
2773 449 2936 492 retro.
2985 439 3076 494 Sic
3105 439 3358 496 nimirum
3391 459 3518 502 arca

1927 533 1984 578 et
2023 524 2074 577 in
2121 525 2515 578 treccntcnario
2563 525 2910 594 longitudinis
2963 543 3072 584 suae
3127 545 3352 586 numero
3400 548 3518 602 spc-

1927 613 2064 667 cicm
2119 613 2329 678 crucis,
2369 621 2422 666 et
2463 613 2514 666 in
2557 615 2720 668 totius
2783 631 2892 670 sua:
2956 617 3306 674 dimensionis
3361 619 3518 676 habi-

1931 703 2116 756 tudine
2157 701 2383 774 ﬁguram
2427 713 2570 758 tenet
2621 705 2882 761 Dominici
2937 710 3199 778 corporis.
3263 712 3327 766 Et
3379 713 3518 766 sicut

1933 805 2138 861 septem
2189 793 2382 848 anima:
2429 796 2696 850 donantur
2728 797 2858 864 Noe,
2903 807 2962 852 ut
3001 815 3096 869 per
3151 785 3347 872 lignum
3409 803 3515 858 sal-

1927 893 2120 936 ventur
2159 883 2210 938 in
2253 885 2446 950 undis,
2497 887 2576 942 sic
2639 897 2842 956 septem
2907 889 3162 946 Ecclesiae
3213 893 3514 964 scptil'ormi

1943 971 2147 1041 Spiritu
2195 975 2414 1044 repleta:
2467 977 2743 1034 salvantur
2795 979 2848 1034 in
2892 979 3109 1037 Christo
3165 999 3261 1052 per
3313 971 3514 1054 lignum

1932 1063 2114 1117 crucis
2135 1071 2192 1116 et
2225 1079 2420 1132 aquam
2447 1065 2806 1136 baptismatis.
2841 1065 2944 1123 Per
2965 1069 3164 1140 lignum
3197 1087 3388 1142 nempe
3417 1089 3518 1128 nos

1927 1153 2181 1206 servituti
2237 1153 2490 1222 princeps
2540 1157 2804 1224 superbia:
2855 1159 3112 1226 subdidit,
3171 1177 3265 1231 per
3309 1163 3528 1232 lignum.

1925 1259 2024 1296 nos
2055 1244 2374 1298 humilitatis
2403 1255 2592 1298 auctor
2621 1247 2672 1300 in
2705 1248 2972 1302 libertatis
3003 1251 3186 1305 titulos
3215 1257 3514 1308 revocavit.

1927 1337 2030 1390 Per
2067 1339 2267 1408 lignum
2309 1355 2405 1392 nos
2435 1349 2696 1411 tyrannus
2725 1351 2982 1412 perpetuo
3013 1345 3268 1416 relegavit
3295 1349 3509 1413 essilio,

1923 1427 2236 1496 perlignum
2265 1429 2583 1484 mitissimus
2609 1431 2720 1484 Rex
2743 1433 2983 1487 lueredcs
3007 1436 3238 1490 decrevit
3257 1437 3306 1490 in
3324 1455 3514 1508 regno.

1925 1517 2028 1572 Per
2065 1519 2265 1588 lignum
2297 1537 2482 1576 sumus
2513 1525 2578 1576 ad
2627 1539 2915 1593 porcorum
2957 1529 3257 1584 custodiam
3304 1541 3356 1584 et
3403 1531 3516 1584 sili-

1925 1623 2154 1678 quarum
2207 1609 2556 1680 indigentiam
2590 1613 2868 1681 devoluti;
2925 1631 3019 1683 per
3053 1617 3254 1686 lignum
3303 1615 3516 1689 quoque

231 1701 600 1754 adumnilione
647 1712 974 1771 praeceptum
1015 1711 1096 1756 est
1129 1713 1184 1757 ut
1224 1703 1290 1756 ad
1318 1703 1536 1756 ﬂuvium
1569 1705 1818 1766 veniens,
1851 1697 2166 1764 Bpaternis
2221 1713 2408 1752 sumus
2471 1701 2806 1770 amplexibus
2867 1705 3092 1770 redditi.
3153 1719 3518 1777 perccplaquc

229 1805 425 1844 omnes
451 1807 588 1859 quos
616 1789 772 1846 flexis
815 1791 1044 1862 genibus
1083 1809 1251 1862 aquas
1295 1793 1515 1848 haurire
1545 1795 1822 1864 conspice-

231 1890 318 1934 ret
335 1896 368 1934 a
391 1881 650 1934 bellorum
675 1883 1150 1950 congressionibus
1171 1893 1464 1937 amoveret.
1489 1883 1822 1953 Factumque

229 1979 336 2034 est,
367 1981 422 2023 et
457 1971 678 2024 trecenti
707 1971 810 2024 viri
853 1973 1246 2034 tantummodo,
1281 1973 1372 2040 qui
1407 1981 1614 2026 stantes
1649 1975 1820 2026 mani-

227 2060 334 2116 bus
360 2077 531 2129 aquas
561 2062 882 2126 hauserant,
917 2071 1313 2116 remanserunt.
1349 2061 1485 2128 Quid
1520 2075 1604 2116 est
1639 2073 1818 2116 autem

227 2151 372 2220 quod
416 2151 632 2205 Gedeon
673 2153 929 2206 trecentis
956 2161 1246 2206 contentus
1284 2153 1546 2206 militibus
1571 2153 1638 2206 ad
1679 2153 1820 2208 bella

227 2241 598 2309 progreditur,
623 2241 724 2294 nisi
756 2243 880 2309 quia
913 2241 1000 2295 hic
1035 2257 1294 2296 numerus
1329 2243 1382 2296 in
1417 2239 1568 2295 Thau
1611 2241 1816 2304 littera,

227 2344 352 2398 qua
391 2330 640 2384 videlicet
667 2331 848 2385 crucis
883 2332 1140 2400 exprimit
1176 2333 1436 2402 speciem,
1477 2335 1822 2388 continetur?

227 2421 328 2474 Cui
375 2421 619 2489 profecto
647 2421 842 2476 littera:
873 2423 916 2476 si
949 2439 1110 2492 super
1141 2432 1508 2478 transversam
1543 2425 1740 2478 lineam
1768 2425 1820 2480 id

227 2511 544 2574 adderetur,
575 2513 718 2580 quod
761 2511 813 2564 in
844 2527 1006 2566 cruce
1045 2513 1296 2581 superius
1327 2513 1546 2576 eminet,
1573 2529 1676 2566 non
1702 2511 1818 2580 jam

227 2602 412 2656 crucis
445 2603 676 2671 species,
705 2603 798 2656 sed
841 2603 1019 2672 potius
1051 2601 1164 2671 ipsa
1193 2619 1325 2658 crux
1353 2613 1518 2657 esset.
1551 2603 1686 2670 Quia
1721 2605 1820 2676 igi-

229 2703 320 2746 tur
352 2693 808 2748 trecentcnarium
843 2709 1126 2747 numerum
1163 2693 1314 2748 Tbau
1347 2693 1524 2748 littera
1555 2695 1817 2762 continet,

229 2801 350 2854 qua:
400 2785 629 2856 figuram
675 2786 853 2840 erucis
900 2787 1140 2850 exhibet,
1186 2801 1292 2840 non
1343 2787 1615 2841 immerito
1651 2787 1704 2842 in
1735 2789 1820 2844 his

231 2879 495 2931 trecentis
534 2877 840 2933 Gedeonem
891 2878 1272 2947 sequentibus,
1321 2877 1396 2932 illi
1443 2894 1634 2934 omnes
1679 2881 1822 2934 desi-

231 2973 376 3041 gnati
423 2981 578 3034 sunt,
634 2973 830 3041 quibus
875 2973 1115 3027 dicitur:
1157 2991 1174 3022 ‹
1213 2971 1270 3028 Si
1307 2973 1429 3044 quis
1477 2971 1592 3026 vult
1633 2973 1819 3027 venire

1925 1787 2060 1842 stola
2115 1805 2238 1844 cum
2287 1791 2485 1846 annulo
2541 1793 2592 1846 in
2651 1795 2986 1850 consortium
3033 1799 3276 1866 pristina:
3329 1819 3518 1856 sumus

1923 1881 2258 1936 ltzereditatis
2301 1884 2514 1938 adsciti.
2561 1885 2788 1956 Lignum
2835 1905 2932 1944 nos
2979 1889 3225 1959 improbo
3272 1897 3514 1950 exactori

1921 1973 2158 2026 consitos
2213 1973 2468 2040 reddidit,
2511 1973 2716 2044 lignum
2767 1979 2948 2032 omnia
2993 1980 3151 2033 simul
3205 1981 3512 2038 inevlmnsti

1923 2061 2149 2118 {tenoris
2180 2065 2347 2118 nostri
2383 2066 2580 2120 tributa
2615 2067 2902 2136 persolvit.
2953 2069 3058 2124 Per
3103 2069 3306 2140 lignum
3355 2087 3516 2140 porro

1923 2155 1990 2209 ab
2023 2157 2214 2210 haustu
2250 2158 2504 2226 perennis
2535 2157 2698 2212 fontis
2721 2161 2983 2224 eruimus,
3024 2177 3120 2231 per
3153 2161 3356 2232 lignum
3387 2159 3509 2218 rore

1921 2245 2162 2300 cmlestis
2191 2247 2380 2314 gratia:
2403 2249 2672 2318 cepiosius
2703 2249 3046 2302 inundamur.

1995 2335 2148 2391 Hanc
2191 2337 2348 2406 plane
2377 2339 2680 2392 caelestium
2709 2338 3098 2392 charismatum
3135 2341 3510 2396 inumiantiam

1923 2425 2136 2499 Moyses
2173 2429 2350 2500 typice
2399 2429 2670 2500 ﬁguravit,
2717 2431 2934 2499 quando
2964 2432 3016 2485 in
3060 2433 3252 2498 Cades,
3281 2449 3399 2504 qua}
3431 2437 3514 2490 eét

1923 2515 1976 2568 in
2023 2517 2238 2570 deserto
2290 2516 2384 2570 Sin
2435 2515 2632 2569 divinae
2663 2515 3034 2586 promissionis
3065 2519 3514 2574 addubitanslar-

1921 2604 2178 2674 gissimas
2201 2619 2368 2674 aquas
2395 2603 2598 2658 silicem
2627 2606 3000 2674 percntiendo,
3032 2607 3286 2676 produxit
3318 2607 3510 2678 (Nuni.

1924 2699 2002 2766 ι).
2037 2695 2266 2764 Propter
2297 2703 2513 2764 peccata
2541 2695 2748 2750 scilicet
2777 2695 2980 2766 populi,
3009 2699 3150 2767 quod
3181 2706 3236 2751 et
3260 2699 3372 2768 ipse
3393 2697 3508 2766 jam

1929 2787 2130 2841 fecerat
2179 2803 2370 2842 rursus
2416 2803 2474 2842 se
2511 2787 2691 2842 facere
2735 2803 2894 2858 posse
2929 2787 3140 2854 dilIidit,
3194 2801 3357 2860 atque
3391 2793 3514 2846 ideo

1922 2877 1976 2932 in
2009 2877 2446 2948 repromissionis
2475 2887 2673 2932 terram
2702 2881 2948 2934 eumdem
2981 2879 3236 2950 populum
3279 2881 3512 2936 Domino

1923 2969 2244 3040 prohibente
2301 2969 2610 3024 nullatenus
2659 2971 2974 3024 introduxit.
3033 2973 3205 3038 Quam
3263 2975 3511 3028 videlicet

225 3075 350 3130 p05t
405 3079 520 3126 me,
578 3064 808 3134 abneget
855 3065 1236 3133 semetipsum,
1289 3072 1344 3118 et
1403 3065 1552 3119 tollat.
1599 3081 1816 3120 crucem
1847 3051 1891 3112 C
1925 3062 2277 3122 dubietatem.
2323 3071 2378 3116 et
2423 3062 2590 3131 ipsius
2628 3061 2828 3132 Moysis
2856 3062 3020 3118 verba
3060 3075 3352 3130 testantur,
3385 3059 3510 3119 cum

231 3171 384 3208 suam
432 3157 692 3226 quotidie,
749 3168 804 3212 et
853 3169 1112 3228 sequatur
1169 3172 1254 3212 me
1303 3155 1464 3228 (Luc.
1509 3161 1616 3228 ix).
1655 3179 1673 3212 ι
1719 3159 1820 3226 Qui

231 3245 490 3299 nimirum
521 3256 810 3316 sequentes
851 3247 1140 3302 Dominum
1183 3257 1334 3302 tanto
1377 3249 1556 3304 verius
1602 3253 1822 3304 crucem

229 3335 450 3400 tollunt,
501 3348 707 3407 quanto
751 3347 808 3393 et
855 3339 956 3407 ipsi
1009 3339 1190 3393 aerius
1229 3339 1564 3408 allligunlur,
1604 3349 1659 3393 et
1695 3355 1822 3408 erga

229 3427 610 3498 delinquentes
637 3433 941 3500 proximos,
977 3431 1060 3486 vel
1091 3441 1312 3501 egentes
1347 3433 1447 3501 piae
1487 3433 1820 3502 compassioo

231 3517 316 3572 nis
355 3519 611 3574 incendio
651 3531 1090 3576 concremantur.
1141 3522 1292 3576 Unde
1335 3537 1434 3592 per
1483 3521 1822 3578 Ezechielem

229 3609 436 3662 dicitur
463 3629 474 3664 :
506 3631 523 3660 ε
555 3611 717 3682 Signa
749 3611 898 3668 Tbau
929 3631 1089 3683 super
1111 3613 1315 3668 frontes
1339 3605 1576 3668 virorum
1605 3630 1824 3684 gemen-

233 3699 365 3752 tium
408 3709 464 3752 ct
509 3701 804 3756 dolentium
860 3719 1022 3774 super
1059 3705 1269 3758 cunctis
1305 3703 1818 3770 abominationibus,

229 3803 352 3857 qua:
391 3793 530 3844 tiunt
579 3793 630 3846 in
669 3793 846 3848 medio
896 3793 1234 3849 llicrusalem
1271 3793 1496 3866 (Exerit.
1533 3793 1641 3865 rx).
1675 3812 1692 3845 ι
1729 3794 1818 3848 Vel

230 3893 383 3936 certe
407 3882 460 3934 in
493 3883 580 3937 bis
607 3885 885 3948 trecentis,
918 3886 1008 3954 qui
1044 3885 1194 3938 Thau
1229 3885 1409 3938 littera
1452 3887 1818 3950 continentur,

231 3971 336 4026 hoc
369 3971 720 4040 exprimitur,
767 3973 909 4042 quod
959 3973 1162 4028 ferrum
1198 3973 1434 4027 hostium
1465 3975 1643 4030 crucis
1679 3973 1821 4044 ligno

231 4075 544 4136 superetur.
604 4065 662 4120 ln
714 4066 904 4121 eodem
953 4081 1170 4136 quoque
1215 4066 1394 4120 crucis
1454 4065 1730 4136 mysterio,
1767 4073 1824 4119 et

231 4155 511 4208 Abraham
563 4155 896 4226 triumphum
949 4157 1122 4211 victor
1168 4155 1421 4220 obtinuit,
1461 4155 1552 4226 qui
1582 4156 1821 4227 quinque

229 4261 389 4316 reges
433 4263 558 4300 cum
611 4250 868 4303 trecentis
909 4250 1092 4304 decem
1133 4258 1188 4304 et
1226 4260 1350 4304 octo
1377 4249 1678 4304 vernaculis
1724 4243 1820 4304 de-

233 4337 452 4392 bellavit
487 4337 642 4408 (Geta.
677 4341 810 4410 xw).
845 4341 1035 4396 Crucis
1072 4341 1386 4412 mysterium
1425 4351 1478 4396 et
1521 4341 1608 4396 illa
1657 4343 1710 4397 in
1762 4359 1820 4398 se

235 4429 422 4483 diluvii
453 4447 580 4485 arca
611 4433 906 4496 continuit,
937 4433 1092 4501 cujus
1121 4433 1510 4505 longitudinem
1543 4443 1816 4490 trecento-

235 4535 354 4574 rum
392 4521 560 4576 l'uisse
589 4525 896 4578 cubitorum
925 4525 1202 4594 Scriptura
1237 4525 1426 4580 deﬁnit
1459 4523 1612 4596 (Gen.
1647 4527 1745 4598 vt).

305 4611 478 4666 Porro
507 4611 650 4665 sicut
681 4611 788 4667 Noe
841 4630 962 4667 cum
1001 4616 1114 4670 suis
1143 4631 1241 4684 per
1279 4631 1474 4684 aquam
1511 4615 1822 4686 lignumque

235 4704 495 4770 salvator,
545 4705 628 4758 sic
682 4713 738 4758 et
785 4703 988 4760 Christi
1049 4705 1250 4760 familia
1306 4723 1446 4776 aqua
1495 4707 1735 4761 salvator
1769 4717 1822 4762 et

237 4791 402 4862 ligno,
439 4795 568 4847 dmn
611 4801 668 4847 et
699 4793 966 4862 baptismo
993 4795 1182 4850 salutis
1209 4796 1478 4861 abluitur,
1509 4805 1566 4852 et
1595 4797 1822 4852 viviﬁcae

237 4883 414 4938 crucis
455 4882 816 4952 impressione
855 4885 1118 4953 signatur.
1158 4885 1288 4952 Qum
1325 4887 1574 4942 videlicet
1602 4903 1728 4942 arca
1761 4899 1822 4943 ut

237 4969 292 5024 in
340 4981 692 5028 sacramento
746 4973 946 5030 Christi
1007 4975 1227 5030 humani
1283 4977 1529 5048 corporis
1573 4979 1823 5035 videatur

237 5065 574 5134 aequiparare
625 5077 958 5130 mensuram,
993 5075 1266 5122 trecentos
1315 5069 1569 5124 habuisse
1612 5071 1824 5128 cubitos

235 5155 288 5210 in
327 5156 698 5225 longitudine,
734 5157 1118 5228 quinquaginta
1161 5159 1214 5212 in
1257 5159 1560 5226 latitudine,
1603 5165 1824 5235 triginta

235 5262 360 5284 worn
421 5249 474 5284 in
550 5246 836 5284 altitudine:
891 5249 1201 5284 nnrhilanlln'
1281 5249 1528 5284 Tutu-on“
1589 5269 1822 5284 νιηη-ηιυ.

1924 3151 2000 3204 ait
2033 3169 2044 3202 :
2077 3171 2092 3202 ε
2129 3151 2348 3214 Audite,
2382 3151 2610 3206 rebelles
2656 3161 2710 3206 et
2753 3153 3034 3218 increduli,
3068 3169 3194 3207 num
3250 3157 3315 3208 de
3353 3153 3512 3226 pett'a

1925 3243 2028 3298 hae
2055 3243 2206 3298 vobis
2227 3257 2422 3312 aquam
2466 3245 2762 3314 poterimus
2789 3245 2986 3300 elicere
3017 3265 3035 3297 ι
3062 3246 3086 3298 ?
3128 3245 3320 3317 (Μία.)
3371 3246 3517 3301 Tan-

1924 3349 2084 3404 quam
2116 3336 2364 3402 diceret,
2401 3353 2500 3390 nos
2547 3353 2652 3392 non
2697 3337 2972 3391 valeamus
3011 3340 3154 3406 quod
3204 3353 3364 3408 supra
3409 3339 3512 3391 hn-

1926 3427 2203 3482 manitatis
2225 3427 2368 3482 vires
2393 3437 2495 3492 cst,
2523 3427 2725 3492 facere,
2754 3429 2880 3498 quia
2905 3445 3004 3483 vos
3026 3447 3130 3482 non
3157 3429 3509 3499 acquiescitls

1924 3519 2066 3588 quod
2103 3520 2400 3574 humanum
2447 3529 2531 3574 est
2575 3521 2900 3590 adimplere;
2947 3537 3044 3576 nec
3075 3522 3286 3590 signum
3323 3539 3514 3593 possu-

1926 3625 2044 3664 mus
2081 3625 2147 3665 ex
2181 3610 2379 3664 virtute
2419 3609 2718 3666 divinitatis
2745 3611 3052 3678 ostendere,
3082 3613 3204 3680 quia
3243 3629 3336 3667 vos
3363 3597 3504 3666 nun-

1923 3717 2086 3770 quam
2143 3702 2390 3756 desinitis
2439 3703 2550 3756 Deo
2602 3717 2696 3771 per
2751 3703 3060 3756 rebellionis
3111 3704 3508 3758 contumaciznn

1923 3793 2214 3849 contraire.
2248 3793 2352 3846 Sed
2383 3801 2538 3862 petra
2563 3793 2672 3858 illa,
2705 3793 2859 3863 juxta
2886 3793 3226 3864 Apostolum,
3262 3793 3511 3848 Christus

1923 3891 2041 3935 erat
2069 3881 2120 3952 (1
2145 3881 2269 3935 Cor.
2297 3881 2378 3950 ι).

1995 3973 2222 4028 Accedit
2261 3973 2426 4042 igitur
2459 3971 2608 4042 virga
2636 3971 2703 4025 ad
2729 3971 2958 4037 silicem,
2998 3980 3053 4026 et
3081 3971 3378 4027 haurienda
3411 3983 3510 4042 po-

1924 4066 2076 4136 pulis-
2095 4079 2232 4134 aqua
2274 4064 2620 4133 producitur;
2669 4063 2960 4120 adhibetur
3002 4079 3135 4120 crux
3167 4063 3408 4131 Christo,
3455 4073 3512 4120 et

1925 4155 2166 4208 omnium
2211 4154 2376 4209 corda
2425 4153 2760 4208 credentium
2817 4155 2990 4224 gratia
3046 4155 3221 4209 sancti
3275 4155 3517 4225 Spiritus

1926 4243 2243 4314 irrigantur.
2291 4243 2390 4300 llic
2429 4253 2512 4299 est
2547 4243 2691 4301 enim
2735 4244 2894 4314 lapis,
2927 4245 2994 4300 de
3034 4261 3141 4316 quo
3175 4261 3274 4316 per
3299 4247 3510 4301 Zacba-
3549 4252 3552 4256 '

1929 4341 2066 4392 riam
2118 4339 2316 4394 dicitur
2363 4357 2376 4392 :
2435 4358 2452 4390 ι
2507 4337 2684 4407 Super
2741 4337 3010 4408 lapidem,
3075 4339 3284 4408 inquit,
3345 4353 3512 4391 unmn

1927 4441 2131 4500 septem
2171 4432 2313 4488 oculi
2349 4443 2472 4486 sunt
2517 4429 2704 4502 (Zach.
2733 4433 2839 4494 tn).
2878 4449 2898 4483 ι
2937 4431 3089 4497 Quod
3135 4429 3384 4484 videlicet
3423 4441 3512 4484 sa-

1929 4535 2262 4580 cratrtentum
2299 4535 2352 4579 et
2397 4527 2510 4594 ipsc
2553 4525 2766 4596 Moyses
2805 4539 2904 4593 per
2933 4525 3178 4593 spiritum
3218 4539 3322 4578 non
3361 4525 3514 4593 igno-

1927 4631 2078 4670 rasse
2116 4615 2478 4686 cognoscitur,
2516 4616 2558 4668 si
2589 4615 2832 4684 ejusdem
2869 4613 3139 4668 subtiliter
3183 4613 3346 4668 verba
3381 4627 3514 4682 pen-

1929 4715 2160 4760 santur:
2197 4725 2216 4757 (
2245 4707 2430 4774 Aperi,
2472 4705 2668 4774 inquit,
2713 4703 2960 4768 Domine,
3005 4703 3316 4759 thesaurum
3358 4713 3512 4757 tuum

1930 4797 2132 4852 fontem
2164 4809 2315 4865 aqua:
2359 4797 2514 4860 vivae,
2573 4805 2631 4850 ut
2677 4795 2881 4862 satiati,
2933 4805 3111 4849 cesset
3157 4791 3518 4850 murmuratZ-i

1927 4903 2115 4942 eorum
2161 4885 2356 4958 (Num.
2400 4884 2524 4957 xx).
2563 4905 2580 4937 ι
2629 4887 2816 4958 Neque
2863 4887 3006 4944 enim
3058 4894 3171 4940 tam
3219 4881 3524 4952 magniﬁcis

1928 4989 2090 5049 atque
2118 4977 2314 5033 divinis
2355 4978 2538 5032 verbis
2587 4979 2918 5036 elementum
2962 4976 3304 5033 describeret
3334 4989 3400 5026 ex
3433 4987 3528 5027 ca-

1927 5073 2110 5126 vernis
2135 5067 2384 5125 videlicet
2409 5079 2568 5124 terrae
2597 5071 2897 5141 proﬂuunt,
2933 5083 2998 5124 ac
3031 5067 3293 5140 deinceps
3321 5065 3376 5118 in
3409 5079 3536 5118 suc-

1930 5179 2174 5219 cessmnn
2217 5161 2496 5218 cuniculos
2544 5167 2904 5236 egerendum.
2960 5159 3218 5232 Nunquid
3257 5159 3402 5216 enim
3445 5156 3534 5244 di-

2881 5253 3122 5280 ...ν.οι1.ιι-.-
3181 5259 3486 5278 -Ι.-...ι-ηηιω
3511 5247 3542 5278 9

1934 5271 2093 5284 ,νη-η-.
2141 5255 2240 5282 tu.“
2295 5253 2426 5282 νιι..-
2474 5269 2638 5282 ουν.--
2697 5259 2785 5280 [1-2
