3978 5328
503 283 603 338 771

1070 279 1128 336 S.
1173 277 1373 332 PETRI
1406 276 1689 334 DAMlA-Nl
1725 274 1876 334 OPP.
1933 273 2112 331 PARS
2149 272 2282 332 SEU
2323 274 2558 333 TOMUS
2591 274 2656 332 ll.
2691 305 2759 318 -—-
2799 274 3187 336 SEHMONES.

3664 275 3764 333 772

504 416 613 472 quo
643 397 838 455 dicitur
871 413 884 448 :
925 413 941 446 ι
979 391 1079 460 Qui
1113 392 1308 446 biberit
1349 405 1568 460 aquam,
1601 404 1760 459 quam
1803 403 1903 458 ego
1948 386 2086 441 dabo
2117 394 2161 452 Α
2191 385 2350 454 ccelo,
2381 395 2437 440 ut
2477 401 2663 441 revera
2695 387 2779 443 sui
2805 385 3011 442 fructus
3042 386 3328 456 primitias,
3359 385 3564 450 intulit,
3594 395 3651 441 et
3677 402 3772 456 per

504 493 576 558 ei,
607 490 698 545 fiet
733 488 783 542 in
834 500 899 540 eo
933 484 1053 538 fons
1093 497 1246 552 aqua:
1275 481 1519 535 salientis
1553 480 1604 533 in
1639 479 1802 532 vitam
1831 487 2086 531 zeteruam

505 581 686 651 (Joan.
718 577 812 648 tv).
850 597 867 628 ι
905 574 1153 643 Alioquin
1192 588 1294 642 qua
1329 571 1554 625 rationis
1592 568 1978 638 consequentia
2008 567 2089 620 tli-

503 682 650 730 ceret
686 690 699 725 :
745 692 762 720 ο
815 680 868 723 ιιι
911 667 1125 728 satiati,
1161 664 1323 734 252
1363 670 1537 717 cesset
1574 658 1933 714 murmuratio
1991 671 2081 711 eo-

502 762 664 818 rum?
711 779 728 812 ›
780 773 903 814 cum
970 753 1311 826 postmodum
1362 752 1504 805 idem
1564 748 1793 819 populus
1847 762 2088 801 murmu-

503 869 652 914 rans.
691 851 833 906 dicat
873 866 888 905 :
932 849 1044 902 Cur
1072 844 1304 900 eduxisti
1337 858 1434 897 nos
1462 842 1527 896 de
1571 839 1828 911 Egypto,
1877 847 1938 892 ut
1972 851 2086 891 mo-

501 958 749 998 rerctnur
773 942 824 994 in
851 935 1181 994 solitudine?
1209 931 1400 1005 (Num.
1429 931 1543 1001 xxi)
1573 930 1732 984 Deest
1759 929 1916 1002 panis
1937 967 1952 992 ,
1980 941 2086 980 non

501 1045 626 1092 sunt
657 1049 830 1104 aqum,
867 1041 923 1087 et
950 1031 1055 1084 alia
1100 1028 1266 1082 multa
1311 1043 1432 1097 qua}
1467 1024 1773 1096 prodigiosa
1815 1021 2084 1078 dementia

502 1124 862 1180 tumultuatus
883 1120 1142 1176 evomuit.
1171 1117 1276 1172 Sed
1318 1117 1540 1171 affectus
1561 1115 1718 1168 taedio
1740 1112 1949 1184 Moyses
1979 1120 2084 1164 tam

501 1219 669 1277 durae.
732 1230 796 1271 ac
847 1213 1119 1268 seditiosae
1166 1207 1550 1271 multitudinis,
1601 1205 1890 1258 adventum
1929 1199 2087 1254 anxie

501 1311 707 1380 ﬂagitat
736 1305 1056 1362 Salvatoris.
1091 1302 1244 1357 Sicut
1271 1309 1325 1355 et
1352 1309 1482 1354 tunc
1507 1298 1758 1368 petierat,
1792 1311 1914 1350 cum
1947 1293 2088 1348 dice-

498 1400 595 1455 bat
623 1418 638 1454 :
668 1418 687 1452 t
722 1397 982 1460 Obsedro,
1025 1393 1272 1457 Domine,
1316 1390 1468 1445 mitte
1511 1403 1669 1458 quem
1719 1385 1987 1440 missurus
2026 1396 2086 1437 es

501 1489 698 1562 (Exod.
727 1491 824 1562 tv).
857 1509 877 1542 ι
905 1487 1058 1556 Quod
1090 1496 1269 1542 autem
1301 1492 1508 1554 petram
1536 1497 1642 1536 non
1668 1480 1936 1535 credendo
1961 1494 2086 1549 per-

499 1582 691 1646 cussit,
725 1589 886 1650 atque
915 1578 1036 1632 ideo
1062 1576 1128 1630 ad
1159 1575 1478 1644 promissam
1516 1580 1715 1626 terram
1745 1585 1866 1622 cum
1890 1565 2087 1638 popqu

501 1688 608 1728 non
655 1671 936 1742 pervenit,
995 1667 1250 1739 populum
1294 1659 1565 1734 signiﬁcat
1607 1660 1947 1724 Judzeorum,
1993 1659 2083 1727 qui

2191 477 2333 530 hunc
2362 476 2594 546 paradisi
2637 477 2853 547 januas,
2901 494 3037 548 quas
3072 479 3324 547 deinceps
3371 477 3531 532 electi
3581 492 3770 532 omnes

2187 568 2540 631 scanderent,
2571 567 2859 637 patefecit?
2887 569 3174 624 Enimvero
3205 570 3486 624 cherubim
3524 569 3639 632 ille,
3680 568 3772 638 qui

2189 660 2501 729 rompheam
2533 659 2864 714 exclusionis
2896 669 3203 732 acceperat,
3237 661 3580 732 signaculum
3619 661 3674 715 in
3707 673 3773 716 eo

2188 748 2368 804 crucis
2396 749 2622 818 aspexit,
2651 749 2737 803 cui
2765 765 2823 805 se
2846 764 3186 821 nequaquam
3209 752 3582 806 contradictor
3606 765 3772 820 oppo-

2187 844 2316 910 suit;
2345 859 2445 898 nec
2471 844 2587 916 ejus
2616 845 2795 900 crucis
2838 853 3003 909 certe,
3038 861 3196 915 quam
3230 845 3473 915 pertulit,
3496 843 3598 899 sed
3630 843 3773 898 illius

2185 934 2386 1006 potius,
2432 933 2588 1004 cujus
2634 935 2952 1004 mysterium
2996 934 3245 999 credidit,
3288 935 3340 989 in
3380 936 3540 1005 cujus
3573 933 3772 988 virtute

2186 1026 2443 1096 speravit,
2462 1026 2681 1081 dicens:
2705 1025 2864 1096 253
2892 1045 2910 1077 ι
2933 1026 3200 1083 Memento
3221 1028 3345 1090 mei,
3369 1026 3624 1089 Domine,
3648 1026 3770 1080 dum

2184 1118 2401 1172 veneris
2447 1117 2498 1172 itt
2551 1133 2774 1187 regnum
2820 1127 2966 1172 tuum
3005 1116 3158 1188 (Luc.
3192 1117 3352 1188 xxtn)
3401 1136 3418 1169 ι
3456 1117 3525 1171 Ει
3571 1133 3608 1171 o
3652 1116 3772 1170 talis

2187 1207 2429 1262 damnati
2466 1207 2604 1262 mira
2650 1206 2907 1262 libertas!
2943 1223 2976 1262 o
2999 1207 3349 1278 justificantis
3385 1208 3461 1262 tui
3509 1208 3768 1262 immensa

2185 1297 2461 1365 potentia!
2520 1295 2804 1353 Judicatus
2842 1296 3077 1366 judicat,
3120 1307 3176 1353 et
3225 1299 3471 1353 addictus
3523 1296 3768 1361 crimini,

2186 1387 2390 1442 crimen
2418 1404 2484 1444 ex
2508 1397 2775 1458 potestate
2801 1391 3027 1444 relaxat.
3058 1389 3419 1460 Ipsam'porro
3444 1405 3689 1454 crucem,
3721 1391 3769 1442 in

2184 1495 2290 1549 qua
2319 1481 2538 1550 pendet,
2566 1489 2621 1535 et
2668 1481 3063 1550 quodammodo
3107 1482 3363 1538 dictantis
3408 1497 3662 1538 censura:
3689 1497 3774 1536 so-

2187 1570 2317 1625 lium
2369 1571 2518 1638 facit,
2580 1582 2636 1628 et
2686 1573 2830 1628 inter
2885 1573 3149 1629 latronem
3200 1584 3256 1630 et
3300 1575 3594 1640 latronem,
3633 1573 3775 1628 velut

2182 1659 2294 1731 jam
2331 1663 2470 1718 inter
2495 1679 2662 1733 agnos
2691 1671 2745 1720 et
2787 1665 2989 1729 haedos,
3025 1667 3295 1737 aequitatis
3330 1666 3455 1736 jura
3485 1667 3772 1722 discernit.

499 1762 742 1834 profecto
771 1761 1047 1817 Christum
1094 1758 1187 1812 Dei
1225 1756 1481 1808 virtutem
1519 1767 1639 1808 esse
1683 1767 1789 1805 non
1834 1749 2080 1810 credens,
2117 1745 2160 1804 Β
2188 1753 2409 1807 Dixerat
2432 1753 2690 1808 Dominus
2721 1771 2736 1808 :
2776 1774 2794 1807 ι
2833 1756 2944 1825 Ego
2973 1757 3018 1811 si
3049 1758 3317 1814 exaltatus
3354 1760 3508 1814 fuero
3542 1774 3575 1812 a
3608 1767 3772 1823 terra,

501 1858 555 1910 itt
599 1856 742 1925 ligno
783 1851 1095 1921 suspendit,
1143 1858 1304 1918 atque
1346 1847 1467 1900 ideo
1513 1845 1567 1899 in
1607 1853 1753 1898 terra
1789 1840 2084 1896 viventium

500 1947 705 2003 intrare
732 1959 836 1998 non
871 1942 1086 1998 meruit.

572 2039 679 2094 Sed
706 2053 816 2108 quo
853 2045 1013 2106 pacto
1039 2044 1310 2087 tentamus
1335 2046 1399 2085 ea
1431 2043 1550 2098 quae
1581 2028 1631 2081 in
1660 2024 1860 2081 divinis
1892 2021 2088 2076 litteris

501 2132 850 2186 continentur
871 2127 1052 2184 crucis
1088 2126 1140 2180 in
1177 2140 1341 2177 unum
1383 2120 1631 2191 exempla
1669 2117 1939 2188 colligere,
1963 2131 2084 2169 cum

497 2224 780 2278 videamus
816 2233 1031 2275 omnem
1067 2215 1206 2272 sacri
1237 2213 1436 2283 eloquii
1471 2213 1665 2267 seriem
1693 2211 1820 2264 huic
1862 2206 2085 2263 terribili

503 2314 660 2380 signo
687 2309 920 2380 quadam
953 2305 1180 2376 spiritus
1221 2302 1522 2358 intentione
1570 2298 1815 2355 servire?
1858 2296 1971 2351 Hoc
2006 2302 2090 2350 est

501 2402 646 2457 enim
674 2397 1132 2470 propitiatorium,
1181 2395 1326 2464 quod
1355 2393 1462 2447 duo
1506 2390 1787 2448 cherubim
1825 2388 1998 2448 versis
2033 2387 2087 2441 in

500 2507 562 2547 se
590 2491 821 2545 invicem
851 2488 1090 2543 vultibus
1133 2486 1423 2556 aspiciunt,
1455 2485 1580 2554 quia
1624 2484 1677 2536 in
1715 2496 1864 2545 eum,
1911 2479 2003 2548 qui
2032 2479 2087 2534 in

501 2596 664 2639 cruce
693 2594 990 2651 suspensus
1027 2586 1131 2642 est,
1159 2578 1265 2631 duo
1307 2575 1676 2637 Testamenta,
1705 2570 1910 2624 Novum
1942 2568 2090 2624 scili-

500 2684 588 2732 cet
613 2685 669 2730 et
697 2673 884 2737 Vetus,
931 2670 1274 2727 concorditer
1301 2677 1356 2722 et
1383 2665 1752 2721 inditfercnter
1777 2662 2082 2717 intendunt.

502 2767 642 2823 Dicit
675 2765 817 2820 enim
845 2763 1084 2818 Joannes
1112 2777 1127 2816 :
1167 2760 1302 2826 Quia
1332 2777 1350 2810 t
1385 2758 1500 2829 ipse
1527 2767 1609 2811 est
1646 2753 1956 2827 prepitiatio
1988 2766 2086 2822 pro

501 2855 744 2926 peccatis
772 2853 972 2908 nostris
1000 2851 1048 2922 (1
1080 2850 1245 2904 Joau.
1275 2850 1392 2919 11).»
1429 2848 1496 2902 Et
1522 2847 1715 2901 Petrus
1744 2850 1810 2899 de
1836 2843 2090 2898 Patribus

501 2947 752 3016 loquens,
781 2945 856 2999 ait
885 2961 898 3000 :
937 2962 954 2995 ι
987 2942 1096 2998 Per
1131 2942 1364 3013 gratiam
1411 2939 1615 2995 Christi
1662 2938 1935 2994 credimus
1982 2934 2089 2990 Sal-

499 3034 644 3100 vari,
675 3031 1129 3105 quemadmodum
1167 3040 1223 3086 et
1253 3031 1326 3084 illi
1355 3029 1494 3101 (Act.
1533 3028 1648 3099 xv).
1687 3047 1705 3080 ι
1744 3027 1890 3104 Crux
1926 3026 2088 3097 igitur

503 3134 590 3179 est
616 3125 904 3178 concordia
946 3123 1374 3192 Scripturarum,
1405 3130 1457 3176 et
1489 3120 1641 3175 limes
1678 3120 1895 3190 quidam
1927 3129 2089 3188 atque

505 3213 834 3282 conﬂavium
876 3223 1117 3270 veterum
1158 3223 1214 3269 et
1252 3229 1538 3268 novorum.
1572 3212 1717 3268 Crux
1749 3211 1993 3266 cmlestia
2035 3218 2089 3266 et

504 3315 724 3362 terrena
757 3303 1128 3371 confmdcrat;
1157 3319 1292 3358 crux
1321 3305 1568 3359 homines
1596 3301 1757 3358 simul
1781 3313 1837 3358 et
1872 3301 2090 3373 angelos

505 3397 560 3453 in
593 3398 830 3466 antiqua:
874 3397 1178 3451 concordia:
1231 3397 1586 3451 unanimitate
1624 3395 1903 3451 reformat.
1942 3396 2086 3450 Crux

480 3475 741 3558 (denique
773 3503 919 3542 mors
954 3497 1038 3541 est
1071 3487 1349 3551 vitiorum,
1378 3497 1432 3541 et
1458 3488 1698 3541 omnium
1735 3485 1856 3540 fons
1885 3499 1949 3540 ac
1979 3486 2089 3538 vita

505 3581 789 3634 virtutum.
845 3578 988 3634 Crux
1036 3577 1418 3648 insipientibus
1467 3579 1692 3645 semita,
1744 3577 2091 3632 currentibus

505 3672 622 3738 via,
676 3671 1115 3742 pervenientibus
1170 3671 1383 3738 requies
1429 3680 1512 3725 est
1557 3686 1766 3725 secura.
1819 3668 1964 3724 Crux
2009 3675 2093 3721 est

506 3763 788 3835 tyronibus
829 3763 1166 3826 uonativnm,
1214 3762 1572 3817 militantibus
1618 3761 1803 3827 robur,
1846 3760 2092 3816 emeritis

505 3852 881 3921 municipium.
941 3852 1084 3906 Crux
1135 3862 1218 3906 est
1270 3851 1484 3907 fortiter
1530 3853 1837 3922 agentium,
1896 3852 2090 3912 virtus,

508 3945 850 4012 recuperatio
881 3943 1198 4008 labentium,
1224 3959 1426 3998 corona
1457 3945 1748 3998 victorum.
1777 3943 1924 3996 Crux
1948 3958 2087 3996 mor—
2130 3951 2135 3960 ‘

509 4043 622 4091 tem
669 4037 864 4106 ingerit
915 4048 1392 4102 momentaueam,
1446 4047 1502 4093 et
1556 4038 1722 4091 vitam
1776 4047 2094 4107 compensat

510 4135 795 4182 aeternam.
823 4127 965 4182 Crux
995 4145 1091 4182 nos
1115 4129 1347 4183 terrenis
1375 4129 1662 4199 exspoliat,
1695 4138 1752 4183 ιιι
1781 4128 2094 4184 coelestibus

429 4249 435 4257 ε
510 4221 674 4284 ditet;
703 4221 912 4275 esurire
939 4221 1120 4284 docet,
1143 4229 1201 4274 ιιι
1229 4222 1409 4287 satiet;
1444 4223 1800 4275 humilitatem
1828 4222 2092 4290 praecipit,

510 4322 572 4369 ut
609 4312 846 4388 exaltet;
895 4312 1209 4382 patientiam
1261 4313 1502 4376 adhibet,
1543 4321 1601 4366 ut
1646 4319 1887 4366 coronet.
1947 4311 2094 4365 Crux

477 4413 592 4466 est
624 4405 678 4459 in
712 4403 930 4458 Christo
982 4403 1286 4476 viventibus
1332 4403 1535 4473 regula,
1575 4419 1830 4472 expressa
1871 4401 2095 4471 justitia:

2186 1846 2365 1900 omnia
2391 1847 2601 1900 traham
2629 1848 2695 1902 ad
2722 1849 2985 1918 meipsum
3012 1849 3193 1919 (Imm.
3231 1850 3350 1920 ιιι).
3385 1870 3404 1902 ι

2261 1937 2460 1991 Eorum
2492 1939 2691 2007 itaque.
2719 1940 2812 2009 qui
2844 1941 3091 1996 trahendi
3116 1953 3289 2006 erant,
3342 1941 3484 1997 latro
3535 1944 3770 2013 pravius

2187 2027 2306 2093 fuit,
2345 2029 2427 2083 cui
2459 2044 2583 2083 mox
2611 2029 2774 2085 dicit:
2809 2049 2828 2082 ι
2860 2030 3030 2087 Ilodie
3059 2047 3267 2088 mecum
3299 2035 3407 2088 eris
3432 2034 3486 2088 in
3520 2035 3774 2104 paradiso

2189 2116 2352 2186 (Luc.
2387 2119 2578 2191 χχιιι).
2616 2139 2635 2172 ι
2665 2119 2835 2187 Quem
2857 2137 2987 2192 ergo
3038 2124 3104 2178 de
3133 2133 3407 2193 perpetua:
3455 2125 3655 2178 mortis
3699 2127 3775 2178 la-

2189 2226 2331 2283 queo
2359 2213 2593 2282 primum
2625 2214 2806 2279 traxit,
2841 2214 2985 2270 hunc
3014 2217 3081 2270 ad
3105 2218 3270 2270 vitam
3298 2217 3555 2286 primitus
3600 2218 3770 2272 intro-

2188 2304 2362 2359 duxit.
2393 2303 2497 2360 Per
2517 2320 2734 2360 crucem
2766 2306 2950 2377 igitur,
2973 2307 3081 2361 imo
3106 2323 3204 2379 per
3224 2324 3370 2375 eum,
3401 2310 3490 2378 qui
3515 2310 3771 2379 suspendi

2190 2394 2245 2447 in
2283 2408 2446 2448 cruce
2473 2393 2725 2465 dignatus
2755 2405 2857 2459 est,
2881 2397 3060 2451 omnia
3087 2409 3212 2452 sunt
3240 2399 3569 2464 instaurata,
3592 2400 3772 2454 omnia

2189 2482 2498 2549 benedicta,
2525 2485 2708 2539 omnia
2739 2486 2980 2542 caelestis
3002 2489 3192 2558 gratia:
3220 2505 3343 2546 rore
3362 2490 3607 2560 perfusa.
3634 2491 3775 2546 Prae-

2187 2575 2379 2628 sertim
2408 2575 2644 2630 humana
2677 2592 2847 2640 mens,
2879 2592 3001 2647 quae
3027 2579 3227 2634 sterilis
3253 2589 3391 2646 erat,
3422 2596 3635 2646 amara,
3696 2591 3774 2635 at-

2189 2682 2295 2736 que
2341 2667 2598 2736 insipida,
2650 2668 2717 2722 ad
2774 2667 3074 2724 Salvatoris
3118 2672 3408 2726 adventum
3460 2671 3686 2739 fertilis,
3723 2682 3778 2727 et

2189 2753 2364 2809 dulcis
2405 2751 2616 2818 etIecta,
2672 2755 2868 2810 divina:
2931 2756 3152 2826 insuper
3197 2769 3280 2813 est
3327 2759 3612 2829 sapientiae
3664 2761 3775 2816 sale

2191 2844 2426 2900 condita.
2456 2844 2608 2912 Quod
2634 2846 2890 2902 n'mirum
2927 2848 3058 2902 satis
3079 2863 3332 2919 expresse
3363 2850 3619 2922 ﬁguravit
3647 2852 3774 2907 illud

2191 2936 2352 2991 Elisei
2383 2937 2662 3007 propheta:
2692 2937 3035 2993 miraculum.
3068 2940 3202 2995 Nam
3239 2957 3361 2996 cum
3409 2942 3514 2996 viri
3556 2941 3775 2999 Iericho

2192 3027 2294 3082 sibi
2325 3039 2808 3097 coitquererentur,
2854 3033 2995 3099 quoi
3023 3046 3175 3101 aqua:
3205 3042 3387 3088 essent
3439 3034 3698 3102 pessima
3724 3045 3774 3088 et

2117 3103 2160 3163 C
2197 3128 2341 3173 terra
2361 3119 2593 3175 sterilis:
2641 3140 2660 3173 ι
2692 3119 2916 3185 Atfertc,
2952 3124 3147 3193 inquit,
3174 3125 3304 3180 mihi
3341 3141 3435 3180 vas
3467 3143 3693 3190 novum,
3719 3138 3772 3181 et

2193 3210 2389 3266 mittite
2416 3210 2467 3264 in
2501 3209 2629 3266 illud
2659 3211 2738 3265 sal
2767 3209 2881 3282 (ιγ
2913 3212 3041 3284 Reg.
3092 3216 3187 3287 tt).
3223 3234 3240 3267 ι
3278 3215 3483 3271 Deinde
3509 3231 3770 3287 aquarum

2193 3299 2325 3356 fonti
2347 3302 2424 3358 sal
2461 3300 2588 3357 illud
2611 3303 2894 3367 immersit,
2919 3305 3106 3375 sicque
3130 3322 3297 3378 aquas
3323 3307 3390 3361 ab
3417 3308 3567 3362 omni
3605 3318 3772 3363 morte

2193 3405 2247 3450 et
2271 3395 2557 3452 sterilitate
2584 3398 2816 3452 sanavit.
2841 3398 2992 3466 Quot
3018 3398 3297 3466 nimirum,
3332 3410 3388 3455 ut
3423 3410 3597 3456 totum
3628 3402 3772 3458 brevi

2193 3502 2446 3544 sermone
2467 3487 2808 3555 concludam,
2863 3489 2996 3544 nihil
3026 3490 3169 3545 aliud
3195 3492 3454 3557 insinuat,
3503 3493 3610 3548 nisi
3639 3493 3776 3562 quod

2193 3576 2432 3634 Verbum
2457 3594 2586 3635 caro
2613 3579 2789 3645 ﬁeret,
2815 3590 2870 3634 et
2893 3582 3162 3637 habitaret
3191 3582 3243 3636 in
3267 3583 3444 3638 nobis.
3467 3581 3615 3650 Quid
3635 3584 3774 3638 enim

2193 3686 2224 3724 a
2246 3686 2366 3738 .uae,
2397 3670 2501 3726 nisi
2539 3671 2794 3726 mundani
2823 3680 2950 3727 sunt
2972 3673 3190 3743 populi?
3235 3673 3377 3740 Quid
3409 3689 3507 3730 vas
3549 3689 3770 3740 novum,

2194 3763 2296 3817 nisi
2328 3778 2525 3833 corpus
2564 3762 2927 3828 Dominicum,
2969 3763 3109 3818 nulla
3141 3765 3349 3820 scilicet
3371 3766 3773 3834 praevaricatio-

2195 3853 2280 3908 nis
2325 3855 2563 3923 antiquae
2616 3853 2737 3909 labe
2789 3847 3080 3924 nigratuni,
3115 3855 3257 3909 nulla
3309 3857 3513 3911 veteris
3543 3857 3777 3912 hominis

2195 3945 2458 4000 abusione
2505 3945 2801 4001 detritum?
2847 3944 2988 4012 Quid
3018 3961 3181 4016 porro
3225 3945 3327 4013 sal,
3381 3949 3487 4004 nisi
3539 3949 3777 4005 eteiestis

2193 4037 2492 4109 sapientia?

2266 4129 2544 4200 Sapientia
2569 4128 2734 4198 igitur
2759 4128 2938 4186 Patris
2961 4130 3015 4185 iu
3043 4144 3240 4201 corpus
3270 4130 3558 4186 descendit
3586 4132 3777 4186 huma-

2195 4239 2350 4288 num,
2388 4232 2444 4276 et
2482 4222 2562 4277 sic
2590 4223 2656 4277 ad
2698 4221 3032 4278 fertilitatem
3087 4232 3141 4278 et
3181 4219 3364 4276 vitalis
3406 4222 3777 4294 intelligentia:

2196 4316 2534 4371 dulcedinem
2558 4315 2798 4370 omnium
2827 4317 3095 4371 convertit
3123 4315 3359 4370 ﬁdelium
3385 4326 3618 4370 mentes.
3654 4315 3778 4382 Qua:

2198 4405 2453 4462 nimirum
2477 4405 2700 4462 dulcedo
2732 4405 3103 4472 tandiulatuit,
3133 4421 3302 4475 usque
3322 4405 3447 4460 dum
3470 4405 3774 4475 salmerge-

510 4513 722 4560 norma,
751 4511 815 4550 ac
843 4496 1095 4550 omnibus
1123 4497 1310 4566 probis
1341 4496 1580 4551 moribus
1610 4496 1917 4566 disciplina.
1947 4493 2092 4552 Crux
2125 4485 2172 4544 Ι)
2200 4509 2348 4552 retur
2377 4496 2430 4550 in
2461 4511 2677 4566 aquam,
2707 4497 2759 4551 id
2783 4505 2885 4561 est,
2920 4513 3091 4568 usque
3136 4498 3261 4553 dum
3290 4498 3381 4552 ille
3415 4499 3682 4567 penderet
3726 4500 3776 4552 in

512 4588 782 4645 diabolum
826 4597 1015 4651 terret,
1060 4595 1120 4642 ιιι
1149 4586 1401 4656 elfugiat;
1435 4588 1674 4658 angelos,
1706 4597 1765 4642 ut
1789 4588 1857 4643 ad
1885 4601 1983 4643 nos
2013 4590 2095 4642 itt-

508 4681 845 4751 grediantur,
889 4679 1111 4745 invitat;
1155 4681 1540 4750 cogitationum
1585 4682 1962 4751 phantasmata
2006 4697 2093 4736 rc-
2131 4712 2153 4734 κ

510 4772 720 4841 primit,
761 4783 814 4826 et
860 4771 1122 4841 Spiritum
1164 4781 1407 4826 sanctum
1447 4775 1634 4836 castis,
1667 4791 1730 4828 ac
1763 4774 1976 4828 mundis
2004 4788 2098 4842 pe-

511 4863 750 4917 ctoribus
797 4863 1114 4916 introducit.
1174 4863 1322 4918 Crux
1375 4865 1606 4934 denique
1647 4864 1818 4920 lassos
1862 4874 2092 4926 recreat,

514 4952 760 5008 infirmos
806 4954 1049 5018 roborat,
1099 4962 1153 5009 et
1214 4954 1500 5009 titubantia
1550 4956 1850 5024 desperatae
1896 4955 2095 5009 mentis

513 5051 710 5090 arcana
741 5036 1027 5092 confortat.

587 5125 654 5178 Et
687 5124 814 5192 quid
857 5126 1086 5195 amplius
1124 5127 1336 5182 dicam?
1377 5128 1820 5198 Quandoquidem
1855 5143 1952 5198 per
1975 5143 2098 5183 cru-

516 5231 632 5252 nmn
667 5214 778 5252 R9!
825 5215 1005 5252 nlnI'i-u
1046 5228 1093 5252 nl
1145 5234 1238 5252 nnc
1280 5221 1344 5252 [In
1371 5229 1556 5252 nnlnnn
1590 5220 1796 5252 ninia-II:
1830 5221 2097 5252 ησυηαιΙΛηῖε

2199 4603 2381 4652 cruce,
2418 4589 2510 4658 qui
2537 4589 2704 4644 dixit:
2760 4609 2778 4642 ι
2809 4589 3028 4646 Salvum
3059 4607 3141 4645 me
3175 4591 3279 4654 fac,
3315 4591 3475 4652 Deus,
3524 4592 3777 4660 quoniam

2201 4679 2522 4736 introierunt
2585 4695 2740 4750 aqua:
2791 4696 2961 4750 usque
3010 4680 3075 4734 ad
3109 4681 3346 4734 animam
3377 4695 3558 4733 meam
3590 4678 3775 4751 (Paul.

2200 4773 2420 4840 vant).
2456 4790 2475 4823 ι
2509 4771 2586 4826 Ex
2619 4780 2746 4826 tunc
2789 4773 2937 4826 enim
2986 4773 3148 4828 homo
3194 4773 3380 4828 didicit
3404 4771 3535 4842 quid
3563 4774 3778 4829 deberet

2199 4874 2470 4932 appetere,
2498 4864 2626 4933 quid
2656 4865 2830 4920 vitare

2267 4957 2500 5021 Interea,
2522 4957 2720 5012 fratres
2739 4958 2868 5023 mei,
2894 4973 3000 5014 non
3027 4976 3122 5015 vos
3147 4960 3325 5030 pigeat
3349 4960 3417 5015 de
3438 4968 3777 5015 sacramento

2198 5048 2494 5103 Dominicie
2522 5049 2812 5119 passionis,
2858 5049 2942 5104 vel
2988 5050 3380 5106 incarnationis
3409 5051 3620 5120 aliquid
3657 5050 3775 5104 sub-

2203 5139 2298 5193 tile
2326 5154 2670 5210 tognoscere,
2693 5150 2748 5196 et
2778 5142 3016 5197 breviter
3040 5145 3240 5198 dictum
3271 5144 3480 5198 arctius
3508 5144 3776 5197 memoria:

2307 5231 2579 5252 .----_..l---
2657 5230 2760 5252 ο--
2814 5247 2926 5252 ..-νη
2985 5249 2999 5252 -
3076 5235 3159 5252 ννι
3227 5250 3236 5251 κ
3281 5249 3328 5251 4,
3375 5233 3535 5252 .!-e.,
3567 5249 3610 5252 ν-
3647 5233 3686 5252 ἢ
