3978 5328
233 258 348 314 773

1653 237 1886 300 βειυίο
1926 239 2154 296 XLVIII.

3395 239 3499 295 774

224 384 296 426 ea
323 362 695 423 nimirumdie
741 361 904 418 homo
925 358 1081 414 fleret
1127 354 1243 424 ejus
1281 363 1456 411 morte
1482 354 1812 424 redemptus,
1845 361 1888 420 Α
1919 353 2259 416 aediﬁcatum,
2281 364 2402 406 cum
2430 349 2615 419 etipse
2644 351 2909 414 senarius,
2971 348 3112 405 sicut
3162 365 3229 405 ex
3256 351 3496 405 ternario

229 474 344 529 quo
370 456 572 512 dudum
599 453 775 507 fuerat
802 450 972 520 ipsius
1001 448 1319 517 operatione
1363 445 1684 514 plasmatus.
1719 442 1818 497 Eo-

229 552 356 606 dezn
386 563 549 618 porro
578 547 662 600 die
684 544 749 599 de
774 552 922 598 costa
947 541 1046 595 viri
1072 539 1301 593 formata
1337 548 1420 592 est
1439 537 1572 601 Eva,
1618 550 1726 604 quo
1751 535 1817 589 de

230 637 407 692 latere
454 635 655 692 Christi
687 649 782 704 per
810 646 1007 700 aquam
1049 638 1102 682 et
1155 627 1468 696 sanguinem
1504 625 1672 678 exivit
1710 622 1813 676 Ec-

228 729 419 782 clesia.

309 816 598 870 Videamus
624 813 805 881 itaque
833 808 1104 880 quomodo
1125 823 1222 878 per
1244 807 1490 860 eumdem
1540 803 1815 859 senarium

229 923 523 964 numerum
550 904 815 959 Dominici
841 901 1088 971 corporis
1123 899 1377 968 templum
1410 898 1604 953 divinae
1635 898 1817 968 provi-

229 998 434 1053 dentia:
458 997 532 1051 sit
571 1005 689 1050 arte
742 1002 1136 1048 constructum.
1182 989 1464 1059 Templum
1507 1003 1638 1045 sane
1688 987 1816 1042 illud

227 1088 573 1144 Ilierusvlem
602 1101 697 1156 per
739 1084 1093 1154 quadraginta
1133 1091 1187 1137 et
1221 1097 1313 1135 sex
1343 1095 1606 1134 annorum
1637 1078 1816 1134 curri-

227 1178 358 1232 cula
383 1177 560 1231 fuerat
585 1175 932 1239 fabricatum;
965 1174 1104 1226 unde
1129 1181 1183 1226 et
1205 1187 1231 1223 a
1264 1169 1463 1223 Iudaeis
1487 1169 1711 1222 Domino
1736 1168 1817 1222 di-

226 1267 412 1320 citur:
443 1284 462 1317 ι
499 1264 865 1333 Quadraginta
905 1271 958 1316 et
986 1259 1150 1332 254
1177 1275 1268 1313 sex
1299 1258 1455 1311 annis
1495 1255 1816 1310 aedificatum

228 1367 321 1413 est
351 1356 608 1426 templum
639 1356 763 1419 hoc,
788 1364 844 1407 et
891 1363 943 1407 tu
975 1355 1026 1406 in
1060 1352 1235 1406 triduo
1267 1348 1562 1403 rezedificas
1601 1346 1726 1400 illud
1747 1347 1770 1400 ?
1791 1366 1812 1400 ι

229 1447 434 1518 (Joan.
464 1446 614 1515 vm.)
657 1445 757 1511 Qui
797 1443 1045 1499 videlicet
1075 1457 1331 1496 numerus
1359 1440 1401 1493 si
1426 1454 1520 1508 per
1543 1438 1816 1492 senarium

229 1538 472 1600 ducitur,
505 1550 666 1592 omne
698 1545 929 1605 tempus,
961 1549 1068 1603 quo
1099 1532 1356 1586 Dominus
1385 1531 1435 1584 in
1471 1529 1661 1600 matris
1701 1539 1819 1583 ute-

229 1641 297 1680 ro
329 1626 550 1691 mansit,
615 1625 885 1694 impletur.
939 1623 1074 1678 Nam
1104 1621 1429 1692 quadragies
1473 1620 1650 1674 sexies
1681 1618 1816 1683 seni,

1917 445 2138 507 crescit,
2171 444 2242 497 ita
2270 441 2618 496 nihilominus
2653 449 2709 498 et
2739 442 2790 496 in
2842 440 3138 495 ternarium
3170 439 3491 496 resolvatur.

1922 533 2069 589 Unus
2099 535 2263 598 enim,
2292 542 2348 587 et
2377 532 2505 598 duo,
2536 540 2590 587 et
2622 542 2750 596 tres,
2797 547 2888 586 sex
2950 531 3116 585 fiunt:
3143 539 3197 586 et
3218 531 3496 602 reciproce

1918 624 2196 678 dimidium
2226 621 2426 676 senarii
2476 630 2587 676 tres
2631 631 2784 686 sunt,
2823 621 2977 675 tertia
3013 637 3136 690 pars
3187 621 3314 686 duo,
3345 630 3498 676 sexta

1920 730 2105 766 unum.
2159 712 2260 779 Qui
2311 712 2556 767 videlicet
2588 727 2844 767 numerus
2881 713 3084 767 idcirco
3115 713 3388 782 perfectus
3418 713 3501 767 di-

1919 804 2078 864 citur,
2105 803 2230 872 quia
2263 803 2341 857 sic
2368 817 2435 856 ex
2476 803 2589 858 suis
2634 803 2880 872 partibus
2908 812 3138 858 constat.
3186 803 3304 860 Uro
3345 805 3503 876 plane

1920 892 2006 947 die
2030 893 2263 964 integro,
2288 902 2343 948 et
2367 893 2574 948 duabus
2605 893 2853 949 noctibus
2887 894 2936 948 in
2960 894 3210 964 sepulcro
3243 896 3504 952 Dominus

1914 982 2113 1053 jacnit;
2144 983 2268 1051 quia
2313 999 2417 1037 una
2442 982 2521 1038 sui
2549 984 2794 1051 corporis
2837 993 3008 1038 morte
3053 999 3085 1039 a
3129 985 3336 1040 duabus
3383 1001 3500 1052 nos,

1921 1071 2114 1128 anima:
2141 1072 2387 1127 videlicet
2433 1082 2489 1129 et
2517 1075 2758 1144 corporis
2812 1074 3095 1141 mortibus,
3141 1075 3404 1130 liberavit.
3439 1077 3506 1131 Et

1920 1174 2066 1218 recte
2089 1180 2184 1231 per
2210 1163 2350 1219 diem
2385 1181 2531 1220 mors
2561 1165 2772 1219 Domini
2799 1167 3135 1236 designatur,
3169 1183 3271 1236 qua
3306 1183 3403 1222 nos
3435 1167 3503 1222 ad

1920 1252 2096 1306 lucem
2129 1253 2460 1308 reducimur.
2495 1251 2687 1308 Nostra
2735 1265 2915 1308 autem
2950 1271 3095 1310 mors
3135 1267 3363 1326 utraque
3407 1272 3507 1327 per

1923 1351 2161 1408 noctem,
2211 1358 2331 1411 quae
2380 1343 2634 1398 nimirum
2672 1343 2827 1399 nobis
2869 1360 2934 1397 ex
2985 1353 3208 1414 peccato
3255 1345 3504 1404 debetur.

1922 1431 2114 1486 Totum
2147 1443 2324 1487 autem
2350 1433 2451 1490 hoc
2477 1434 2712 1488 triduum
2741 1435 2792 1488 in
2827 1435 3076 1490 humana:
3098 1437 3286 1492 salutis
3308 1453 3507 1506 expeno

1921 1523 2066 1577 ditur
2094 1524 2496 1580 evidentissime
2537 1536 2956 1581 sacramentum.
2999 1527 3130 1582 Nam
3183 1538 3336 1584 sexta
3368 1528 3505 1588 feria

1920 1613 2081 1684 255
2114 1631 2329 1684 passus,
2357 1615 2598 1672 Sabbato
2626 1616 2677 1671 in
2703 1619 2950 1686 sepulcro
3003 1619 3231 1688 quievit,
3275 1621 3361 1677 die
3400 1621 3508 1676 Do-

225 1721 454 1776 ducenti
481 1721 816 1792 septuaginta
842 1736 938 1774 sex
973 1719 1089 1774 dies
1133 1719 1284 1772 liunt.
1333 1717 1432 1785 Qui
1466 1717 1673 1770 dierum
1720 1731 1822 1770 nu-

1933 1706 2121 1761 minico
2147 1708 2460 1762 resurrexit.
2491 1708 2624 1763 Tota
2652 1719 2832 1764 autem
2858 1710 2972 1765 'nzec
3005 1712 3112 1765 vita
3164 1713 3317 1768 nobis
3345 1724 3500 1768 sexta

233 1826 424 1865 merus
453 1811 684 1881 complet
707 1826 896 1865 novem
928 1823 1162 1872 menses,
1189 1817 1240 1862 et
1266 1822 1355 1861 sex
1389 1806 1528 1869 dies,
1555 1805 1646 1874 qui
1677 1805 1822 1858 vide-

234 1902 367 1957 licet
400 1912 657 1973 tanquam
707 1904 891 1958 decem
946 1916 1159 1956 menses
1215 1899 1550 1968 parientibus
1607 1897 1825 1952 feminis

233 1993 594 2064 imputantur.
623 1991 737 2047 Non
771 1993 894 2063 quia
939 2007 1127 2046 omnes
1182 1992 1435 2046 mulieres
1482 1991 1548 2044 ad
1607 1999 1823 2044 sextum

235 2086 382 2140 diem
413 2095 534 2154 post
556 2101 758 2145 nonum
791 2100 1028 2140 mensem
1058 2085 1316 2154 pariturae
1359 2083 1698 2152 perveniant,
1731 2081 1824 2136 sed

225 2176 364 2246 quia
397 2185 475 2231 tot
501 2177 708 2241 diebus,
739 2177 806 2231 ad
854 2185 1068 2245 partum
1114 2175 1368 2244 perducta
1402 2173 1515 2242 ipsa
1565 2170 1826 2242 perfectio

237 2267 509 2322 Dominici
561 2267 804 2336 corporis
863 2266 1218 2335 comperitur,
1249 2264 1394 2319 sicut
1441 2279 1471 2316 a
1527 2261 1827 2330 majoribus

239 2355 502 2422 traditur,
554 2365 608 2410 et
658 2355 811 2410 firma
854 2356 1180 2409 auctoritate
1219 2353 1474 2409 Ecclesia:
1501 2354 1823 2407 custoditur.

233 2447 444 2502 Octavo
469 2463 698 2517 namque
721 2446 988 2502 Kalendas
1009 2447 1210 2516 Aprilis
1241 2454 1536 2514 conceptus
1563 2443 1824 2509 creditur,

238 2553 350 2607 quo
373 2547 428 2592 et
475 2553 684 2607 passus.
715 2537 790 2592 Eo
821 2536 1071 2592 videlicet
1119 2535 1206 2591 die
1235 2535 1476 2606 sepultus
1511 2544 1592 2590 est
1625 2535 1676 2588 in
1711 2549 1826 2587 mo-

239 2638 506 2683 numento
534 2643 691 2692 novo,
721 2628 810 2684 ubi
839 2643 938 2684 nec
970 2637 1117 2691 ante,
1142 2641 1240 2681 nec
1264 2635 1386 2697 post
1411 2626 1696 2695 quisquam
1742 2633 1826 2680 est

239 2717 453 2787 positus
481 2727 836 2780 mortuorum,
864 2732 972 2786 quo
1001 2719 1296 2785 conceptus
1321 2723 1404 2770 est
1436 2717 1488 2769 in
1519 2725 1674 2770 utero
1701 2714 1824 2785 Vir-

240 2805 407 2875 ginis,
430 2806 519 2859 ubi
568 2815 784 2861 constat
827 2805 1032 2860 nullum
1075 2809 1398 2860 seminatum
1424 2803 1593 2858 fuisse
1621 2812 1826 2856 morta-

241 2895 397 2950 lium.
464 2895 633 2951 Natus
688 2907 870 2952 autem
919 2897 1154 2951 traditur
1207 2905 1400 2952 octavo
1447 2893 1714 2948 Kalendas
1738 2892 1828 2948 Ja-

239 3004 486 3042 ηυτυίειε.

1927 1796 2058 1851 feria
2087 1808 2199 1862 est;
2226 1799 2350 1868 quia
2377 1799 2625 1854 videlicet
2645 1816 2862 1854 crucem
2888 1810 3008 1869 post
3038 1802 3321 1858 Dominum
3348 1805 3505 1874 baju-

1926 1889 2038 1944 lare
2074 1891 2350 1960 jubemur.
2393 1893 2436 1946 Α
2462 1893 2548 1948 die
2586 1902 2767 1947 autem
2816 1895 2994 1947 exitus
3040 1896 3208 1949 nostri
3241 1911 3410 1967 usque
3439 1897 3509 1951 ad

1919 1980 2180 2050 judicium
2213 1983 2363 2052 quasi
2390 1981 2684 2037 Sabhatum
2702 1983 2934 2047 ducitur,
2954 1985 3076 2051 quia
3101 1983 3314 2038 interim
3344 1984 3503 2040 beata

1927 2071 2114 2140 requie
2135 2083 2338 2125 sancta:
2372 2072 2562 2125 animze
2593 2071 2967 2141 perfruuntur.
3020 2072 3074 2126 In
3108 2075 3504 2129 resurrectione

1927 2171 2109 2216 autem
2165 2178 2455 2232 corporum
2515 2164 2783 2232 paschalis
2821 2165 2976 2219 nobis
3029 2165 3203 2218 oritur
3233 2164 3368 2231 dies,
3413 2165 3505 2236 qui

1928 2251 2075 2306 nullo
2101 2252 2204 2307 fine
2237 2253 2598 2320 concluditur,
2628 2254 2721 2309 sed
2746 2265 3018 2326 perpetua:
3045 2254 3386 2324 jucunditate
3408 2256 3503 2311 Iae-

1929 2343 2059 2398 titia:
2087 2342 2333 2399 feriatur.

2004 2431 2069 2488 Ut
2091 2449 2220 2503 ergo
2249 2436 2315 2489 ad
2336 2435 2475 2488 hanc
2500 2434 2832 2490 Dominicam
2864 2453 2962 2507 per
2985 2436 3280 2494 Sabbatum
3317 2439 3502 2494 valea-

1929 2539 2049 2576 mus
2075 2535 2434 2597 congruenter
2463 2528 2754 2596 attingere,
2798 2544 3022 2586 necesse
3065 2541 3169 2594 est,
3223 2546 3320 2585 nos
3366 2547 3508 2587 nunc

1929 2631 2142 2670 crucem
2174 2626 2295 2686 post
2317 2615 2498 2671 Jesum
2529 2617 2846 2686 hajulantes,
2870 2629 3076 2674 sextam
3095 2621 3299 2690 jngiter
3315 2623 3503 2676 feriam

1929 2707 2221 2762 celebrare.
2256 2709 2502 2780 Alioquin
2539 2710 2582 2764 si
2641 2721 2971 2780 praepostero
3004 2713 3195 2767 ordine
3224 2728 3364 2768 nunc
3407 2714 3507 2767 sub

1929 2800 2109 2856 carnis
2133 2799 2248 2871 lege
2270 2801 2511 2856 viventes
2535 2802 2687 2870 quasi
2729 2802 3062 2856 Dominicam
3086 2803 3355 2869 ducimus,
3382 2819 3508 2875 pro-

1931 2890 2016 2945 Cnl
2048 2890 2207 2945 dubio
2239 2893 2578 2961 postmodum
2605 2909 2708 2946 non
2736 2892 2987 2964 gaudium
3013 2895 3228 2965 gaudio,
3262 2895 3354 2950 sed
3407 2896 3506 2950 tri-

1931 2983 2207 3038 bulatione
2267 2992 2555 3036 mutamus.
2610 2981 2746 3036 l‘linc
2777 2992 2860 3038 est
2889 2987 3036 3038 enim
3081 2987 3223 3055 quod
3254 2985 3512 3040 Dominus

324 3075 410 3132 Ab
431 3077 548 3147 ipso
569 3093 697 3148 ergo
725 3077 1098 3148 conccptionis
1125 3077 1212 3132 die
1239 3091 1409 3146 usque
1437 3076 1502 3130 ad
1531 3077 1670 3131 diem
1715 3075 1824 3130 Na-
1855 3071 1896 3132 (ἶ
1930 3074 2068 3126 sicut
2092 3072 2447 3142 quadraginta
2478 3072 2666 3126 diebus
2699 3073 2750 3125 in
2781 3088 2965 3128 eremo
2994 3075 3148 3140 vixit,
3180 3076 3512 3147 totidemque

245 3166 478 3220 tivitatis
512 3170 729 3222 ducenti
757 3168 1097 3239 septuaginta
1146 3183 1241 3223 sex
1300 3168 1644 3238 reperiuntur
1688 3168 1826 3231 dies,

243 3257 339 3326 qui
368 3258 643 3312 senarium
674 3274 957 3312 numerum
979 3258 1301 3329 quadragies
1327 3258 1504 3313 sexies
1529 3257 1824 3311 continent.

244 3345 366 3412 Quo
425 3346 590 3416 igitur
637 3362 862 3402 numero
908 3346 1173 3416 lapideum
1212 3347 1339 3401 illud
1392 3347 1645 3417 templum
1696 3362 1762 3399 an
1793 3348 1834 3401 i-

246 3436 434 3504 quitus
478 3446 560 3491 est
603 3438 950 3505 aedificatum,
1009 3438 1196 3493 eodem
1247 3454 1461 3507 quoque
1512 3454 1737 3493 numero
1777 3446 1832 3492 ct

245 3527 510 3596 templum
562 3527 825 3582 Dominici
857 3527 1099 3598 corporis
1127 3543 1222 3596 per
1256 3529 1529 3581 senarium
1587 3537 1668 3580 est
1709 3544 1833 3597 per-

245 3616 471 3671 fectum.
506 3617 618 3672 llac
645 3620 1016 3674 tantummodo
1045 3619 1374 3674 discretione
1428 3629 1663 3684 servata,
1687 3619 1831 3688 quod

248 3709 303 3763 in
330 3710 736 3763 constructione
765 3709 946 3780 templi
984 3725 1251 3764 annorum
1279 3725 1537 3764 mnu-frus
1588 3710 1832 3778 ponitur,

247 3798 304 3853 in
328 3799 689 3854 aedificatione
716 3815 844 3855 vero
868 3801 1110 3871 corporis
1134 3800 1348 3855 Domini
1400 3801 1610 3855 dierum
1652 3800 1837 3855 calcu-

247 3887 332 3944 lus
354 3898 696 3959 supputatur.

316 3983 601 4038 Annorum
660 3985 824 4054 igitur
871 4000 1126 4040 numerus
1150 3984 1330 4054 templi
1363 3984 1504 4041 illius
1550 3985 1757 4056 antiqui
1789 3985 1834 4040 si

247 4091 348 4146 per
385 4070 664 4130 senarium
699 4076 935 4141 ducitur,
983 4091 1170 4131 omnes
1211 4077 1351 4143 dies,
1393 4078 1589 4147 quibus
1639 4078 1837 4131 mansit

252 4171 514 4223 Dominus
572 4170 624 4224 in
668 4169 910 4240 virgineo
955 4181 1143 4224 ventre
1190 4168 1507 4239 completur.
1538 4167 1836 4236 Conjuncto

253 4262 437 4331 itaque
461 4278 709 4328 numero,
745 4279 851 4333 quo
882 4263 1020 4316 Deus
1049 4278 1212 4333 opera
1260 4279 1354 4316 sua
1390 4262 1535 4327 fecit,
1592 4279 1711 4316 cum
1745 4263 1836 4318 illo

251 4368 358 4421 quo
382 4353 644 4423 Iemplum
671 4362 752 4409 est
775 4352 1070 4416 conditum,
1106 4354 1314 4406 domini
1355 4369 1550 4422 corpus
1579 4347 1830 4418 efﬁcitur,

251 4453 310 4495 ut
359 4443 516 4498 nobis
567 4443 726 4496 detur
768 4443 1014 4513 intelligi,
1057 4443 1182 4511 quia
1212 4459 1308 4512 per
1349 4441 1494 4496 illud"
1530 4443 1833 4500 divinitatis
1859 4425 1911 4485 D

253 4535 535 4604 templum,
567 4537 709 4605 quod
753 4535 805 4588 in
836 4535 1071 4606 Virginis
1104 4545 1256 4589 utero
1305 4545 1674 4589 constructum
1725 4546 1830 4603 est,

251 4627 506 4681 universa
541 4627 782 4681 suntDei
807 4641 966 4695 opera
995 4635 1318 4679 restaurata.
1355 4625 1508 4680 Sient
1534 4626 1664 4680 dicit
1689 4627 1833 4694 Apo-

251 4716 452 4770 stolus:
491 4736 509 4766 ι
551 4716 685 4783 Quia
718 4717 994 4785 proposuit
1025 4717 1166 4771 Deus
1192 4716 1246 4769 in
1272 4717 1671 4784 dispensatione
1717 4717 1834 4786 ple-

251 4809 518 4863 nitudinis
568 4819 868 4878 temporum
920 4808 1220 4862 instaurare
1264 4809 1441 4861 omnia
1494 4808 1544 4860 in
1596 4806 1832 4873 Christ),

253 4917 373 4969 qua!
403 4901 455 4954 in
480 4901 658 4955 caelis.
681 4909 736 4955 et
764 4901 819 4955 in
845 4900 1007 4954 terris
1050 4907 1177 4954 sunt
1207 4900 1258 4953 in
1292 4903 1404 4970 ipso
1433 4899 1662 4968 (Ep/tes.
1695 4902 1768 4970 l).
1813 4920 1830 4953 ι

251 4990 360 5046 Sed
387 4992 489 5045 hoc
517 4990 760 5058 corporis
802 4989 1076 5058 templum,
1131 4988 1270 5056 quod
1302 5003 1397 5056 per
1432 4989 1704 5042 senarium
1737 5005 1838 5043 nu-

250 5097 464 5137 merum
494 5080 610 5134 ﬁeri
661 5080 838 5132 divina
889 5077 1217 5147 providentia
1249 5080 1437 5138 voluit,
1491 5078 1662 5131 tribus
1695 5078 1842 5132 horis

247 5171 769 5240 Judaicaimpietate
798 5169 1106 5230 resolutum,
1144 5165 1320 5221 triduo
1343 5166 1705 5229 remdifieavit,
1735 5169 1840 5222 sic--

292 5277 304 5290 ι
359 5266 472 5290 2...-
530 5265 690 5290 .12,,Ξα.
754 5279 769 5290 .
811 5260 1008 5290 ρ,.1..ειη
1042 5259 1293 5290 carni-dum
1329 5261 1430 5290 I‘nn
1479 5269 1528 5290 nl
1585 5270 1697 5290 nne!
1745 5270 1756 5290 I

1930 3173 2048 3236 post
2077 3162 2531 3218 resurrectionem
2559 3178 2678 3217 cum
2702 3164 2976 3233 discipulis
2999 3164 3129 3230 fuit;
3164 3166 3235 3220 ita
3263 3167 3423 3221 etiam
3444 3169 3512 3222 ab

1931 3257 2046 3325 ipso
2078 3272 2188 3311 suze
2215 3256 2404 3310 mortis
2434 3255 2686 3320 articulo,
2713 3273 2882 3325 usque
2904 3257 2970 3311 ad
3007 3257 3298 3314 diluculum
3328 3275 3511 3314 resur-

1932 3348 2184 3404 rectionis
2214 3348 2572 3418 quadraginta
2603 3349 2764 3402 horas
2787 3350 2995 3404 habuit.
3026 3349 3176 3404 Sicut
3202 3351 3362 3420 igitur
3392 3352 3509 3406 illo-

1933 3455 2052 3492 rum
2079 3437 2286 3491 dierum
2340 3453 2584 3501 numero,
2637 3439 2709 3491 ita
2769 3439 3117 3495 nihilominus
3149 3449 3202 3493 et
3233 3441 3511 3508 horarum,

1932 3543 2068 3598 quas
2090 3527 2347 3592 diximus,
2380 3527 2545 3582 totius
2569 3527 2690 3581 vita:
2709 3537 2906 3582 nostra:
2930 3537 3140 3598 tempus
3167 3531 3512 3602 exprimitur,

1935 3629 1993 3673 ut
2022 3619 2161 3674 sicut
2216 3618 2302 3672 ille
2344 3618 2774 3688 quadragenario
2803 3619 3060 3674 horarum
3103 3636 3330 3677 numero
3370 3637 3515 3677 mor-

1936 3719 2059 3764 tuus
2082 3709 2300 3773 mansit,
2337 3709 2412 3762 ita
2443 3718 2494 3764 et
2521 3724 2618 3764 nos
2669 3709 2742 3763 illi
2797 3712 3118 3766 commortui
3149 3714 3386 3782 quandiu
3426 3713 3515 3768 hic

1935 3802 2190 3864 vivimus,
2221 3803 2272 3856 in
2293 3801 2472 3856 carnis
2494 3816 2706 3874 semper
2736 3801 3150 3857 mortificatione
3174 3804 3438 3859 vivamus.

2005 3896 2086 3950 Ad
2133 3894 2494 3964 superandum
2545 3908 2675 3964 ergo
2727 3893 3022 3958 diabolum,
3082 3887 3521 3966 crucis'insigne

1936 3986 2093 4040 nobis
2117 3995 2301 4040 noster
2329 3986 2625 4054 imperator
2657 3985 2935 4051 exhibuit;
2970 3994 3025 4040 et
3074 4001 3140 4040 ne
3170 3987 3327 4042 nobis
3356 4003 3520 4058 grave

1937 4077 2234 4140 videretur,
2293 4076 2447 4147 prius
2475 4076 2587 4146 ipse
2640 4077 2890 4146 gestavit.
2926 4077 3037 4132 Hoc
3069 4077 3300 4148 denique
3332 4077 3524 4134 salutis

1937 4178 2136 4225 nostrae
2158 4167 2492 4240 signaculum
2531 4183 2636 4224 non
2665 4168 2835 4224 solum
2882 4171 3074 4235 sacris,
3105 4169 3217 4226 sive
3241 4171 3521 4226 sacrandis

1938 4262 2100 4316 rebus
2131 4247 2508 4330 imprimimus,
2540 4260 2635 4316 sed
2665 4261 2827 4315 etiam
2845 4260 3131 4326 alimentis,
3160 4261 3276 4316 sive
3297 4261 3522 4332 quibus-

1937 4355 2068 4409 libet
2128 4355 2292 4408 etiam
2319 4354 2478 4408 rebus
2497 4352 2812 4408 domesticis
2842 4352 3195 4417 adhibemus;
3225 4362 3282 4407 ut
3306 4353 3526 4407 eviden-

1939 4457 2020 4502 ter
2046 4457 2324 4516 appareat,
2356 4445 2499 4515 quod
2523 4452 2576 4498 et
2603 4445 2858 4510 homo,ct
2879 4457 3105 4513 quaeque
3135 4442 3372 4497 humano
3399 4450 3528 4497 sunt

1939 4537 2058 4590 usui
2085 4535 2406 4598 necessaria,
2438 4533 2596 4604 hujus
2611 4534 2810 4587 virtute
2837 4533 2975 4603 signi
3000 4549 3026 4584 a
3045 4532 3168 4602 jure
3184 4540 3308 4587 sunt
3328 4533 3526 4587 daemo-

1941 4641 2069 4680 num
2096 4626 2359 4679 absoluta.
2390 4623 2521 4676 Nam
2553 4632 2608 4677 et
2653 4623 2705 4677 in
2749 4621 2867 4692 ipso
2925 4623 3304 4692 Redemptoris
3349 4622 3524 4676 nostri

1939 4717 2198 4789 patibulo,
2236 4726 2386 4771 tanto
2412 4730 2516 4770 non
2534 4715 2808 4780 humanae,
2839 4715 2932 4768 sed
2969 4714 3162 4769 divina:
3207 4714 3341 4768 artis
3363 4714 3525 4769 beata

1942 4821 2076 4860 crux
2109 4805 2301 4859 librata
2350 4813 2434 4858 est
2483 4803 2838 4875 magisterio;
2893 4812 2952 4857 ut
3005 4812 3168 4873 caput
3219 4802 3426 4857 Domini
3459 4803 3532 4856 ad

1942 4899 2228 4964 orientem,
2243 4897 2409 4968 pedes
2425 4897 2490 4952 ad
2503 4897 2859 4960 occidentem,
2880 4898 3100 4950 dextera
3117 4897 3184 4951 ad
3199 4895 3533 4963 aquilonem,

1945 4990 2163 5043 sinistra
2196 4989 2444 5043 tenderet
2467 4987 2533 5041 ad
2557 4987 2833 5042 meridiem
2853 5003 2866 5051 ;
2885 4995 3156 5055 quatenus
3179 4984 3357 5040 mundi
3383 4982 3546 5052 prin-

1946 5079 2119 5148 cipem
2149 5079 2216 5131 ab
2265 5077 2518 5130 omnibus
2548 5078 2784 5146 undique
2833 5076 3000 5146 plagis
3027 5077 3366 5138 excluderet,
3409 5071 3555 5128 dum

1947 5169 2233 5238 quadriﬁdi
2275 5166 2425 5220 orbis
2459 5168 2674 5222 climata
2707 5185 2800 5238 per
2829 5167 3158 5237 quadratam
3207 5168 3380 5223 crucis
3412 5179 3556 5232 spe-

1950 5259 2084 5290 nitu“
2115 5267 2402 5290 nnnnnnrn!
2456 5258 2608 5290 'Ian
2630 5269 2678 5290 nl
2715 5261 2827 5290 Inan
2849 5258 2972 5290 l':l|:'
2995 5273 3009 5287 ο
3043 5278 3060 5290 ι
3107 5261 3256 5290 λῖηιιη
3285 5254 3560 5290 indit-inn“
