3978 5328
462 205 567 262 775

1037 201 1095 259 s.
1137 203 1339 261 parm
1380 199 1663 257 DAMIANl
1702 199 1855 258 ore.
1895 165 2072 252 Mus
2112 194 2240 253 seu
2291 194 2528 252 renus
2564 195 2625 251 ιι.
2668 226 2739 236 -
2779 195 3168 255 SERMONES.

3639 200 3749 257 τῖε

460 335 575 380 tum
598 327 791 379 cuncta
822 296 1222 392 respiceret,iet
1250 337 1315 376 ex
1341 321 1538 376 virtute
1567 319 1749 375 omnia
1776 318 2053 373 liberaret.
2086 318 2131 378 Α
2160 315 2308 369 tione
2336 314 2687 383 suspendere,
2714 328 2875 384 quem
2926 312 3122 369 coelum
3173 320 3231 368 et
3273 322 3417 367 terra
3467 325 3751 383 nequeunt

463 416 615 472 Tunc
638 414 794 488 plane
818 424 937 470 erat
979 428 1112 468 crux
1160 412 1440 467 humiliata
1470 427 1593 468 cum
1626 410 1875 477 Domino,
1924 423 2052 465 ecce

461 506 645 562 veniet
664 494 898 559 exaltata
938 519 1061 558 cum
1090 503 1338 559 Domino.
1632 518 1633 521 ‘

536 594 670 651 Nolo
693 611 787 649 vos
812 595 995 659 lateat,
1022 593 1218 649 fratres
1247 594 1372 658 mei,
1395 594 1520 664 quia
1544 594 1599 648 in
1630 592 1895 648 tremendi
1924 606 2055 646 exa-

462 685 628 743 minis
660 687 748 745 die
770 687 924 741 beata
954 701 1085 740 crux
1116 684 1258 740 ulnis
1300 685 1585 740 advehitur
1616 683 1952 755 angelorum,
1997 690 2055 738 et

466 784 596 831 ante
623 774 864 830 omnium
896 775 1117 846 ponitur
1138 790 1229 829 ora
1262 774 1590 829 mortalium.
1619 773 1735 828 Non
1761 788 1895 828 auro
1914 771 2053 840 jam,

462 866 547 920 vel
573 865 802 935 gemmis
839 873 1047 925 ornata,
1082 865 1177 919 sed
1200 863 1496 919 radiantior
1518 864 1624 919 erit
1648 863 1784 928 sole,
1811 862 1895 917 vel
1922 861 2053 917 stel-

463 959 532 1016 lis
558 975 628 1016 ex
650 960 848 1014 virtute
873 958 1076 1013 divina.
1103 957 1382 1027 Proposita
1410 965 1558 1012 certe
1598 965 1727 1011 tunc
1749 957 1854 1010 erit
1878 956 1931 1010 in
1960 970 2053 1010 eo-

464 1050 587 1106 rum
610 1042 860 1120 gloriam,
888 1049 978 1118 qui
1027 1065 1145 1102 eam
1197 1047 1483 1119 diligentes
1524 1062 1587 1102 ex
1619 1047 1889 1103 charitate
1915 1060 2056 1101 com-

463 1139 607 1211 plexi
635 1149 784 1204 sunt,
809 1148 864 1192 et
908 1154 938 1193 e
983 1139 1199 1193 diverso
1247 1139 1300 1192 in
1328 1153 1514 1192 eorum
1557 1137 1932 1207 opprobrium,
1962 1136 2053 1205 qui

463 1249 584 1287 eam
629 1243 751 1304 post
799 1231 1221 1301 Redemptorem
1272 1246 1429 1285 suum
1478 1238 1696 1300 portare
1746 1229 2051 1284 noluerunt.

466 1321 622 1387 Nam,
650 1330 711 1375 ut
741 1330 1014 1375 taceamus
1041 1319 1258 1375 interim
1285 1320 1351 1374 de
1376 1319 1485 1384 his,
1518 1320 1608 1388 qui
1651 1334 1775 1373 cum
1810 1331 2057 1388 pupuge-

470 1421 619 1479 runt,
680 1420 735 1465 et
764 1412 891 1482 quia
938 1411 1195 1481 plangent
1240 1427 1299 1466 se
1349 1426 1511 1481 super
1540 1397 1614 1465 se.
1656 1426 1846 1465 omnes
1884 1411 2056 1464 tribus

470 1486 665 1571 terrae,
713 1505 892 1559 omnis
949 1504 1002 1558 in
1053 1519 1161 1574 quo
1219 1512 1346 1559 tunc
1398 1501 1559 1571 hujus
1606 1501 1869 1557 salutiferi
1917 1501 2055 1571 signi

470 1594 645 1665 figura
672 1609 779 1650 non
803 1593 1067 1657 cernitur,
1093 1594 1240 1648 velut
1277 1603 1570 1647 extraneus
1597 1601 1652 1646 et
1678 1590 1890 1663 ignotus
1917 1592 2060 1645 inter

2154 406 2453 479 sustinere}
2484 406 2528 461 Ο
2550 422 2680 461 crux
2705 406 2894 475 purior
2914 406 3075 469 vitro,
3105 404 3420 459 rutilantior
3444 419 3606 468 auro,
3629 419 3751 474 qua

2155 508 2412 568 tanquam
2438 500 2790 554 vernantihus
2811 498 3038 568 gemmis
3060 508 3115 551 et
3130 497 3463 568 margaritis,
3485 497 3750 551 membris

2154 600 2346 647 ornata
2373 608 2434 647 es
2456 590 2799 646 Salvatoris!
2849 591 2893 647 Ο
2941 606 3075 645 crux
3122 590 3247 643 luna
3291 590 3611 653 micantior,
3639 590 3751 644 sole

2153 681 2508 752 Splendidior,
2572 696 2692 751 quae
2712 697 2823 751 prae
2870 681 3034 736 divini
3082 681 3457 751 magnitudine
3509 681 3748 745 luminis,

2156 772 2440 827 Stellarum
2457 771 2647 840 jubar,
2670 783 2725 827 et
2751 772 2930 827 omnia
2977 772 3103 827 caeli
3151 782 3297 826 astra
3332 772 3633 841 praecedis!
3671 770 3749 824 Tu

2155 862 2269 918 sola
2292 864 2433 918 inter
2450 864 2632 919 omnia
2659 864 2799 933 ligna
2831 863 3089 917 silvarum
3113 862 3287 916 electa
3312 878 3373 916 es
3405 865 3475 916 ad
3500 862 3751 915 human

2156 952 2543 1023 redemptionis
2590 953 2847 1010 ofﬁcium.
2910 956 2988 1011 Tu
3043 959 3253 1027 pondus
3290 957 3422 1013 illud
3480 959 3751 1014 sustinete

2155 1045 2423 1110 meruisti,
2454 1045 2605 1115 cujus
2644 1048 2845 1103 virtute
2887 1049 3083 1104 malum
3135 1050 3393 1116 volvitur,
3433 1061 3588 1105 terra
3626 1066 3749 1103 sus-

2154 1135 2436 1205 penditur,
2467 1145 2525 1190 et
2567 1136 2819 1191 universa
2852 1139 3037 1192 mundi
3068 1140 3315 1194 machina
3347 1155 3637 1208 nunquam
3665 1155 3752 1191 ca-

2155 1244 2283 1284 sura
2311 1229 2557 1284 libratur.
2594 1231 2670 1286 Te
2722 1240 2927 1286 tartara
2967 1242 3234 1297 metuunt,
3263 1233 3442 1303 angeli
3487 1240 3750 1288 venerati:-

2156 1324 2264 1386 tur,
2293 1329 2348 1376 et
2371 1321 2546 1376 omnis
2578 1336 2758 1376 rerum
2783 1332 3031 1377 creatura
3062 1325 3313 1381 miratur.

2227 1412 2271 1468 Ο
2298 1427 2423 1467 vere
2452 1414 2644 1467 nobilis
2676 1415 2859 1480 arbor,
2887 1431 3006 1485 qum
3050 1416 3117 1470 de
3166 1427 3388 1471 terreno
3416 1417 3646 1487 quidem
3670 1432 3756 1471 cc-

2156 1503 2298 1572 spite
2324 1512 2444 1558 orta
2479 1505 2729 1572 procedis
2754 1545 2768 1570 ,
2814 1507 2906 1559 sed
2935 1521 3098 1575 super
3122 1517 3268 1561 astra
3295 1507 3417 1562 coeli
3446 1506 3641 1562 felices
3667 1523 3750 1561 ra-

2157 1607 2278 1647 mos
2308 1592 2569 1661 expandis
2595 1593 2608 1646 !
2638 1592 2779 1650 Olim
2810 1594 3028 1664 quidem
3074 1596 3283 1651 fructus
3320 1608 3445 1652 tuus
3492 1598 3752 1668 gehenuz

471 1683 976 1755 reprobos,justitia
1002 1683 1166 1755 256
1193 1683 1452 1749 dictante,
1481 1682 1761 1752 repellitur
1796 1699 1811 1736 :
1839 1682 1930 1751 qui
1959 1697 2058 1735 au-
2087 1683 2136 1743 B
2163 1690 2285 1736 erat
2328 1683 2596 1738 obnoxius
2619 1724 2634 1749 ,
2668 1694 2796 1738 tunc
2842 1686 3037 1739 cedrus
3078 1687 3353 1755 germinas
3380 1688 3676 1754 paradiso;
3704 1696 3755 1739 et

470 1782 578 1827 tem
610 1771 772 1843 hujus
803 1774 969 1829 divini
1010 1774 1150 1828 tituli
1198 1773 1545 1845 reperiuntur
1602 1773 1959 1843 impressione
1986 1774 2060 1828 si-

468 1864 639 1933 gnati,
671 1864 797 1935 quia
827 1864 1209 1935 Redemptoris
1229 1864 1311 1919 sui
1331 1863 1459 1919 facti
1508 1872 1631 1920 sunt
1658 1865 1961 1919 imitatores
2004 1865 2058 1921 in

474 1968 659 2022 perita,
685 1950 812 2009 tunc
834 1954 1007 2010 eidem
1030 1952 1205 2010 Judici
1228 1954 1523 2024 participes
1549 1953 1849 2010 etiicientur
1868 1955 1925 2009 in
1946 1955 2062 2026 glo-

479 2044 582 2097 ria.

542 2130 692 2186 Tunc
716 2133 898 2203 itaque
923 2133 1014 2189 fiet
1043 2135 1185 2203 quod
1215 2134 1508 2205 Apostolus
1557 2136 1664 2190 ait:
1695 2153 1713 2188 ι
1770 2134 1906 2204 Quia
1935 2152 2060 2192 cum

472 2225 763 2280 tradiderit
786 2242 1008 2298 regnum
1032 2229 1142 2284 Deo
1170 2229 1344 2296 Patri,
1380 2246 1504 2287 cum
1554 2236 1905 2290 cvacuaverit
1946 2249 2064 2288 om-

473 2332 599 2371 nem
630 2316 1011 2388 principatum,
1041 2328 1096 2375 et
1118 2335 1333 2377 omnem
1349 2332 1693 2392 potestatem,
1714 2326 2062 2392 etvirtutem,

474 2407 775 2464 saevissima
803 2408 1114 2465 destruetur
1144 2428 1291 2467 mors
1321 2412 1385 2484 (Ι
1433 2413 1557 2469 Cor.
1584 2416 1711 2487 xv).
1751 2435 1769 2467 ι
1820 2417 2064 2486 Regnum

473 2508 657 2554 autem
701 2496 850 2571 Patri
880 2502 1093 2557 tradere
1142 2502 1387 2573 profecto
1417 2504 1553 2558 nihil
1600 2516 1684 2561 est
1714 2506 1878 2570 aliud,
1904 2523 2063 2576 quam

473 2591 763 2647 credentes
790 2591 843 2646 in
873 2606 932 2647 se
983 2594 1048 2647 ad
1091 2592 1289 2650 divina:
1334 2596 1809 2668 contemplationis
1861 2613 2064 2655 arcana

479 2681 800 2751 perducere.
832 2682 984 2739 Tunc
1013 2684 1317 2755 completur
1339 2685 1428 2739 illa
1481 2687 1761 2742 Zacharim
1789 2690 2069 2759 prophetae

479 2771 619 2827 visio
645 2771 829 2844 (Zach.
854 2774 961 2845 ιιι),
999 2789 1105 2844 qua
1152 2775 1404 2831 videlicet
1448 2778 1846 2848 contemplatus
1869 2788 1953 2834 est
1977 2778 2067 2834 Je-

475 2875 630 2927 sum,
658 2864 992 2919 sacerdotem
1039 2880 1291 2937 magnum
1326 2866 1381 2920 in
1413 2867 1642 2940 sordidol
1668 2868 1892 2934 habitu;
1920 2866 2068 2925 devi-

478 2960 678 3020 ctoque
703 2961 865 3021 atque
900 2954 1181 3023 increpata
1200 2953 1437 3018 diabolo,
1469 2957 1558 3025 qui
1588 2959 1655 3012 ad
1701 2956 1818 3027 ejus
1850 2974 2070 3014 accusa-

2159 1771 2266 1826 vivi
2294 1787 2362 1826 ex
2393 1781 2445 1826 te
2483 1773 2689 1841 lapides
2719 1773 3008 1844 prodeunt,
3042 1775 3241 1843 quibus
3274 1791 3523 1845 superna:
3558 1773 3754 1829 Hieru-

2161 1861 2327 1916 salem
2372 1862 2600 1916 aedilicia
2653 1872 3063 1918 construuntur.
3116 1863 3163 1919 Ο
3214 1865 3373 1919 beata
3418 1879 3600 1927 crux,
3630 1864 3753 1933 quia

2161 1968 2284 2008 cum
2307 1951 2386 2007 sol
2412 1952 2592 2007 radios
2616 1952 2998 2021 absconderet,
3028 1967 3097 2008 ne
3123 1953 3471 2025 sacrilegium
3501 1954 3749 2017 videret;

2160 2058 2286 2098 cum
2320 2050 2465 2097 terra
2492 2051 2791 2110 tremeret,
2819 2042 2981 2114 257
3025 2058 3148 2097 cum
3177 2044 3444 2099 elementa
3504 2046 3754 2099 nutantia

2162 2131 2455 2187 formidine
2476 2131 2832 2203 palpitarent;
2864 2142 2922 2187 tu
2944 2133 3195 2187 morienti
3221 2134 3450 2188 Domino
3473 2133 3751 2189 individua

2162 2224 2406 2280 meruisti
2438 2240 2620 2281 comes
2648 2226 2905 2281 assistere
2934 2265 2949 2291 ,
2999 2226 3220 2281 brachia
3267 2227 3463 2281 devota
3512 2228 3758 2281 subster-

2110 2314 2117 2319 ’
2165 2332 2325 2382 nere,
2356 2325 2412 2372 et
2433 2327 2523 2373 tuo
2543 2319 2764 2389 insuper
2793 2319 2908 2373 miti
2936 2319 3143 2390 gremio
3174 2318 3486 2375 confoveret
3521 2319 3570 2372 0
3597 2321 3753 2374 beata

2165 2422 2296 2463 crux
2323 2447 2339 2471 ,
2371 2423 2492 2477 quae
2531 2406 2907 2478 Redemptoris
2950 2410 3134 2463 tnundi
3177 2425 3235 2464 es
3264 2408 3517 2464 aﬂixione
3538 2410 3745 2478 conspia

2165 2512 2267 2552 cua
2295 2537 2309 2561 ,
2344 2505 2396 2551 et
2427 2497 2665 2567 pretioso
2717 2496 3048 2551 imtnaculali
3096 2498 3233 2567 Agni
3286 2500 3451 2553 rubes
3494 2501 3757 2569 sanguine

2167 2589 2499 2660 purpurata!
2528 2588 2609 2642 Tu
2640 2588 2785 2644 salus
2820 2588 3004 2644 mundi
3036 2591 3228 2659 perditi
3256 2630 3271 2654 ,
3306 2600 3360 2643 tu
3396 2591 3489 2645 lux
3521 2592 3575 2645 in
3611 2602 3757 2644 lettr-

2166 2678 2282 2734 bris
2308 2676 2586 2734 constituti
2613 2718 2626 2744 ,
2653 2686 2712 2731 tu
2741 2661 3008 2733 medicina
3041 2678 3434 2748 languentium,
3469 2688 3528 2733 tu
3556 2696 3758 2735 conva-

2168 2771 2486 2827 lescentium
2514 2772 2708 2838 virtus,
2734 2784 2797 2826 :u
2826 2772 3257 2843 periclitantibus
3286 2783 3475 2844 portus
3500 2815 3517 2839 ,
3551 2785 3607 2828 tu
3634 2790 3759 2830 era-

2168 2862 2420 2919 dentibus
2446 2864 2512 2919 de
2532 2864 2689 2919 fauce
2714 2866 2907 2920 mortis
2935 2864 3237 2936 aufugium.
3262 2865 3368 2919 Per
3399 2875 3452 2921 te
3479 2869 3755 2938 peregrini

2172 2963 2453 3010 transeunt
2479 2955 2531 3009 in
2571 2955 2921 3021 domesdcos,
2951 2963 3009 3010 et
3033 2970 3151 3021 eos,
3190 2957 3281 3026 qui
3314 2958 3518 3012 dudmn
3544 2957 3758 3012 fuerant

476 3044 680 3097 tionem
705 3045 920 3103 stabat.
947 3045 1161 3102 sordida
1198 3062 1322 3101 mox
1347 3057 1498 3103 veste
1523 3047 1683 3103 Jesus
1732 3050 1967 3114 exuitur,
2012 3036 2136 3104 etC
2169 3046 2431 3114 hospites,
2482 3046 2847 3115 apostolorum
2900 3047 3081 3103 reddis
3126 3062 3250 3102 esse
3292 3047 3568 3103 concives.
3598 3048 3655 3101 ln
3703 3057 3755 3101 te

478 3135 702 3189 honoris
727 3149 789 3190 ac
812 3136 996 3206 gloriae.
1024 3137 1337 3192 imlumeuto
1362 3140 1610 3194 vestitur.
1640 3139 1848 3209 Corpus
1874 3157 2067 3210 nempe

477 3222 605 3279 Jesu
658 3225 899 3281 Ecclesia
930 3226 1299 3297 dicitur,-qu;e
1332 3228 1583 3298 videlicet
1637 3248 1782 3287 nttnc
1822 3233 1878 3286 in
1908 3233 2067 3302 hujus

475 3316 932 3386 peregrinationis
960 3333 1198 3372 aerumna
1222 3321 1378 3383 qnitasi
1409 3321 1628 3375 sordida
1657 3323 2064 3377 tribulationum

478 3423 545 3463 ac
573 3423 948 3478 pressurarum
1000 3417 1152 3464 veste
1203 3409 1458 3465 foedatur.
1504 3411 1609 3467 Sed
1641 3423 1783 3476 tunc,
1814 3414 2068 3468 damnato

476 3507 532 3552 rt
560 3501 849 3569 reprobato
903 3499 1139 3567 diabolo,
1191 3511 1379 3557 sancta
1427 3502 1666 3558 Ecclesia
1699 3503 1857 3559 foedis
1881 3514 2064 3569 exuta,

477 3590 616 3646 stola
649 3594 818 3647 beata:
848 3592 1271 3647 immortalitatis
1300 3593 1559 3656 induitur.
1588 3605 1643 3649 et
1662 3595 1728 3648 de
1756 3596 2066 3665 peregrina-

479 3683 646 3738 tionis
674 3683 819 3739 luctu
849 3684 915 3739 ad
940 3685 1173 3754 patriam
1225 3685 1424 3754 quietis
1469 3696 1687 3740 :eternac
1719 3687 2061 3741 transfertur.

481 3775 633 3829 Sicut
678 3775 753 3835 in
810 3775 1168 3832 dedicationis
1212 3777 1419 3847 psalmo
1479 3780 1760 3849 perspicue
1817 3780 2060 3835 canitur:

481 3883 503 3918 ι
539 3866 888 3934 Convertisti,
920 3870 1113 3939 inquit,
1160 3870 1439 3940 planctum
1488 3886 1667 3925 meum
1708 3873 1761 3926 in
1810 3873 2063 3942 gaudium

476 3957 644 4021 mihi;
672 3961 982 4014 conscidisti
1016 3976 1232 4016 saccum
1277 3979 1477 4027 rneum,
1523 3973 1575 4017 et
1606 3964 1937 4033 praecinxisti
1981 3981 2065 4021 me

478 4047 664 4102 hetitia
696 4048 879 4116 (Psal.
911 4068 1037 4105 χχιχ
1059 4054 1097 4120 ).
1129 4072 1147 4104 ι
1186 4054 1261 4108 De
1283 4055 1757 4125 reprobisquoque
1785 4064 1910 4111 tunc
1938 4057 2064 4112 illud

481 4137 762 4208 impletur,
794 4140 934 4208 quod
966 4156 1062 4210 per
1088 4143 1425 4198 Ezechielem
1472 4145 1698 4200 dicitur:
1739 4163 1758 4197 ι
1815 4141 2065 4203 Transito

478 4243 579 4301 per
599 4228 899 4295 civitatem,
922 4239 975 4305 et
995 4234 1259 4303 percutite
1281 4251 1296 4299 ;
1323 4251 1428 4289 non
1453 4238 1844 4305 parcatoculus
1866 4249 2063 4307 vester,

479 4336 551 4375 ne
567 4323 932 4377 misereamini
953 4340 966 4388 ;
986 4339 1169 4379 senem
1187 4334 1241 4379 et
1262 4325 1680 4393 adolescentem,
1703 4337 1757 4384 et
1776 4330 2063 4400 virginem,

480 4415 739 4484 parvulos
766 4424 822 4469 et
852 4416 1105 4470 mulieres
1131 4416 1421 4473 interficite
1453 4433 1622 4488 usque
1643 4419 1709 4473 ad
1740 4420 2067 4478 internecio-

480 4523 636 4570 nem;
669 4524 884 4564 onmem
908 4520 1110 4575 autem,
1137 4526 1300 4580 super
1322 4528 1480 4581 quem
1512 4513 1755 4569 videritis
1797 4515 1968 4583 Thau,
2000 4533 2067 4572 ne

480 4598 744 4654 occidatis
771 4597 999 4668 (Eucti.
1033 4602 1139 4669 Ix).
1178 4620 1195 4652 ι
1225 4600 1452 4671 Expleto
1477 4603 1657 4672 itaque
1690 4603 1917 4672 judicio,
1945 4623 2064 4662 cum

482 4688 596 4757 ipsa
625 4705 786 4745 cruce
814 4690 1148 4759 omnesjusti
1169 4691 1330 4746 simul
1353 4694 1799 4761 proveintuturad
1819 4711 2064 4767 regnum,

483 4780 639 4850 cujus
666 4782 795 4836 olim
819 4781 930 4837 sive
960 4783 1011 4837 in
1041 4798 1195 4853 pace,
1237 4785 1350 4839 sive
1372 4785 1425 4838 in
1471 4787 1846 4855 persecutione
1890 4799 2068 4858 pertu-

485 4866 596 4924 lere
622 4870 965 4940 supplicium.
1013 4873 1070 4926 ln
1115 4873 1205 4928 illa
1232 4873 1394 4945 igitur
1445 4874 2066 4959 immertalitatis’gioria

442 4958 453 4965 ’
484 4980 704 5019 crucem
739 4966 1228 5036 splendidissimam
1257 4984 1473 5039 semper
1496 4971 1787 5041 aspiciunt,
1819 4973 2066 5042 signum-

485 5072 591 5128 que
605 5057 864 5124 victoriaa,
883 5074 988 5128 quo
1005 5060 1263 5132 redempti
1280 5070 1404 5115 sunt
1422 5063 1787 5131 mundumque
1799 5063 2066 5126 vicerunt,

488 5148 692 5207 habere
717 5167 775 5206 se
804 5166 911 5208 prae
942 5152 1114 5208 oculis
1136 5153 1481 5208 ineffabiliter
1531 5155 1889 5208 gratulantur.
1933 5155 2070 5208 Pro-

2172 3153 2316 3192 mors
2344 3147 2567 3192 cruenta
2594 3139 2720 3192 dum
2765 3139 2963 3194 occidit
2990 3140 3259 3195 occiditur
3281 3181 3296 3205 ,
3324 3150 3522 3195 auctor
3561 3150 3619 3195 et
3648 3141 3756 3210 ipse

2172 3231 2362 3283 mortis
2390 3229 2758 3299 exstinguitur
2779 3272 2792 3290 ,
2824 3232 2931 3284 vita
2959 3232 3272 3286 hominibus
3298 3232 3509 3301 perdita
3538 3248 3756 3302 repara-

2170 3326 2275 3371 tur.
2309 3316 2386 3371 Tu
2427 3319 2651 3373 armasti
2700 3334 2919 3374 manum
2952 3318 3107 3376 Jaltel
3137 3319 3289 3375 clavo
3317 3360 3333 3386 ,
3362 3336 3472 3390 quo
3510 3320 3759 3374 videlicet

2172 3408 2414 3463 Sisaram
2460 3426 2558 3480 per
2611 3420 2822 3480 tempus
2853 3412 3045 3482 capitis
3074 3421 3367 3480 utrumque
3395 3410 3759 3466 transfuderat

2171 3498 2371 3569 (Jmtic.
2401 3499 2497 3569 ιν),
2527 3508 2580 3553 et
2613 3499 2664 3554 in
2701 3512 2825 3571 typo
2849 3500 3107 3556 Ecclesiae
3128 3500 3400 3555 diabolum
3434 3502 3752 3556 trucidaret.

2170 3589 2212 3643 T
2220 3606 2248 3641 ιι
2281 3589 2499 3643 fundam
2530 3589 2697 3645 David
2729 3590 2965 3660 implesti
3002 3590 3177 3663 lapide
3198 3632 3213 3658 ,
3238 3607 3353 3661 quo
3380 3590 3752 3648 Philistbzeum

2169 3677 2381 3734 Goliath
2432 3681 2675 3750 signatus
2720 3683 2772 3735 in
2824 3682 3002 3741 fronte
3028 3684 3299 3753 percutiat
3325 3682 3379 3755 (I
3418 3683 3550 3753 Reg.
3577 3685 3752 3753 xvn),

2169 3773 2258 3826 uhi
2291 3773 2541 3829 videlicet
2588 3772 2846 3843 profanus
2878 3776 2953 3830 tui
2978 3776 3315 3847 signaculum
3347 3793 3455 3831 non
3498 3777 3751 3832 habebat.

2169 3864 2214 3920 Ο
2239 3868 2396 3920 beata
2445 3882 2599 3931 crux,
2635 3876 2687 3922 te
2740 3869 3169 3937 patriarcharum
3221 3870 3381 3935 fides,
3419 3879 3473 3925 te
3500 3870 3752 3925 vaticinia

2169 3958 2555 4026 prophetarum
2585 3997 2599 4021 ,
2656 3968 2706 4013 te
2759 3957 2922 4026 judex
2972 3960 3337 4027 apostolorum
3384 3970 3651 4026 senatus,
3705 3971 3754 4015 te

2170 4057 2465 4122 martyrum
2508 4051 2687 4104 victor
2722 4051 2997 4107 exercitus
3021 4094 3037 4117 ,
3067 4051 3418 4120 omniumque
3444 4063 3751 4108 sanctorum

2170 4146 2385 4215 agmina
2431 4155 2776 4212 venerantur,
2824 4148 3118 4216 pnedicant
3162 4155 3216 4202 et
3267 4144 3581 4204 honorant!
3616 4150 3752 4206 Odor

2170 4237 2480 4309 fragrantia:
2514 4248 2619 4294 tua:
2664 4240 2846 4295 omnia
2879 4240 3048 4295 vineit
3074 4251 3317 4296 aromata
3340 4282 3355 4306 ,
3386 4252 3579 4297 nectar
3609 4253 3747 4297 tuum

2172 4340 2396 4386 cunctas
2454 4331 2852 4401 pigmentorum
2922 4334 3133 4405 species
3180 4342 3235 4390 et
3282 4335 3541 4391 universa
3599 4330 3747 4391 mella

2170 4421 2442 4488 pnccedit.
2477 4423 2521 4477 Ο
2549 4422 2708 4477 beata
2733 4440 2863 4478 crux
2891 4465 2907 4492 ,
2944 4425 3131 4482 titulus
3170 4428 3356 4498 gloriae
3380 4469 3397 4494 ,
3434 4429 3650 4497 insigne
3676 4433 3749 4482 vi-

2169 4513 2376 4578 ctorim,
2408 4517 2746 4585 signaculum
2786 4519 3174 4589 redemptionis
3209 4522 3465 4576 teternm!
3512 4522 3634 4577 Tibi
3661 4524 3749 4576 de-

2164 4604 2297 4658 bent
2326 4603 2537 4660 terrena
2569 4647 2583 4672 ,
2631 4608 2773 4677 quod
2807 4609 3022 4673 vivunt;
3054 4611 3293 4667 caelestia
3345 4613 3570 4683 insuper
3614 4614 3749 4683 quod

2169 4697 2235 4750 ad
2281 4714 2392 4754 sure
2438 4700 2765 4771 integritatis
2815 4703 3208 4772 plenitudinem
3258 4707 3509 4763 redeunt.
3553 4708 3656 4764 Per
3705 4719 3752 4762 te

2168 4787 2433 4857 siquidem
2460 4792 2526 4844 ad
2571 4793 2805 4860 patriam
2848 4795 2999 4865 exsul
3034 4794 3196 4850 honto
3231 4799 3546 4864 revertitur,
3575 4810 3627 4855 et
3660 4816 3750 4854 an-

2174 4878 2414 4947 gelorum
2441 4894 2717 4944 numerus,
2743 4882 2833 4952 qui
2858 4884 3154 4941 ditninutus
3175 4885 3372 4954 fuerat,
3399 4889 3750 4945 instauratur.

2175 4968 2254 5023 'f‘u
2288 4969 2440 5035 facis,
2481 4979 2541 5025 ut
2582 4973 2885 5027 dmntonum
2917 4976 3082 5041 servi,
3109 4977 3202 5032 Dei
3236 4979 3367 5031 ﬁant
3393 4995 3493 5048 per
3516 4982 3754 5050 adoptio.

2177 5075 2301 5114 nem
2346 5060 2460 5126 filii,
2492 5072 2550 5116 ct
2586 5061 2715 5117 olim
2772 5063 3035 5119 idolorum
3068 5066 3305 5122 cultores
3326 5108 3343 5132 ,
3380 5086 3530 5125 nunc
3560 5069 3752 5125 Christi

2175 5153 2287 5207 sint
2311 5153 2638 5208 cohaeredes.
2665 5153 2710 5208 Ο
2734 5171 2867 5208 crux
2894 5156 3148 5208 gloriosa.
3180 5174 3214 5208 ο
3244 5174 3377 5208 crux
3405 5159 3748 5208 admiranda-
