  <div class='ocr_page' id='page_1' title='image "/cluster/home/n/w/nwhite01/storage/ocr_20150623/144/hvd.32044010574010/394.png"; bbox 0 0 3978 5328; ppageno 0'>
   <div class='ocr_carea' id='block_1_1' title="bbox 70 407 259 479">
    <p class='ocr_par' dir='ltr' id='par_1_1' title="bbox 70 407 259 479">
     <span class='ocr_line' id='line_1_1' title="bbox 70 407 259 479; baseline 0.005 -17"><span class='ocrx_word' id='word_1_1' title='bbox 70 477 72 479; x_wconf 4' lang='grc'>&gt;</span> <span class='ocrx_word' id='word_1_2' title='bbox 155 407 259 463; x_wconf 73' lang='grc' dir='ltr'>7ῖῖ</span> 
     </span>
    </p>
   </div>
   <div class='ocr_carea' id='block_1_2' title="bbox 1426 369 1939 458">
    <p class='ocr_par' dir='ltr' id='par_1_2' title="bbox 1426 369 1939 458">
     <span class='ocr_line' id='line_1_2' title="bbox 1426 369 1939 458; baseline -0.014 1"><span class='ocrx_word' id='word_1_3' title='bbox 1426 369 1436 377; x_wconf 65' lang='grc'><em>’</em></span> <span class='ocrx_word' id='word_1_4' title='bbox 1480 402 1714 458; x_wconf 67' lang='grc' dir='ltr'>δειιιιο</span> <span class='ocrx_word' id='word_1_5' title='bbox 1755 401 1939 454; x_wconf 79' lang='lat' dir='ltr'><strong>xux.</strong></span> 
     </span>
    </p>
   </div>
   <div class='ocr_carea' id='block_1_3' title="bbox 3324 405 3428 460">
    <p class='ocr_par' dir='ltr' id='par_1_3' title="bbox 3324 405 3428 460">
     <span class='ocr_line' id='line_1_3' title="bbox 3324 405 3428 460; baseline 0 0"><span class='ocrx_word' id='word_1_6' title='bbox 3324 405 3428 460; x_wconf 72' lang='grc' dir='ltr'><strong><em>ΤΒ</em></strong></span> 
     </span>
    </p>
   </div>
   <div class='ocr_carea' id='block_1_4' title="bbox 151 516 3433 595">
    <p class='ocr_par' dir='ltr' id='par_1_4' title="bbox 151 516 3433 595">
     <span class='ocr_line' id='line_1_4' title="bbox 151 516 3433 595; baseline -0.002 -17"><span class='ocrx_word' id='word_1_7' title='bbox 151 524 421 594; x_wconf 69' lang='lat' dir='ltr'><strong>quidquid</strong></span> <span class='ocrx_word' id='word_1_8' title='bbox 446 525 755 595; x_wconf 73' lang='lat' dir='ltr'><strong>apponitur,</strong></span> <span class='ocrx_word' id='word_1_9' title='bbox 789 539 989 594; x_wconf 84' lang='lat' dir='ltr'><strong>suppar</strong></span> <span class='ocrx_word' id='word_1_10' title='bbox 1015 533 1064 576; x_wconf 76' lang='lat' dir='ltr'><strong>et</strong></span> <span class='ocrx_word' id='word_1_11' title='bbox 1095 523 1401 578; x_wconf 78' lang='lat' dir='ltr'><strong>dccolorius</strong></span> <span class='ocrx_word' id='word_1_12' title='bbox 1435 521 1740 577; x_wconf 82' lang='lat' dir='ltr'><strong>invenitur?</strong></span> <span class='ocrx_word' id='word_1_13' title='bbox 1773 525 1817 582; x_wconf 77' lang='grc' dir='ltr'>Α</span> <span class='ocrx_word' id='word_1_14' title='bbox 1851 517 2030 571; x_wconf 90' lang='lat' dir='ltr'><strong>mundi</strong></span> <span class='ocrx_word' id='word_1_15' title='bbox 2069 516 2408 572; x_wconf 45' lang='lat' dir='ltr'><strong>latitudinem</strong></span> <span class='ocrx_word' id='word_1_16' title='bbox 2461 520 2667 589; x_wconf 75' lang='lat' dir='ltr'><strong>spargit</strong></span> <span class='ocrx_word' id='word_1_17' title='bbox 2707 519 2944 573; x_wconf 68' lang='lat' dir='ltr'><strong>cmlest’s</strong></span> <span class='ocrx_word' id='word_1_18' title='bbox 3002 519 3200 587; x_wconf 81' lang='lat' dir='ltr'><strong>eloquii</strong></span> <span class='ocrx_word' id='word_1_19' title='bbox 3253 537 3433 574; x_wconf 78' lang='lat' dir='ltr'><strong>sacra-</strong></span> 
     </span>
    </p>
   </div>
   <div class='ocr_carea' id='block_1_5' title="bbox 153 615 1742 684">
    <p class='ocr_par' dir='ltr' id='par_1_5' title="bbox 153 615 1742 684">
     <span class='ocr_line' id='line_1_5' title="bbox 153 615 1742 684; baseline 0.001 -18"><span class='ocrx_word' id='word_1_20' title='bbox 153 615 270 668; x_wconf 71' lang='lat' dir='ltr'><strong>Non</strong></span> <span class='ocrx_word' id='word_1_21' title='bbox 304 616 484 674; x_wconf 82' lang='lat' dir='ltr'><strong>enim.</strong></span> <span class='ocrx_word' id='word_1_22' title='bbox 512 631 545 669; x_wconf 85' lang='grc' dir='ltr'>ο</span> <span class='ocrx_word' id='word_1_23' title='bbox 593 619 745 670; x_wconf 84' lang='lat' dir='ltr'><strong>beata</strong></span> <span class='ocrx_word' id='word_1_24' title='bbox 797 630 927 669; x_wconf 76' lang='lat' dir='ltr'><strong>crux</strong></span> <span class='ocrx_word' id='word_1_25' title='bbox 956 617 968 667; x_wconf 73' lang='grc' dir='ltr'><em>ε</em></span> <span class='ocrx_word' id='word_1_26' title='bbox 1002 615 1254 684; x_wconf 77' lang='lat' dir='ltr'><strong>q-tuelibet</strong></span> <span class='ocrx_word' id='word_1_27' title='bbox 1295 615 1528 667; x_wconf 90' lang='lat' dir='ltr'><strong>humana</strong></span> <span class='ocrx_word' id='word_1_28' title='bbox 1563 615 1742 684; x_wconf 80' lang='lat' dir='ltr'><strong>lingua</strong></span> 
     </span>
    </p>
   </div>
   <div class='ocr_carea' id='block_1_6' title="bbox 152 706 1743 775">
    <p class='ocr_par' dir='ltr' id='par_1_6' title="bbox 152 706 1743 775">
     <span class='ocr_line' id='line_1_6' title="bbox 152 706 1743 775; baseline 0.003 -20"><span class='ocrx_word' id='word_1_29' title='bbox 152 716 246 758; x_wconf 85' lang='lat' dir='ltr'><strong>tua</strong></span> <span class='ocrx_word' id='word_1_30' title='bbox 302 706 558 774; x_wconf 74' lang='lat' dir='ltr'><strong>prtevalet</strong></span> <span class='ocrx_word' id='word_1_31' title='bbox 603 722 818 775; x_wconf 68' lang='lat' dir='ltr'><strong>aequare</strong></span> <span class='ocrx_word' id='word_1_32' title='bbox 867 707 1130 774; x_wconf 69' lang='lat' dir='ltr'><strong>praeconia</strong></span> <span class='ocrx_word' id='word_1_33' title='bbox 1160 746 1174 767; x_wconf 89' lang='lat'><strong>,</strong></span> <span class='ocrx_word' id='word_1_34' title='bbox 1222 706 1272 758; x_wconf 91' lang='lat' dir='ltr'><strong>in</strong></span> <span class='ocrx_word' id='word_1_35' title='bbox 1326 721 1428 774; x_wconf 89' lang='lat' dir='ltr'><strong>qua</strong></span> <span class='ocrx_word' id='word_1_36' title='bbox 1488 706 1743 759; x_wconf 82' lang='lat' dir='ltr'><strong>nimirum</strong></span> 
     </span>
    </p>
   </div>
   <div class='ocr_carea' id='block_1_7' title="bbox 146 795 1744 866">
    <p class='ocr_par' dir='ltr' id='par_1_7' title="bbox 146 795 1744 866">
     <span class='ocr_line' id='line_1_7' title="bbox 146 795 1744 866; baseline 0.003 -21"><span class='ocrx_word' id='word_1_37' title='bbox 146 804 360 848; x_wconf 75' lang='lat' dir='ltr'><strong>:rtcrna</strong></span> <span class='ocrx_word' id='word_1_38' title='bbox 394 795 504 848; x_wconf 89' lang='lat' dir='ltr'><strong>vita</strong></span> <span class='ocrx_word' id='word_1_39' title='bbox 554 797 843 864; x_wconf 77' lang='lat' dir='ltr'><strong>pependit,</strong></span> <span class='ocrx_word' id='word_1_40' title='bbox 895 812 1058 866; x_wconf 90' lang='lat' dir='ltr'><strong>quam</strong></span> <span class='ocrx_word' id='word_1_41' title='bbox 1101 796 1250 850; x_wconf 88' lang='lat' dir='ltr'><strong>salus</strong></span> <span class='ocrx_word' id='word_1_42' title='bbox 1299 798 1478 851; x_wconf 87' lang='lat' dir='ltr'><strong>mundi</strong></span> <span class='ocrx_word' id='word_1_43' title='bbox 1525 799 1744 865; x_wconf 87' lang='lat' dir='ltr'><strong>proprio</strong></span> 
     </span>
    </p>
   </div>
   <div class='ocr_carea' id='block_1_8' title="bbox 146 887 1741 955">
    <p class='ocr_par' dir='ltr' id='par_1_8' title="bbox 146 887 1741 955">
     <span class='ocr_line' id='line_1_8' title="bbox 146 887 1741 955; baseline 0.003 -19"><span class='ocrx_word' id='word_1_44' title='bbox 146 900 354 940; x_wconf 74' lang='lat' dir='ltr'><strong>cruore</strong></span> <span class='ocrx_word' id='word_1_45' title='bbox 401 887 662 955; x_wconf 85' lang='lat' dir='ltr'><strong>perfudit,</strong></span> <span class='ocrx_word' id='word_1_46' title='bbox 693 897 746 941; x_wconf 86' lang='lat' dir='ltr'><strong>et</strong></span> <span class='ocrx_word' id='word_1_47' title='bbox 788 889 980 940; x_wconf 87' lang='lat' dir='ltr'><strong>summi</strong></span> <span class='ocrx_word' id='word_1_48' title='bbox 1012 888 1186 941; x_wconf 79' lang='lat' dir='ltr'><strong>Patris</strong></span> <span class='ocrx_word' id='word_1_49' title='bbox 1213 887 1450 940; x_wconf 77' lang='lat' dir='ltr'>Verbum</span> <span class='ocrx_word' id='word_1_50' title='bbox 1483 889 1741 953; x_wconf 62' lang='lat' dir='ltr'><strong>Singulari</strong></span> 
     </span>
    </p>
   </div>
   <div class='ocr_carea' id='block_1_9' title="bbox 145 975 1741 1046">
    <p class='ocr_par' dir='ltr' id='par_1_9' title="bbox 145 975 1741 1046">
     <span class='ocr_line' id='line_1_9' title="bbox 145 975 1741 1046; baseline 0.001 -18"><span class='ocrx_word' id='word_1_51' title='bbox 145 975 232 1028; x_wconf 61' lang='lat' dir='ltr'><strong>sui</strong></span> <span class='ocrx_word' id='word_1_52' title='bbox 277 978 526 1044; x_wconf 73' lang='lat' dir='ltr'><strong>corpmis</strong></span> <span class='ocrx_word' id='word_1_53' title='bbox 557 978 912 1030; x_wconf 79' lang='lat' dir='ltr'><strong>contubernio</strong></span> <span class='ocrx_word' id='word_1_54' title='bbox 945 977 1242 1030; x_wconf 75' lang='lat' dir='ltr'><strong>decoravit.</strong></span> <span class='ocrx_word' id='word_1_55' title='bbox 1275 976 1432 1030; x_wconf 88' lang='lat' dir='ltr'><strong>Solus</strong></span> <span class='ocrx_word' id='word_1_56' title='bbox 1462 978 1626 1046; x_wconf 76' lang='lat' dir='ltr'><strong>igitur</strong></span> <span class='ocrx_word' id='word_1_57' title='bbox 1654 987 1741 1030; x_wconf 87' lang='lat' dir='ltr'><strong>tua</strong></span> 
     </span>
    </p>
   </div>
   <div class='ocr_carea' id='block_1_10' title="bbox 145 1064 1740 1135">
    <p class='ocr_par' dir='ltr' id='par_1_10' title="bbox 145 1064 1740 1135">
     <span class='ocr_line' id='line_1_10' title="bbox 145 1064 1740 1135; baseline 0.005 -23"><span class='ocrx_word' id='word_1_58' title='bbox 145 1064 272 1117; x_wconf 80' lang='lat' dir='ltr'><strong>laus</strong></span> <span class='ocrx_word' id='word_1_59' title='bbox 302 1070 405 1128; x_wconf 87' lang='lat' dir='ltr'><strong>est,</strong></span> <span class='ocrx_word' id='word_1_60' title='bbox 433 1067 525 1134; x_wconf 92' lang='lat' dir='ltr'><strong>qui</strong></span> <span class='ocrx_word' id='word_1_61' title='bbox 561 1067 810 1135; x_wconf 73' lang='lat' dir='ltr'><strong>pependit</strong></span> <span class='ocrx_word' id='word_1_62' title='bbox 848 1068 900 1119; x_wconf 90' lang='lat' dir='ltr'><strong>in</strong></span> <span class='ocrx_word' id='word_1_63' title='bbox 933 1075 1004 1119; x_wconf 90' lang='lat' dir='ltr'><strong>te.</strong></span> <span class='ocrx_word' id='word_1_64' title='bbox 1037 1065 1113 1119; x_wconf 89' lang='lat' dir='ltr'><strong>Tu</strong></span> <span class='ocrx_word' id='word_1_65' title='bbox 1147 1069 1289 1120; x_wconf 88' lang='lat' dir='ltr'><strong>enim</strong></span> <span class='ocrx_word' id='word_1_66' title='bbox 1319 1068 1576 1134; x_wconf 80' lang='lat' dir='ltr'><strong>decepisti</strong></span> <span class='ocrx_word' id='word_1_67' title='bbox 1606 1084 1740 1120; x_wconf 91' lang='lat' dir='ltr'><strong>nova</strong></span> 
     </span>
    </p>
   </div>
   <div class='ocr_carea' id='block_1_11' title="bbox 147 1157 1738 1225">
    <p class='ocr_par' dir='ltr' id='par_1_11' title="bbox 147 1157 1738 1225">
     <span class='ocr_line' id='line_1_11' title="bbox 147 1157 1738 1225; baseline 0.003 -19"><span class='ocrx_word' id='word_1_68' title='bbox 147 1166 272 1208; x_wconf 75' lang='lat' dir='ltr'><strong>arte</strong></span> <span class='ocrx_word' id='word_1_69' title='bbox 325 1157 624 1221; x_wconf 77' lang='lat' dir='ltr'><strong>diaimlum,</strong></span> <span class='ocrx_word' id='word_1_70' title='bbox 673 1167 730 1210; x_wconf 86' lang='lat' dir='ltr'><strong>et</strong></span> <span class='ocrx_word' id='word_1_71' title='bbox 782 1157 1057 1210; x_wconf 68' lang='lat' dir='ltr'><strong>reddidisti</strong></span> <span class='ocrx_word' id='word_1_72' title='bbox 1093 1159 1157 1209; x_wconf 87' lang='lat' dir='ltr'><strong>de</strong></span> <span class='ocrx_word' id='word_1_73' title='bbox 1208 1158 1408 1210; x_wconf 76' lang='lat' dir='ltr'><strong>victore</strong></span> <span class='ocrx_word' id='word_1_74' title='bbox 1447 1159 1738 1225; x_wconf 84' lang='lat' dir='ltr'><strong>captivum.</strong></span> 
     </span>
    </p>
   </div>
   <div class='ocr_carea' id='block_1_12' title="bbox 148 1245 1738 1313">
    <p class='ocr_par' dir='ltr' id='par_1_12' title="bbox 148 1245 1738 1313">
     <span class='ocr_line' id='line_1_12' title="bbox 148 1245 1738 1313; baseline 0.002 -18"><span class='ocrx_word' id='word_1_75' title='bbox 148 1245 229 1296; x_wconf 90' lang='lat' dir='ltr'><strong>Tu</strong></span> <span class='ocrx_word' id='word_1_76' title='bbox 271 1245 544 1313; x_wconf 85' lang='lat' dir='ltr'><strong>siquidem</strong></span> <span class='ocrx_word' id='word_1_77' title='bbox 590 1260 953 1299; x_wconf 86' lang='lat' dir='ltr'><strong>consueveras</strong></span> <span class='ocrx_word' id='word_1_78' title='bbox 983 1247 1188 1299; x_wconf 85' lang='lat' dir='ltr'><strong>electas</strong></span> <span class='ocrx_word' id='word_1_79' title='bbox 1235 1246 1306 1299; x_wconf 92' lang='lat' dir='ltr'><strong>illi</strong></span> <span class='ocrx_word' id='word_1_80' title='bbox 1341 1261 1495 1300; x_wconf 86' lang='lat' dir='ltr'><strong>cscas</strong></span> <span class='ocrx_word' id='word_1_81' title='bbox 1521 1246 1738 1311; x_wconf 73' lang='lat' dir='ltr'><strong>offerre,</strong></span> 
     </span>
    </p>
   </div>
   <div class='ocr_carea' id='block_1_13' title="bbox 145 1335 1741 1405">
    <p class='ocr_par' dir='ltr' id='par_1_13' title="bbox 145 1335 1741 1405">
     <span class='ocr_line' id='line_1_13' title="bbox 145 1335 1741 1405; baseline 0.003 -18"><span class='ocrx_word' id='word_1_82' title='bbox 145 1345 318 1402; x_wconf 87' lang='lat' dir='ltr'><strong>atque</strong></span> <span class='ocrx_word' id='word_1_83' title='bbox 352 1338 422 1389; x_wconf 90' lang='lat' dir='ltr'><strong>ad</strong></span> <span class='ocrx_word' id='word_1_84' title='bbox 456 1335 574 1404; x_wconf 85' lang='lat' dir='ltr'><strong>ejus</strong></span> <span class='ocrx_word' id='word_1_85' title='bbox 605 1337 910 1389; x_wconf 86' lang='lat' dir='ltr'><strong>insatiabile</strong></span> <span class='ocrx_word' id='word_1_86' title='bbox 938 1347 1140 1405; x_wconf 79' lang='lat' dir='ltr'><strong>guttur,</strong></span> <span class='ocrx_word' id='word_1_87' title='bbox 1169 1351 1395 1404; x_wconf 73' lang='lat' dir='ltr'><strong>qumque</strong></span> <span class='ocrx_word' id='word_1_88' title='bbox 1424 1339 1520 1390; x_wconf 91' lang='lat' dir='ltr'><strong>tibi</strong></span> <span class='ocrx_word' id='word_1_89' title='bbox 1552 1338 1741 1391; x_wconf 79' lang='lat' dir='ltr'><strong>ﬁerent</strong></span> 
     </span>
    </p>
   </div>
   <div class='ocr_carea' id='block_1_14' title="bbox 143 1427 1738 1490">
    <p class='ocr_par' dir='ltr' id='par_1_14' title="bbox 143 1427 1738 1490">
     <span class='ocr_line' id='line_1_14' title="bbox 143 1427 1738 1490; baseline 0.001 -11"><span class='ocrx_word' id='word_1_90' title='bbox 143 1427 389 1483; x_wconf 77' lang='lat' dir='ltr'><strong>obnoxia</strong></span> <span class='ocrx_word' id='word_1_91' title='bbox 416 1470 429 1486; x_wconf 85' lang='lat'><strong>,</strong></span> <span class='ocrx_word' id='word_1_92' title='bbox 479 1428 774 1480; x_wconf 87' lang='lat' dir='ltr'><strong>destinare.</strong></span> <span class='ocrx_word' id='word_1_93' title='bbox 816 1427 1118 1480; x_wconf 76' lang='lat' dir='ltr'><strong>Novissime</strong></span> <span class='ocrx_word' id='word_1_94' title='bbox 1149 1436 1324 1480; x_wconf 89' lang='lat' dir='ltr'><strong>autem</strong></span> <span class='ocrx_word' id='word_1_95' title='bbox 1357 1427 1515 1480; x_wconf 81' lang='lat' dir='ltr'><strong>talem</strong></span> <span class='ocrx_word' id='word_1_96' title='bbox 1547 1428 1738 1490; x_wconf 85' lang='lat' dir='ltr'><strong>hianti,</strong></span> 
     </span>
    </p>
   </div>
   <div class='ocr_carea' id='block_1_15' title="bbox 143 1517 1737 1586">
    <p class='ocr_par' dir='ltr' id='par_1_15' title="bbox 143 1517 1737 1586">
     <span class='ocr_line' id='line_1_15' title="bbox 143 1517 1737 1586; baseline 0.001 -19"><span class='ocrx_word' id='word_1_97' title='bbox 143 1531 210 1570; x_wconf 82' lang='lat' dir='ltr'><strong>ac</strong></span> <span class='ocrx_word' id='word_1_98' title='bbox 241 1519 511 1571; x_wconf 84' lang='lat' dir='ltr'><strong>devorare</strong></span> <span class='ocrx_word' id='word_1_99' title='bbox 540 1519 779 1586; x_wconf 85' lang='lat' dir='ltr'><strong>cupienti</strong></span> <span class='ocrx_word' id='word_1_100' title='bbox 808 1519 1013 1580; x_wconf 81' lang='lat' dir='ltr'><strong>cibum,</strong></span> <span class='ocrx_word' id='word_1_101' title='bbox 1040 1531 1072 1568; x_wconf 90' lang='lat'><strong>0</strong></span> <span class='ocrx_word' id='word_1_102' title='bbox 1102 1517 1258 1569; x_wconf 82' lang='lat' dir='ltr'><strong>beata</strong></span> <span class='ocrx_word' id='word_1_103' title='bbox 1293 1533 1446 1578; x_wconf 70' lang='lat' dir='ltr'><strong>crux,</strong></span> <span class='ocrx_word' id='word_1_104' title='bbox 1475 1518 1737 1581; x_wconf 62' lang='lat' dir='ltr'><strong>obtulisti,</strong></span> 
     </span>
    </p>
   </div>
   <div class='ocr_carea' id='block_1_16' title="bbox 142 1607 1744 1676">
    <p class='ocr_par' dir='ltr' id='par_1_16' title="bbox 142 1607 1744 1676">
     <span class='ocr_line' id='line_1_16' title="bbox 142 1607 1744 1676; baseline -0.001 -16"><span class='ocrx_word' id='word_1_105' title='bbox 142 1612 234 1676; x_wconf 92' lang='lat' dir='ltr'><strong>qui</strong></span> <span class='ocrx_word' id='word_1_106' title='bbox 272 1617 330 1662; x_wconf 87' lang='lat' dir='ltr'><strong>et</strong></span> <span class='ocrx_word' id='word_1_107' title='bbox 365 1609 548 1663; x_wconf 92' lang='lat' dir='ltr'><strong>fauces</strong></span> <span class='ocrx_word' id='word_1_108' title='bbox 591 1610 705 1676; x_wconf 84' lang='lat' dir='ltr'><strong>ejus</strong></span> <span class='ocrx_word' id='word_1_109' title='bbox 739 1608 966 1663; x_wconf 78' lang='lat' dir='ltr'><strong>occultae</strong></span> <span class='ocrx_word' id='word_1_110' title='bbox 998 1607 1216 1661; x_wconf 86' lang='lat' dir='ltr'><strong>virtutis</strong></span> <span class='ocrx_word' id='word_1_111' title='bbox 1246 1610 1403 1660; x_wconf 86' lang='lat' dir='ltr'><strong>hamo</strong></span> <span class='ocrx_word' id='word_1_112' title='bbox 1455 1609 1744 1676; x_wconf 67' lang='lat' dir='ltr'><strong>transfige-</strong></span> 
     </span>
    </p>
   </div>
   <div class='ocr_carea' id='block_1_17' title="bbox 145 1699 1740 1767">
    <p class='ocr_par' dir='ltr' id='par_1_17' title="bbox 145 1699 1740 1767">
     <span class='ocr_line' id='line_1_17' title="bbox 145 1699 1740 1767; baseline 0.001 -21"><span class='ocrx_word' id='word_1_113' title='bbox 145 1707 249 1760; x_wconf 77' lang='grc' dir='ltr'>ιρι,</span> <span class='ocrx_word' id='word_1_114' title='bbox 300 1707 356 1752; x_wconf 83' lang='lat' dir='ltr'><strong>et</strong></span> <span class='ocrx_word' id='word_1_115' title='bbox 404 1712 702 1753; x_wconf 77' lang='lat' dir='ltr'><strong>veternosze</strong></span> <span class='ocrx_word' id='word_1_116' title='bbox 746 1700 964 1753; x_wconf 69' lang='lat' dir='ltr'><strong>malitia:</strong></span> <span class='ocrx_word' id='word_1_117' title='bbox 1008 1708 1251 1752; x_wconf 78' lang='lat' dir='ltr'><strong>ventrem</strong></span> <span class='ocrx_word' id='word_1_118' title='bbox 1286 1699 1368 1752; x_wconf 86' lang='lat' dir='ltr'><strong>his</strong></span> <span class='ocrx_word' id='word_1_119' title='bbox 1395 1700 1486 1767; x_wconf 88' lang='lat' dir='ltr'><strong>qui</strong></span> <span class='ocrx_word' id='word_1_120' title='bbox 1510 1699 1620 1765; x_wconf 90' lang='lat' dir='ltr'><strong>jam</strong></span> <span class='ocrx_word' id='word_1_121' title='bbox 1647 1701 1740 1751; x_wconf 83' lang='lat' dir='ltr'><strong>ab-</strong></span> 
     </span>
    </p>
   </div>
   <div class='ocr_carea' id='block_1_18' title="bbox 141 1788 1734 1859">
    <p class='ocr_par' dir='ltr' id='par_1_18' title="bbox 141 1788 1734 1859">
     <span class='ocr_line' id='line_1_18' title="bbox 141 1788 1734 1859; baseline 0.002 -21"><span class='ocrx_word' id='word_1_122' title='bbox 141 1789 316 1856; x_wconf 75' lang='lat' dir='ltr'><strong>sorpti</strong></span> <span class='ocrx_word' id='word_1_123' title='bbox 344 1788 578 1852; x_wconf 81' lang='lat' dir='ltr'><strong>fuerant,</strong></span> <span class='ocrx_word' id='word_1_124' title='bbox 604 1799 876 1844; x_wconf 87' lang='lat' dir='ltr'><strong>vacuaret.</strong></span> <span class='ocrx_word' id='word_1_125' title='bbox 905 1789 948 1844; x_wconf 91' lang='grc' dir='ltr'>Ο</span> <span class='ocrx_word' id='word_1_126' title='bbox 976 1805 1107 1844; x_wconf 81' lang='lat' dir='ltr'><strong>crux</strong></span> <span class='ocrx_word' id='word_1_127' title='bbox 1137 1789 1392 1859; x_wconf 71' lang='lat' dir='ltr'><strong>gioriosa,</strong></span> <span class='ocrx_word' id='word_1_128' title='bbox 1413 1806 1531 1858; x_wconf 69' lang='lat' dir='ltr'><strong>qua!</strong></span> <span class='ocrx_word' id='word_1_129' title='bbox 1555 1792 1734 1842; x_wconf 78' lang='lat' dir='ltr'><strong>omnia</strong></span> 
     </span>
    </p>
   </div>
   <div class='ocr_carea' id='block_1_19' title="bbox 140 1872 1812 1948">
    <p class='ocr_par' dir='ltr' id='par_1_19' title="bbox 140 1872 1812 1948">
     <span class='ocr_line' id='line_1_19' title="bbox 140 1872 1812 1948; baseline 0 -21"><span class='ocrx_word' id='word_1_130' title='bbox 140 1876 454 1930; x_wconf 79' lang='lat' dir='ltr'><strong>benedicis!</strong></span> <span class='ocrx_word' id='word_1_131' title='bbox 490 1877 534 1932; x_wconf 90' lang='grc' dir='ltr'><strong>Ο</strong></span> <span class='ocrx_word' id='word_1_132' title='bbox 558 1895 690 1932; x_wconf 71' lang='lat' dir='ltr'><strong>crux</strong></span> <span class='ocrx_word' id='word_1_133' title='bbox 722 1880 1031 1943; x_wconf 78' lang='lat' dir='ltr'><strong>benedicta,</strong></span> <span class='ocrx_word' id='word_1_134' title='bbox 1059 1895 1179 1948; x_wconf 74' lang='lat' dir='ltr'><strong>qua:</strong></span> <span class='ocrx_word' id='word_1_135' title='bbox 1202 1880 1269 1932; x_wconf 79' lang='lat' dir='ltr'><strong>ab</strong></span> <span class='ocrx_word' id='word_1_136' title='bbox 1294 1880 1545 1932; x_wconf 88' lang='lat' dir='ltr'><strong>omniims</strong></span> <span class='ocrx_word' id='word_1_137' title='bbox 1571 1881 1736 1934; x_wconf 80' lang='lat' dir='ltr'><strong>bene-</strong></span> <span class='ocrx_word' id='word_1_138' title='bbox 1769 1872 1812 1929; x_wconf 66' lang='grc'><strong>11</strong></span> 
     </span>
    </p>
   </div>
   <div class='ocr_carea' id='block_1_20' title="bbox 139 1967 1736 2033">
    <p class='ocr_par' dir='ltr' id='par_1_20' title="bbox 139 1967 1736 2033">
     <span class='ocr_line' id='line_1_20' title="bbox 139 1967 1736 2033; baseline 0.005 -17"><span class='ocrx_word' id='word_1_139' title='bbox 139 1967 386 2020; x_wconf 69' lang='lat' dir='ltr'><strong>diceris!</strong></span> <span class='ocrx_word' id='word_1_140' title='bbox 421 1968 731 2023; x_wconf 84' lang='lat' dir='ltr'><strong>Benedictio</strong></span> <span class='ocrx_word' id='word_1_141' title='bbox 779 1970 923 2023; x_wconf 88' lang='lat' dir='ltr'><strong>enim</strong></span> <span class='ocrx_word' id='word_1_142' title='bbox 983 1977 1075 2022; x_wconf 84' lang='lat' dir='ltr'><strong>tua</strong></span> <span class='ocrx_word' id='word_1_143' title='bbox 1131 1979 1327 2028; x_wconf 86' lang='lat' dir='ltr'><strong>cuncta</strong></span> <span class='ocrx_word' id='word_1_144' title='bbox 1386 1970 1690 2024; x_wconf 84' lang='lat' dir='ltr'><strong>sanctiﬁcat</strong></span> <span class='ocrx_word' id='word_1_145' title='bbox 1721 2011 1736 2033; x_wconf 88' lang='lat'><strong>,</strong></span> 
     </span>
    </p>
   </div>
   <div class='ocr_carea' id='block_1_21' title="bbox 133 2059 1739 2131">
    <p class='ocr_par' dir='ltr' id='par_1_21' title="bbox 133 2059 1739 2131">
     <span class='ocr_line' id='line_1_21' title="bbox 133 2059 1739 2131; baseline 0.007 -28"><span class='ocrx_word' id='word_1_146' title='bbox 133 2059 504 2128; x_wconf 74' lang='lat' dir='ltr'><strong>omniumque</strong></span> <span class='ocrx_word' id='word_1_147' title='bbox 531 2059 837 2116; x_wconf 85' lang='lat' dir='ltr'><strong>benedictio</strong></span> <span class='ocrx_word' id='word_1_148' title='bbox 869 2077 1049 2116; x_wconf 85' lang='lat' dir='ltr'><strong>rerum</strong></span> <span class='ocrx_word' id='word_1_149' title='bbox 1091 2064 1142 2114; x_wconf 90' lang='lat' dir='ltr'><strong>in</strong></span> <span class='ocrx_word' id='word_1_150' title='bbox 1185 2071 1235 2115; x_wconf 90' lang='lat' dir='ltr'><strong>te</strong></span> <span class='ocrx_word' id='word_1_151' title='bbox 1265 2063 1482 2131; x_wconf 85' lang='lat' dir='ltr'><strong>c0piosa</strong></span> <span class='ocrx_word' id='word_1_152' title='bbox 1544 2064 1739 2114; x_wconf 83' lang='lat' dir='ltr'><strong>redun-</strong></span> 
     </span>
    </p>
   </div>
   <div class='ocr_carea' id='block_1_22' title="bbox 138 2148 1782 2214">
    <p class='ocr_par' dir='ltr' id='par_1_22' title="bbox 138 2148 1782 2214">
     <span class='ocr_line' id='line_1_22' title="bbox 138 2148 1782 2214; baseline 0.006 -17"><span class='ocrx_word' id='word_1_153' title='bbox 138 2151 252 2203; x_wconf 84' lang='lat' dir='ltr'><strong>dat.</strong></span> <span class='ocrx_word' id='word_1_154' title='bbox 310 2150 357 2204; x_wconf 82' lang='lat'>0</span> <span class='ocrx_word' id='word_1_155' title='bbox 405 2167 540 2206; x_wconf 75' lang='lat' dir='ltr'><strong>crux</strong></span> <span class='ocrx_word' id='word_1_156' title='bbox 586 2154 890 2206; x_wconf 89' lang='lat' dir='ltr'><strong>veneranda</strong></span> <span class='ocrx_word' id='word_1_157' title='bbox 925 2193 937 2214; x_wconf 86' lang='lat'><strong>,</strong></span> <span class='ocrx_word' id='word_1_158' title='bbox 969 2168 1002 2206; x_wconf 91' lang='grc' dir='ltr'>ο</span> <span class='ocrx_word' id='word_1_159' title='bbox 1051 2169 1182 2206; x_wconf 76' lang='lat' dir='ltr'><strong>crux</strong></span> <span class='ocrx_word' id='word_1_160' title='bbox 1231 2152 1531 2213; x_wconf 73' lang='lat' dir='ltr'><strong>adoranda,</strong></span> <span class='ocrx_word' id='word_1_161' title='bbox 1565 2152 1735 2207; x_wconf 83' lang='lat' dir='ltr'><strong>forma</strong></span> <span class='ocrx_word' id='word_1_162' title='bbox 1777 2148 1782 2155; x_wconf 81' lang='grc'><em>’</em></span> 
     </span>
    </p>
   </div>
   <div class='ocr_carea' id='block_1_23' title="bbox 141 2242 1737 2310">
    <p class='ocr_par' dir='ltr' id='par_1_23' title="bbox 141 2242 1737 2310">
     <span class='ocr_line' id='line_1_23' title="bbox 141 2242 1737 2310; baseline 0.004 -20"><span class='ocrx_word' id='word_1_163' title='bbox 141 2242 434 2305; x_wconf 79' lang='lat' dir='ltr'><strong>mirabilis,</strong></span> <span class='ocrx_word' id='word_1_164' title='bbox 480 2245 651 2310; x_wconf 78' lang='lat' dir='ltr'><strong>ﬁgura</strong></span> <span class='ocrx_word' id='word_1_165' title='bbox 704 2243 963 2297; x_wconf 79' lang='lat' dir='ltr'><strong>terribilis</strong></span> <span class='ocrx_word' id='word_1_166' title='bbox 990 2244 1002 2296; x_wconf 89' lang='lat'><strong>!</strong></span> <span class='ocrx_word' id='word_1_167' title='bbox 1051 2242 1202 2296; x_wconf 90' lang='lat' dir='ltr'><strong>Sicut</strong></span> <span class='ocrx_word' id='word_1_168' title='bbox 1233 2243 1378 2296; x_wconf 89' lang='lat' dir='ltr'><strong>enim</strong></span> <span class='ocrx_word' id='word_1_169' title='bbox 1413 2243 1525 2295; x_wconf 89' lang='lat' dir='ltr'><strong>ﬁuit</strong></span> <span class='ocrx_word' id='word_1_170' title='bbox 1552 2259 1678 2296; x_wconf 86' lang='lat' dir='ltr'><strong>cera</strong></span> <span class='ocrx_word' id='word_1_171' title='bbox 1709 2259 1737 2296; x_wconf 76' lang='grc' dir='ltr'>τι</span> 
     </span>
    </p>
   </div>
   <div class='ocr_carea' id='block_1_24' title="bbox 137 2331 1738 2404">
    <p class='ocr_par' dir='ltr' id='par_1_24' title="bbox 137 2331 1738 2404">
     <span class='ocr_line' id='line_1_24' title="bbox 137 2331 1738 2404; baseline 0.003 -22"><span class='ocrx_word' id='word_1_172' title='bbox 137 2331 283 2385; x_wconf 77' lang='lat' dir='ltr'><strong>facie</strong></span> <span class='ocrx_word' id='word_1_173' title='bbox 319 2334 482 2402; x_wconf 81' lang='lat' dir='ltr'><strong>ignis,</strong></span> <span class='ocrx_word' id='word_1_174' title='bbox 529 2335 606 2386; x_wconf 88' lang='lat' dir='ltr'><strong>sic</strong></span> <span class='ocrx_word' id='word_1_175' title='bbox 637 2343 864 2402; x_wconf 88' lang='lat' dir='ltr'><strong>pereunt</strong></span> <span class='ocrx_word' id='word_1_176' title='bbox 907 2343 1221 2404; x_wconf 88' lang='lat' dir='ltr'><strong>peccatores</strong></span> <span class='ocrx_word' id='word_1_177' title='bbox 1254 2350 1282 2386; x_wconf 91' lang='lat' dir='ltr'><strong>a</strong></span> <span class='ocrx_word' id='word_1_178' title='bbox 1315 2333 1452 2387; x_wconf 86' lang='lat' dir='ltr'><strong>facie</strong></span> <span class='ocrx_word' id='word_1_179' title='bbox 1483 2343 1605 2397; x_wconf 87' lang='lat' dir='ltr'><strong>tua;</strong></span> <span class='ocrx_word' id='word_1_180' title='bbox 1641 2349 1738 2387; x_wconf 86' lang='lat' dir='ltr'><strong>nec</strong></span> 
     </span>
    </p>
   </div>
   <div class='ocr_carea' id='block_1_25' title="bbox 139 2421 1736 2492">
    <p class='ocr_par' dir='ltr' id='par_1_25' title="bbox 139 2421 1736 2492">
     <span class='ocr_line' id='line_1_25' title="bbox 139 2421 1736 2492; baseline 0.003 -19"><span class='ocrx_word' id='word_1_181' title='bbox 139 2423 425 2489; x_wconf 78' lang='lat' dir='ltr'><strong>reperiunt</strong></span> <span class='ocrx_word' id='word_1_182' title='bbox 452 2421 616 2492; x_wconf 75' lang='lat'><strong>258</strong></span> <span class='ocrx_word' id='word_1_183' title='bbox 636 2424 1014 2492; x_wconf 83' lang='lat' dir='ltr'><strong>phantasmata</strong></span> <span class='ocrx_word' id='word_1_184' title='bbox 1041 2425 1368 2487; x_wconf 85' lang='lat' dir='ltr'><strong>remorandi,</strong></span> <span class='ocrx_word' id='word_1_185' title='bbox 1403 2423 1484 2476; x_wconf 86' lang='lat' dir='ltr'><strong>vel</strong></span> <span class='ocrx_word' id='word_1_186' title='bbox 1513 2424 1736 2478; x_wconf 86' lang='lat' dir='ltr'><strong>cedendi</strong></span> 
     </span>
    </p>
   </div>
   <div class='ocr_carea' id='block_1_26' title="bbox 116 2509 1736 2580">
    <p class='ocr_par' dir='ltr' id='par_1_26' title="bbox 116 2509 1736 2580">
     <span class='ocr_line' id='line_1_26' title="bbox 116 2509 1736 2580; baseline 0.004 -20"><span class='ocrx_word' id='word_1_187' title='bbox 116 2509 342 2578; x_wconf 78' lang='lat' dir='ltr'><strong>locum,</strong></span> <span class='ocrx_word' id='word_1_188' title='bbox 393 2511 484 2564; x_wconf 86' lang='lat' dir='ltr'><strong>ubi</strong></span> <span class='ocrx_word' id='word_1_189' title='bbox 544 2521 693 2564; x_wconf 88' lang='lat' dir='ltr'><strong>tuum</strong></span> <span class='ocrx_word' id='word_1_190' title='bbox 741 2527 1075 2580; x_wconf 76' lang='lat' dir='ltr'><strong>conspexere</strong></span> <span class='ocrx_word' id='word_1_191' title='bbox 1127 2512 1556 2580; x_wconf 83' lang='lat' dir='ltr'><strong>signaculum.0</strong></span> <span class='ocrx_word' id='word_1_192' title='bbox 1602 2529 1736 2566; x_wconf 68' lang='lat' dir='ltr'><strong>crux</strong></span> 
     </span>
    </p>
   </div>
   <div class='ocr_carea' id='block_1_27' title="bbox 138 2602 1736 2666">
    <p class='ocr_par' dir='ltr' id='par_1_27' title="bbox 138 2602 1736 2666">
     <span class='ocr_line' id='line_1_27' title="bbox 138 2602 1736 2666; baseline 0.002 -14"><span class='ocrx_word' id='word_1_193' title='bbox 138 2603 401 2655; x_wconf 84' lang='lat' dir='ltr'><strong>amabilis</strong></span> <span class='ocrx_word' id='word_1_194' title='bbox 430 2611 486 2656; x_wconf 88' lang='lat' dir='ltr'><strong>et</strong></span> <span class='ocrx_word' id='word_1_195' title='bbox 516 2602 732 2666; x_wconf 88' lang='lat' dir='ltr'><strong>dilecta,</strong></span> <span class='ocrx_word' id='word_1_196' title='bbox 758 2603 938 2657; x_wconf 82' lang='lat' dir='ltr'><strong>suavis</strong></span> <span class='ocrx_word' id='word_1_197' title='bbox 963 2603 1216 2656; x_wconf 89' lang='lat' dir='ltr'><strong>nimirum</strong></span> <span class='ocrx_word' id='word_1_198' title='bbox 1244 2613 1298 2656; x_wconf 87' lang='lat' dir='ltr'><strong>et</strong></span> <span class='ocrx_word' id='word_1_199' title='bbox 1322 2602 1547 2665; x_wconf 72' lang='lat' dir='ltr'><strong>det-ora;</strong></span> <span class='ocrx_word' id='word_1_200' title='bbox 1583 2619 1736 2655; x_wconf 89' lang='lat' dir='ltr'><strong>amo-</strong></span> 
     </span>
    </p>
   </div>
   <div class='ocr_carea' id='block_1_28' title="bbox 140 2691 1736 2760">
    <p class='ocr_par' dir='ltr' id='par_1_28' title="bbox 140 2691 1736 2760">
     <span class='ocr_line' id='line_1_28' title="bbox 140 2691 1736 2760; baseline 0.003 -18"><span class='ocrx_word' id='word_1_201' title='bbox 140 2693 210 2745; x_wconf 89' lang='lat' dir='ltr'><strong>ris</strong></span> <span class='ocrx_word' id='word_1_202' title='bbox 245 2694 326 2744; x_wconf 88' lang='lat' dir='ltr'><strong>tui</strong></span> <span class='ocrx_word' id='word_1_203' title='bbox 363 2691 578 2745; x_wconf 88' lang='lat' dir='ltr'><strong>ﬁamma</strong></span> <span class='ocrx_word' id='word_1_204' title='bbox 610 2707 768 2747; x_wconf 89' lang='lat' dir='ltr'><strong>onme</strong></span> <span class='ocrx_word' id='word_1_205' title='bbox 794 2707 892 2746; x_wconf 89' lang='lat' dir='ltr'><strong>cor</strong></span> <span class='ocrx_word' id='word_1_206' title='bbox 915 2707 1104 2746; x_wconf 86' lang='lat' dir='ltr'><strong>sanum</strong></span> <span class='ocrx_word' id='word_1_207' title='bbox 1133 2693 1351 2760; x_wconf 89' lang='lat' dir='ltr'><strong>sapiens</strong></span> <span class='ocrx_word' id='word_1_208' title='bbox 1383 2703 1596 2755; x_wconf 67' lang='lat' dir='ltr'><strong>aestuat,</strong></span> <span class='ocrx_word' id='word_1_209' title='bbox 1630 2703 1736 2746; x_wconf 71' lang='lat' dir='ltr'><strong>tua:</strong></span> 
     </span>
    </p>
   </div>
   <div class='ocr_carea' id='block_1_29' title="bbox 132 2783 1733 2855">
    <p class='ocr_par' dir='ltr' id='par_1_29' title="bbox 132 2783 1733 2855">
     <span class='ocr_line' id='line_1_29' title="bbox 132 2783 1733 2855; baseline 0.003 -23"><span class='ocrx_word' id='word_1_210' title='bbox 132 2783 431 2838; x_wconf 73' lang='lat' dir='ltr'><strong>charitatis</strong></span> <span class='ocrx_word' id='word_1_211' title='bbox 479 2785 603 2853; x_wconf 82' lang='lat' dir='ltr'><strong>igne</strong></span> <span class='ocrx_word' id='word_1_212' title='bbox 649 2794 936 2855; x_wconf 81' lang='lat' dir='ltr'><strong>postquam</strong></span> <span class='ocrx_word' id='word_1_213' title='bbox 977 2799 1132 2855; x_wconf 79' lang='lat' dir='ltr'><strong>mens</strong></span> <span class='ocrx_word' id='word_1_214' title='bbox 1179 2784 1355 2838; x_wconf 84' lang='lat' dir='ltr'><strong>ﬁdelis</strong></span> <span class='ocrx_word' id='word_1_215' title='bbox 1381 2786 1733 2848; x_wconf 80' lang='lat' dir='ltr'><strong>accenditur,</strong></span> 
     </span>
    </p>
   </div>
   <div class='ocr_carea' id='block_1_30' title="bbox 135 2876 1737 2931">
    <p class='ocr_par' dir='ltr' id='par_1_30' title="bbox 135 2876 1737 2931">
     <span class='ocr_line' id='line_1_30' title="bbox 135 2876 1737 2931; baseline 0.001 -4"><span class='ocrx_word' id='word_1_216' title='bbox 135 2879 197 2930; x_wconf 88' lang='lat' dir='ltr'><strong>ad</strong></span> <span class='ocrx_word' id='word_1_217' title='bbox 234 2891 488 2929; x_wconf 78' lang='lat' dir='ltr'><strong>amorem</strong></span> <span class='ocrx_word' id='word_1_218' title='bbox 542 2892 666 2928; x_wconf 79' lang='lat' dir='ltr'><strong>mox</strong></span> <span class='ocrx_word' id='word_1_219' title='bbox 699 2877 999 2931; x_wconf 77' lang='lat' dir='ltr'><strong>ctelestium</strong></span> <span class='ocrx_word' id='word_1_220' title='bbox 1055 2876 1494 2929; x_wconf 89' lang='lat' dir='ltr'><strong>inenarrabiliter</strong></span> <span class='ocrx_word' id='word_1_221' title='bbox 1528 2876 1737 2929; x_wconf 86' lang='lat' dir='ltr'><strong>inﬁam-</strong></span> 
     </span>
    </p>
   </div>
   <div class='ocr_carea' id='block_1_31' title="bbox 137 2967 1736 3038">
    <p class='ocr_par' dir='ltr' id='par_1_31' title="bbox 137 2967 1736 3038">
     <span class='ocr_line' id='line_1_31' title="bbox 137 2967 1736 3038; baseline 0.003 -20"><span class='ocrx_word' id='word_1_222' title='bbox 137 2978 341 3020; x_wconf 83' lang='lat' dir='ltr'><strong>matur.</strong></span> <span class='ocrx_word' id='word_1_223' title='bbox 374 2967 508 3032; x_wconf 89' lang='lat' dir='ltr'><strong>Quis</strong></span> <span class='ocrx_word' id='word_1_224' title='bbox 543 2968 728 3038; x_wconf 80' lang='lat' dir='ltr'><strong>igitur,</strong></span> <span class='ocrx_word' id='word_1_225' title='bbox 756 2983 788 3021; x_wconf 93' lang='lat' dir='ltr'><strong>o</strong></span> <span class='ocrx_word' id='word_1_226' title='bbox 819 2969 972 3020; x_wconf 81' lang='lat' dir='ltr'><strong>beata</strong></span> <span class='ocrx_word' id='word_1_227' title='bbox 1003 2969 1165 3021; x_wconf 80' lang='lat' dir='ltr'><strong>crux!</strong></span> <span class='ocrx_word' id='word_1_228' title='bbox 1197 2968 1373 3036; x_wconf 83' lang='lat' dir='ltr'><strong>dignis</strong></span> <span class='ocrx_word' id='word_1_229' title='bbox 1407 2975 1457 3021; x_wconf 88' lang='lat' dir='ltr'><strong>te</strong></span> <span class='ocrx_word' id='word_1_230' title='bbox 1488 2967 1736 3022; x_wconf 87' lang='lat' dir='ltr'><strong>laudibus</strong></span> 
     </span>
    </p>
   </div>
   <div class='ocr_carea' id='block_1_32' title="bbox 133 3057 1733 3128">
    <p class='ocr_par' dir='ltr' id='par_1_32' title="bbox 133 3057 1733 3128">
     <span class='ocr_line' id='line_1_32' title="bbox 133 3057 1733 3128; baseline -0.001 -17"><span class='ocrx_word' id='word_1_231' title='bbox 133 3057 354 3122; x_wconf 70' lang='lat' dir='ltr'><strong>efferat,</strong></span> <span class='ocrx_word' id='word_1_232' title='bbox 383 3059 435 3111; x_wconf 90' lang='lat' dir='ltr'><strong>in</strong></span> <span class='ocrx_word' id='word_1_233' title='bbox 459 3074 564 3128; x_wconf 90' lang='lat' dir='ltr'><strong>qua</strong></span> <span class='ocrx_word' id='word_1_234' title='bbox 595 3058 842 3112; x_wconf 82' lang='lat' dir='ltr'><strong>videlicet</strong></span> <span class='ocrx_word' id='word_1_235' title='bbox 863 3068 1052 3111; x_wconf 88' lang='lat' dir='ltr'><strong>auctor</strong></span> <span class='ocrx_word' id='word_1_236' title='bbox 1079 3058 1202 3111; x_wconf 76' lang='lat' dir='ltr'><strong>vita:</strong></span> <span class='ocrx_word' id='word_1_237' title='bbox 1234 3058 1473 3110; x_wconf 90' lang='lat' dir='ltr'><strong>moriens</strong></span> <span class='ocrx_word' id='word_1_238' title='bbox 1504 3065 1733 3109; x_wconf 89' lang='lat' dir='ltr'><strong>mortem</strong></span> 
     </span>
    </p>
   </div>
   <div class='ocr_carea' id='block_1_33' title="bbox 137 3145 1731 3215">
    <p class='ocr_par' dir='ltr' id='par_1_33' title="bbox 137 3145 1731 3215">
     <span class='ocr_line' id='line_1_33' title="bbox 137 3145 1731 3215; baseline -0.001 -15"><span class='ocrx_word' id='word_1_239' title='bbox 137 3147 420 3214; x_wconf 88' lang='lat' dir='ltr'><strong>perdidit,</strong></span> <span class='ocrx_word' id='word_1_240' title='bbox 456 3148 736 3214; x_wconf 88' lang='lat' dir='ltr'><strong>ipsamque</strong></span> <span class='ocrx_word' id='word_1_241' title='bbox 782 3145 1083 3215; x_wconf 72' lang='lat' dir='ltr'><strong>dcglutiens</strong></span> <span class='ocrx_word' id='word_1_242' title='bbox 1115 3155 1357 3198; x_wconf 88' lang='lat' dir='ltr'><strong>mortuos</strong></span> <span class='ocrx_word' id='word_1_243' title='bbox 1390 3160 1487 3198; x_wconf 91' lang='lat' dir='ltr'><strong>nos</strong></span> <span class='ocrx_word' id='word_1_244' title='bbox 1533 3147 1598 3198; x_wconf 88' lang='lat' dir='ltr'><strong>ad</strong></span> <span class='ocrx_word' id='word_1_245' title='bbox 1633 3147 1731 3198; x_wconf 86' lang='lat' dir='ltr'><strong>im-</strong></span> 
     </span>
    </p>
   </div>
   <div class='ocr_carea' id='block_1_34' title="bbox 1850 617 2107 661">
    <p class='ocr_par' dir='ltr' id='par_1_34' title="bbox 1850 617 2107 661">
     <span class='ocr_line' id='line_1_34' title="bbox 1850 617 2107 661; baseline -0.004 -1"><span class='ocrx_word' id='word_1_246' title='bbox 1850 617 2107 661; x_wconf 85' lang='lat' dir='ltr'><strong>mentum.</strong></span> 
     </span>
    </p>
   </div>
   <div class='ocr_carea' id='block_1_35' title="bbox 1913 698 3432 772">
    <p class='ocr_par' dir='ltr' id='par_1_35' title="bbox 1913 698 3432 772">
     <span class='ocr_line' id='line_1_35' title="bbox 1913 698 3432 772; baseline 0.005 -21"><span class='ocrx_word' id='word_1_247' title='bbox 1913 698 2058 752; x_wconf 80' lang='lat' dir='ltr'><strong>Inter</strong></span> <span class='ocrx_word' id='word_1_248' title='bbox 2101 715 2290 754; x_wconf 86' lang='lat' dir='ltr'><strong>omnes</strong></span> <span class='ocrx_word' id='word_1_249' title='bbox 2323 701 2479 769; x_wconf 85' lang='lat' dir='ltr'><strong>plane</strong></span> <span class='ocrx_word' id='word_1_250' title='bbox 2509 713 2748 766; x_wconf 84' lang='lat' dir='ltr'><strong>sanctos,</strong></span> <span class='ocrx_word' id='word_1_251' title='bbox 2778 707 2867 772; x_wconf 91' lang='lat' dir='ltr'><strong>qui</strong></span> <span class='ocrx_word' id='word_1_252' title='bbox 2907 705 3109 760; x_wconf 66' lang='lat' dir='ltr'><strong>caelesti</strong></span> <span class='ocrx_word' id='word_1_253' title='bbox 3143 705 3326 772; x_wconf 67' lang='lat' dir='ltr'><strong>gloria:</strong></span> <span class='ocrx_word' id='word_1_254' title='bbox 3366 707 3432 758; x_wconf 68' lang='lat' dir='ltr'><strong>de</strong></span> 
     </span>
    </p>
   </div>
   <div class='ocr_carea' id='block_1_36' title="bbox 1846 790 3436 859">
    <p class='ocr_par' dir='ltr' id='par_1_36' title="bbox 1846 790 3436 859">
     <span class='ocr_line' id='line_1_36' title="bbox 1846 790 3436 859; baseline 0.005 -18"><span class='ocrx_word' id='word_1_255' title='bbox 1846 790 2177 859; x_wconf 89' lang='lat' dir='ltr'><strong>triumphato</strong></span> <span class='ocrx_word' id='word_1_256' title='bbox 2205 793 2403 844; x_wconf 91' lang='lat' dir='ltr'><strong>mundo</strong></span> <span class='ocrx_word' id='word_1_257' title='bbox 2435 792 2674 848; x_wconf 79' lang='lat' dir='ltr'><strong>victoria:</strong></span> <span class='ocrx_word' id='word_1_258' title='bbox 2709 796 2891 850; x_wconf 90' lang='lat' dir='ltr'><strong>titulos</strong></span> <span class='ocrx_word' id='word_1_259' title='bbox 2942 796 3259 859; x_wconf 86' lang='lat' dir='ltr'><strong>intulerunt,</strong></span> <span class='ocrx_word' id='word_1_260' title='bbox 3311 797 3436 851; x_wconf 85' lang='lat' dir='ltr'><strong>bea-</strong></span> 
     </span>
    </p>
   </div>
   <div class='ocr_carea' id='block_1_37' title="bbox 1846 881 3427 955">
    <p class='ocr_par' dir='ltr' id='par_1_37' title="bbox 1846 881 3427 955">
     <span class='ocr_line' id='line_1_37' title="bbox 1846 881 3427 955; baseline 0.004 -22"><span class='ocrx_word' id='word_1_261' title='bbox 1846 890 1930 935; x_wconf 88' lang='lat' dir='ltr'><strong>tus</strong></span> <span class='ocrx_word' id='word_1_262' title='bbox 1961 881 2241 936; x_wconf 60' lang='lat' dir='ltr'><strong>Maltinus</strong></span> <span class='ocrx_word' id='word_1_263' title='bbox 2279 884 2408 936; x_wconf 91' lang='lat' dir='ltr'><strong>mihi</strong></span> <span class='ocrx_word' id='word_1_264' title='bbox 2458 886 2671 937; x_wconf 88' lang='lat' dir='ltr'><strong>videtur</strong></span> <span class='ocrx_word' id='word_1_265' title='bbox 2723 887 2946 955; x_wconf 66' lang='lat' dir='ltr'><strong>insignis</strong></span> <span class='ocrx_word' id='word_1_266' title='bbox 2975 927 2989 950; x_wconf 96' lang='lat'><strong>,</strong></span> <span class='ocrx_word' id='word_1_267' title='bbox 3019 897 3177 955; x_wconf 77' lang='lat' dir='ltr'><strong>atque</strong></span> <span class='ocrx_word' id='word_1_268' title='bbox 3203 889 3427 954; x_wconf 87' lang='lat' dir='ltr'><strong>conspi-</strong></span> 
     </span>
    </p>
   </div>
   <div class='ocr_carea' id='block_1_38' title="bbox 1840 975 3436 1046">
    <p class='ocr_par' dir='ltr' id='par_1_38' title="bbox 1840 975 3436 1046">
     <span class='ocr_line' id='line_1_38' title="bbox 1840 975 3436 1046; baseline 0.002 -19"><span class='ocrx_word' id='word_1_269' title='bbox 1840 989 2008 1033; x_wconf 87' lang='lat' dir='ltr'><strong>cuus,</strong></span> <span class='ocrx_word' id='word_1_270' title='bbox 2040 984 2094 1027; x_wconf 92' lang='lat' dir='ltr'><strong>et</strong></span> <span class='ocrx_word' id='word_1_271' title='bbox 2138 975 2428 1042; x_wconf 84' lang='lat' dir='ltr'><strong>quemdam</strong></span> <span class='ocrx_word' id='word_1_272' title='bbox 2460 977 2598 1029; x_wconf 86' lang='lat' dir='ltr'><strong>inter</strong></span> <span class='ocrx_word' id='word_1_273' title='bbox 2621 992 2716 1029; x_wconf 88' lang='lat' dir='ltr'><strong>eos</strong></span> <span class='ocrx_word' id='word_1_274' title='bbox 2744 977 3019 1046; x_wconf 78' lang='lat' dir='ltr'><strong>dignitatis</strong></span> <span class='ocrx_word' id='word_1_275' title='bbox 3044 978 3290 1031; x_wconf 88' lang='lat' dir='ltr'><strong>obtinere</strong></span> <span class='ocrx_word' id='word_1_276' title='bbox 3325 977 3436 1046; x_wconf 88' lang='lat' dir='ltr'><strong>pri-</strong></span> 
     </span>
    </p>
   </div>
   <div class='ocr_carea' id='block_1_39' title="bbox 1843 1068 3435 1136">
    <p class='ocr_par' dir='ltr' id='par_1_39' title="bbox 1843 1068 3435 1136">
     <span class='ocr_line' id='line_1_39' title="bbox 1843 1068 3435 1136; baseline 0.002 -20"><span class='ocrx_word' id='word_1_277' title='bbox 1843 1074 2048 1117; x_wconf 85' lang='lat' dir='ltr'><strong>matum</strong></span> <span class='ocrx_word' id='word_1_278' title='bbox 2075 1081 2088 1128; x_wconf 91' lang='lat'>;</span> <span class='ocrx_word' id='word_1_279' title='bbox 2126 1074 2306 1134; x_wconf 90' lang='lat' dir='ltr'><strong>atque,</strong></span> <span class='ocrx_word' id='word_1_280' title='bbox 2338 1075 2394 1117; x_wconf 90' lang='lat' dir='ltr'><strong>ut</strong></span> <span class='ocrx_word' id='word_1_281' title='bbox 2421 1068 2678 1120; x_wconf 85' lang='lat' dir='ltr'><strong>audenter</strong></span> <span class='ocrx_word' id='word_1_282' title='bbox 2704 1069 2901 1130; x_wconf 89' lang='lat' dir='ltr'><strong>dicam,</strong></span> <span class='ocrx_word' id='word_1_283' title='bbox 2935 1084 3093 1120; x_wconf 89' lang='lat' dir='ltr'><strong>nemo</strong></span> <span class='ocrx_word' id='word_1_284' title='bbox 3123 1079 3245 1136; x_wconf 85' lang='lat' dir='ltr'><strong>post</strong></span> <span class='ocrx_word' id='word_1_285' title='bbox 3276 1069 3435 1121; x_wconf 41' lang='lat' dir='ltr'><strong>Chris</strong></span> 
     </span>
    </p>
   </div>
   <div class='ocr_carea' id='block_1_40' title="bbox 1842 1156 3429 1226">
    <p class='ocr_par' dir='ltr' id='par_1_40' title="bbox 1842 1156 3429 1226">
     <span class='ocr_line' id='line_1_40' title="bbox 1842 1156 3429 1226; baseline 0.003 -18"><span class='ocrx_word' id='word_1_286' title='bbox 1842 1165 1985 1208; x_wconf 80' lang='lat' dir='ltr'><strong>stum</strong></span> <span class='ocrx_word' id='word_1_287' title='bbox 2024 1165 2107 1210; x_wconf 88' lang='lat' dir='ltr'><strong>est</strong></span> <span class='ocrx_word' id='word_1_288' title='bbox 2142 1156 2225 1209; x_wconf 90' lang='lat' dir='ltr'><strong>cui</strong></span> <span class='ocrx_word' id='word_1_289' title='bbox 2257 1157 2426 1226; x_wconf 79' lang='lat' dir='ltr'><strong>magis</strong></span> <span class='ocrx_word' id='word_1_290' title='bbox 2463 1158 2650 1211; x_wconf 83' lang='lat' dir='ltr'><strong>debeat</strong></span> <span class='ocrx_word' id='word_1_291' title='bbox 2679 1169 2867 1212; x_wconf 69' lang='lat' dir='ltr'><strong>sancta</strong></span> <span class='ocrx_word' id='word_1_292' title='bbox 2899 1159 3215 1212; x_wconf 83' lang='lat' dir='ltr'><strong>universalis</strong></span> <span class='ocrx_word' id='word_1_293' title='bbox 3245 1159 3429 1214; x_wconf 80' lang='lat' dir='ltr'><strong>Eccle-</strong></span> 
     </span>
    </p>
   </div>
   <div class='ocr_carea' id='block_1_41' title="bbox 1844 1244 3430 1316">
    <p class='ocr_par' dir='ltr' id='par_1_41' title="bbox 1844 1244 3430 1316">
     <span class='ocr_line' id='line_1_41' title="bbox 1844 1244 3430 1316; baseline 0.001 -17"><span class='ocrx_word' id='word_1_294' title='bbox 1844 1244 1943 1299; x_wconf 89' lang='lat' dir='ltr'><strong>sia.</strong></span> <span class='ocrx_word' id='word_1_295' title='bbox 1975 1244 2105 1298; x_wconf 78' lang='lat' dir='ltr'><strong>Nam</strong></span> <span class='ocrx_word' id='word_1_296' title='bbox 2136 1248 2276 1314; x_wconf 84' lang='lat' dir='ltr'><strong>quod</strong></span> <span class='ocrx_word' id='word_1_297' title='bbox 2306 1247 2536 1300; x_wconf 81' lang='lat' dir='ltr'><strong>tumidus</strong></span> <span class='ocrx_word' id='word_1_298' title='bbox 2587 1248 2754 1311; x_wconf 82' lang='lat' dir='ltr'><strong>vivit,</strong></span> <span class='ocrx_word' id='word_1_299' title='bbox 2785 1248 2899 1301; x_wconf 77' lang='lat' dir='ltr'><strong>lucc</strong></span> <span class='ocrx_word' id='word_1_300' title='bbox 2948 1258 3032 1301; x_wconf 88' lang='lat' dir='ltr'><strong>cst</strong></span> <span class='ocrx_word' id='word_1_301' title='bbox 3070 1264 3253 1312; x_wconf 83' lang='lat' dir='ltr'><strong>causa,</strong></span> <span class='ocrx_word' id='word_1_302' title='bbox 3303 1249 3430 1316; x_wconf 85' lang='lat' dir='ltr'><strong>quia</strong></span> 
     </span>
    </p>
   </div>
   <div class='ocr_carea' id='block_1_42' title="bbox 1844 1336 3426 1405">
    <p class='ocr_par' dir='ltr' id='par_1_42' title="bbox 1844 1336 3426 1405">
     <span class='ocr_line' id='line_1_42' title="bbox 1844 1336 3426 1405; baseline 0.004 -18"><span class='ocrx_word' id='word_1_303' title='bbox 1844 1336 1930 1388; x_wconf 82' lang='lat' dir='ltr'><strong>lux</strong></span> <span class='ocrx_word' id='word_1_304' title='bbox 2003 1338 2156 1391; x_wconf 85' lang='lat' dir='ltr'><strong>nobis</strong></span> <span class='ocrx_word' id='word_1_305' title='bbox 2207 1337 2516 1405; x_wconf 82' lang='lat' dir='ltr'><strong>evangelica</strong></span> <span class='ocrx_word' id='word_1_306' title='bbox 2562 1339 2888 1392; x_wconf 71' lang='lat' dir='ltr'><strong>corustavit.</strong></span> <span class='ocrx_word' id='word_1_307' title='bbox 2947 1338 3172 1392; x_wconf 84' lang='lat' dir='ltr'><strong>Constat</strong></span> <span class='ocrx_word' id='word_1_308' title='bbox 3247 1349 3426 1392; x_wconf 82' lang='lat' dir='ltr'><strong>autem</strong></span> 
     </span>
    </p>
   </div>
   <div class='ocr_carea' id='block_1_43' title="bbox 1841 1425 3426 1498">
    <p class='ocr_par' dir='ltr' id='par_1_43' title="bbox 1841 1425 3426 1498">
     <span class='ocr_line' id='line_1_43' title="bbox 1841 1425 3426 1498; baseline 0.006 -24"><span class='ocrx_word' id='word_1_309' title='bbox 1841 1425 1964 1491; x_wconf 87' lang='lat' dir='ltr'><strong>quia</strong></span> <span class='ocrx_word' id='word_1_310' title='bbox 1997 1426 2201 1492; x_wconf 87' lang='lat' dir='ltr'><strong>primus</strong></span> <span class='ocrx_word' id='word_1_311' title='bbox 2221 1426 2461 1480; x_wconf 86' lang='lat' dir='ltr'><strong>omnium</strong></span> <span class='ocrx_word' id='word_1_312' title='bbox 2490 1427 2773 1481; x_wconf 68' lang='lat' dir='ltr'><strong>Mattltmus</strong></span> <span class='ocrx_word' id='word_1_313' title='bbox 2800 1427 3063 1482; x_wconf 80' lang='lat' dir='ltr'><strong>Hebraieo</strong></span> <span class='ocrx_word' id='word_1_314' title='bbox 3092 1430 3232 1498; x_wconf 80' lang='lat' dir='ltr'><strong>stylo</strong></span> <span class='ocrx_word' id='word_1_315' title='bbox 3259 1431 3426 1483; x_wconf 77' lang='lat' dir='ltr'><strong>Evan-</strong></span> 
     </span>
    </p>
   </div>
   <div class='ocr_carea' id='block_1_44' title="bbox 1842 1517 3432 1585">
    <p class='ocr_par' dir='ltr' id='par_1_44' title="bbox 1842 1517 3432 1585">
     <span class='ocr_line' id='line_1_44' title="bbox 1842 1517 3432 1585; baseline 0.003 -18"><span class='ocrx_word' id='word_1_316' title='bbox 1842 1517 2034 1581; x_wconf 63' lang='lat' dir='ltr'><strong>gelium</strong></span> <span class='ocrx_word' id='word_1_317' title='bbox 2068 1517 2322 1584; x_wconf 83' lang='lat' dir='ltr'><strong>scripsit;</strong></span> <span class='ocrx_word' id='word_1_318' title='bbox 2382 1518 2566 1585; x_wconf 86' lang='lat' dir='ltr'><strong>sicque</strong></span> <span class='ocrx_word' id='word_1_319' title='bbox 2598 1519 2677 1571; x_wconf 87' lang='lat' dir='ltr'><strong>his</strong></span> <span class='ocrx_word' id='word_1_320' title='bbox 2728 1520 2817 1585; x_wconf 90' lang='lat' dir='ltr'><strong>qui</strong></span> <span class='ocrx_word' id='word_1_321' title='bbox 2858 1529 3104 1571; x_wconf 80' lang='lat' dir='ltr'><strong>erantex</strong></span> <span class='ocrx_word' id='word_1_322' title='bbox 3146 1521 3432 1572; x_wconf 76' lang='lat' dir='ltr'><strong>circumci-</strong></span> 
     </span>
    </p>
   </div>
   <div class='ocr_carea' id='block_1_45' title="bbox 1841 1606 3430 1676">
    <p class='ocr_par' dir='ltr' id='par_1_45' title="bbox 1841 1606 3430 1676">
     <span class='ocr_line' id='line_1_45' title="bbox 1841 1606 3430 1676; baseline 0.003 -19"><span class='ocrx_word' id='word_1_323' title='bbox 1841 1607 1992 1659; x_wconf 89' lang='lat' dir='ltr'><strong>sione</strong></span> <span class='ocrx_word' id='word_1_324' title='bbox 2021 1606 2267 1660; x_wconf 77' lang='lat' dir='ltr'><strong>fidelibus</strong></span> <span class='ocrx_word' id='word_1_325' title='bbox 2312 1609 2600 1660; x_wconf 68' lang='lat' dir='ltr'><strong>ueoterica:</strong></span> <span class='ocrx_word' id='word_1_326' title='bbox 2650 1609 2768 1659; x_wconf 76' lang='lat' dir='ltr'><strong>ﬁdei</strong></span> <span class='ocrx_word' id='word_1_327' title='bbox 2821 1609 3090 1675; x_wconf 77' lang='lat' dir='ltr'><strong>quoddam</strong></span> <span class='ocrx_word' id='word_1_328' title='bbox 3116 1609 3268 1675; x_wconf 87' lang='lat' dir='ltr'><strong>quasi</strong></span> <span class='ocrx_word' id='word_1_329' title='bbox 3307 1623 3430 1676; x_wconf 82' lang='lat' dir='ltr'><strong>spe-</strong></span> 
     </span>
    </p>
   </div>
   <div class='ocr_carea' id='block_1_46' title="bbox 1840 1699 3432 1770">
    <p class='ocr_par' dir='ltr' id='par_1_46' title="bbox 1840 1699 3432 1770">
     <span class='ocr_line' id='line_1_46' title="bbox 1840 1699 3432 1770; baseline 0 -18"><span class='ocrx_word' id='word_1_330' title='bbox 1840 1699 2018 1753; x_wconf 88' lang='lat' dir='ltr'><strong>culum</strong></span> <span class='ocrx_word' id='word_1_331' title='bbox 2067 1702 2394 1770; x_wconf 86' lang='lat' dir='ltr'><strong>procuravit.</strong></span> <span class='ocrx_word' id='word_1_332' title='bbox 2443 1701 2576 1766; x_wconf 85' lang='lat' dir='ltr'><strong>Quia</strong></span> <span class='ocrx_word' id='word_1_333' title='bbox 2614 1702 2777 1770; x_wconf 75' lang='lat' dir='ltr'><strong>igitur</strong></span> <span class='ocrx_word' id='word_1_334' title='bbox 2809 1700 2874 1752; x_wconf 87' lang='lat' dir='ltr'><strong>ad</strong></span> <span class='ocrx_word' id='word_1_335' title='bbox 2913 1709 3156 1752; x_wconf 84' lang='lat' dir='ltr'><strong>sanctum</strong></span> <span class='ocrx_word' id='word_1_336' title='bbox 3193 1700 3432 1769; x_wconf 51' lang='lat' dir='ltr'><strong>Evange.</strong></span> 
     </span>
    </p>
   </div>
   <div class='ocr_carea' id='block_1_47' title="bbox 1840 1791 3429 1862">
    <p class='ocr_par' dir='ltr' id='par_1_47' title="bbox 1840 1791 3429 1862">
     <span class='ocr_line' id='line_1_47' title="bbox 1840 1791 3429 1862; baseline 0.001 -19"><span class='ocrx_word' id='word_1_337' title='bbox 1840 1791 1970 1845; x_wconf 87' lang='lat' dir='ltr'><strong>lium</strong></span> <span class='ocrx_word' id='word_1_338' title='bbox 2015 1794 2427 1846; x_wconf 67' lang='lat' dir='ltr'><strong>describendum</strong></span> <span class='ocrx_word' id='word_1_339' title='bbox 2472 1793 2679 1862; x_wconf 85' lang='lat' dir='ltr'><strong>primus</strong></span> <span class='ocrx_word' id='word_1_340' title='bbox 2713 1794 2814 1845; x_wconf 90' lang='lat' dir='ltr'><strong>iste</strong></span> <span class='ocrx_word' id='word_1_341' title='bbox 2842 1792 3086 1860; x_wconf 79' lang='lat' dir='ltr'><strong>prorupit</strong></span> <span class='ocrx_word' id='word_1_342' title='bbox 3110 1833 3124 1853; x_wconf 94' lang='lat'><strong>,</strong></span> <span class='ocrx_word' id='word_1_343' title='bbox 3159 1792 3429 1844; x_wconf 83' lang='lat' dir='ltr'><strong>scribendi</strong></span> 
     </span>
    </p>
   </div>
   <div class='ocr_carea' id='block_1_48' title="bbox 1841 1885 3427 1952">
    <p class='ocr_par' dir='ltr' id='par_1_48' title="bbox 1841 1885 3427 1952">
     <span class='ocr_line' id='line_1_48' title="bbox 1841 1885 3427 1952; baseline 0.001 -18"><span class='ocrx_word' id='word_1_344' title='bbox 1841 1885 2051 1936; x_wconf 59' lang='lat' dir='ltr'><strong>ueteris</strong></span> <span class='ocrx_word' id='word_1_345' title='bbox 2082 1885 2426 1951; x_wconf 68' lang='lat' dir='ltr'><strong>r-vaugvlistis</strong></span> <span class='ocrx_word' id='word_1_346' title='bbox 2457 1885 2597 1937; x_wconf 87' lang='lat' dir='ltr'><strong>viam</strong></span> <span class='ocrx_word' id='word_1_347' title='bbox 2628 1898 2924 1952; x_wconf 62' lang='lat' dir='ltr'><strong>prteressor</strong></span> <span class='ocrx_word' id='word_1_348' title='bbox 2953 1885 3186 1951; x_wconf 82' lang='lat' dir='ltr'><strong>aperuit,</strong></span> <span class='ocrx_word' id='word_1_349' title='bbox 3215 1893 3268 1936; x_wconf 83' lang='lat' dir='ltr'><strong>et</strong></span> <span class='ocrx_word' id='word_1_350' title='bbox 3308 1893 3427 1936; x_wconf 84' lang='lat' dir='ltr'><strong>tan-</strong></span> 
     </span>
    </p>
   </div>
   <div class='ocr_carea' id='block_1_49' title="bbox 1840 1973 3425 2041">
    <p class='ocr_par' dir='ltr' id='par_1_49' title="bbox 1840 1973 3425 2041">
     <span class='ocr_line' id='line_1_49' title="bbox 1840 1973 3425 2041; baseline 0 -18"><span class='ocrx_word' id='word_1_351' title='bbox 1840 1988 1999 2041; x_wconf 88' lang='lat' dir='ltr'><strong>quam</strong></span> <span class='ocrx_word' id='word_1_352' title='bbox 2025 1974 2128 2025; x_wconf 68' lang='lat' dir='ltr'><strong>dus</strong></span> <span class='ocrx_word' id='word_1_353' title='bbox 2160 1973 2408 2026; x_wconf 81' lang='lat' dir='ltr'><strong>vexillum</strong></span> <span class='ocrx_word' id='word_1_354' title='bbox 2441 1973 2793 2041; x_wconf 80' lang='lat' dir='ltr'><strong>sequentibus</strong></span> <span class='ocrx_word' id='word_1_355' title='bbox 2816 1973 3072 2038; x_wconf 74' lang='lat' dir='ltr'><strong>pnetulit,</strong></span> <span class='ocrx_word' id='word_1_356' title='bbox 3100 1987 3304 2040; x_wconf 81' lang='lat' dir='ltr'><strong>suoque</strong></span> <span class='ocrx_word' id='word_1_357' title='bbox 3328 1987 3425 2026; x_wconf 75' lang='lat' dir='ltr'><strong>eos</strong></span> 
     </span>
    </p>
   </div>
   <div class='ocr_carea' id='block_1_50' title="bbox 1839 2061 3430 2130">
    <p class='ocr_par' dir='ltr' id='par_1_50' title="bbox 1839 2061 3430 2130">
     <span class='ocr_line' id='line_1_50' title="bbox 1839 2061 3430 2130; baseline 0 -16"><span class='ocrx_word' id='word_1_358' title='bbox 1839 2064 2111 2130; x_wconf 74' lang='lat' dir='ltr'><strong>exemplo,</strong></span> <span class='ocrx_word' id='word_1_359' title='bbox 2151 2073 2209 2116; x_wconf 90' lang='lat' dir='ltr'><strong>ut</strong></span> <span class='ocrx_word' id='word_1_360' title='bbox 2238 2063 2563 2126; x_wconf 85' lang='lat' dir='ltr'><strong>scriberent,</strong></span> <span class='ocrx_word' id='word_1_361' title='bbox 2604 2063 2873 2116; x_wconf 90' lang='lat' dir='ltr'><strong>incitavit.</strong></span> <span class='ocrx_word' id='word_1_362' title='bbox 2908 2062 2984 2114; x_wconf 91' lang='lat' dir='ltr'><strong>llli</strong></span> <span class='ocrx_word' id='word_1_363' title='bbox 3015 2075 3144 2128; x_wconf 79' lang='lat' dir='ltr'><strong>ergo</strong></span> <span class='ocrx_word' id='word_1_364' title='bbox 3171 2061 3430 2115; x_wconf 82' lang='lat' dir='ltr'><strong>debemus</strong></span> 
     </span>
    </p>
   </div>
   <div class='ocr_carea' id='block_1_51' title="bbox 1840 2153 3429 2224">
    <p class='ocr_par' dir='ltr' id='par_1_51' title="bbox 1840 2153 3429 2224">
     <span class='ocr_line' id='line_1_51' title="bbox 1840 2153 3429 2224; baseline 0 -18"><span class='ocrx_word' id='word_1_365' title='bbox 1840 2154 2191 2222; x_wconf 74' lang='lat' dir='ltr'><strong>Evangelium</strong></span> <span class='ocrx_word' id='word_1_366' title='bbox 2225 2197 2238 2216; x_wconf 90' lang='lat'><strong>,</strong></span> <span class='ocrx_word' id='word_1_367' title='bbox 2272 2169 2430 2224; x_wconf 84' lang='lat' dir='ltr'><strong>quem</strong></span> <span class='ocrx_word' id='word_1_368' title='bbox 2479 2155 2803 2221; x_wconf 56' lang='lat' dir='ltr'><strong>evangelica</strong></span> <span class='ocrx_word' id='word_1_369' title='bbox 2855 2153 3185 2207; x_wconf 89' lang='lat' dir='ltr'><strong>narrationis</strong></span> <span class='ocrx_word' id='word_1_370' title='bbox 3213 2162 3429 2206; x_wconf 80' lang='lat' dir='ltr'><strong>cons-tat</strong></span> 
     </span>
    </p>
   </div>
   <div class='ocr_carea' id='block_1_52' title="bbox 1839 2245 3427 2314">
    <p class='ocr_par' dir='ltr' id='par_1_52' title="bbox 1839 2245 3427 2314">
     <span class='ocr_line' id='line_1_52' title="bbox 1839 2245 3427 2314; baseline 0 -16"><span class='ocrx_word' id='word_1_371' title='bbox 1839 2245 2088 2298; x_wconf 82' lang='lat' dir='ltr'><strong>intulisse</strong></span> <span class='ocrx_word' id='word_1_372' title='bbox 2118 2247 2473 2314; x_wconf 82' lang='lat' dir='ltr'><strong>principium;</strong></span> <span class='ocrx_word' id='word_1_373' title='bbox 2514 2257 2567 2299; x_wconf 88' lang='lat' dir='ltr'><strong>et</strong></span> <span class='ocrx_word' id='word_1_374' title='bbox 2595 2261 2754 2314; x_wconf 85' lang='lat' dir='ltr'><strong>quem</strong></span> <span class='ocrx_word' id='word_1_375' title='bbox 2799 2245 3008 2299; x_wconf 65' lang='lat' dir='ltr'><strong>caeteris</strong></span> <span class='ocrx_word' id='word_1_376' title='bbox 3040 2245 3288 2298; x_wconf 85' lang='lat' dir='ltr'><strong>novimus</strong></span> <span class='ocrx_word' id='word_1_377' title='bbox 3313 2246 3427 2313; x_wconf 77' lang='lat' dir='ltr'><strong>pri-</strong></span> 
     </span>
    </p>
   </div>
   <div class='ocr_carea' id='block_1_53' title="bbox 1839 2333 3427 2406">
    <p class='ocr_par' dir='ltr' id='par_1_53' title="bbox 1839 2333 3427 2406">
     <span class='ocr_line' id='line_1_53' title="bbox 1839 2333 3427 2406; baseline 0.001 -20"><span class='ocrx_word' id='word_1_378' title='bbox 1839 2349 2007 2394; x_wconf 82' lang='lat' dir='ltr'><strong>tuum,</strong></span> <span class='ocrx_word' id='word_1_379' title='bbox 2035 2351 2145 2387; x_wconf 83' lang='lat' dir='ltr'><strong>non</strong></span> <span class='ocrx_word' id='word_1_380' title='bbox 2184 2337 2510 2404; x_wconf 76' lang='lat' dir='ltr'><strong>ambiginms</strong></span> <span class='ocrx_word' id='word_1_381' title='bbox 2544 2336 2682 2387; x_wconf 86' lang='lat' dir='ltr'><strong>inter</strong></span> <span class='ocrx_word' id='word_1_382' title='bbox 2709 2350 2804 2389; x_wconf 89' lang='lat' dir='ltr'><strong>cos</strong></span> <span class='ocrx_word' id='word_1_383' title='bbox 2833 2333 3110 2402; x_wconf 74' lang='lat' dir='ltr'><strong>cujusdam</strong></span> <span class='ocrx_word' id='word_1_384' title='bbox 3159 2334 3427 2406; x_wconf 73' lang='lat' dir='ltr'><strong>privilegii</strong></span> 
     </span>
    </p>
   </div>
   <div class='ocr_carea' id='block_1_54' title="bbox 1842 2426 3430 2495">
    <p class='ocr_par' dir='ltr' id='par_1_54' title="bbox 1842 2426 3430 2495">
     <span class='ocr_line' id='line_1_54' title="bbox 1842 2426 3430 2495; baseline 0.002 -18"><span class='ocrx_word' id='word_1_385' title='bbox 1842 2435 2026 2479; x_wconf 84' lang='lat' dir='ltr'><strong>tenere</strong></span> <span class='ocrx_word' id='word_1_386' title='bbox 2051 2427 2358 2494; x_wconf 88' lang='lat' dir='ltr'><strong>primatum.</strong></span> <span class='ocrx_word' id='word_1_387' title='bbox 2393 2426 2772 2495; x_wconf 82' lang='lat' dir='ltr'><strong>Unusquisque</strong></span> <span class='ocrx_word' id='word_1_388' title='bbox 2796 2427 3048 2479; x_wconf 87' lang='lat' dir='ltr'><strong>nimirum</strong></span> <span class='ocrx_word' id='word_1_389' title='bbox 3076 2426 3236 2479; x_wconf 90' lang='lat' dir='ltr'><strong>trium</strong></span> <span class='ocrx_word' id='word_1_390' title='bbox 3263 2441 3430 2482; x_wconf 82' lang='lat' dir='ltr'><strong>evan-</strong></span> 
     </span>
    </p>
   </div>
   <div class='ocr_carea' id='block_1_55' title="bbox 1839 2515 3418 2586">
    <p class='ocr_par' dir='ltr' id='par_1_55' title="bbox 1839 2515 3418 2586">
     <span class='ocr_line' id='line_1_55' title="bbox 1839 2515 3418 2586; baseline 0.003 -20"><span class='ocrx_word' id='word_1_391' title='bbox 1839 2515 2148 2583; x_wconf 77' lang='lat' dir='ltr'><strong>gelistarum</strong></span> <span class='ocrx_word' id='word_1_392' title='bbox 2183 2515 2346 2585; x_wconf 77' lang='lat'><strong>259</strong></span> <span class='ocrx_word' id='word_1_393' title='bbox 2373 2517 2512 2570; x_wconf 86' lang='lat' dir='ltr'><strong>beati</strong></span> <span class='ocrx_word' id='word_1_394' title='bbox 2566 2516 2801 2569; x_wconf 72' lang='lat' dir='ltr'><strong>Matthaei</strong></span> <span class='ocrx_word' id='word_1_395' title='bbox 2854 2516 3046 2570; x_wconf 88' lang='lat' dir='ltr'><strong>librum</strong></span> <span class='ocrx_word' id='word_1_396' title='bbox 3077 2557 3090 2580; x_wconf 92' lang='lat'><strong>,</strong></span> <span class='ocrx_word' id='word_1_397' title='bbox 3125 2526 3418 2586; x_wconf 82' lang='lat' dir='ltr'><strong>antequam</strong></span> 
     </span>
    </p>
   </div>
   <div class='ocr_carea' id='block_1_56' title="bbox 1839 2607 3426 2676">
    <p class='ocr_par' dir='ltr' id='par_1_56' title="bbox 1839 2607 3426 2676">
     <span class='ocr_line' id='line_1_56' title="bbox 1839 2607 3426 2676; baseline 0.002 -17"><span class='ocrx_word' id='word_1_398' title='bbox 1839 2621 1996 2659; x_wconf 89' lang='lat' dir='ltr'><strong>suum</strong></span> <span class='ocrx_word' id='word_1_399' title='bbox 2030 2607 2322 2676; x_wconf 81' lang='lat' dir='ltr'><strong>inciperet,</strong></span> <span class='ocrx_word' id='word_1_400' title='bbox 2352 2607 2532 2670; x_wconf 86' lang='lat' dir='ltr'><strong>novit;</strong></span> <span class='ocrx_word' id='word_1_401' title='bbox 2571 2618 2622 2659; x_wconf 89' lang='lat' dir='ltr'><strong>et</strong></span> <span class='ocrx_word' id='word_1_402' title='bbox 2653 2608 2793 2659; x_wconf 85' lang='lat' dir='ltr'><strong>sicut</strong></span> <span class='ocrx_word' id='word_1_403' title='bbox 2825 2607 2926 2660; x_wconf 83' lang='lat' dir='ltr'><strong>sibi</strong></span> <span class='ocrx_word' id='word_1_404' title='bbox 2959 2607 3227 2660; x_wconf 67' lang='lat' dir='ltr'><strong>divinitus»</strong></span> <span class='ocrx_word' id='word_1_405' title='bbox 3254 2607 3426 2676; x_wconf 81' lang='lat' dir='ltr'><strong>inspi-</strong></span> 
     </span>
    </p>
   </div>
   <div class='ocr_carea' id='block_1_57' title="bbox 1843 2697 3426 2767">
    <p class='ocr_par' dir='ltr' id='par_1_57' title="bbox 1843 2697 3426 2767">
     <span class='ocr_line' id='line_1_57' title="bbox 1843 2697 3426 2767; baseline 0.003 -19"><span class='ocrx_word' id='word_1_406' title='bbox 1843 2705 2016 2749; x_wconf 88' lang='lat' dir='ltr'><strong>ratum</strong></span> <span class='ocrx_word' id='word_1_407' title='bbox 2047 2707 2148 2762; x_wconf 90' lang='lat' dir='ltr'><strong>est,</strong></span> <span class='ocrx_word' id='word_1_408' title='bbox 2179 2714 2282 2751; x_wconf 87' lang='lat' dir='ltr'><strong>non</strong></span> <span class='ocrx_word' id='word_1_409' title='bbox 2312 2697 2636 2767; x_wconf 81' lang='lat' dir='ltr'><strong>superﬂuam</strong></span> <span class='ocrx_word' id='word_1_410' title='bbox 2681 2700 3120 2767; x_wconf 82' lang='lat' dir='ltr'><strong>cooperationom</strong></span> <span class='ocrx_word' id='word_1_411' title='bbox 3157 2700 3236 2752; x_wconf 87' lang='lat' dir='ltr'><strong>sui</strong></span> <span class='ocrx_word' id='word_1_412' title='bbox 3273 2699 3426 2753; x_wconf 74' lang='lat' dir='ltr'><strong>labo—</strong></span> 
     </span>
    </p>
   </div>
   <div class='ocr_carea' id='block_1_58' title="bbox 1840 2785 3428 2856">
    <p class='ocr_par' dir='ltr' id='par_1_58' title="bbox 1840 2785 3428 2856">
     <span class='ocr_line' id='line_1_58' title="bbox 1840 2785 3428 2856; baseline 0.004 -19"><span class='ocrx_word' id='word_1_413' title='bbox 1840 2787 1914 2837; x_wconf 87' lang='lat' dir='ltr'><strong>ris</strong></span> <span class='ocrx_word' id='word_1_414' title='bbox 1941 2785 2202 2851; x_wconf 82' lang='lat' dir='ltr'><strong>adjunxit.</strong></span> <span class='ocrx_word' id='word_1_415' title='bbox 2241 2786 2436 2839; x_wconf 83' lang='lat' dir='ltr'><strong>Eorum</strong></span> <span class='ocrx_word' id='word_1_416' title='bbox 2474 2788 2672 2856; x_wconf 88' lang='lat' dir='ltr'><strong>quippe</strong></span> <span class='ocrx_word' id='word_1_417' title='bbox 2720 2787 2894 2841; x_wconf 84' lang='lat' dir='ltr'><strong>fuerat</strong></span> <span class='ocrx_word' id='word_1_418' title='bbox 2940 2803 3247 2856; x_wconf 69' lang='lat' dir='ltr'><strong>prmparare</strong></span> <span class='ocrx_word' id='word_1_419' title='bbox 3297 2788 3428 2844; x_wconf 87' lang='lat' dir='ltr'><strong>ﬁde-</strong></span> 
     </span>
    </p>
   </div>
   <div class='ocr_carea' id='block_1_59' title="bbox 1838 2875 3428 2941">
    <p class='ocr_par' dir='ltr' id='par_1_59' title="bbox 1838 2875 3428 2941">
     <span class='ocr_line' id='line_1_59' title="bbox 1838 2875 3428 2941; baseline 0.003 -15"><span class='ocrx_word' id='word_1_420' title='bbox 1838 2875 1962 2928; x_wconf 91' lang='lat' dir='ltr'><strong>liter</strong></span> <span class='ocrx_word' id='word_1_421' title='bbox 1991 2876 2201 2928; x_wconf 91' lang='lat' dir='ltr'><strong>animos</strong></span> <span class='ocrx_word' id='word_1_422' title='bbox 2249 2877 2314 2929; x_wconf 89' lang='lat' dir='ltr'><strong>ad</strong></span> <span class='ocrx_word' id='word_1_423' title='bbox 2364 2878 2707 2931; x_wconf 86' lang='lat' dir='ltr'><strong>scribendum</strong></span> <span class='ocrx_word' id='word_1_424' title='bbox 2735 2893 2748 2940; x_wconf 88' lang='lat'><strong>;</strong></span> <span class='ocrx_word' id='word_1_425' title='bbox 2789 2877 2882 2931; x_wconf 83' lang='lat' dir='ltr'><strong>Dei</strong></span> <span class='ocrx_word' id='word_1_426' title='bbox 2913 2887 3092 2929; x_wconf 85' lang='lat' dir='ltr'><strong>autem</strong></span> <span class='ocrx_word' id='word_1_427' title='bbox 3119 2887 3234 2931; x_wconf 85' lang='lat' dir='ltr'><strong>erat</strong></span> <span class='ocrx_word' id='word_1_428' title='bbox 3263 2878 3320 2931; x_wconf 93' lang='lat' dir='ltr'><strong>in</strong></span> <span class='ocrx_word' id='word_1_429' title='bbox 3353 2879 3428 2941; x_wconf 89' lang='lat' dir='ltr'><strong>id,</strong></span> 
     </span>
    </p>
   </div>
   <div class='ocr_carea' id='block_1_60' title="bbox 1840 2967 2701 3039">
    <p class='ocr_par' dir='ltr' id='par_1_60' title="bbox 1840 2967 2701 3039">
     <span class='ocr_line' id='line_1_60' title="bbox 1840 2967 2701 3039; baseline 0.003 -19"><span class='ocrx_word' id='word_1_430' title='bbox 1840 2968 1982 3036; x_wconf 87' lang='lat' dir='ltr'><strong>quod</strong></span> <span class='ocrx_word' id='word_1_431' title='bbox 2005 2967 2185 3029; x_wconf 85' lang='lat' dir='ltr'><strong>vellet,</strong></span> <span class='ocrx_word' id='word_1_432' title='bbox 2214 2967 2450 3037; x_wconf 80' lang='lat' dir='ltr'><strong>dirigere</strong></span> <span class='ocrx_word' id='word_1_433' title='bbox 2482 2969 2701 3039; x_wconf 88' lang='lat' dir='ltr'><strong>stylum.</strong></span> 
     </span>
    </p>
   </div>
   <div class='ocr_carea' id='block_1_61' title="bbox 1911 3058 3422 3128">
    <p class='ocr_par' dir='ltr' id='par_1_61' title="bbox 1911 3058 3422 3128">
     <span class='ocr_line' id='line_1_61' title="bbox 1911 3058 3422 3128; baseline 0.001 -18"><span class='ocrx_word' id='word_1_434' title='bbox 1911 3059 2090 3121; x_wconf 86' lang='lat' dir='ltr'><strong>Plane,</strong></span> <span class='ocrx_word' id='word_1_435' title='bbox 2121 3059 2254 3111; x_wconf 87' lang='lat' dir='ltr'><strong>sicut</strong></span> <span class='ocrx_word' id='word_1_436' title='bbox 2287 3058 2496 3128; x_wconf 78' lang='lat' dir='ltr'><strong>Moyses</strong></span> <span class='ocrx_word' id='word_1_437' title='bbox 2516 3069 2569 3114; x_wconf 89' lang='lat' dir='ltr'><strong>et</strong></span> <span class='ocrx_word' id='word_1_438' title='bbox 2587 3061 2867 3128; x_wconf 84' lang='lat' dir='ltr'><strong>prophetis</strong></span> <span class='ocrx_word' id='word_1_439' title='bbox 2895 3074 2998 3112; x_wconf 92' lang='lat' dir='ltr'><strong>non</strong></span> <span class='ocrx_word' id='word_1_440' title='bbox 3025 3058 3256 3112; x_wconf 88' lang='lat' dir='ltr'><strong>absurde</strong></span> <span class='ocrx_word' id='word_1_441' title='bbox 3281 3073 3422 3126; x_wconf 69' lang='lat' dir='ltr'><strong>pree-</strong></span> 
     </span>
    </p>
   </div>
   <div class='ocr_carea' id='block_1_62' title="bbox 1840 3149 3428 3219">
    <p class='ocr_par' dir='ltr' id='par_1_62' title="bbox 1840 3149 3428 3219">
     <span class='ocr_line' id='line_1_62' title="bbox 1840 3149 3428 3219; baseline 0.001 -19"><span class='ocrx_word' id='word_1_442' title='bbox 1840 3149 2089 3218; x_wconf 89' lang='lat' dir='ltr'><strong>ponitnr,</strong></span> <span class='ocrx_word' id='word_1_443' title='bbox 2140 3157 2195 3201; x_wconf 88' lang='lat' dir='ltr'><strong>et</strong></span> <span class='ocrx_word' id='word_1_444' title='bbox 2239 3149 2491 3203; x_wconf 87' lang='lat' dir='ltr'><strong>omnibus</strong></span> <span class='ocrx_word' id='word_1_445' title='bbox 2518 3152 2828 3219; x_wconf 88' lang='lat' dir='ltr'><strong>quicunque</strong></span> <span class='ocrx_word' id='word_1_446' title='bbox 2858 3150 3190 3218; x_wconf 89' lang='lat' dir='ltr'><strong>scripserunt</strong></span> <span class='ocrx_word' id='word_1_447' title='bbox 3219 3149 3428 3217; x_wconf 84' lang='lat' dir='ltr'><strong>aliquid</strong></span> 
     </span>
    </p>
   </div>
   <div class='ocr_carea' id='block_1_63' title="bbox 135 3222 3428 3306">
    <p class='ocr_par' dir='ltr' id='par_1_63' title="bbox 135 3222 3428 3306">
     <span class='ocr_line' id='line_1_63' title="bbox 135 3222 3428 3306; baseline 0.001 -20"><span class='ocrx_word' id='word_1_448' title='bbox 135 3236 498 3290; x_wconf 84' lang='lat' dir='ltr'><strong>mortalitatis</strong></span> <span class='ocrx_word' id='word_1_449' title='bbox 542 3251 653 3289; x_wconf 77' lang='lat' dir='ltr'><strong>sua:</strong></span> <span class='ocrx_word' id='word_1_450' title='bbox 681 3235 907 3304; x_wconf 86' lang='lat' dir='ltr'><strong>gloriam</strong></span> <span class='ocrx_word' id='word_1_451' title='bbox 941 3235 1261 3289; x_wconf 83' lang='lat' dir='ltr'><strong>suscitavit?</strong></span> <span class='ocrx_word' id='word_1_452' title='bbox 1289 3234 1451 3289; x_wconf 82' lang='lat' dir='ltr'><strong>Salva</strong></span> <span class='ocrx_word' id='word_1_453' title='bbox 1480 3275 1494 3300; x_wconf 93' lang='lat'><strong>,</strong></span> <span class='ocrx_word' id='word_1_454' title='bbox 1524 3250 1727 3305; x_wconf 73' lang='lat' dir='ltr'><strong>quteso,</strong></span> <span class='ocrx_word' id='word_1_455' title='bbox 1763 3222 1805 3281; x_wconf 84' lang='lat' dir='ltr'>C</span> <span class='ocrx_word' id='word_1_456' title='bbox 1841 3241 1891 3292; x_wconf 90' lang='lat' dir='ltr'><strong>in</strong></span> <span class='ocrx_word' id='word_1_457' title='bbox 1945 3237 2121 3291; x_wconf 84' lang='lat' dir='ltr'><strong>Veteri</strong></span> <span class='ocrx_word' id='word_1_458' title='bbox 2160 3238 2537 3302; x_wconf 86' lang='lat' dir='ltr'><strong>Testamento;</strong></span> <span class='ocrx_word' id='word_1_459' title='bbox 2593 3239 2665 3292; x_wconf 87' lang='lat' dir='ltr'><strong>ita</strong></span> <span class='ocrx_word' id='word_1_460' title='bbox 2710 3240 2899 3292; x_wconf 88' lang='lat' dir='ltr'><strong>beatus</strong></span> <span class='ocrx_word' id='word_1_461' title='bbox 2929 3238 3254 3306; x_wconf 77' lang='lat' dir='ltr'><strong>evangelista</strong></span> <span class='ocrx_word' id='word_1_462' title='bbox 3288 3237 3428 3290; x_wconf 83' lang='lat' dir='ltr'><strong>Mat-</strong></span> 
     </span>
    </p>
   </div>
   <div class='ocr_carea' id='block_1_64' title="bbox 134 3326 1732 3397">
    <p class='ocr_par' dir='ltr' id='par_1_64' title="bbox 134 3326 1732 3397">
     <span class='ocr_line' id='line_1_64' title="bbox 134 3326 1732 3397; baseline 0 -17"><span class='ocrx_word' id='word_1_463' title='bbox 134 3327 366 3382; x_wconf 83' lang='lat' dir='ltr'><strong>benedic</strong></span> <span class='ocrx_word' id='word_1_464' title='bbox 428 3337 486 3381; x_wconf 88' lang='lat' dir='ltr'><strong>ct</strong></span> <span class='ocrx_word' id='word_1_465' title='bbox 534 3337 753 3397; x_wconf 79' lang='lat' dir='ltr'><strong>protege</strong></span> <span class='ocrx_word' id='word_1_466' title='bbox 778 3369 791 3390; x_wconf 90' lang='lat'><strong>,</strong></span> <span class='ocrx_word' id='word_1_467' title='bbox 836 3342 868 3380; x_wconf 89' lang='grc' dir='ltr'><strong>ο</strong></span> <span class='ocrx_word' id='word_1_468' title='bbox 907 3328 1076 3396; x_wconf 81' lang='lat' dir='ltr'><strong>figura</strong></span> <span class='ocrx_word' id='word_1_469' title='bbox 1115 3328 1394 3380; x_wconf 86' lang='lat' dir='ltr'><strong>benedicta</strong></span> <span class='ocrx_word' id='word_1_470' title='bbox 1421 3367 1433 3387; x_wconf 88' lang='lat'><strong>,</strong></span> <span class='ocrx_word' id='word_1_471' title='bbox 1476 3326 1732 3396; x_wconf 89' lang='lat' dir='ltr'><strong>populum</strong></span> 
     </span>
    </p>
   </div>
   <div class='ocr_carea' id='block_1_65' title="bbox 134 3416 1729 3485">
    <p class='ocr_par' dir='ltr' id='par_1_65' title="bbox 134 3416 1729 3485">
     <span class='ocr_line' id='line_1_65' title="bbox 134 3416 1729 3485; baseline 0 -17"><span class='ocrx_word' id='word_1_472' title='bbox 134 3418 462 3485; x_wconf 84' lang='lat' dir='ltr'><strong>supplicem,</strong></span> <span class='ocrx_word' id='word_1_473' title='bbox 501 3417 558 3470; x_wconf 84' lang='lat' dir='ltr'><strong>in</strong></span> <span class='ocrx_word' id='word_1_474' title='bbox 607 3417 713 3470; x_wconf 88' lang='lat' dir='ltr'><strong>tuis</strong></span> <span class='ocrx_word' id='word_1_475' title='bbox 759 3417 920 3469; x_wconf 84' lang='lat' dir='ltr'><strong>hodie</strong></span> <span class='ocrx_word' id='word_1_476' title='bbox 949 3416 1199 3469; x_wconf 86' lang='lat' dir='ltr'><strong>laudibus</strong></span> <span class='ocrx_word' id='word_1_477' title='bbox 1227 3417 1592 3469; x_wconf 83' lang='lat' dir='ltr'><strong>communiter</strong></span> <span class='ocrx_word' id='word_1_478' title='bbox 1635 3432 1729 3468; x_wconf 80' lang='lat' dir='ltr'><strong>ex-</strong></span> 
     </span>
    </p>
   </div>
   <div class='ocr_carea' id='block_1_66' title="bbox 133 3504 1734 3575">
    <p class='ocr_par' dir='ltr' id='par_1_66' title="bbox 133 3504 1734 3575">
     <span class='ocr_line' id='line_1_66' title="bbox 133 3504 1734 3575; baseline -0.001 -16"><span class='ocrx_word' id='word_1_479' title='bbox 133 3509 468 3572; x_wconf 87' lang='lat' dir='ltr'><strong>sultantem;</strong></span> <span class='ocrx_word' id='word_1_480' title='bbox 505 3516 563 3561; x_wconf 86' lang='lat' dir='ltr'><strong>ut</strong></span> <span class='ocrx_word' id='word_1_481' title='bbox 583 3508 673 3575; x_wconf 89' lang='lat' dir='ltr'><strong>qui</strong></span> <span class='ocrx_word' id='word_1_482' title='bbox 705 3517 753 3560; x_wconf 90' lang='lat' dir='ltr'><strong>te</strong></span> <span class='ocrx_word' id='word_1_483' title='bbox 786 3516 982 3559; x_wconf 67' lang='lat' dir='ltr'><strong>nostra:</strong></span> <span class='ocrx_word' id='word_1_484' title='bbox 1011 3505 1396 3574; x_wconf 88' lang='lat' dir='ltr'><strong>redemptionis</strong></span> <span class='ocrx_word' id='word_1_485' title='bbox 1421 3504 1534 3558; x_wconf 84' lang='lat' dir='ltr'><strong>ﬁeri</strong></span> <span class='ocrx_word' id='word_1_486' title='bbox 1567 3505 1734 3558; x_wconf 83' lang='lat' dir='ltr'><strong>voluit</strong></span> 
     </span>
    </p>
   </div>
   <div class='ocr_carea' id='block_1_67' title="bbox 135 3594 1732 3667">
    <p class='ocr_par' dir='ltr' id='par_1_67' title="bbox 135 3594 1732 3667">
     <span class='ocr_line' id='line_1_67' title="bbox 135 3594 1732 3667; baseline -0.001 -18"><span class='ocrx_word' id='word_1_487' title='bbox 135 3599 566 3652; x_wconf 86' lang='lat' dir='ltr'><strong>instrumentum</strong></span> <span class='ocrx_word' id='word_1_488' title='bbox 597 3637 612 3661; x_wconf 82' lang='lat'><strong>,</strong></span> <span class='ocrx_word' id='word_1_489' title='bbox 650 3613 744 3667; x_wconf 89' lang='lat' dir='ltr'><strong>per</strong></span> <span class='ocrx_word' id='word_1_490' title='bbox 792 3606 844 3650; x_wconf 89' lang='lat' dir='ltr'><strong>te</strong></span> <span class='ocrx_word' id='word_1_491' title='bbox 879 3610 1093 3665; x_wconf 86' lang='lat' dir='ltr'><strong>quoque</strong></span> <span class='ocrx_word' id='word_1_492' title='bbox 1125 3597 1192 3648; x_wconf 89' lang='lat' dir='ltr'><strong>ad</strong></span> <span class='ocrx_word' id='word_1_493' title='bbox 1241 3611 1351 3648; x_wconf 74' lang='lat' dir='ltr'><strong>sua:</strong></span> <span class='ocrx_word' id='word_1_494' title='bbox 1404 3594 1588 3663; x_wconf 78' lang='lat' dir='ltr'><strong>gloria:</strong></span> <span class='ocrx_word' id='word_1_495' title='bbox 1635 3611 1732 3648; x_wconf 87' lang='lat' dir='ltr'><strong>nos</strong></span> 
     </span>
    </p>
   </div>
   <div class='ocr_carea' id='block_1_68' title="bbox 133 3687 1733 3759">
    <p class='ocr_par' dir='ltr' id='par_1_68' title="bbox 133 3687 1733 3759">
     <span class='ocr_line' id='line_1_68' title="bbox 133 3687 1733 3759; baseline 0 -19"><span class='ocrx_word' id='word_1_496' title='bbox 133 3690 392 3759; x_wconf 83' lang='lat' dir='ltr'><strong>dignetur</strong></span> <span class='ocrx_word' id='word_1_497' title='bbox 422 3687 719 3742; x_wconf 83' lang='lat' dir='ltr'><strong>transferre</strong></span> <span class='ocrx_word' id='word_1_498' title='bbox 759 3690 1130 3742; x_wconf 87' lang='lat' dir='ltr'><strong>consortium:</strong></span> <span class='ocrx_word' id='word_1_499' title='bbox 1166 3696 1219 3741; x_wconf 91' lang='lat' dir='ltr'><strong>et</strong></span> <span class='ocrx_word' id='word_1_500' title='bbox 1266 3703 1402 3755; x_wconf 89' lang='lat' dir='ltr'><strong>quos</strong></span> <span class='ocrx_word' id='word_1_501' title='bbox 1447 3702 1542 3755; x_wconf 85' lang='lat' dir='ltr'><strong>per</strong></span> <span class='ocrx_word' id='word_1_502' title='bbox 1584 3697 1636 3741; x_wconf 91' lang='lat' dir='ltr'><strong>te</strong></span> <span class='ocrx_word' id='word_1_503' title='bbox 1665 3688 1733 3741; x_wconf 89' lang='lat' dir='ltr'><strong>de</strong></span> 
     </span>
    </p>
   </div>
   <div class='ocr_carea' id='block_1_69' title="bbox 135 3776 1728 3848">
    <p class='ocr_par' dir='ltr' id='par_1_69' title="bbox 135 3776 1728 3848">
     <span class='ocr_line' id='line_1_69' title="bbox 135 3776 1728 3848; baseline -0.001 -15"><span class='ocrx_word' id='word_1_504' title='bbox 135 3781 420 3834; x_wconf 81' lang='lat' dir='ltr'><strong>servitutis</strong></span> <span class='ocrx_word' id='word_1_505' title='bbox 450 3780 652 3848; x_wconf 85' lang='lat' dir='ltr'><strong>eripuit</strong></span> <span class='ocrx_word' id='word_1_506' title='bbox 677 3780 889 3832; x_wconf 83' lang='lat' dir='ltr'><strong>vinculo</strong></span> <span class='ocrx_word' id='word_1_507' title='bbox 911 3819 924 3842; x_wconf 90' lang='lat'><strong>,</strong></span> <span class='ocrx_word' id='word_1_508' title='bbox 968 3793 1064 3846; x_wconf 89' lang='lat' dir='ltr'><strong>per</strong></span> <span class='ocrx_word' id='word_1_509' title='bbox 1094 3788 1144 3830; x_wconf 91' lang='lat' dir='ltr'><strong>te</strong></span> <span class='ocrx_word' id='word_1_510' title='bbox 1187 3778 1353 3832; x_wconf 90' lang='lat' dir='ltr'><strong>etiam</strong></span> <span class='ocrx_word' id='word_1_511' title='bbox 1380 3817 1394 3839; x_wconf 90' lang='lat'><strong>,</strong></span> <span class='ocrx_word' id='word_1_512' title='bbox 1420 3776 1576 3845; x_wconf 75' lang='lat' dir='ltr'><strong>juxta</strong></span> <span class='ocrx_word' id='word_1_513' title='bbox 1602 3793 1728 3844; x_wconf 85' lang='lat' dir='ltr'><strong>pro-</strong></span> 
     </span>
    </p>
   </div>
   <div class='ocr_carea' id='block_1_70' title="bbox 135 3869 1726 3935">
    <p class='ocr_par' dir='ltr' id='par_1_70' title="bbox 135 3869 1726 3935">
     <span class='ocr_line' id='line_1_70' title="bbox 135 3869 1726 3935; baseline -0.002 -12"><span class='ocrx_word' id='word_1_514' title='bbox 135 3872 459 3924; x_wconf 88' lang='lat' dir='ltr'><strong>missionem</strong></span> <span class='ocrx_word' id='word_1_515' title='bbox 491 3880 736 3923; x_wconf 87' lang='lat' dir='ltr'><strong>sanctam</strong></span> <span class='ocrx_word' id='word_1_516' title='bbox 764 3913 778 3934; x_wconf 93' lang='lat'><strong>,</strong></span> <span class='ocrx_word' id='word_1_517' title='bbox 811 3871 1107 3924; x_wconf 88' lang='lat' dir='ltr'><strong>constituat</strong></span> <span class='ocrx_word' id='word_1_518' title='bbox 1159 3870 1400 3924; x_wconf 68' lang='lat' dir='ltr'><strong>liwredes</strong></span> <span class='ocrx_word' id='word_1_519' title='bbox 1454 3869 1504 3921; x_wconf 91' lang='lat' dir='ltr'><strong>in</strong></span> <span class='ocrx_word' id='word_1_520' title='bbox 1543 3883 1726 3935; x_wconf 72' lang='lat' dir='ltr'><strong>regno.</strong></span> 
     </span>
    </p>
   </div>
   <div class='ocr_carea' id='block_1_71' title="bbox 134 3957 1730 4027">
    <p class='ocr_par' dir='ltr' id='par_1_71' title="bbox 134 3957 1730 4027">
     <span class='ocr_line' id='line_1_71' title="bbox 134 3957 1730 4027; baseline -0.003 -14"><span class='ocrx_word' id='word_1_521' title='bbox 134 3957 294 4013; x_wconf 86' lang='lat' dir='ltr'><strong>Salus</strong></span> <span class='ocrx_word' id='word_1_522' title='bbox 329 3960 406 4011; x_wconf 83' lang='lat' dir='ltr'><strong>illi</strong></span> <span class='ocrx_word' id='word_1_523' title='bbox 439 3968 495 4012; x_wconf 88' lang='lat' dir='ltr'><strong>et</strong></span> <span class='ocrx_word' id='word_1_524' title='bbox 524 3960 822 4027; x_wconf 75' lang='lat' dir='ltr'><strong>gratiarum</strong></span> <span class='ocrx_word' id='word_1_525' title='bbox 866 3959 1030 4018; x_wconf 85' lang='lat' dir='ltr'><strong>actio,</strong></span> <span class='ocrx_word' id='word_1_526' title='bbox 1063 3958 1198 4018; x_wconf 84' lang='lat' dir='ltr'><strong>laus,</strong></span> <span class='ocrx_word' id='word_1_527' title='bbox 1233 3959 1428 4021; x_wconf 87' lang='lat' dir='ltr'><strong>honor,</strong></span> <span class='ocrx_word' id='word_1_528' title='bbox 1475 3958 1646 4011; x_wconf 89' lang='lat' dir='ltr'><strong>virtus</strong></span> <span class='ocrx_word' id='word_1_529' title='bbox 1675 3965 1730 4009; x_wconf 87' lang='lat' dir='ltr'><strong>et</strong></span> 
     </span>
    </p>
   </div>
   <div class='ocr_carea' id='block_1_72' title="bbox 135 4049 1726 4120">
    <p class='ocr_par' dir='ltr' id='par_1_72' title="bbox 135 4049 1726 4120">
     <span class='ocr_line' id='line_1_72' title="bbox 135 4049 1726 4120; baseline -0.003 -15"><span class='ocrx_word' id='word_1_530' title='bbox 135 4051 452 4120; x_wconf 86' lang='lat' dir='ltr'><strong>imperium.</strong></span> <span class='ocrx_word' id='word_1_531' title='bbox 487 4067 611 4105; x_wconf 90' lang='lat' dir='ltr'><strong>cum</strong></span> <span class='ocrx_word' id='word_1_532' title='bbox 653 4050 810 4104; x_wconf 81' lang='lat' dir='ltr'><strong>Patre</strong></span> <span class='ocrx_word' id='word_1_533' title='bbox 857 4059 913 4104; x_wconf 86' lang='lat' dir='ltr'><strong>et</strong></span> <span class='ocrx_word' id='word_1_534' title='bbox 961 4049 1165 4119; x_wconf 87' lang='lat' dir='ltr'><strong>Spiritu</strong></span> <span class='ocrx_word' id='word_1_535' title='bbox 1199 4058 1388 4102; x_wconf 88' lang='lat' dir='ltr'><strong>sancto</strong></span> <span class='ocrx_word' id='word_1_536' title='bbox 1414 4064 1512 4116; x_wconf 89' lang='lat' dir='ltr'><strong>per</strong></span> <span class='ocrx_word' id='word_1_537' title='bbox 1546 4049 1726 4103; x_wconf 88' lang='lat' dir='ltr'><strong>omnia</strong></span> 
     </span>
    </p>
   </div>
   <div class='ocr_carea' id='block_1_73' title="bbox 133 4141 935 4197">
    <p class='ocr_par' dir='ltr' id='par_1_73' title="bbox 133 4141 935 4197">
     <span class='ocr_line' id='line_1_73' title="bbox 133 4141 935 4197; baseline -0.001 -2"><span class='ocrx_word' id='word_1_538' title='bbox 133 4143 334 4196; x_wconf 66' lang='lat' dir='ltr'><strong>saecula</strong></span> <span class='ocrx_word' id='word_1_539' title='bbox 361 4141 708 4197; x_wconf 52' lang='lat' dir='ltr'><strong>saeculorum.</strong></span> <span class='ocrx_word' id='word_1_540' title='bbox 746 4143 935 4194; x_wconf 85' lang='lat' dir='ltr'><strong>Amen.</strong></span> 
     </span>
    </p>
   </div>
   <div class='ocr_carea' id='block_1_74' title="bbox 707 4249 1164 4328">
    <p class='ocr_par' dir='ltr' id='par_1_74' title="bbox 707 4249 1164 4328">
     <span class='ocr_line' id='line_1_74' title="bbox 707 4249 1164 4328; baseline -0.011 -21"><span class='ocrx_word' id='word_1_541' title='bbox 707 4251 939 4328; x_wconf 75' lang='lat' dir='ltr'><strong>SERMO</strong></span> <span class='ocrx_word' id='word_1_542' title='bbox 979 4249 1164 4304; x_wconf 79' lang='lat' dir='ltr'><strong>XLIX.</strong></span> 
     </span>
    </p>
   </div>
   <div class='ocr_carea' id='block_1_75' title="bbox 169 4353 1684 4401">
    <p class='ocr_par' dir='ltr' id='par_1_75' title="bbox 169 4353 1684 4401">
     <span class='ocr_line' id='line_1_75' title="bbox 169 4353 1684 4401; baseline -0.007 -2"><span class='ocrx_word' id='word_1_543' title='bbox 169 4363 207 4399; x_wconf 88' lang='grc'><strong>1.</strong></span> <span class='ocrx_word' id='word_1_544' title='bbox 242 4363 310 4401; x_wconf 78' lang='lat' dir='ltr'><strong>DE</strong></span> <span class='ocrx_word' id='word_1_545' title='bbox 359 4360 564 4400; x_wconf 71' lang='lat' dir='ltr'><strong>SANCTO</strong></span> <span class='ocrx_word' id='word_1_546' title='bbox 604 4358 876 4398; x_wconf 66' lang='grc' dir='ltr'><strong>ΗᾹΪΤΙΙᾹΞΟ</strong></span> <span class='ocrx_word' id='word_1_547' title='bbox 906 4355 1177 4395; x_wconf 69' lang='lat' dir='ltr'><strong>Al‘OSIOLO</strong></span> <span class='ocrx_word' id='word_1_548' title='bbox 1209 4355 1276 4393; x_wconf 81' lang='grc' dir='ltr'><strong>ΕΤ</strong></span> <span class='ocrx_word' id='word_1_549' title='bbox 1303 4353 1684 4392; x_wconf 69' lang='lat' dir='ltr'><strong>EVANGELISTA.</strong></span> 
     </span>
    </p>
   </div>
   <div class='ocr_carea' id='block_1_76' title="bbox 751 4418 1101 4482">
    <p class='ocr_par' dir='ltr' id='par_1_76' title="bbox 751 4418 1101 4482">
     <span class='ocr_line' id='line_1_76' title="bbox 751 4418 1101 4482; baseline -0.02 -12"><span class='ocrx_word' id='word_1_550' title='bbox 751 4418 885 4482; x_wconf 78' lang='lat' dir='ltr'><strong>.(xxt</strong></span> <span class='ocrx_word' id='word_1_551' title='bbox 927 4419 1101 4479; x_wconf 77' lang='lat' dir='ltr'><strong>SEPT.)</strong></span> 
     </span>
    </p>
   </div>
   <div class='ocr_carea' id='block_1_77' title="bbox 202 4504 1724 4568">
    <p class='ocr_par' dir='ltr' id='par_1_77' title="bbox 202 4504 1724 4568">
     <span class='ocr_line' id='line_1_77' title="bbox 202 4504 1724 4568; baseline -0.007 -2"><span class='ocrx_word' id='word_1_552' title='bbox 202 4510 586 4566; x_wconf 86' lang='lat' dir='ltr'><strong>Solemnitatis</strong></span> <span class='ocrx_word' id='word_1_553' title='bbox 607 4508 881 4562; x_wconf 72' lang='lat' dir='ltr'><strong>hodierna:</strong></span> <span class='ocrx_word' id='word_1_554' title='bbox 903 4507 1106 4568; x_wconf 56' lang='lat' dir='ltr'><strong>laetitia,</strong></span> <span class='ocrx_word' id='word_1_555' title='bbox 1131 4504 1493 4567; x_wconf 88' lang='lat' dir='ltr'><strong>dilectissimi,</strong></span> <span class='ocrx_word' id='word_1_556' title='bbox 1509 4519 1724 4556; x_wconf 89' lang='lat' dir='ltr'><strong>omnem</strong></span> 
     </span>
    </p>
   </div>
   <div class='ocr_carea' id='block_1_78' title="bbox 1842 3328 3428 3398">
    <p class='ocr_par' dir='ltr' id='par_1_78' title="bbox 1842 3328 3428 3398">
     <span class='ocr_line' id='line_1_78' title="bbox 1842 3328 3428 3398; baseline 0 -15"><span class='ocrx_word' id='word_1_557' title='bbox 1842 3332 2012 3383; x_wconf 69' lang='lat' dir='ltr'><strong>threus</strong></span> <span class='ocrx_word' id='word_1_558' title='bbox 2042 3345 2230 3382; x_wconf 84' lang='lat' dir='ltr'><strong>omnes</strong></span> <span class='ocrx_word' id='word_1_559' title='bbox 2255 3328 2376 3396; x_wconf 88' lang='lat' dir='ltr'><strong>jure</strong></span> <span class='ocrx_word' id='word_1_560' title='bbox 2408 3329 2685 3398; x_wconf 65' lang='lat' dir='ltr'><strong>putt-tellit,</strong></span> <span class='ocrx_word' id='word_1_561' title='bbox 2710 3329 2801 3398; x_wconf 90' lang='lat' dir='ltr'><strong>qui</strong></span> <span class='ocrx_word' id='word_1_562' title='bbox 2834 3328 3116 3398; x_wconf 86' lang='lat' dir='ltr'><strong>scripsisse</strong></span> <span class='ocrx_word' id='word_1_563' title='bbox 3148 3329 3428 3397; x_wconf 79' lang='lat' dir='ltr'><strong>reperiun-</strong></span> 
     </span>
    </p>
   </div>
   <div class='ocr_carea' id='block_1_79' title="bbox 1842 3418 3426 3474">
    <p class='ocr_par' dir='ltr' id='par_1_79' title="bbox 1842 3418 3426 3474">
     <span class='ocr_line' id='line_1_79' title="bbox 1842 3418 3426 3474; baseline -0.001 -1"><span class='ocrx_word' id='word_1_564' title='bbox 1842 3432 1928 3473; x_wconf 89' lang='lat' dir='ltr'><strong>tur</strong></span> <span class='ocrx_word' id='word_1_565' title='bbox 1962 3421 2012 3474; x_wconf 91' lang='lat' dir='ltr'><strong>in</strong></span> <span class='ocrx_word' id='word_1_566' title='bbox 2052 3418 2221 3472; x_wconf 85' lang='lat' dir='ltr'><strong>Novo.</strong></span> <span class='ocrx_word' id='word_1_567' title='bbox 2255 3421 2408 3472; x_wconf 78' lang='lat' dir='ltr'><strong>Sicut</strong></span> <span class='ocrx_word' id='word_1_568' title='bbox 2439 3421 2583 3473; x_wconf 88' lang='lat' dir='ltr'><strong>enim</strong></span> <span class='ocrx_word' id='word_1_569' title='bbox 2637 3419 2726 3473; x_wconf 91' lang='lat' dir='ltr'><strong>ille</strong></span> <span class='ocrx_word' id='word_1_570' title='bbox 2767 3419 3045 3472; x_wconf 88' lang='lat' dir='ltr'><strong>nascentis</strong></span> <span class='ocrx_word' id='word_1_571' title='bbox 3073 3420 3257 3472; x_wconf 88' lang='lat' dir='ltr'><strong>mundi</strong></span> <span class='ocrx_word' id='word_1_572' title='bbox 3290 3421 3426 3474; x_wconf 72' lang='lat' dir='ltr'><strong>texit</strong></span> 
     </span>
    </p>
   </div>
   <div class='ocr_carea' id='block_1_80' title="bbox 1838 3510 3426 3583">
    <p class='ocr_par' dir='ltr' id='par_1_80' title="bbox 1838 3510 3426 3583">
     <span class='ocr_line' id='line_1_80' title="bbox 1838 3510 3426 3583; baseline -0.003 -14"><span class='ocrx_word' id='word_1_573' title='bbox 1838 3517 2138 3583; x_wconf 61' lang='lat' dir='ltr'><strong>originem,</strong></span> <span class='ocrx_word' id='word_1_574' title='bbox 2189 3515 2266 3568; x_wconf 90' lang='lat' dir='ltr'><strong>sic</strong></span> <span class='ocrx_word' id='word_1_575' title='bbox 2319 3515 2459 3576; x_wconf 87' lang='lat' dir='ltr'><strong>iste,</strong></span> <span class='ocrx_word' id='word_1_576' title='bbox 2519 3523 2773 3580; x_wconf 85' lang='lat' dir='ltr'><strong>tanquam</strong></span> <span class='ocrx_word' id='word_1_577' title='bbox 2842 3510 3100 3580; x_wconf 85' lang='lat' dir='ltr'><strong>spiritalis</strong></span> <span class='ocrx_word' id='word_1_578' title='bbox 3148 3510 3426 3576; x_wconf 79' lang='lat' dir='ltr'><strong>cujusdam</strong></span> 
     </span>
    </p>
   </div>
   <div class='ocr_carea' id='block_1_81' title="bbox 1834 3603 3421 3671">
    <p class='ocr_par' dir='ltr' id='par_1_81' title="bbox 1834 3603 3421 3671">
     <span class='ocr_line' id='line_1_81' title="bbox 1834 3603 3421 3671; baseline -0.006 -7"><span class='ocrx_word' id='word_1_579' title='bbox 1834 3609 2041 3671; x_wconf 86' lang='lat' dir='ltr'><strong>mundi,</strong></span> <span class='ocrx_word' id='word_1_580' title='bbox 2068 3608 2330 3664; x_wconf 81' lang='lat' dir='ltr'><strong>orientem</strong></span> <span class='ocrx_word' id='word_1_581' title='bbox 2355 3606 2608 3662; x_wconf 83' lang='lat' dir='ltr'><strong>describit</strong></span> <span class='ocrx_word' id='word_1_582' title='bbox 2639 3604 2894 3657; x_wconf 64' lang='lat' dir='ltr'><strong>Ecclesiae</strong></span> <span class='ocrx_word' id='word_1_583' title='bbox 2919 3604 3229 3658; x_wconf 88' lang='lat' dir='ltr'><strong>novitatem.</strong></span> <span class='ocrx_word' id='word_1_584' title='bbox 3251 3603 3421 3665; x_wconf 79' lang='lat' dir='ltr'><strong>Unde,</strong></span> 
     </span>
    </p>
   </div>
   <div class='ocr_carea' id='block_1_82' title="bbox 1839 3693 3429 3765">
    <p class='ocr_par' dir='ltr' id='par_1_82' title="bbox 1839 3693 3429 3765">
     <span class='ocr_line' id='line_1_82' title="bbox 1839 3693 3429 3765; baseline -0.002 -16"><span class='ocrx_word' id='word_1_585' title='bbox 1839 3697 2046 3765; x_wconf 76' lang='lat' dir='ltr'><strong>Spiritu</strong></span> <span class='ocrx_word' id='word_1_586' title='bbox 2075 3704 2268 3749; x_wconf 82' lang='lat' dir='ltr'><strong>sancto</strong></span> <span class='ocrx_word' id='word_1_587' title='bbox 2302 3695 2570 3748; x_wconf 86' lang='lat' dir='ltr'><strong>calamum</strong></span> <span class='ocrx_word' id='word_1_588' title='bbox 2616 3701 2953 3760; x_wconf 83' lang='lat' dir='ltr'><strong>temperante</strong></span> <span class='ocrx_word' id='word_1_589' title='bbox 2981 3733 2994 3756; x_wconf 91' lang='lat'><strong>,</strong></span> <span class='ocrx_word' id='word_1_590' title='bbox 3029 3693 3300 3760; x_wconf 86' lang='lat' dir='ltr'><strong>provisum</strong></span> <span class='ocrx_word' id='word_1_591' title='bbox 3341 3702 3429 3746; x_wconf 84' lang='lat' dir='ltr'><strong>est</strong></span> 
     </span>
    </p>
   </div>
   <div class='ocr_carea' id='block_1_83' title="bbox 1837 3776 3423 3848">
    <p class='ocr_par' dir='ltr' id='par_1_83' title="bbox 1837 3776 3423 3848">
     <span class='ocr_line' id='line_1_83' title="bbox 1837 3776 3423 3848; baseline -0.002 -16"><span class='ocrx_word' id='word_1_592' title='bbox 1837 3783 2148 3848; x_wconf 79' lang='lat' dir='ltr'><strong>ut&#39;oterque</strong></span> <span class='ocrx_word' id='word_1_593' title='bbox 2179 3794 2282 3833; x_wconf 87' lang='lat' dir='ltr'><strong>non</strong></span> <span class='ocrx_word' id='word_1_594' title='bbox 2311 3778 2603 3838; x_wconf 86' lang='lat' dir='ltr'><strong>diversum,</strong></span> <span class='ocrx_word' id='word_1_595' title='bbox 2651 3778 2744 3829; x_wconf 85' lang='lat' dir='ltr'><strong>sed</strong></span> <span class='ocrx_word' id='word_1_596' title='bbox 2800 3791 2965 3828; x_wconf 88' lang='lat' dir='ltr'><strong>unum</strong></span> <span class='ocrx_word' id='word_1_597' title='bbox 3016 3776 3264 3844; x_wconf 86' lang='lat' dir='ltr'><strong>idemque</strong></span> <span class='ocrx_word' id='word_1_598' title='bbox 3307 3779 3423 3831; x_wconf 82' lang='lat' dir='ltr'><strong>suis</strong></span> 
     </span>
    </p>
   </div>
   <div class='ocr_carea' id='block_1_84' title="bbox 1837 3866 3424 3940">
    <p class='ocr_par' dir='ltr' id='par_1_84' title="bbox 1837 3866 3424 3940">
     <span class='ocr_line' id='line_1_84' title="bbox 1837 3866 3424 3940; baseline -0.004 -16"><span class='ocrx_word' id='word_1_599' title='bbox 1837 3872 1988 3924; x_wconf 82' lang='lat' dir='ltr'><strong>libris</strong></span> <span class='ocrx_word' id='word_1_600' title='bbox 2013 3871 2362 3940; x_wconf 60' lang='lat' dir='ltr'><strong>permitteret</strong></span> <span class='ocrx_word' id='word_1_601' title='bbox 2410 3868 2619 3922; x_wconf 88' lang='lat' dir='ltr'><strong>initium</strong></span> <span class='ocrx_word' id='word_1_602' title='bbox 2649 3907 2664 3930; x_wconf 93' lang='lat'><strong>,</strong></span> <span class='ocrx_word' id='word_1_603' title='bbox 2692 3868 2916 3920; x_wconf 85' lang='lat' dir='ltr'><strong>dicens:</strong></span> <span class='ocrx_word' id='word_1_604' title='bbox 2954 3886 2971 3916; x_wconf 79' lang='grc' dir='ltr'><strong>ι</strong></span> <span class='ocrx_word' id='word_1_605' title='bbox 3004 3866 3166 3920; x_wconf 87' lang='lat' dir='ltr'><strong>Liber</strong></span> <span class='ocrx_word' id='word_1_606' title='bbox 3194 3882 3424 3935; x_wconf 81' lang='lat' dir='ltr'><strong>genera-</strong></span> 
     </span>
    </p>
   </div>
   <div class='ocr_carea' id='block_1_85' title="bbox 1836 3956 3419 4030">
    <p class='ocr_par' dir='ltr' id='par_1_85' title="bbox 1836 3956 3419 4030">
     <span class='ocr_line' id='line_1_85' title="bbox 1836 3956 3419 4030; baseline -0.003 -16"><span class='ocrx_word' id='word_1_607' title='bbox 1836 3963 1998 4014; x_wconf 80' lang='lat' dir='ltr'><strong>tionis</strong></span> <span class='ocrx_word' id='word_1_608' title='bbox 2015 3960 2231 4030; x_wconf 76' lang='lat' dir='ltr'><strong>(Mauh.</strong></span> <span class='ocrx_word' id='word_1_609' title='bbox 2250 3964 2310 4029; x_wconf 90' lang='lat' dir='ltr'><strong>t).</strong></span> <span class='ocrx_word' id='word_1_610' title='bbox 2339 3979 2354 4010; x_wconf 77' lang='grc' dir='ltr'><strong>ι</strong></span> <span class='ocrx_word' id='word_1_611' title='bbox 2377 3959 2481 4013; x_wconf 87' lang='lat' dir='ltr'><strong>Sed</strong></span> <span class='ocrx_word' id='word_1_612' title='bbox 2500 3958 2584 4010; x_wconf 85' lang='lat' dir='ltr'><strong>illa</strong></span> <span class='ocrx_word' id='word_1_613' title='bbox 2602 3958 2877 4026; x_wconf 77' lang='lat' dir='ltr'><strong>generatio</strong></span> <span class='ocrx_word' id='word_1_614' title='bbox 2907 3957 3044 4009; x_wconf 87' lang='lat' dir='ltr'><strong>ﬁlios</strong></span> <span class='ocrx_word' id='word_1_615' title='bbox 3061 3957 3286 4025; x_wconf 81' lang='lat' dir='ltr'><strong>protulit</strong></span> <span class='ocrx_word' id='word_1_616' title='bbox 3305 3956 3419 4016; x_wconf 75' lang='lat' dir='ltr'><strong>itte.</strong></span> 
     </span>
    </p>
   </div>
   <div class='ocr_carea' id='block_1_86' title="bbox 1832 4050 3424 4122">
    <p class='ocr_par' dir='ltr' id='par_1_86' title="bbox 1832 4050 3424 4122">
     <span class='ocr_line' id='line_1_86' title="bbox 1832 4050 3424 4122; baseline 0 -17"><span class='ocrx_word' id='word_1_617' title='bbox 1832 4053 1932 4106; x_wconf 82' lang='lat' dir='ltr'><strong>ista</strong></span> <span class='ocrx_word' id='word_1_618' title='bbox 1961 4055 2098 4108; x_wconf 90' lang='lat' dir='ltr'><strong>ﬁlios</strong></span> <span class='ocrx_word' id='word_1_619' title='bbox 2120 4053 2350 4122; x_wconf 77' lang='lat' dir='ltr'><strong>parturit</strong></span> <span class='ocrx_word' id='word_1_620' title='bbox 2370 4053 2574 4122; x_wconf 65' lang='lat' dir='ltr'><strong>gratim.</strong></span> <span class='ocrx_word' id='word_1_621' title='bbox 2604 4051 2692 4103; x_wconf 83' lang='lat' dir='ltr'><strong>Illa</strong></span> <span class='ocrx_word' id='word_1_622' title='bbox 2720 4050 2998 4117; x_wconf 80' lang='lat' dir='ltr'><strong>generatio</strong></span> <span class='ocrx_word' id='word_1_623' title='bbox 3017 4051 3201 4103; x_wconf 76' lang='lat' dir='ltr'><strong>sortita</strong></span> <span class='ocrx_word' id='word_1_624' title='bbox 3225 4060 3424 4120; x_wconf 81' lang='lat' dir='ltr'><strong>estpa-</strong></span> 
     </span>
    </p>
   </div>
   <div class='ocr_carea' id='block_1_87' title="bbox 1831 4139 3421 4208">
    <p class='ocr_par' dir='ltr' id='par_1_87' title="bbox 1831 4139 3421 4208">
     <span class='ocr_line' id='line_1_87' title="bbox 1831 4139 3421 4208; baseline -0.001 -12"><span class='ocrx_word' id='word_1_625' title='bbox 1831 4144 2067 4196; x_wconf 81' lang='lat' dir='ltr'><strong>radisum</strong></span> <span class='ocrx_word' id='word_1_626' title='bbox 2085 4153 2262 4204; x_wconf 63' lang='lat' dir='ltr'><strong>terrai,</strong></span> <span class='ocrx_word' id='word_1_627' title='bbox 2281 4141 2762 4208; x_wconf 84' lang='lat' dir='ltr'><strong>fertiliumquidcm</strong></span> <span class='ocrx_word' id='word_1_628' title='bbox 2785 4141 3037 4192; x_wconf 82' lang='lat' dir='ltr'><strong>arborum</strong></span> <span class='ocrx_word' id='word_1_629' title='bbox 3061 4148 3107 4190; x_wconf 89' lang='lat' dir='ltr'><strong>et</strong></span> <span class='ocrx_word' id='word_1_630' title='bbox 3132 4139 3421 4194; x_wconf 85' lang='lat' dir='ltr'><strong>herbarum</strong></span> 
     </span>
    </p>
   </div>
   <div class='ocr_carea' id='block_1_88' title="bbox 1830 4229 3423 4297">
    <p class='ocr_par' dir='ltr' id='par_1_88' title="bbox 1830 4229 3423 4297">
     <span class='ocr_line' id='line_1_88' title="bbox 1830 4229 3423 4297; baseline -0.001 -11"><span class='ocrx_word' id='word_1_631' title='bbox 1830 4235 2024 4286; x_wconf 81' lang='lat' dir='ltr'><strong>decore</strong></span> <span class='ocrx_word' id='word_1_632' title='bbox 2063 4244 2408 4294; x_wconf 81' lang='lat' dir='ltr'><strong>veruautem;</strong></span> <span class='ocrx_word' id='word_1_633' title='bbox 2439 4232 2529 4285; x_wconf 88' lang='lat' dir='ltr'><strong>sed</strong></span> <span class='ocrx_word' id='word_1_634' title='bbox 2554 4233 2653 4284; x_wconf 90' lang='lat' dir='ltr'><strong>ista</strong></span> <span class='ocrx_word' id='word_1_635' title='bbox 2675 4229 2951 4283; x_wconf 61' lang='lat' dir='ltr'><strong>caelestem</strong></span> <span class='ocrx_word' id='word_1_636' title='bbox 2976 4240 3170 4282; x_wconf 82' lang='lat' dir='ltr'><strong>meruit</strong></span> <span class='ocrx_word' id='word_1_637' title='bbox 3205 4231 3423 4297; x_wconf 82' lang='lat' dir='ltr'><strong>paradi-</strong></span> 
     </span>
    </p>
   </div>
   <div class='ocr_carea' id='block_1_89' title="bbox 1830 4316 3442 4394">
    <p class='ocr_par' dir='ltr' id='par_1_89' title="bbox 1830 4316 3442 4394">
     <span class='ocr_line' id='line_1_89' title="bbox 1830 4316 3442 4394; baseline -0.002 -18"><span class='ocrx_word' id='word_1_638' title='bbox 1830 4340 1978 4394; x_wconf 77' lang='lat' dir='ltr'><strong>sum,</strong></span> <span class='ocrx_word' id='word_1_639' title='bbox 2003 4323 2502 4392; x_wconf 83' lang='lat' dir='ltr'><strong>incomparabilium</strong></span> <span class='ocrx_word' id='word_1_640' title='bbox 2539 4321 2852 4375; x_wconf 79' lang='lat' dir='ltr'><strong>deliciarum</strong></span> <span class='ocrx_word' id='word_1_641' title='bbox 2880 4319 3049 4385; x_wconf 83' lang='lat' dir='ltr'><strong>copiis</strong></span> <span class='ocrx_word' id='word_1_642' title='bbox 3087 4316 3442 4374; x_wconf 78' lang='lat' dir='ltr'><strong>afﬁttentetn.~</strong></span> 
     </span>
    </p>
   </div>
   <div class='ocr_carea' id='block_1_90' title="bbox 1828 4406 3393 4482">
    <p class='ocr_par' dir='ltr' id='par_1_90' title="bbox 1828 4406 3393 4482">
     <span class='ocr_line' id='line_1_90' title="bbox 1828 4406 3393 4482; baseline -0.003 -15"><span class='ocrx_word' id='word_1_643' title='bbox 1828 4414 1906 4467; x_wconf 76' lang='lat' dir='ltr'><strong>Ex</strong></span> <span class='ocrx_word' id='word_1_644' title='bbox 1939 4414 2027 4466; x_wconf 92' lang='lat' dir='ltr'><strong>illo</strong></span> <span class='ocrx_word' id='word_1_645' title='bbox 2057 4425 2230 4468; x_wconf 89' lang='lat' dir='ltr'><strong>tamen</strong></span> <span class='ocrx_word' id='word_1_646' title='bbox 2273 4413 2521 4482; x_wconf 72' lang='lat' dir='ltr'><strong>paradiso</strong></span> <span class='ocrx_word' id='word_1_647' title='bbox 2556 4413 2762 4479; x_wconf 89' lang='lat' dir='ltr'><strong>primus</strong></span> <span class='ocrx_word' id='word_1_648' title='bbox 2788 4408 2949 4461; x_wconf 86' lang='lat' dir='ltr'><strong>homo</strong></span> <span class='ocrx_word' id='word_1_649' title='bbox 2978 4422 3074 4476; x_wconf 85' lang='lat' dir='ltr'><strong>per</strong></span> <span class='ocrx_word' id='word_1_650' title='bbox 3101 4406 3301 4475; x_wconf 84' lang='lat' dir='ltr'><strong>lignum</strong></span> <span class='ocrx_word' id='word_1_651' title='bbox 3323 4422 3393 4476; x_wconf 88' lang='lat' dir='ltr'><strong>po</strong></span> 
     </span>
    </p>
   </div>
   <div class='ocr_carea' id='block_1_91' title="bbox 1829 4498 3419 4573">
    <p class='ocr_par' dir='ltr' id='par_1_91' title="bbox 1829 4498 3419 4573">
     <span class='ocr_line' id='line_1_91' title="bbox 1829 4498 3419 4573; baseline -0.004 -15"><span class='ocrx_word' id='word_1_652' title='bbox 1829 4506 2127 4560; x_wconf 76' lang='lat' dir='ltr'><strong>sterilatem</strong></span> <span class='ocrx_word' id='word_1_653' title='bbox 2168 4507 2248 4558; x_wconf 89' lang='lat' dir='ltr'><strong>sui</strong></span> <span class='ocrx_word' id='word_1_654' title='bbox 2295 4504 2508 4573; x_wconf 81' lang='lat' dir='ltr'><strong>generis</strong></span> <span class='ocrx_word' id='word_1_655' title='bbox 2549 4501 2753 4572; x_wconf 83' lang='lat' dir='ltr'><strong>expulit</strong></span> <span class='ocrx_word' id='word_1_656' title='bbox 2779 4540 2793 4562; x_wconf 81' lang='lat'><strong>,</strong></span> <span class='ocrx_word' id='word_1_657' title='bbox 2828 4498 3095 4554; x_wconf 82' lang='lat' dir='ltr'><strong>secundus</strong></span> <span class='ocrx_word' id='word_1_658' title='bbox 3130 4499 3289 4553; x_wconf 84' lang='lat' dir='ltr'><strong>homo</strong></span> <span class='ocrx_word' id='word_1_659' title='bbox 3319 4513 3419 4566; x_wconf 82' lang='lat' dir='ltr'><strong>per</strong></span> 
     </span>
    </p>
   </div>
   <div class='ocr_carea' id='block_1_92' title="bbox 132 4570 3414 4675">
    <p class='ocr_par' dir='ltr' id='par_1_92' title="bbox 132 4570 3414 4675">
     <span class='ocr_line' id='line_1_92' title="bbox 132 4570 3414 4675; baseline -0.005 -18"><span class='ocrx_word' id='word_1_660' title='bbox 132 4604 534 4675; x_wconf 85' lang='lat' dir='ltr'><strong>desperationis</strong></span> <span class='ocrx_word' id='word_1_661' title='bbox 561 4601 810 4655; x_wconf 86' lang='lat' dir='ltr'><strong>aculeum</strong></span> <span class='ocrx_word' id='word_1_662' title='bbox 836 4600 900 4653; x_wconf 87' lang='lat' dir='ltr'><strong>de</strong></span> <span class='ocrx_word' id='word_1_663' title='bbox 937 4599 1135 4654; x_wconf 84' lang='lat' dir='ltr'><strong>nostris</strong></span> <span class='ocrx_word' id='word_1_664' title='bbox 1161 4598 1432 4651; x_wconf 83' lang='lat' dir='ltr'><strong>utentibus</strong></span> <span class='ocrx_word' id='word_1_665' title='bbox 1462 4606 1722 4666; x_wconf 85' lang='lat' dir='ltr'><strong>amputat,</strong></span> <span class='ocrx_word' id='word_1_666' title='bbox 1759 4570 1806 4627; x_wconf 75' lang='lat' dir='ltr'>D</span> <span class='ocrx_word' id='word_1_667' title='bbox 1836 4614 2050 4652; x_wconf 89' lang='lat' dir='ltr'><strong>crucem</strong></span> <span class='ocrx_word' id='word_1_668' title='bbox 2083 4598 2392 4652; x_wconf 66' lang='lat' dir='ltr'><strong>caelestibus</strong></span> <span class='ocrx_word' id='word_1_669' title='bbox 2435 4611 2534 4649; x_wconf 89' lang='lat' dir='ltr'><strong>nos</strong></span> <span class='ocrx_word' id='word_1_670' title='bbox 2565 4593 2779 4663; x_wconf 86' lang='lat' dir='ltr'><strong>pascuis</strong></span> <span class='ocrx_word' id='word_1_671' title='bbox 2811 4591 3124 4646; x_wconf 79' lang='lat' dir='ltr'><strong>introduxit.</strong></span> <span class='ocrx_word' id='word_1_672' title='bbox 3160 4588 3251 4644; x_wconf 89' lang='lat' dir='ltr'><strong>Ille</strong></span> <span class='ocrx_word' id='word_1_673' title='bbox 3283 4591 3414 4642; x_wconf 85' lang='lat' dir='ltr'><strong>dum</strong></span> 
     </span>
    </p>
   </div>
   <div class='ocr_carea' id='block_1_93' title="bbox 135 4689 1728 4767">
    <p class='ocr_par' dir='ltr' id='par_1_93' title="bbox 135 4689 1728 4767">
     <span class='ocr_line' id='line_1_93' title="bbox 135 4689 1728 4767; baseline -0.004 -20"><span class='ocrx_word' id='word_1_674' title='bbox 135 4699 198 4750; x_wconf 87' lang='lat' dir='ltr'><strong>ad</strong></span> <span class='ocrx_word' id='word_1_675' title='bbox 225 4694 674 4767; x_wconf 56' lang='lat' dir='ltr'><strong>presnmendum</strong></span> <span class='ocrx_word' id='word_1_676' title='bbox 701 4692 768 4745; x_wconf 85' lang='lat' dir='ltr'><strong>de</strong></span> <span class='ocrx_word' id='word_1_677' title='bbox 815 4691 993 4746; x_wconf 87' lang='lat' dir='ltr'><strong>divina</strong></span> <span class='ocrx_word' id='word_1_678' title='bbox 1027 4689 1399 4744; x_wconf 91' lang='lat' dir='ltr'><strong>misericordia</strong></span> <span class='ocrx_word' id='word_1_679' title='bbox 1439 4689 1728 4743; x_wconf 85' lang='lat' dir='ltr'><strong>titubantia</strong></span> 
     </span>
    </p>
   </div>
   <div class='ocr_carea' id='block_1_94' title="bbox 135 4781 1730 4853">
    <p class='ocr_par' dir='ltr' id='par_1_94' title="bbox 135 4781 1730 4853">
     <span class='ocr_line' id='line_1_94' title="bbox 135 4781 1730 4853; baseline -0.007 -13"><span class='ocrx_word' id='word_1_680' title='bbox 135 4789 297 4843; x_wconf 85' lang='lat' dir='ltr'><strong>corda</strong></span> <span class='ocrx_word' id='word_1_681' title='bbox 322 4787 637 4848; x_wconf 89' lang='lat' dir='ltr'><strong>conﬁrmat,</strong></span> <span class='ocrx_word' id='word_1_682' title='bbox 669 4795 829 4853; x_wconf 88' lang='lat' dir='ltr'><strong>atque</strong></span> <span class='ocrx_word' id='word_1_683' title='bbox 855 4792 912 4836; x_wconf 91' lang='lat' dir='ltr'><strong>ut</strong></span> <span class='ocrx_word' id='word_1_684' title='bbox 932 4784 1190 4836; x_wconf 79' lang='lat' dir='ltr'><strong>adeamus</strong></span> <span class='ocrx_word' id='word_1_685' title='bbox 1213 4796 1334 4835; x_wconf 91' lang='lat' dir='ltr'><strong>cum</strong></span> <span class='ocrx_word' id='word_1_686' title='bbox 1361 4781 1552 4833; x_wconf 86' lang='lat' dir='ltr'><strong>ﬁducia</strong></span> <span class='ocrx_word' id='word_1_687' title='bbox 1579 4783 1730 4832; x_wconf 85' lang='lat' dir='ltr'><strong>thro-</strong></span> 
     </span>
    </p>
   </div>
   <div class='ocr_carea' id='block_1_95' title="bbox 139 4871 1730 4948">
    <p class='ocr_par' dir='ltr' id='par_1_95' title="bbox 139 4871 1730 4948">
     <span class='ocr_line' id='line_1_95' title="bbox 139 4871 1730 4948; baseline -0.004 -18"><span class='ocrx_word' id='word_1_688' title='bbox 139 4896 262 4932; x_wconf 91' lang='lat' dir='ltr'><strong>unm</strong></span> <span class='ocrx_word' id='word_1_689' title='bbox 318 4879 533 4948; x_wconf 80' lang='lat' dir='ltr'><strong>gratiae,</strong></span> <span class='ocrx_word' id='word_1_690' title='bbox 591 4877 732 4930; x_wconf 84' lang='lat' dir='ltr'><strong>sicut</strong></span> <span class='ocrx_word' id='word_1_691' title='bbox 789 4883 844 4928; x_wconf 88' lang='lat' dir='ltr'><strong>et</strong></span> <span class='ocrx_word' id='word_1_692' title='bbox 898 4874 1186 4944; x_wconf 81' lang='lat' dir='ltr'><strong>Apostolus</strong></span> <span class='ocrx_word' id='word_1_693' title='bbox 1238 4875 1506 4932; x_wconf 78' lang='lat' dir='ltr'><strong>hortatur,</strong></span> <span class='ocrx_word' id='word_1_694' title='bbox 1539 4871 1730 4924; x_wconf 86' lang='lat' dir='ltr'><strong>invitat</strong></span> 
     </span>
    </p>
   </div>
   <div class='ocr_carea' id='block_1_96' title="bbox 138 4960 1728 5038">
    <p class='ocr_par' dir='ltr' id='par_1_96' title="bbox 138 4960 1728 5038">
     <span class='ocr_line' id='line_1_96' title="bbox 138 4960 1728 5038; baseline -0.006 -16"><span class='ocrx_word' id='word_1_695' title='bbox 138 4969 320 5032; x_wconf 79' lang='lat' dir='ltr'><strong>(Hebr.</strong></span> <span class='ocrx_word' id='word_1_696' title='bbox 363 4969 459 5038; x_wconf 83' lang='lat' dir='ltr'><strong>tv).</strong></span> <span class='ocrx_word' id='word_1_697' title='bbox 499 4968 633 5034; x_wconf 85' lang='lat' dir='ltr'><strong>Quis</strong></span> <span class='ocrx_word' id='word_1_698' title='bbox 663 4965 804 5019; x_wconf 90' lang='lat' dir='ltr'><strong>enim</strong></span> <span class='ocrx_word' id='word_1_699' title='bbox 831 4967 1054 5018; x_wconf 88' lang='lat' dir='ltr'><strong>attdieus</strong></span> <span class='ocrx_word' id='word_1_700' title='bbox 1081 4964 1423 5034; x_wconf 89' lang='lat' dir='ltr'><strong>publicanum</strong></span> <span class='ocrx_word' id='word_1_701' title='bbox 1449 4975 1475 5014; x_wconf 85' lang='lat' dir='ltr'><strong>a</strong></span> <span class='ocrx_word' id='word_1_702' title='bbox 1502 4960 1728 5014; x_wconf 89' lang='lat' dir='ltr'><strong>Domino</strong></span> 
     </span>
    </p>
   </div>
   <div class='ocr_carea' id='block_1_97' title="bbox 140 5055 1729 5126">
    <p class='ocr_par' dir='ltr' id='par_1_97' title="bbox 140 5055 1729 5126">
     <span class='ocr_line' id='line_1_97' title="bbox 140 5055 1729 5126; baseline -0.003 -16"><span class='ocrx_word' id='word_1_703' title='bbox 140 5068 241 5114; x_wconf 85' lang='lat' dir='ltr'><strong>non</strong></span> <span class='ocrx_word' id='word_1_704' title='bbox 284 5061 448 5116; x_wconf 89' lang='lat' dir='ltr'><strong>modo</strong></span> <span class='ocrx_word' id='word_1_705' title='bbox 483 5060 534 5111; x_wconf 92' lang='lat' dir='ltr'><strong>iu</strong></span> <span class='ocrx_word' id='word_1_706' title='bbox 588 5058 892 5112; x_wconf 88' lang='lat' dir='ltr'><strong>clientelam</strong></span> <span class='ocrx_word' id='word_1_707' title='bbox 934 5057 1283 5126; x_wconf 83' lang='lat' dir='ltr'><strong>discipulatus</strong></span> <span class='ocrx_word' id='word_1_708' title='bbox 1330 5056 1584 5114; x_wconf 88' lang='lat' dir='ltr'><strong>electum,</strong></span> <span class='ocrx_word' id='word_1_709' title='bbox 1633 5055 1729 5107; x_wconf 84' lang='lat' dir='ltr'><strong>sed</strong></span> 
     </span>
    </p>
   </div>
   <div class='ocr_carea' id='block_1_98' title="bbox 1286 5145 1609 5166">
    <p class='ocr_par' dir='ltr' id='par_1_98' title="bbox 1286 5145 1609 5166">
     <span class='ocr_line' id='line_1_98' title="bbox 1286 5145 1609 5166; baseline 0 0"><span class='ocrx_word' id='word_1_710' title='bbox 1286 5150 1316 5166; x_wconf 74' lang='grc' dir='ltr'>ιο</span> <span class='ocrx_word' id='word_1_711' title='bbox 1361 5164 1366 5165; x_wconf 35' lang='grc' dir='ltr'><em>γ</em></span> <span class='ocrx_word' id='word_1_712' title='bbox 1389 5163 1397 5165; x_wconf 69' lang='lat'><strong><em>_</em></strong></span> <span class='ocrx_word' id='word_1_713' title='bbox 1435 5145 1609 5166; x_wconf 26' lang='lat' dir='ltr'><strong>P--.:-A!</strong></span> 
     </span>
    </p>
   </div>
   <div class='ocr_carea' id='block_1_99' title="bbox 1839 4682 3418 4752">
    <p class='ocr_par' dir='ltr' id='par_1_99' title="bbox 1839 4682 3418 4752">
     <span class='ocr_line' id='line_1_99' title="bbox 1839 4682 3418 4752; baseline -0.006 -9"><span class='ocrx_word' id='word_1_714' title='bbox 1839 4700 2025 4743; x_wconf 85' lang='lat' dir='ltr'><strong>narrat</strong></span> <span class='ocrx_word' id='word_1_715' title='bbox 2059 4690 2220 4741; x_wconf 86' lang='lat' dir='ltr'><strong>Deum</strong></span> <span class='ocrx_word' id='word_1_716' title='bbox 2249 4689 2468 4748; x_wconf 65' lang='lat' dir='ltr'><strong>dixisse.</strong></span> <span class='ocrx_word' id='word_1_717' title='bbox 2491 4688 2610 4741; x_wconf 81' lang='lat' dir='ltr'><strong>Fiat</strong></span> <span class='ocrx_word' id='word_1_718' title='bbox 2638 4688 2724 4739; x_wconf 75' lang='lat' dir='ltr'><strong>lux</strong></span> <span class='ocrx_word' id='word_1_719' title='bbox 2753 4683 2905 4752; x_wconf 85' lang='lat' dir='ltr'><strong>(Gen.</strong></span> <span class='ocrx_word' id='word_1_720' title='bbox 2930 4698 2992 4747; x_wconf 79' lang='grc' dir='ltr'><strong>ι),</strong></span> <span class='ocrx_word' id='word_1_721' title='bbox 3020 4682 3254 4738; x_wconf 86' lang='lat' dir='ltr'><strong>ostendit</strong></span> <span class='ocrx_word' id='word_1_722' title='bbox 3287 4697 3418 4736; x_wconf 77' lang='lat' dir='ltr'><strong>con-</strong></span> 
     </span>
    </p>
   </div>
   <div class='ocr_carea' id='block_1_100' title="bbox 1838 4773 3422 4845">
    <p class='ocr_par' dir='ltr' id='par_1_100' title="bbox 1838 4773 3422 4845">
     <span class='ocr_line' id='line_1_100' title="bbox 1838 4773 3422 4845; baseline -0.006 -13"><span class='ocrx_word' id='word_1_723' title='bbox 1838 4782 2005 4833; x_wconf 89' lang='lat' dir='ltr'><strong>ditam</strong></span> <span class='ocrx_word' id='word_1_724' title='bbox 2039 4780 2242 4841; x_wconf 75' lang='lat' dir='ltr'><strong>lucem,</strong></span> <span class='ocrx_word' id='word_1_725' title='bbox 2276 4780 2375 4831; x_wconf 84' lang='lat' dir='ltr'><strong>iste</strong></span> <span class='ocrx_word' id='word_1_726' title='bbox 2395 4778 2669 4833; x_wconf 83' lang='lat' dir='ltr'><strong>Christum</strong></span> <span class='ocrx_word' id='word_1_727' title='bbox 2691 4777 2758 4830; x_wconf 86' lang='lat' dir='ltr'><strong>de</strong></span> <span class='ocrx_word' id='word_1_728' title='bbox 2779 4774 3000 4845; x_wconf 79' lang='lat' dir='ltr'><strong>Virgine</strong></span> <span class='ocrx_word' id='word_1_729' title='bbox 3029 4783 3218 4828; x_wconf 84' lang='lat' dir='ltr'><strong>natum</strong></span> <span class='ocrx_word' id='word_1_730' title='bbox 3242 4773 3422 4841; x_wconf 85' lang='lat' dir='ltr'><strong>perbi-</strong></span> 
     </span>
    </p>
   </div>
   <div class='ocr_carea' id='block_1_101' title="bbox 1839 4863 3424 4933">
    <p class='ocr_par' dir='ltr' id='par_1_101' title="bbox 1839 4863 3424 4933">
     <span class='ocr_line' id='line_1_101' title="bbox 1839 4863 3424 4933; baseline -0.007 -9"><span class='ocrx_word' id='word_1_731' title='bbox 1839 4873 1970 4924; x_wconf 79' lang='lat' dir='ltr'><strong>beus</strong></span> <span class='ocrx_word' id='word_1_732' title='bbox 1997 4910 2011 4933; x_wconf 90' lang='lat'><strong>,</strong></span> <span class='ocrx_word' id='word_1_733' title='bbox 2045 4879 2290 4924; x_wconf 77' lang='lat' dir='ltr'><strong>exortum</strong></span> <span class='ocrx_word' id='word_1_734' title='bbox 2338 4869 2474 4923; x_wconf 80' lang='lat' dir='ltr'><strong>lucis</strong></span> <span class='ocrx_word' id='word_1_735' title='bbox 2523 4868 2757 4920; x_wconf 83' lang='lat' dir='ltr'><strong>insinuat</strong></span> <span class='ocrx_word' id='word_1_736' title='bbox 2809 4866 3184 4919; x_wconf 85' lang='lat' dir='ltr'><strong>Conditorem.</strong></span> <span class='ocrx_word' id='word_1_737' title='bbox 3215 4863 3424 4931; x_wconf 72' lang='lat' dir='ltr'><strong>Moyses</strong></span> 
     </span>
    </p>
   </div>
   <div class='ocr_carea' id='block_1_102' title="bbox 1838 4959 3428 5030">
    <p class='ocr_par' dir='ltr' id='par_1_102' title="bbox 1838 4959 3428 5030">
     <span class='ocr_line' id='line_1_102' title="bbox 1838 4959 3428 5030; baseline -0.009 -14"><span class='ocrx_word' id='word_1_738' title='bbox 1838 4965 2020 5030; x_wconf 88' lang='lat' dir='ltr'><strong>itaque</strong></span> <span class='ocrx_word' id='word_1_739' title='bbox 2068 4972 2304 5015; x_wconf 86' lang='lat' dir='ltr'><strong>veterem</strong></span> <span class='ocrx_word' id='word_1_740' title='bbox 2340 4959 2510 5012; x_wconf 86' lang='lat' dir='ltr'><strong>Adam</strong></span> <span class='ocrx_word' id='word_1_741' title='bbox 2543 4996 2558 5020; x_wconf 88' lang='lat'><strong>,</strong></span> <span class='ocrx_word' id='word_1_742' title='bbox 2607 4967 2768 5025; x_wconf 86' lang='lat' dir='ltr'><strong>atque</strong></span> <span class='ocrx_word' id='word_1_743' title='bbox 2825 4966 3100 5008; x_wconf 82' lang='lat' dir='ltr'><strong>terrenum</strong></span> <span class='ocrx_word' id='word_1_744' title='bbox 3131 4993 3149 5017; x_wconf 93' lang='lat'><strong>,</strong></span> <span class='ocrx_word' id='word_1_745' title='bbox 3187 4962 3428 5010; x_wconf 81' lang='lat' dir='ltr'><strong>veterem</strong></span> 
     </span>
    </p>
   </div>
   <div class='ocr_carea' id='block_1_103' title="bbox 1837 5045 3440 5118">
    <p class='ocr_par' dir='ltr' id='par_1_103' title="bbox 1837 5045 3440 5118">
     <span class='ocr_line' id='line_1_103' title="bbox 1837 5045 3440 5118; baseline -0.012 -8"><span class='ocrx_word' id='word_1_746' title='bbox 1837 5055 2092 5110; x_wconf 88' lang='lat' dir='ltr'><strong>mundum</strong></span> <span class='ocrx_word' id='word_1_747' title='bbox 2127 5094 2141 5118; x_wconf 88' lang='lat'><strong>,</strong></span> <span class='ocrx_word' id='word_1_748' title='bbox 2187 5060 2339 5105; x_wconf 83' lang='lat' dir='ltr'><strong>vetus</strong></span> <span class='ocrx_word' id='word_1_749' title='bbox 2387 5049 2586 5118; x_wconf 77' lang='lat' dir='ltr'><strong>digerit</strong></span> <span class='ocrx_word' id='word_1_750' title='bbox 2638 5048 3046 5101; x_wconf 81' lang='lat' dir='ltr'><strong>Testamentum</strong></span> <span class='ocrx_word' id='word_1_751' title='bbox 3087 5059 3102 5096; x_wconf 72' lang='grc' dir='ltr'><strong>ι</strong></span> <span class='ocrx_word' id='word_1_752' title='bbox 3143 5045 3440 5102; x_wconf 66' lang='lat' dir='ltr'><strong>Matthaaus</strong></span> 
     </span>
    </p>
   </div>
   <div class='ocr_carea' id='block_1_104' title="bbox 2184 5133 3442 5166">
    <p class='ocr_par' dir='ltr' id='par_1_104' title="bbox 2184 5133 3442 5166">
     <span class='ocr_line' id='line_1_104' title="bbox 2184 5133 3442 5166; baseline 0 0"><span class='ocrx_word' id='word_1_753' title='bbox 2184 5140 2452 5166; x_wconf 65' lang='grc' dir='ltr'><strong>-.η.Α..ζι...σ.</strong></span> <span class='ocrx_word' id='word_1_754' title='bbox 2482 5153 2616 5166; x_wconf 59' lang='grc' dir='ltr'>συιδ-ιη</span> <span class='ocrx_word' id='word_1_755' title='bbox 2682 5149 2781 5166; x_wconf 60' lang='lat' dir='ltr'><strong>nun</strong></span> <span class='ocrx_word' id='word_1_756' title='bbox 2809 5135 3041 5166; x_wconf 55' lang='lat' dir='ltr'><strong>Onnruniu</strong></span> <span class='ocrx_word' id='word_1_757' title='bbox 3082 5133 3221 5166; x_wconf 64' lang='grc' dir='ltr'><strong>εἶυη</strong></span> <span class='ocrx_word' id='word_1_758' title='bbox 3249 5143 3442 5166; x_wconf 65' lang='grc' dir='ltr'><strong>θαι-Πῆ-</strong></span> 
     </span>
    </p>
   </div>
  </div>
