  <div class='ocr_page' id='page_1' title='image "/cluster/home/n/w/nwhite01/storage/ocr_20150623/144/hvd.32044010574010/395.png"; bbox 0 0 3978 5328; ppageno 0'>
   <div class='ocr_carea' id='block_1_1' title="bbox 535 319 640 374">
    <p class='ocr_par' dir='ltr' id='par_1_1' title="bbox 535 319 640 374">
     <span class='ocr_line' id='line_1_1' title="bbox 535 319 640 374; baseline 0 -1"><span class='ocrx_word' id='word_1_1' title='bbox 535 319 640 374; x_wconf 81' lang='grc'><strong>779</strong></span> 
     </span>
    </p>
   </div>
   <div class='ocr_carea' id='block_1_2' title="bbox 1088 316 3177 378">
    <p class='ocr_par' dir='ltr' id='par_1_2' title="bbox 1088 316 3177 378">
     <span class='ocr_line' id='line_1_2' title="bbox 1088 316 3177 378; baseline 0.002 -5"><span class='ocrx_word' id='word_1_2' title='bbox 1088 317 1145 374; x_wconf 89' lang='lat' dir='ltr'><strong>S.</strong></span> <span class='ocrx_word' id='word_1_3' title='bbox 1189 319 1389 374; x_wconf 78' lang='lat' dir='ltr'><strong>PETRI</strong></span> <span class='ocrx_word' id='word_1_4' title='bbox 1431 318 1712 374; x_wconf 73' lang='lat' dir='ltr'><strong>DMllANl</strong></span> <span class='ocrx_word' id='word_1_5' title='bbox 1747 316 1894 374; x_wconf 87' lang='lat' dir='ltr'><strong>OPP.</strong></span> <span class='ocrx_word' id='word_1_6' title='bbox 1923 316 2101 373; x_wconf 74' lang='lat' dir='ltr'><strong>PARS</strong></span> <span class='ocrx_word' id='word_1_7' title='bbox 2141 319 2277 376; x_wconf 74' lang='lat' dir='ltr'><strong>SEU</strong></span> <span class='ocrx_word' id='word_1_8' title='bbox 2315 317 2549 376; x_wconf 77' lang='lat' dir='ltr'><strong>TOMUS</strong></span> <span class='ocrx_word' id='word_1_9' title='bbox 2579 320 2643 375; x_wconf 88' lang='lat' dir='ltr'><strong>ll.</strong></span> <span class='ocrx_word' id='word_1_10' title='bbox 2685 350 2749 360; x_wconf 96' lang='lat'><strong>—</strong></span> <span class='ocrx_word' id='word_1_11' title='bbox 2789 318 3177 378; x_wconf 75' lang='lat' dir='ltr'><strong>SERMONES.</strong></span> 
     </span>
    </p>
   </div>
   <div class='ocr_carea' id='block_1_3' title="bbox 3801 277 3810 284">
    <p class='ocr_par' dir='ltr' id='par_1_3' title="bbox 3801 277 3810 284">
     <span class='ocr_line' id='line_1_3' title="bbox 3801 277 3810 284; baseline 0 0"><span class='ocrx_word' id='word_1_12' title='bbox 3801 277 3810 284; x_wconf 66' lang='grc' dir='ltr'>ν</span> 
     </span>
    </p>
   </div>
   <div class='ocr_carea' id='block_1_4' title="bbox 3802 289 3828 312">
    <p class='ocr_par' dir='ltr' id='par_1_4' title="bbox 3802 289 3828 312">
     <span class='ocr_line' id='line_1_4' title="bbox 3802 289 3828 312; baseline 0 -3"><span class='ocrx_word' id='word_1_13' title='bbox 3802 289 3828 312; x_wconf 57' lang='grc' dir='ltr'><strong><em>η</em></strong></span> 
     </span>
    </p>
   </div>
   <div class='ocr_carea' id='block_1_5' title="bbox 3685 323 3825 381">
    <p class='ocr_par' dir='ltr' id='par_1_5' title="bbox 3685 323 3825 381">
     <span class='ocr_line' id='line_1_5' title="bbox 3685 323 3825 381; baseline 0.036 -4"><span class='ocrx_word' id='word_1_14' title='bbox 3685 323 3825 381; x_wconf 65' lang='grc' dir='ltr'><strong>ἹΒΚΓ</strong></span> 
     </span>
    </p>
   </div>
   <div class='ocr_carea' id='block_1_6' title="bbox 530 433 3790 508">
    <p class='ocr_par' dir='ltr' id='par_1_6' title="bbox 530 433 3790 508">
     <span class='ocr_line' id='line_1_6' title="bbox 530 433 3790 508; baseline 0.003 -20"><span class='ocrx_word' id='word_1_15' title='bbox 530 445 775 490; x_wconf 89' lang='lat' dir='ltr'><strong>terrenus</strong></span> <span class='ocrx_word' id='word_1_16' title='bbox 797 475 811 498; x_wconf 91' lang='lat'><strong>,</strong></span> <span class='ocrx_word' id='word_1_17' title='bbox 850 433 981 487; x_wconf 85' lang='lat' dir='ltr'><strong>tales</strong></span> <span class='ocrx_word' id='word_1_18' title='bbox 1007 445 1064 488; x_wconf 87' lang='lat' dir='ltr'><strong>et</strong></span> <span class='ocrx_word' id='word_1_19' title='bbox 1112 436 1347 501; x_wconf 88' lang='lat' dir='ltr'><strong>terreni;</strong></span> <span class='ocrx_word' id='word_1_20' title='bbox 1378 435 1554 503; x_wconf 84' lang='lat' dir='ltr'><strong>qualis</strong></span> <span class='ocrx_word' id='word_1_21' title='bbox 1581 435 1820 490; x_wconf 70' lang='lat' dir='ltr'><strong>cmlesﬁs</strong></span> <span class='ocrx_word' id='word_1_22' title='bbox 1842 474 1858 501; x_wconf 92' lang='lat'><strong>,</strong></span> <span class='ocrx_word' id='word_1_23' title='bbox 1891 434 2022 489; x_wconf 89' lang='lat' dir='ltr'><strong>tales</strong></span> <span class='ocrx_word' id='word_1_24' title='bbox 2053 443 2109 489; x_wconf 86' lang='lat' dir='ltr'><strong>et</strong></span> <span class='ocrx_word' id='word_1_25' title='bbox 2133 448 2183 507; x_wconf 71' lang='grc' dir='ltr'><strong>Α</strong></span> <span class='ocrx_word' id='word_1_26' title='bbox 2209 436 2548 506; x_wconf 88' lang='lat' dir='ltr'><strong>omnipotens</strong></span> <span class='ocrx_word' id='word_1_27' title='bbox 2578 435 2717 491; x_wconf 88' lang='lat' dir='ltr'><strong>Deus</strong></span> <span class='ocrx_word' id='word_1_28' title='bbox 2747 476 2762 503; x_wconf 93' lang='lat'><strong>,</strong></span> <span class='ocrx_word' id='word_1_29' title='bbox 2794 436 2919 492; x_wconf 88' lang='lat' dir='ltr'><strong>dum</strong></span> <span class='ocrx_word' id='word_1_30' title='bbox 2948 436 3108 505; x_wconf 98' lang='lat' dir='ltr'><strong>hujus</strong></span> <span class='ocrx_word' id='word_1_31' title='bbox 3137 435 3396 507; x_wconf 76' lang='lat' dir='ltr'><strong>spiritalis</strong></span> <span class='ocrx_word' id='word_1_32' title='bbox 3424 439 3613 496; x_wconf 74' lang='lat' dir='ltr'><strong>mundi</strong></span> <span class='ocrx_word' id='word_1_33' title='bbox 3641 480 3658 508; x_wconf 88' lang='lat'><strong>,</strong></span> <span class='ocrx_word' id='word_1_34' title='bbox 3687 441 3790 500; x_wconf 81' lang='lat' dir='ltr'><strong>hoc</strong></span> 
     </span>
    </p>
   </div>
   <div class='ocr_carea' id='block_1_7' title="bbox 525 527 2106 598">
    <p class='ocr_par' dir='ltr' id='par_1_7' title="bbox 525 527 2106 598">
     <span class='ocr_line' id='line_1_7' title="bbox 525 527 2106 598; baseline 0 -17"><span class='ocrx_word' id='word_1_35' title='bbox 525 527 793 582; x_wconf 78' lang='lat' dir='ltr'><strong>cmlestcs.</strong></span> <span class='ocrx_word' id='word_1_36' title='bbox 821 527 1018 582; x_wconf 82' lang='lat' dir='ltr'><strong>Factus</strong></span> <span class='ocrx_word' id='word_1_37' title='bbox 1040 538 1122 582; x_wconf 91' lang='lat' dir='ltr'><strong>est</strong></span> <span class='ocrx_word' id='word_1_38' title='bbox 1149 531 1358 598; x_wconf 89' lang='lat' dir='ltr'><strong>primus</strong></span> <span class='ocrx_word' id='word_1_39' title='bbox 1383 530 1554 584; x_wconf 88' lang='lat' dir='ltr'><strong>Adam</strong></span> <span class='ocrx_word' id='word_1_40' title='bbox 1586 529 1636 583; x_wconf 95' lang='lat' dir='ltr'><strong>in</strong></span> <span class='ocrx_word' id='word_1_41' title='bbox 1662 529 1896 583; x_wconf 89' lang='lat' dir='ltr'><strong>animam</strong></span> <span class='ocrx_word' id='word_1_42' title='bbox 1923 529 2106 584; x_wconf 90' lang='lat' dir='ltr'><strong>viven-</strong></span> 
     </span>
    </p>
   </div>
   <div class='ocr_carea' id='block_1_8' title="bbox 525 619 2106 690">
    <p class='ocr_par' dir='ltr' id='par_1_8' title="bbox 525 619 2106 690">
     <span class='ocr_line' id='line_1_8' title="bbox 525 619 2106 690; baseline 0.001 -17"><span class='ocrx_word' id='word_1_43' title='bbox 525 628 658 683; x_wconf 86' lang='lat' dir='ltr'><strong>tem,</strong></span> <span class='ocrx_word' id='word_1_44' title='bbox 686 619 1014 675; x_wconf 85' lang='lat' dir='ltr'><strong>novissimus</strong></span> <span class='ocrx_word' id='word_1_45' title='bbox 1040 621 1208 674; x_wconf 84' lang='lat' dir='ltr'><strong>Adam</strong></span> <span class='ocrx_word' id='word_1_46' title='bbox 1236 622 1288 675; x_wconf 93' lang='lat' dir='ltr'><strong>in</strong></span> <span class='ocrx_word' id='word_1_47' title='bbox 1316 620 1564 690; x_wconf 75' lang='lat' dir='ltr'><strong>spiritum</strong></span> <span class='ocrx_word' id='word_1_48' title='bbox 1591 619 1970 674; x_wconf 71' lang='lat' dir='ltr'><strong>vivificantem.</strong></span> <span class='ocrx_word' id='word_1_49' title='bbox 2000 619 2106 674; x_wconf 85' lang='lat' dir='ltr'><strong>Sed</strong></span> 
     </span>
    </p>
   </div>
   <div class='ocr_carea' id='block_1_9' title="bbox 526 711 2103 783">
    <p class='ocr_par' dir='ltr' id='par_1_9' title="bbox 526 711 2103 783">
     <span class='ocr_line' id='line_1_9' title="bbox 526 711 2103 783; baseline 0.003 -21"><span class='ocrx_word' id='word_1_50' title='bbox 526 724 634 763; x_wconf 91' lang='lat' dir='ltr'><strong>non</strong></span> <span class='ocrx_word' id='word_1_51' title='bbox 663 711 814 781; x_wconf 90' lang='lat' dir='ltr'><strong>prius</strong></span> <span class='ocrx_word' id='word_1_52' title='bbox 859 713 1000 781; x_wconf 84' lang='lat' dir='ltr'><strong>quod</strong></span> <span class='ocrx_word' id='word_1_53' title='bbox 1052 713 1330 780; x_wconf 80' lang='lat' dir='ltr'><strong>spirituale</strong></span> <span class='ocrx_word' id='word_1_54' title='bbox 1361 721 1462 778; x_wconf 89' lang='lat' dir='ltr'><strong>est,</strong></span> <span class='ocrx_word' id='word_1_55' title='bbox 1497 713 1591 766; x_wconf 90' lang='lat' dir='ltr'><strong>sed</strong></span> <span class='ocrx_word' id='word_1_56' title='bbox 1646 711 1788 783; x_wconf 90' lang='lat' dir='ltr'><strong>quod</strong></span> <span class='ocrx_word' id='word_1_57' title='bbox 1835 711 2062 766; x_wconf 86' lang='lat' dir='ltr'><strong>animale</strong></span> <span class='ocrx_word' id='word_1_58' title='bbox 2087 750 2103 776; x_wconf 88' lang='lat'><strong>,</strong></span> 
     </span>
    </p>
   </div>
   <div class='ocr_carea' id='block_1_10' title="bbox 523 798 1226 870">
    <p class='ocr_par' dir='ltr' id='par_1_10' title="bbox 523 798 1226 870">
     <span class='ocr_line' id='line_1_10' title="bbox 523 798 1226 870; baseline 0.003 -18"><span class='ocrx_word' id='word_1_59' title='bbox 523 798 724 852; x_wconf 85' lang='lat' dir='ltr'><strong>deinde</strong></span> <span class='ocrx_word' id='word_1_60' title='bbox 751 800 893 869; x_wconf 92' lang='lat' dir='ltr'><strong>quod</strong></span> <span class='ocrx_word' id='word_1_61' title='bbox 923 801 1226 870; x_wconf 86' lang='lat' dir='ltr'><strong>spirituale.</strong></span> 
     </span>
    </p>
   </div>
   <div class='ocr_carea' id='block_1_11' title="bbox 597 889 2106 963">
    <p class='ocr_par' dir='ltr' id='par_1_11' title="bbox 597 889 2106 963">
     <span class='ocr_line' id='line_1_11' title="bbox 597 889 2106 963; baseline 0.003 -19"><span class='ocrx_word' id='word_1_62' title='bbox 597 889 805 961; x_wconf 78' lang='lat' dir='ltr'><strong>Moyses</strong></span> <span class='ocrx_word' id='word_1_63' title='bbox 843 907 972 961; x_wconf 85' lang='lat' dir='ltr'><strong>ergo</strong></span> <span class='ocrx_word' id='word_1_64' title='bbox 1003 892 1260 948; x_wconf 90' lang='lat' dir='ltr'><strong>describit</strong></span> <span class='ocrx_word' id='word_1_65' title='bbox 1284 892 1553 963; x_wconf 91' lang='lat' dir='ltr'><strong>quomodo</strong></span> <span class='ocrx_word' id='word_1_66' title='bbox 1601 893 1834 948; x_wconf 90' lang='lat' dir='ltr'><strong>visibilia</strong></span> <span class='ocrx_word' id='word_1_67' title='bbox 1880 898 2106 962; x_wconf 77' lang='lat' dir='ltr'><strong>quaeque</strong></span> 
     </span>
    </p>
   </div>
   <div class='ocr_carea' id='block_1_12' title="bbox 523 979 2103 1052">
    <p class='ocr_par' dir='ltr' id='par_1_12' title="bbox 523 979 2103 1052">
     <span class='ocr_line' id='line_1_12' title="bbox 523 979 2103 1052; baseline 0.003 -18"><span class='ocrx_word' id='word_1_68' title='bbox 523 979 634 1034; x_wconf 87' lang='lat' dir='ltr'><strong>sint</strong></span> <span class='ocrx_word' id='word_1_69' title='bbox 665 980 997 1052; x_wconf 85' lang='lat' dir='ltr'><strong>originaliter</strong></span> <span class='ocrx_word' id='word_1_70' title='bbox 1017 982 1267 1046; x_wconf 90' lang='lat' dir='ltr'><strong>condita;</strong></span> <span class='ocrx_word' id='word_1_71' title='bbox 1294 981 1576 1036; x_wconf 84' lang='lat' dir='ltr'><strong>Matthaeus</strong></span> <span class='ocrx_word' id='word_1_72' title='bbox 1597 991 1776 1037; x_wconf 90' lang='lat' dir='ltr'><strong>autem</strong></span> <span class='ocrx_word' id='word_1_73' title='bbox 1808 983 1966 1038; x_wconf 88' lang='lat' dir='ltr'><strong>docet</strong></span> <span class='ocrx_word' id='word_1_74' title='bbox 1995 999 2103 1038; x_wconf 91' lang='lat' dir='ltr'><strong>non</strong></span> 
     </span>
    </p>
   </div>
   <div class='ocr_carea' id='block_1_13' title="bbox 522 1071 2106 1144">
    <p class='ocr_par' dir='ltr' id='par_1_13' title="bbox 522 1071 2106 1144">
     <span class='ocr_line' id='line_1_13' title="bbox 522 1071 2106 1144; baseline 0.004 -21"><span class='ocrx_word' id='word_1_75' title='bbox 522 1071 681 1125; x_wconf 90' lang='lat' dir='ltr'><strong>modo</strong></span> <span class='ocrx_word' id='word_1_76' title='bbox 710 1080 942 1135; x_wconf 79' lang='lat' dir='ltr'><strong>terrena,</strong></span> <span class='ocrx_word' id='word_1_77' title='bbox 975 1072 1067 1127; x_wconf 88' lang='lat' dir='ltr'><strong>sed</strong></span> <span class='ocrx_word' id='word_1_78' title='bbox 1106 1081 1160 1127; x_wconf 91' lang='lat' dir='ltr'><strong>et</strong></span> <span class='ocrx_word' id='word_1_79' title='bbox 1205 1073 1443 1129; x_wconf 74' lang='lat' dir='ltr'><strong>cmlestia</strong></span> <span class='ocrx_word' id='word_1_80' title='bbox 1473 1089 1569 1144; x_wconf 88' lang='lat' dir='ltr'><strong>per</strong></span> <span class='ocrx_word' id='word_1_81' title='bbox 1593 1073 1902 1129; x_wconf 81' lang='lat' dir='ltr'><strong>Mediatoris</strong></span> <span class='ocrx_word' id='word_1_82' title='bbox 1931 1074 2022 1128; x_wconf 86' lang='lat' dir='ltr'><strong>Dei</strong></span> <span class='ocrx_word' id='word_1_83' title='bbox 2050 1082 2106 1129; x_wconf 89' lang='lat' dir='ltr'><strong>et</strong></span> 
     </span>
    </p>
   </div>
   <div class='ocr_carea' id='block_1_14' title="bbox 445 1163 2105 1235">
    <p class='ocr_par' dir='ltr' id='par_1_14' title="bbox 445 1163 2105 1235">
     <span class='ocr_line' id='line_1_14' title="bbox 445 1163 2105 1235; baseline 0.004 -19"><span class='ocrx_word' id='word_1_84' title='bbox 445 1173 454 1182; x_wconf 86' lang='lat'>&#39;</span> <span class='ocrx_word' id='word_1_85' title='bbox 520 1163 798 1217; x_wconf 84' lang='lat' dir='ltr'><strong>hominum</strong></span> <span class='ocrx_word' id='word_1_86' title='bbox 823 1165 1050 1235; x_wconf 79' lang='lat' dir='ltr'><strong>gratiam</strong></span> <span class='ocrx_word' id='word_1_87' title='bbox 1077 1167 1284 1220; x_wconf 88' lang='lat' dir='ltr'><strong>uoviter</strong></span> <span class='ocrx_word' id='word_1_88' title='bbox 1306 1166 1600 1220; x_wconf 81' lang='lat' dir='ltr'><strong>instaurata</strong></span> <span class='ocrx_word' id='word_1_89' title='bbox 1619 1186 1633 1229; x_wconf 88' lang='lat'><strong>;</strong></span> <span class='ocrx_word' id='word_1_90' title='bbox 1651 1167 1788 1221; x_wconf 88' lang='lat' dir='ltr'><strong>sicut</strong></span> <span class='ocrx_word' id='word_1_91' title='bbox 1811 1167 1949 1220; x_wconf 90' lang='lat' dir='ltr'><strong>idem</strong></span> <span class='ocrx_word' id='word_1_92' title='bbox 1972 1167 2105 1222; x_wconf 82' lang='lat' dir='ltr'><strong>dicit</strong></span> 
     </span>
    </p>
   </div>
   <div class='ocr_carea' id='block_1_15' title="bbox 517 1253 2098 1322">
    <p class='ocr_par' dir='ltr' id='par_1_15' title="bbox 517 1253 2098 1322">
     <span class='ocr_line' id='line_1_15' title="bbox 517 1253 2098 1322; baseline 0.003 -16"><span class='ocrx_word' id='word_1_93' title='bbox 517 1253 811 1322; x_wconf 79' lang='lat' dir='ltr'><strong>Apostolus</strong></span> <span class='ocrx_word' id='word_1_94' title='bbox 843 1271 868 1311; x_wconf 76' lang='grc' dir='ltr'><strong>ε.</strong></span> <span class='ocrx_word' id='word_1_95' title='bbox 891 1272 910 1305; x_wconf 71' lang='grc' dir='ltr'><strong>ι</strong></span> <span class='ocrx_word' id='word_1_96' title='bbox 946 1254 1010 1309; x_wconf 90' lang='lat' dir='ltr'><strong>Ut</strong></span> <span class='ocrx_word' id='word_1_97' title='bbox 1052 1266 1240 1309; x_wconf 91' lang='lat' dir='ltr'><strong>notum</strong></span> <span class='ocrx_word' id='word_1_98' title='bbox 1271 1255 1473 1310; x_wconf 76' lang='lat' dir='ltr'><strong>faceret</strong></span> <span class='ocrx_word' id='word_1_99' title='bbox 1519 1257 1673 1310; x_wconf 84' lang='lat' dir='ltr'><strong>nobis</strong></span> <span class='ocrx_word' id='word_1_100' title='bbox 1703 1266 2098 1310; x_wconf 85' lang='lat' dir='ltr'><strong>sacramentum</strong></span> 
     </span>
    </p>
   </div>
   <div class='ocr_carea' id='block_1_16' title="bbox 517 1345 2094 1417">
    <p class='ocr_par' dir='ltr' id='par_1_16' title="bbox 517 1345 2094 1417">
     <span class='ocr_line' id='line_1_16' title="bbox 517 1345 2094 1417; baseline 0.002 -19"><span class='ocrx_word' id='word_1_101' title='bbox 517 1345 809 1400; x_wconf 89' lang='lat' dir='ltr'><strong>voluntatis</strong></span> <span class='ocrx_word' id='word_1_102' title='bbox 839 1361 980 1412; x_wconf 73' lang='lat' dir='ltr'><strong>suae,</strong></span> <span class='ocrx_word' id='word_1_103' title='bbox 1011 1348 1305 1403; x_wconf 89' lang='lat' dir='ltr'><strong>secundum</strong></span> <span class='ocrx_word' id='word_1_104' title='bbox 1349 1346 1743 1417; x_wconf 88' lang='lat' dir='ltr'><strong>beueplacitum</strong></span> <span class='ocrx_word' id='word_1_105' title='bbox 1777 1345 1915 1414; x_wconf 88' lang='lat' dir='ltr'><strong>ejus,</strong></span> <span class='ocrx_word' id='word_1_106' title='bbox 1949 1347 2094 1417; x_wconf 90' lang='lat' dir='ltr'><strong>quod</strong></span> 
     </span>
    </p>
   </div>
   <div class='ocr_carea' id='block_1_17' title="bbox 517 1435 2095 1506">
    <p class='ocr_par' dir='ltr' id='par_1_17' title="bbox 517 1435 2095 1506">
     <span class='ocr_line' id='line_1_17' title="bbox 517 1435 2095 1506; baseline 0.001 -18"><span class='ocrx_word' id='word_1_107' title='bbox 517 1435 798 1505; x_wconf 76' lang='lat' dir='ltr'><strong>proposuit</strong></span> <span class='ocrx_word' id='word_1_108' title='bbox 829 1436 881 1490; x_wconf 90' lang='lat' dir='ltr'><strong>in</strong></span> <span class='ocrx_word' id='word_1_109' title='bbox 909 1451 1012 1500; x_wconf 83' lang='lat' dir='ltr'><strong>eo,</strong></span> <span class='ocrx_word' id='word_1_110' title='bbox 1044 1437 1096 1490; x_wconf 91' lang='lat' dir='ltr'><strong>in</strong></span> <span class='ocrx_word' id='word_1_111' title='bbox 1133 1437 1532 1505; x_wconf 80' lang='lat' dir='ltr'><strong>dispensatione</strong></span> <span class='ocrx_word' id='word_1_112' title='bbox 1564 1437 1915 1506; x_wconf 88' lang='lat' dir='ltr'><strong>plenitudinis</strong></span> <span class='ocrx_word' id='word_1_113' title='bbox 1958 1445 2095 1490; x_wconf 83' lang='lat' dir='ltr'><strong>teru-</strong></span> 
     </span>
    </p>
   </div>
   <div class='ocr_carea' id='block_1_18' title="bbox 521 1523 2095 1596">
    <p class='ocr_par' dir='ltr' id='par_1_18' title="bbox 521 1523 2095 1596">
     <span class='ocr_line' id='line_1_18' title="bbox 521 1523 2095 1596; baseline 0.004 -20"><span class='ocrx_word' id='word_1_114' title='bbox 521 1537 732 1591; x_wconf 91' lang='lat' dir='ltr'><strong>porum,</strong></span> <span class='ocrx_word' id='word_1_115' title='bbox 771 1523 1076 1579; x_wconf 91' lang='lat' dir='ltr'><strong>instaurare</strong></span> <span class='ocrx_word' id='word_1_116' title='bbox 1104 1526 1284 1580; x_wconf 88' lang='lat' dir='ltr'><strong>omnia</strong></span> <span class='ocrx_word' id='word_1_117' title='bbox 1320 1526 1372 1579; x_wconf 93' lang='lat' dir='ltr'><strong>in</strong></span> <span class='ocrx_word' id='word_1_118' title='bbox 1402 1527 1619 1580; x_wconf 91' lang='lat' dir='ltr'><strong>Christo</strong></span> <span class='ocrx_word' id='word_1_119' title='bbox 1645 1566 1660 1591; x_wconf 96' lang='lat'><strong>,</strong></span> <span class='ocrx_word' id='word_1_120' title='bbox 1690 1542 1810 1596; x_wconf 66' lang='lat' dir='ltr'><strong>qute</strong></span> <span class='ocrx_word' id='word_1_121' title='bbox 1843 1526 1894 1580; x_wconf 91' lang='lat' dir='ltr'><strong>in</strong></span> <span class='ocrx_word' id='word_1_122' title='bbox 1921 1527 2095 1592; x_wconf 77' lang='lat' dir='ltr'><strong>etelis,</strong></span> 
     </span>
    </p>
   </div>
   <div class='ocr_carea' id='block_1_19' title="bbox 515 1614 1772 1686">
    <p class='ocr_par' dir='ltr' id='par_1_19' title="bbox 515 1614 1772 1686">
     <span class='ocr_line' id='line_1_19' title="bbox 515 1614 1772 1686; baseline 0.001 -20"><span class='ocrx_word' id='word_1_123' title='bbox 515 1622 571 1666; x_wconf 89' lang='lat' dir='ltr'><strong>et</strong></span> <span class='ocrx_word' id='word_1_124' title='bbox 596 1629 714 1681; x_wconf 80' lang='lat' dir='ltr'><strong>qua:</strong></span> <span class='ocrx_word' id='word_1_125' title='bbox 747 1614 800 1667; x_wconf 91' lang='lat' dir='ltr'><strong>in</strong></span> <span class='ocrx_word' id='word_1_126' title='bbox 831 1615 994 1668; x_wconf 88' lang='lat' dir='ltr'><strong>terris</strong></span> <span class='ocrx_word' id='word_1_127' title='bbox 1033 1615 1238 1670; x_wconf 84' lang='lat' dir='ltr'><strong>suntin</strong></span> <span class='ocrx_word' id='word_1_128' title='bbox 1272 1615 1386 1685; x_wconf 90' lang='lat' dir='ltr'><strong>ipso</strong></span> <span class='ocrx_word' id='word_1_129' title='bbox 1421 1615 1633 1686; x_wconf 77' lang='grc' dir='ltr'><strong>(ΕρΙιεδ.</strong></span> <span class='ocrx_word' id='word_1_130' title='bbox 1659 1617 1721 1683; x_wconf 91' lang='grc' dir='ltr'><strong>ι).</strong></span> <span class='ocrx_word' id='word_1_131' title='bbox 1754 1637 1772 1667; x_wconf 77' lang='grc' dir='ltr'><strong>ι</strong></span> 
     </span>
    </p>
   </div>
   <div class='ocr_carea' id='block_1_20' title="bbox 585 1701 2090 1775">
    <p class='ocr_par' dir='ltr' id='par_1_20' title="bbox 585 1701 2090 1775">
     <span class='ocr_line' id='line_1_20' title="bbox 585 1701 2090 1775; baseline 0.001 -19"><span class='ocrx_word' id='word_1_132' title='bbox 585 1701 737 1757; x_wconf 83' lang='lat' dir='ltr'><strong>Hanc</strong></span> <span class='ocrx_word' id='word_1_133' title='bbox 804 1705 988 1758; x_wconf 81' lang='lat' dir='ltr'><strong>mutuli</strong></span> <span class='ocrx_word' id='word_1_134' title='bbox 1041 1705 1444 1760; x_wconf 87' lang='lat' dir='ltr'><strong>renovationem</strong></span> <span class='ocrx_word' id='word_1_135' title='bbox 1497 1704 1662 1758; x_wconf 86' lang='lat' dir='ltr'><strong>David</strong></span> <span class='ocrx_word' id='word_1_136' title='bbox 1721 1705 2090 1775; x_wconf 64' lang='lat' dir='ltr'><strong>praevidebat,</strong></span> 
     </span>
    </p>
   </div>
   <div class='ocr_carea' id='block_1_21' title="bbox 2208 525 3786 602">
    <p class='ocr_par' dir='ltr' id='par_1_21' title="bbox 2208 525 3786 602">
     <span class='ocr_line' id='line_1_21' title="bbox 2208 525 3786 602; baseline 0.006 -25"><span class='ocrx_word' id='word_1_137' title='bbox 2208 533 2338 587; x_wconf 88' lang='lat' dir='ltr'><strong>est,</strong></span> <span class='ocrx_word' id='word_1_138' title='bbox 2388 533 2588 578; x_wconf 75' lang='lat' dir='ltr'><strong>sancta:</strong></span> <span class='ocrx_word' id='word_1_139' title='bbox 2636 525 2954 580; x_wconf 89' lang='lat' dir='ltr'><strong>universalis</strong></span> <span class='ocrx_word' id='word_1_140' title='bbox 3002 527 3257 582; x_wconf 85' lang='lat' dir='ltr'><strong>Ecclesia:</strong></span> <span class='ocrx_word' id='word_1_141' title='bbox 3309 529 3575 584; x_wconf 78' lang='lat' dir='ltr'><strong>fabricam</strong></span> <span class='ocrx_word' id='word_1_142' title='bbox 3624 547 3786 602; x_wconf 83' lang='lat' dir='ltr'><strong>super</strong></span> 
     </span>
    </p>
   </div>
   <div class='ocr_carea' id='block_1_22' title="bbox 2206 616 3784 687">
    <p class='ocr_par' dir='ltr' id='par_1_22' title="bbox 2206 616 3784 687">
     <span class='ocr_line' id='line_1_22' title="bbox 2206 616 3784 687; baseline 0.007 -19"><span class='ocrx_word' id='word_1_143' title='bbox 2206 628 2437 684; x_wconf 88' lang='lat' dir='ltr'><strong>quatuor</strong></span> <span class='ocrx_word' id='word_1_144' title='bbox 2463 616 2841 686; x_wconf 81' lang='lat' dir='ltr'><strong>evangelistas,</strong></span> <span class='ocrx_word' id='word_1_145' title='bbox 2865 620 3018 686; x_wconf 90' lang='lat' dir='ltr'><strong>quasi</strong></span> <span class='ocrx_word' id='word_1_146' title='bbox 3049 635 3210 687; x_wconf 88' lang='lat' dir='ltr'><strong>super</strong></span> <span class='ocrx_word' id='word_1_147' title='bbox 3242 619 3527 675; x_wconf 89' lang='lat' dir='ltr'><strong>columnas</strong></span> <span class='ocrx_word' id='word_1_148' title='bbox 3559 624 3784 679; x_wconf 85' lang='lat' dir='ltr'><strong>totidem</strong></span> 
     </span>
    </p>
   </div>
   <div class='ocr_carea' id='block_1_23' title="bbox 2205 707 3786 780">
    <p class='ocr_par' dir='ltr' id='par_1_23' title="bbox 2205 707 3786 780">
     <span class='ocr_line' id='line_1_23' title="bbox 2205 707 3786 780; baseline 0.004 -18"><span class='ocrx_word' id='word_1_149' title='bbox 2205 708 2469 762; x_wconf 92' lang='lat' dir='ltr'><strong>construit</strong></span> <span class='ocrx_word' id='word_1_150' title='bbox 2493 747 2507 773; x_wconf 87' lang='lat'><strong>,</strong></span> <span class='ocrx_word' id='word_1_151' title='bbox 2536 707 2671 763; x_wconf 89' lang='lat' dir='ltr'><strong>duas</strong></span> <span class='ocrx_word' id='word_1_152' title='bbox 2693 709 2932 777; x_wconf 88' lang='lat' dir='ltr'><strong>potiores</strong></span> <span class='ocrx_word' id='word_1_153' title='bbox 2969 718 3025 764; x_wconf 90' lang='lat' dir='ltr'><strong>et</strong></span> <span class='ocrx_word' id='word_1_154' title='bbox 3052 711 3297 780; x_wconf 76' lang='lat' dir='ltr'><strong>egregias</strong></span> <span class='ocrx_word' id='word_1_155' title='bbox 3324 711 3657 768; x_wconf 85' lang='lat' dir='ltr'><strong>altrinsecus</strong></span> <span class='ocrx_word' id='word_1_156' title='bbox 3703 729 3786 769; x_wconf 52' lang='lat' dir='ltr'><strong>or»</strong></span> 
     </span>
    </p>
   </div>
   <div class='ocr_carea' id='block_1_24' title="bbox 2206 799 3786 877">
    <p class='ocr_par' dir='ltr' id='par_1_24' title="bbox 2206 799 3786 877">
     <span class='ocr_line' id='line_1_24' title="bbox 2206 799 3786 877; baseline 0.005 -23"><span class='ocrx_word' id='word_1_157' title='bbox 2206 799 2356 854; x_wconf 92' lang='lat' dir='ltr'><strong>dinat</strong></span> <span class='ocrx_word' id='word_1_158' title='bbox 2378 839 2394 865; x_wconf 95' lang='lat'><strong>,</strong></span> <span class='ocrx_word' id='word_1_159' title='bbox 2419 800 2614 868; x_wconf 86' lang='lat' dir='ltr'><strong>quibus</strong></span> <span class='ocrx_word' id='word_1_160' title='bbox 2639 801 2846 856; x_wconf 84' lang='lat' dir='ltr'><strong>scilicet</strong></span> <span class='ocrx_word' id='word_1_161' title='bbox 2875 817 3035 857; x_wconf 90' lang='lat' dir='ltr'><strong>omne</strong></span> <span class='ocrx_word' id='word_1_162' title='bbox 3061 804 3330 874; x_wconf 80' lang='lat' dir='ltr'><strong>surgentis</strong></span> <span class='ocrx_word' id='word_1_163' title='bbox 3356 806 3625 860; x_wconf 68' lang='lat' dir='ltr'><strong>machinae</strong></span> <span class='ocrx_word' id='word_1_164' title='bbox 3656 823 3786 877; x_wconf 86' lang='lat' dir='ltr'><strong>pon-</strong></span> 
     </span>
    </p>
   </div>
   <div class='ocr_carea' id='block_1_25' title="bbox 2203 888 3780 966">
    <p class='ocr_par' dir='ltr' id='par_1_25' title="bbox 2203 888 3780 966">
     <span class='ocr_line' id='line_1_25' title="bbox 2203 888 3780 966; baseline 0.006 -24"><span class='ocrx_word' id='word_1_165' title='bbox 2203 888 2303 944; x_wconf 92' lang='lat' dir='ltr'><strong>dus</strong></span> <span class='ocrx_word' id='word_1_166' title='bbox 2329 889 2634 956; x_wconf 87' lang='lat' dir='ltr'><strong>incumbat;</strong></span> <span class='ocrx_word' id='word_1_167' title='bbox 2662 891 2797 946; x_wconf 92' lang='lat' dir='ltr'><strong>duas</strong></span> <span class='ocrx_word' id='word_1_168' title='bbox 2818 900 2994 947; x_wconf 90' lang='lat' dir='ltr'><strong>autem</strong></span> <span class='ocrx_word' id='word_1_169' title='bbox 3028 893 3263 950; x_wconf 86' lang='lat' dir='ltr'><strong>minores</strong></span> <span class='ocrx_word' id='word_1_170' title='bbox 3286 897 3336 948; x_wconf 91' lang='lat' dir='ltr'><strong>in</strong></span> <span class='ocrx_word' id='word_1_171' title='bbox 3363 897 3547 950; x_wconf 47' lang='lat' dir='ltr'><strong>medio</strong></span> <span class='ocrx_word' id='word_1_172' title='bbox 3571 900 3780 966; x_wconf 78' lang='lat' dir='ltr'><strong>statuit,</strong></span> 
     </span>
    </p>
   </div>
   <div class='ocr_carea' id='block_1_26' title="bbox 2203 977 3784 1051">
    <p class='ocr_par' dir='ltr' id='par_1_26' title="bbox 2203 977 3784 1051">
     <span class='ocr_line' id='line_1_26' title="bbox 2203 977 3784 1051; baseline 0.007 -19"><span class='ocrx_word' id='word_1_173' title='bbox 2203 977 2390 1047; x_wconf 87' lang='lat' dir='ltr'><strong>sicque</strong></span> <span class='ocrx_word' id='word_1_174' title='bbox 2418 979 2655 1036; x_wconf 64' lang='lat' dir='ltr'><strong>caelestis</strong></span> <span class='ocrx_word' id='word_1_175' title='bbox 2688 980 2907 1038; x_wconf 67' lang='lat' dir='ltr'><strong>fabricae</strong></span> <span class='ocrx_word' id='word_1_176' title='bbox 2930 983 3382 1051; x_wconf 77' lang='lat' dir='ltr'><strong>pulchritudinem</strong></span> <span class='ocrx_word' id='word_1_177' title='bbox 3430 987 3646 1042; x_wconf 76' lang='lat' dir='ltr'><strong>alterna</strong></span> <span class='ocrx_word' id='word_1_178' title='bbox 3693 1005 3784 1043; x_wconf 79' lang='lat' dir='ltr'><strong>va-</strong></span> 
     </span>
    </p>
   </div>
   <div class='ocr_carea' id='block_1_27' title="bbox 2202 1067 3778 1142">
    <p class='ocr_par' dir='ltr' id='par_1_27' title="bbox 2202 1067 3778 1142">
     <span class='ocr_line' id='line_1_27' title="bbox 2202 1067 3778 1142; baseline 0.008 -22"><span class='ocrx_word' id='word_1_179' title='bbox 2202 1067 2396 1123; x_wconf 89' lang='lat' dir='ltr'><strong>rietate</strong></span> <span class='ocrx_word' id='word_1_180' title='bbox 2424 1070 2747 1141; x_wconf 79' lang='lat' dir='ltr'><strong>distinguit,</strong></span> <span class='ocrx_word' id='word_1_181' title='bbox 2799 1081 2859 1126; x_wconf 90' lang='lat' dir='ltr'><strong>ut</strong></span> <span class='ocrx_word' id='word_1_182' title='bbox 2904 1073 3183 1141; x_wconf 82' lang='lat' dir='ltr'><strong>pluralitas</strong></span> <span class='ocrx_word' id='word_1_183' title='bbox 3225 1077 3290 1128; x_wconf 91' lang='lat' dir='ltr'><strong>ad</strong></span> <span class='ocrx_word' id='word_1_184' title='bbox 3327 1076 3778 1142; x_wconf 82' lang='lat' dir='ltr'><strong>fundamentum,</strong></span> 
     </span>
    </p>
   </div>
   <div class='ocr_carea' id='block_1_28' title="bbox 2202 1157 3780 1236">
    <p class='ocr_par' dir='ltr' id='par_1_28' title="bbox 2202 1157 3780 1236">
     <span class='ocr_line' id='line_1_28' title="bbox 2202 1157 3780 1236; baseline 0.008 -26"><span class='ocrx_word' id='word_1_185' title='bbox 2202 1157 2486 1214; x_wconf 87' lang='lat' dir='ltr'><strong>diversitas</strong></span> <span class='ocrx_word' id='word_1_186' title='bbox 2533 1160 2796 1229; x_wconf 87' lang='lat' dir='ltr'><strong>pertineat</strong></span> <span class='ocrx_word' id='word_1_187' title='bbox 2836 1163 2902 1216; x_wconf 90' lang='lat' dir='ltr'><strong>ad</strong></span> <span class='ocrx_word' id='word_1_188' title='bbox 2947 1173 3244 1228; x_wconf 90' lang='lat' dir='ltr'><strong>ornatum,</strong></span> <span class='ocrx_word' id='word_1_189' title='bbox 3283 1175 3337 1218; x_wconf 93' lang='lat' dir='ltr'><strong>et</strong></span> <span class='ocrx_word' id='word_1_190' title='bbox 3373 1166 3621 1220; x_wconf 89' lang='lat' dir='ltr'><strong>divinum</strong></span> <span class='ocrx_word' id='word_1_191' title='bbox 3648 1184 3780 1236; x_wconf 87' lang='lat' dir='ltr'><strong>opus</strong></span> 
     </span>
    </p>
   </div>
   <div class='ocr_carea' id='block_1_29' title="bbox 2201 1247 3780 1317">
    <p class='ocr_par' dir='ltr' id='par_1_29' title="bbox 2201 1247 3780 1317">
     <span class='ocr_line' id='line_1_29' title="bbox 2201 1247 3780 1317; baseline 0.008 -19"><span class='ocrx_word' id='word_1_192' title='bbox 2201 1247 2280 1299; x_wconf 91' lang='lat' dir='ltr'><strong>sic</strong></span> <span class='ocrx_word' id='word_1_193' title='bbox 2311 1247 2502 1300; x_wconf 88' lang='lat' dir='ltr'><strong>robore</strong></span> <span class='ocrx_word' id='word_1_194' title='bbox 2544 1257 2857 1317; x_wconf 84' lang='lat' dir='ltr'><strong>permaneat</strong></span> <span class='ocrx_word' id='word_1_195' title='bbox 2879 1250 3282 1317; x_wconf 91' lang='lat' dir='ltr'><strong>inconcussum,</strong></span> <span class='ocrx_word' id='word_1_196' title='bbox 3309 1265 3364 1306; x_wconf 91' lang='lat' dir='ltr'><strong>ut</strong></span> <span class='ocrx_word' id='word_1_197' title='bbox 3399 1255 3471 1307; x_wconf 89' lang='lat' dir='ltr'><strong>sit</strong></span> <span class='ocrx_word' id='word_1_198' title='bbox 3491 1259 3661 1309; x_wconf 74' lang='lat' dir='ltr'><strong>etiam</strong></span> <span class='ocrx_word' id='word_1_199' title='bbox 3690 1273 3780 1311; x_wconf 81' lang='lat' dir='ltr'><strong>va-</strong></span> 
     </span>
    </p>
   </div>
   <div class='ocr_carea' id='block_1_30' title="bbox 2202 1333 3781 1409">
    <p class='ocr_par' dir='ltr' id='par_1_30' title="bbox 2202 1333 3781 1409">
     <span class='ocr_line' id='line_1_30' title="bbox 2202 1333 3781 1409; baseline 0.008 -22"><span class='ocrx_word' id='word_1_200' title='bbox 2202 1333 2394 1402; x_wconf 84' lang='lat' dir='ltr'><strong>rietate</strong></span> <span class='ocrx_word' id='word_1_201' title='bbox 2419 1337 2790 1402; x_wconf 91' lang='lat' dir='ltr'><strong>conspicuum.</strong></span> <span class='ocrx_word' id='word_1_202' title='bbox 2841 1337 2965 1393; x_wconf 69' lang='lat' dir='ltr'><strong>Haec</strong></span> <span class='ocrx_word' id='word_1_203' title='bbox 3010 1341 3241 1409; x_wconf 89' lang='lat' dir='ltr'><strong>denique</strong></span> <span class='ocrx_word' id='word_1_204' title='bbox 3269 1353 3503 1409; x_wconf 84' lang='lat' dir='ltr'><strong>quatuor</strong></span> <span class='ocrx_word' id='word_1_205' title='bbox 3529 1354 3658 1398; x_wconf 89' lang='lat' dir='ltr'><strong>sunt</strong></span> <span class='ocrx_word' id='word_1_206' title='bbox 3693 1362 3781 1400; x_wconf 82' lang='lat' dir='ltr'><strong>co-</strong></span> 
     </span>
    </p>
   </div>
   <div class='ocr_carea' id='block_1_31' title="bbox 2201 1424 3776 1504">
    <p class='ocr_par' dir='ltr' id='par_1_31' title="bbox 2201 1424 3776 1504">
     <span class='ocr_line' id='line_1_31' title="bbox 2201 1424 3776 1504; baseline 0.008 -28"><span class='ocrx_word' id='word_1_207' title='bbox 2201 1424 2395 1478; x_wconf 65' lang='lat' dir='ltr'><strong>lurnum</strong></span> <span class='ocrx_word' id='word_1_208' title='bbox 2423 1465 2438 1489; x_wconf 91' lang='lat'><strong>,</strong></span> <span class='ocrx_word' id='word_1_209' title='bbox 2465 1425 2531 1479; x_wconf 91' lang='lat' dir='ltr'><strong>de</strong></span> <span class='ocrx_word' id='word_1_210' title='bbox 2571 1427 2769 1495; x_wconf 86' lang='lat' dir='ltr'><strong>quibus</strong></span> <span class='ocrx_word' id='word_1_211' title='bbox 2797 1429 2864 1481; x_wconf 89' lang='lat' dir='ltr'><strong>ad</strong></span> <span class='ocrx_word' id='word_1_212' title='bbox 2897 1428 3113 1499; x_wconf 83' lang='lat' dir='ltr'><strong>Moysen</strong></span> <span class='ocrx_word' id='word_1_213' title='bbox 3141 1429 3337 1485; x_wconf 85' lang='lat' dir='ltr'><strong>dcitur</strong></span> <span class='ocrx_word' id='word_1_214' title='bbox 3361 1471 3376 1494; x_wconf 89' lang='lat'><strong>,</strong></span> <span class='ocrx_word' id='word_1_215' title='bbox 3407 1448 3534 1486; x_wconf 92' lang='lat' dir='ltr'><strong>cum</strong></span> <span class='ocrx_word' id='word_1_216' title='bbox 3570 1434 3623 1486; x_wconf 87' lang='lat' dir='ltr'><strong>in</strong></span> <span class='ocrx_word' id='word_1_217' title='bbox 3657 1445 3776 1504; x_wconf 75' lang='lat' dir='ltr'><strong>typo</strong></span> 
     </span>
    </p>
   </div>
   <div class='ocr_carea' id='block_1_32' title="bbox 2198 1515 3775 1589">
    <p class='ocr_par' dir='ltr' id='par_1_32' title="bbox 2198 1515 3775 1589">
     <span class='ocr_line' id='line_1_32' title="bbox 2198 1515 3775 1589; baseline 0.006 -21"><span class='ocrx_word' id='word_1_218' title='bbox 2198 1515 2458 1570; x_wconf 74' lang='lat' dir='ltr'><strong>Ecclesia:</strong></span> <span class='ocrx_word' id='word_1_219' title='bbox 2486 1517 2888 1572; x_wconf 82' lang='lat' dir='ltr'><strong>tabernaculum</strong></span> <span class='ocrx_word' id='word_1_220' title='bbox 2913 1518 3167 1589; x_wconf 84' lang='lat' dir='ltr'><strong>ﬁgeretur</strong></span> <span class='ocrx_word' id='word_1_221' title='bbox 3192 1538 3204 1572; x_wconf 89' lang='lat'><strong>:</strong></span> <span class='ocrx_word' id='word_1_222' title='bbox 3234 1539 3251 1572; x_wconf 77' lang='grc' dir='ltr'><strong>ι</strong></span> <span class='ocrx_word' id='word_1_223' title='bbox 3282 1520 3471 1575; x_wconf 84' lang='lat' dir='ltr'><strong>Facies</strong></span> <span class='ocrx_word' id='word_1_224' title='bbox 3498 1523 3775 1577; x_wconf 84' lang='lat' dir='ltr'><strong>columnas</strong></span> 
     </span>
    </p>
   </div>
   <div class='ocr_carea' id='block_1_33' title="bbox 2195 1608 3772 1681">
    <p class='ocr_par' dir='ltr' id='par_1_33' title="bbox 2195 1608 3772 1681">
     <span class='ocr_line' id='line_1_33' title="bbox 2195 1608 3772 1681; baseline 0.007 -24"><span class='ocrx_word' id='word_1_225' title='bbox 2195 1616 2463 1676; x_wconf 86' lang='lat' dir='ltr'><strong>quatuor,</strong></span> <span class='ocrx_word' id='word_1_226' title='bbox 2506 1616 2560 1661; x_wconf 93' lang='lat' dir='ltr'><strong>ct</strong></span> <span class='ocrx_word' id='word_1_227' title='bbox 2605 1608 2757 1662; x_wconf 82' lang='lat' dir='ltr'><strong>bases</strong></span> <span class='ocrx_word' id='word_1_228' title='bbox 2792 1623 2978 1662; x_wconf 87' lang='lat' dir='ltr'><strong>earum</strong></span> <span class='ocrx_word' id='word_1_229' title='bbox 3024 1611 3247 1664; x_wconf 87' lang='lat' dir='ltr'><strong>vestitas</strong></span> <span class='ocrx_word' id='word_1_230' title='bbox 3295 1622 3522 1681; x_wconf 87' lang='lat' dir='ltr'><strong>argento</strong></span> <span class='ocrx_word' id='word_1_231' title='bbox 3567 1611 3772 1681; x_wconf 60' lang='lat' dir='ltr'><strong>(Exod.</strong></span> 
     </span>
    </p>
   </div>
   <div class='ocr_carea' id='block_1_34' title="bbox 2198 1697 3774 1769">
    <p class='ocr_par' dir='ltr' id='par_1_34' title="bbox 2198 1697 3774 1769">
     <span class='ocr_line' id='line_1_34' title="bbox 2198 1697 3774 1769; baseline 0.005 -20"><span class='ocrx_word' id='word_1_232' title='bbox 2198 1698 2418 1765; x_wconf 54' lang='lat' dir='ltr'><strong>xxvn)»</strong></span> <span class='ocrx_word' id='word_1_233' title='bbox 2448 1697 2500 1750; x_wconf 91' lang='lat' dir='ltr'><strong>In</strong></span> <span class='ocrx_word' id='word_1_234' title='bbox 2529 1706 2750 1766; x_wconf 87' lang='lat' dir='ltr'><strong>argento</strong></span> <span class='ocrx_word' id='word_1_235' title='bbox 2775 1698 2918 1751; x_wconf 90' lang='lat' dir='ltr'><strong>enim</strong></span> <span class='ocrx_word' id='word_1_236' title='bbox 2949 1699 3074 1767; x_wconf 90' lang='lat' dir='ltr'><strong>quid</strong></span> <span class='ocrx_word' id='word_1_237' title='bbox 3107 1700 3248 1754; x_wconf 91' lang='lat' dir='ltr'><strong>aliud</strong></span> <span class='ocrx_word' id='word_1_238' title='bbox 3264 1717 3425 1769; x_wconf 88' lang='lat' dir='ltr'><strong>quam</strong></span> <span class='ocrx_word' id='word_1_239' title='bbox 3448 1700 3674 1756; x_wconf 65' lang='lat' dir='ltr'><strong>(laritas</strong></span> <span class='ocrx_word' id='word_1_240' title='bbox 3697 1703 3774 1756; x_wconf 79' lang='lat' dir='ltr'><strong>di-</strong></span> 
     </span>
    </p>
   </div>
   <div class='ocr_carea' id='block_1_35' title="bbox 511 1785 3772 1866">
    <p class='ocr_par' dir='ltr' id='par_1_35' title="bbox 511 1785 3772 1866">
     <span class='ocr_line' id='line_1_35' title="bbox 511 1785 3772 1866; baseline -0.001 -18"><span class='ocrx_word' id='word_1_241' title='bbox 511 1809 636 1848; x_wconf 79' lang='lat' dir='ltr'><strong>cum</strong></span> <span class='ocrx_word' id='word_1_242' title='bbox 680 1793 968 1865; x_wconf 86' lang='lat' dir='ltr'><strong>aliquando</strong></span> <span class='ocrx_word' id='word_1_243' title='bbox 999 1811 1182 1866; x_wconf 80' lang='lat' dir='ltr'><strong>coram</strong></span> <span class='ocrx_word' id='word_1_244' title='bbox 1233 1795 1466 1850; x_wconf 87' lang='lat' dir='ltr'><strong>Domino</strong></span> <span class='ocrx_word' id='word_1_245' title='bbox 1515 1796 1840 1850; x_wconf 84' lang='lat' dir='ltr'><strong>constitutus</strong></span> <span class='ocrx_word' id='word_1_246' title='bbox 1888 1805 2090 1850; x_wconf 77' lang='lat' dir='ltr'><strong>oraret,</strong></span> <span class='ocrx_word' id='word_1_247' title='bbox 2123 1785 2168 1845; x_wconf 87' lang='grc' dir='ltr'><strong>Β</strong></span> <span class='ocrx_word' id='word_1_248' title='bbox 2198 1787 2306 1840; x_wconf 93' lang='lat' dir='ltr'><strong>vini</strong></span> <span class='ocrx_word' id='word_1_249' title='bbox 2331 1789 2596 1842; x_wconf 89' lang='lat' dir='ltr'><strong>sermonis</strong></span> <span class='ocrx_word' id='word_1_250' title='bbox 2610 1787 3349 1860; x_wconf 85' lang='lat' dir='ltr'><strong>aceipitur?Sicutscriptmn</strong></span> <span class='ocrx_word' id='word_1_251' title='bbox 3373 1803 3529 1847; x_wconf 75' lang='lat' dir='ltr'><strong>estzr</strong></span> <span class='ocrx_word' id='word_1_252' title='bbox 3551 1792 3772 1863; x_wconf 79' lang='lat' dir='ltr'><strong>Eloquia</strong></span> 
     </span>
    </p>
   </div>
   <div class='ocr_carea' id='block_1_36' title="bbox 511 1883 2091 1956">
    <p class='ocr_par' dir='ltr' id='par_1_36' title="bbox 511 1883 2091 1956">
     <span class='ocr_line' id='line_1_36' title="bbox 511 1883 2091 1956; baseline 0.001 -17"><span class='ocrx_word' id='word_1_253' title='bbox 511 1883 647 1939; x_wconf 74' lang='lat' dir='ltr'><strong>Nam</strong></span> <span class='ocrx_word' id='word_1_254' title='bbox 691 1901 813 1940; x_wconf 92' lang='lat' dir='ltr'><strong>cum</strong></span> <span class='ocrx_word' id='word_1_255' title='bbox 867 1902 963 1955; x_wconf 90' lang='lat' dir='ltr'><strong>per</strong></span> <span class='ocrx_word' id='word_1_256' title='bbox 1013 1885 1229 1941; x_wconf 84' lang='lat' dir='ltr'><strong>Nathan</strong></span> <span class='ocrx_word' id='word_1_257' title='bbox 1287 1888 1605 1956; x_wconf 86' lang='lat' dir='ltr'><strong>prophetam</strong></span> <span class='ocrx_word' id='word_1_258' title='bbox 1651 1886 1936 1941; x_wconf 88' lang='lat' dir='ltr'><strong>clementia</strong></span> <span class='ocrx_word' id='word_1_259' title='bbox 1988 1888 2091 1941; x_wconf 79' lang='lat' dir='ltr'><strong>sibi</strong></span> 
     </span>
    </p>
   </div>
   <div class='ocr_carea' id='block_1_37' title="bbox 510 1975 2092 2045">
    <p class='ocr_par' dir='ltr' id='par_1_37' title="bbox 510 1975 2092 2045">
     <span class='ocr_line' id='line_1_37' title="bbox 510 1975 2092 2045; baseline -0.001 -15"><span class='ocrx_word' id='word_1_260' title='bbox 510 1975 692 2030; x_wconf 80' lang='lat' dir='ltr'><strong>divina</strong></span> <span class='ocrx_word' id='word_1_261' title='bbox 720 1976 1084 2045; x_wconf 86' lang='lat' dir='ltr'><strong>promitteret,</strong></span> <span class='ocrx_word' id='word_1_262' title='bbox 1127 1990 1195 2030; x_wconf 80' lang='lat' dir='ltr'><strong>ex</strong></span> <span class='ocrx_word' id='word_1_263' title='bbox 1225 1976 1343 2045; x_wconf 89' lang='lat' dir='ltr'><strong>ejus</strong></span> <span class='ocrx_word' id='word_1_264' title='bbox 1372 1975 1578 2029; x_wconf 87' lang='lat' dir='ltr'><strong>semine</strong></span> <span class='ocrx_word' id='word_1_265' title='bbox 1636 1975 1969 2028; x_wconf 74' lang='lat' dir='ltr'><strong>nasciturum</strong></span> <span class='ocrx_word' id='word_1_266' title='bbox 2000 1977 2092 2045; x_wconf 87' lang='lat' dir='ltr'><strong>qui</strong></span> 
     </span>
    </p>
   </div>
   <div class='ocr_carea' id='block_1_38' title="bbox 509 2063 2089 2132">
    <p class='ocr_par' dir='ltr' id='par_1_38' title="bbox 509 2063 2089 2132">
     <span class='ocr_line' id='line_1_38' title="bbox 509 2063 2089 2132; baseline 0 -14"><span class='ocrx_word' id='word_1_267' title='bbox 509 2080 610 2120; x_wconf 84' lang='lat' dir='ltr'><strong>suo</strong></span> <span class='ocrx_word' id='word_1_268' title='bbox 634 2074 821 2119; x_wconf 85' lang='lat' dir='ltr'><strong>sancto</strong></span> <span class='ocrx_word' id='word_1_269' title='bbox 845 2065 1048 2120; x_wconf 85' lang='lat' dir='ltr'><strong>nomini</strong></span> <span class='ocrx_word' id='word_1_270' title='bbox 1072 2074 1412 2121; x_wconf 89' lang='lat' dir='ltr'><strong>construeret</strong></span> <span class='ocrx_word' id='word_1_271' title='bbox 1439 2063 1715 2132; x_wconf 89' lang='lat' dir='ltr'><strong>templum,</strong></span> <span class='ocrx_word' id='word_1_272' title='bbox 1743 2074 1797 2117; x_wconf 91' lang='lat' dir='ltr'><strong>et</strong></span> <span class='ocrx_word' id='word_1_273' title='bbox 1818 2065 2089 2118; x_wconf 79' lang='lat' dir='ltr'><strong>Christum</strong></span> 
     </span>
    </p>
   </div>
   <div class='ocr_carea' id='block_1_39' title="bbox 509 2152 2086 2222">
    <p class='ocr_par' dir='ltr' id='par_1_39' title="bbox 509 2152 2086 2222">
     <span class='ocr_line' id='line_1_39' title="bbox 509 2152 2086 2222; baseline 0.001 -17"><span class='ocrx_word' id='word_1_274' title='bbox 509 2154 799 2207; x_wconf 78' lang='lat' dir='ltr'><strong>manifeste</strong></span> <span class='ocrx_word' id='word_1_275' title='bbox 827 2153 1152 2208; x_wconf 80' lang='lat' dir='ltr'><strong>denuntians</strong></span> <span class='ocrx_word' id='word_1_276' title='bbox 1181 2194 1195 2218; x_wconf 97' lang='lat'><strong>,</strong></span> <span class='ocrx_word' id='word_1_277' title='bbox 1224 2153 1508 2222; x_wconf 89' lang='lat' dir='ltr'><strong>adjecisset</strong></span> <span class='ocrx_word' id='word_1_278' title='bbox 1536 2170 1548 2204; x_wconf 89' lang='lat'><strong>:</strong></span> <span class='ocrx_word' id='word_1_279' title='bbox 1587 2172 1604 2202; x_wconf 86' lang='grc'><strong>‹</strong></span> <span class='ocrx_word' id='word_1_280' title='bbox 1639 2153 1750 2222; x_wconf 85' lang='lat' dir='ltr'><strong>Ego</strong></span> <span class='ocrx_word' id='word_1_281' title='bbox 1793 2167 1884 2206; x_wconf 88' lang='lat' dir='ltr'><strong>cro</strong></span> <span class='ocrx_word' id='word_1_282' title='bbox 1933 2152 2004 2206; x_wconf 91' lang='lat' dir='ltr'><strong>illi</strong></span> <span class='ocrx_word' id='word_1_283' title='bbox 2036 2155 2086 2208; x_wconf 88' lang='lat' dir='ltr'><strong>in</strong></span> 
     </span>
    </p>
   </div>
   <div class='ocr_carea' id='block_1_40' title="bbox 507 2242 2083 2314">
    <p class='ocr_par' dir='ltr' id='par_1_40' title="bbox 507 2242 2083 2314">
     <span class='ocr_line' id='line_1_40' title="bbox 507 2242 2083 2314; baseline -0.001 -17"><span class='ocrx_word' id='word_1_284' title='bbox 507 2252 737 2312; x_wconf 80' lang='lat' dir='ltr'><strong>patrem,</strong></span> <span class='ocrx_word' id='word_1_285' title='bbox 768 2251 823 2297; x_wconf 91' lang='lat' dir='ltr'><strong>ct</strong></span> <span class='ocrx_word' id='word_1_286' title='bbox 849 2245 961 2313; x_wconf 87' lang='lat' dir='ltr'><strong>ipse</strong></span> <span class='ocrx_word' id='word_1_287' title='bbox 987 2244 1091 2298; x_wconf 92' lang='lat' dir='ltr'><strong>erit</strong></span> <span class='ocrx_word' id='word_1_288' title='bbox 1117 2244 1247 2297; x_wconf 91' lang='lat' dir='ltr'><strong>mihi</strong></span> <span class='ocrx_word' id='word_1_289' title='bbox 1292 2244 1346 2297; x_wconf 90' lang='lat' dir='ltr'><strong>in</strong></span> <span class='ocrx_word' id='word_1_290' title='bbox 1397 2243 1562 2296; x_wconf 91' lang='lat' dir='ltr'><strong>ﬁlium</strong></span> <span class='ocrx_word' id='word_1_291' title='bbox 1609 2242 1691 2313; x_wconf 90' lang='lat' dir='ltr'><strong>(ll</strong></span> <span class='ocrx_word' id='word_1_292' title='bbox 1720 2242 1846 2312; x_wconf 80' lang='lat' dir='ltr'><strong>Reg.</strong></span> <span class='ocrx_word' id='word_1_293' title='bbox 1892 2244 2027 2314; x_wconf 85' lang='lat' dir='ltr'><strong>vn);</strong></span> <span class='ocrx_word' id='word_1_294' title='bbox 2066 2263 2083 2296; x_wconf 77' lang='grc' dir='ltr'><strong>ι</strong></span> 
     </span>
    </p>
   </div>
   <div class='ocr_carea' id='block_1_41' title="bbox 513 2333 2090 2404">
    <p class='ocr_par' dir='ltr' id='par_1_41' title="bbox 513 2333 2090 2404">
     <span class='ocr_line' id='line_1_41' title="bbox 513 2333 2090 2404; baseline 0.001 -17"><span class='ocrx_word' id='word_1_295' title='bbox 513 2349 747 2403; x_wconf 61' lang='lat' dir='ltr'><strong>meaque</strong></span> <span class='ocrx_word' id='word_1_296' title='bbox 777 2334 1074 2388; x_wconf 86' lang='lat' dir='ltr'><strong>Ecclesiam</strong></span> <span class='ocrx_word' id='word_1_297' title='bbox 1103 2375 1118 2400; x_wconf 97' lang='lat'><strong>,</strong></span> <span class='ocrx_word' id='word_1_298' title='bbox 1146 2350 1266 2404; x_wconf 83' lang='lat' dir='ltr'><strong>qua:</strong></span> <span class='ocrx_word' id='word_1_299' title='bbox 1310 2349 1507 2403; x_wconf 89' lang='lat' dir='ltr'><strong>corpus</strong></span> <span class='ocrx_word' id='word_1_300' title='bbox 1535 2344 1618 2388; x_wconf 88' lang='lat' dir='ltr'><strong>est</strong></span> <span class='ocrx_word' id='word_1_301' title='bbox 1645 2333 1843 2388; x_wconf 87' lang='lat' dir='ltr'><strong>Christi</strong></span> <span class='ocrx_word' id='word_1_302' title='bbox 1870 2374 1883 2396; x_wconf 92' lang='lat'><strong>,</strong></span> <span class='ocrx_word' id='word_1_303' title='bbox 1916 2335 2090 2404; x_wconf 86' lang='lat' dir='ltr'><strong>qualis</strong></span> 
     </span>
    </p>
   </div>
   <div class='ocr_carea' id='block_1_42' title="bbox 508 2421 2090 2492">
    <p class='ocr_par' dir='ltr' id='par_1_42' title="bbox 508 2421 2090 2492">
     <span class='ocr_line' id='line_1_42' title="bbox 508 2421 2090 2492; baseline 0.001 -15"><span class='ocrx_word' id='word_1_304' title='bbox 508 2431 657 2478; x_wconf 83' lang='lat' dir='ltr'><strong>esset</strong></span> <span class='ocrx_word' id='word_1_305' title='bbox 703 2421 884 2476; x_wconf 79' lang='lat' dir='ltr'><strong>futura</strong></span> <span class='ocrx_word' id='word_1_306' title='bbox 934 2423 1274 2492; x_wconf 89' lang='lat' dir='ltr'><strong>depromeret</strong></span> <span class='ocrx_word' id='word_1_307' title='bbox 1321 2423 1551 2477; x_wconf 87' lang='lat' dir='ltr'><strong>dicens:</strong></span> <span class='ocrx_word' id='word_1_308' title='bbox 1598 2441 1615 2473; x_wconf 80' lang='grc' dir='ltr'><strong>ι</strong></span> <span class='ocrx_word' id='word_1_309' title='bbox 1652 2422 1719 2476; x_wconf 86' lang='grc' dir='ltr'>Ει</span> <span class='ocrx_word' id='word_1_310' title='bbox 1767 2422 1941 2478; x_wconf 90' lang='lat' dir='ltr'><strong>ﬁdelis</strong></span> <span class='ocrx_word' id='word_1_311' title='bbox 1986 2425 2090 2478; x_wconf 88' lang='lat' dir='ltr'><strong>erit</strong></span> 
     </span>
    </p>
   </div>
   <div class='ocr_carea' id='block_1_43' title="bbox 507 2509 2087 2582">
    <p class='ocr_par' dir='ltr' id='par_1_43' title="bbox 507 2509 2087 2582">
     <span class='ocr_line' id='line_1_43' title="bbox 507 2509 2087 2582; baseline 0.003 -20"><span class='ocrx_word' id='word_1_312' title='bbox 507 2509 699 2564; x_wconf 88' lang='lat' dir='ltr'><strong>domus</strong></span> <span class='ocrx_word' id='word_1_313' title='bbox 731 2521 868 2577; x_wconf 91' lang='lat' dir='ltr'><strong>.tua,</strong></span> <span class='ocrx_word' id='word_1_314' title='bbox 915 2522 970 2566; x_wconf 87' lang='lat' dir='ltr'><strong>et</strong></span> <span class='ocrx_word' id='word_1_315' title='bbox 1025 2526 1248 2582; x_wconf 79' lang='lat' dir='ltr'><strong>regnum</strong></span> <span class='ocrx_word' id='word_1_316' title='bbox 1300 2520 1446 2565; x_wconf 90' lang='lat' dir='ltr'><strong>tuum</strong></span> <span class='ocrx_word' id='word_1_317' title='bbox 1499 2527 1666 2580; x_wconf 91' lang='lat' dir='ltr'><strong>usque</strong></span> <span class='ocrx_word' id='word_1_318' title='bbox 1727 2511 1780 2565; x_wconf 90' lang='lat' dir='ltr'><strong>in</strong></span> <span class='ocrx_word' id='word_1_319' title='bbox 1829 2522 2087 2568; x_wconf 73' lang='lat' dir='ltr'><strong>:cleruum</strong></span> 
     </span>
    </p>
   </div>
   <div class='ocr_carea' id='block_1_44' title="bbox 508 2600 2088 2670">
    <p class='ocr_par' dir='ltr' id='par_1_44' title="bbox 508 2600 2088 2670">
     <span class='ocr_line' id='line_1_44' title="bbox 508 2600 2088 2670; baseline 0.005 -16"><span class='ocrx_word' id='word_1_320' title='bbox 508 2610 634 2656; x_wconf 89' lang='lat' dir='ltr'><strong>ante</strong></span> <span class='ocrx_word' id='word_1_321' title='bbox 687 2600 880 2658; x_wconf 82' lang='lat' dir='ltr'><strong>faciem</strong></span> <span class='ocrx_word' id='word_1_322' title='bbox 931 2618 1136 2670; x_wconf 89' lang='lat' dir='ltr'><strong>meam,</strong></span> <span class='ocrx_word' id='word_1_323' title='bbox 1191 2613 1246 2659; x_wconf 90' lang='lat' dir='ltr'><strong>et</strong></span> <span class='ocrx_word' id='word_1_324' title='bbox 1303 2605 1529 2659; x_wconf 91' lang='lat' dir='ltr'><strong>thronus</strong></span> <span class='ocrx_word' id='word_1_325' title='bbox 1584 2614 1706 2660; x_wconf 89' lang='lat' dir='ltr'><strong>tuus</strong></span> <span class='ocrx_word' id='word_1_326' title='bbox 1757 2606 1863 2660; x_wconf 87' lang='lat' dir='ltr'><strong>erit</strong></span> <span class='ocrx_word' id='word_1_327' title='bbox 1899 2608 2088 2662; x_wconf 90' lang='lat' dir='ltr'><strong>ﬁrmus</strong></span> 
     </span>
    </p>
   </div>
   <div class='ocr_carea' id='block_1_45' title="bbox 499 2689 2087 2767">
    <p class='ocr_par' dir='ltr' id='par_1_45' title="bbox 499 2689 2087 2767">
     <span class='ocr_line' id='line_1_45' title="bbox 499 2689 2087 2767; baseline 0.006 -22"><span class='ocrx_word' id='word_1_328' title='bbox 499 2691 722 2765; x_wconf 89' lang='lat' dir='ltr'><strong>jugiter.</strong></span> <span class='ocrx_word' id='word_1_329' title='bbox 756 2714 776 2747; x_wconf 73' lang='grc' dir='ltr'><strong>ι</strong></span> <span class='ocrx_word' id='word_1_330' title='bbox 833 2695 922 2750; x_wconf 88' lang='lat' dir='ltr'><strong>Ille</strong></span> <span class='ocrx_word' id='word_1_331' title='bbox 953 2698 1155 2767; x_wconf 76' lang='lat' dir='ltr'><strong>gratias</strong></span> <span class='ocrx_word' id='word_1_332' title='bbox 1197 2711 1389 2767; x_wconf 73' lang='lat' dir='ltr'><strong>agens,</strong></span> <span class='ocrx_word' id='word_1_333' title='bbox 1421 2696 1562 2752; x_wconf 89' lang='lat' dir='ltr'><strong>inter</strong></span> <span class='ocrx_word' id='word_1_334' title='bbox 1599 2689 1806 2752; x_wconf 63' lang='lat' dir='ltr'><strong>caetera</strong></span> <span class='ocrx_word' id='word_1_335' title='bbox 1826 2699 2087 2755; x_wconf 89' lang='lat' dir='ltr'><strong>orationis</strong></span> 
     </span>
    </p>
   </div>
   <div class='ocr_carea' id='block_1_46' title="bbox 505 2784 2086 2857">
    <p class='ocr_par' dir='ltr' id='par_1_46' title="bbox 505 2784 2086 2857">
     <span class='ocr_line' id='line_1_46' title="bbox 505 2784 2086 2857; baseline 0.004 -19"><span class='ocrx_word' id='word_1_336' title='bbox 505 2799 619 2838; x_wconf 81' lang='lat' dir='ltr'><strong>sua:</strong></span> <span class='ocrx_word' id='word_1_337' title='bbox 674 2784 832 2840; x_wconf 86' lang='lat' dir='ltr'><strong>verba</strong></span> <span class='ocrx_word' id='word_1_338' title='bbox 873 2787 1036 2857; x_wconf 77' lang='lat'><strong>260</strong></span> <span class='ocrx_word' id='word_1_339' title='bbox 1079 2787 1158 2842; x_wconf 87' lang='lat' dir='ltr'><strong>sic</strong></span> <span class='ocrx_word' id='word_1_340' title='bbox 1197 2787 1272 2840; x_wconf 87' lang='lat' dir='ltr'><strong>ait</strong></span> <span class='ocrx_word' id='word_1_341' title='bbox 1299 2805 1316 2840; x_wconf 87' lang='lat'><strong>:</strong></span> <span class='ocrx_word' id='word_1_342' title='bbox 1354 2805 1372 2838; x_wconf 72' lang='grc' dir='ltr'><strong>ι</strong></span> <span class='ocrx_word' id='word_1_343' title='bbox 1411 2787 1516 2841; x_wconf 90' lang='lat' dir='ltr'><strong>Sed</strong></span> <span class='ocrx_word' id='word_1_344' title='bbox 1555 2795 1610 2840; x_wconf 90' lang='lat' dir='ltr'><strong>et</strong></span> <span class='ocrx_word' id='word_1_345' title='bbox 1650 2788 1750 2842; x_wconf 93' lang='lat' dir='ltr'><strong>hoc</strong></span> <span class='ocrx_word' id='word_1_346' title='bbox 1788 2802 1975 2856; x_wconf 81' lang='lat' dir='ltr'><strong>parum</strong></span> <span class='ocrx_word' id='word_1_347' title='bbox 2008 2790 2086 2844; x_wconf 84' lang='lat' dir='ltr'><strong>vi-</strong></span> 
     </span>
    </p>
   </div>
   <div class='ocr_carea' id='block_1_47' title="bbox 502 2874 2077 2949">
    <p class='ocr_par' dir='ltr' id='par_1_47' title="bbox 502 2874 2077 2949">
     <span class='ocr_line' id='line_1_47' title="bbox 502 2874 2077 2949; baseline 0.004 -21"><span class='ocrx_word' id='word_1_348' title='bbox 502 2889 623 2928; x_wconf 91' lang='lat' dir='ltr'><strong>sum</strong></span> <span class='ocrx_word' id='word_1_349' title='bbox 670 2885 754 2930; x_wconf 92' lang='lat' dir='ltr'><strong>est</strong></span> <span class='ocrx_word' id='word_1_350' title='bbox 782 2874 855 2930; x_wconf 65' lang='lat' dir='ltr'><strong>&#39;in</strong></span> <span class='ocrx_word' id='word_1_351' title='bbox 900 2885 1188 2946; x_wconf 79' lang='lat' dir='ltr'><strong>con5peetu</strong></span> <span class='ocrx_word' id='word_1_352' title='bbox 1243 2887 1334 2933; x_wconf 89' lang='lat' dir='ltr'><strong>tuo</strong></span> <span class='ocrx_word' id='word_1_353' title='bbox 1359 2918 1375 2943; x_wconf 97' lang='lat'><strong>,</strong></span> <span class='ocrx_word' id='word_1_354' title='bbox 1412 2879 1633 2933; x_wconf 89' lang='lat' dir='ltr'><strong>Domine</strong></span> <span class='ocrx_word' id='word_1_355' title='bbox 1674 2880 1815 2936; x_wconf 90' lang='lat' dir='ltr'><strong>Deus</strong></span> <span class='ocrx_word' id='word_1_356' title='bbox 1856 2898 2028 2949; x_wconf 92' lang='lat' dir='ltr'><strong>meus,</strong></span> <span class='ocrx_word' id='word_1_357' title='bbox 2059 2902 2077 2935; x_wconf 79' lang='grc' dir='ltr'><strong>ι</strong></span> 
     </span>
    </p>
   </div>
   <div class='ocr_carea' id='block_1_48' title="bbox 505 2966 2083 3038">
    <p class='ocr_par' dir='ltr' id='par_1_48' title="bbox 505 2966 2083 3038">
     <span class='ocr_line' id='line_1_48' title="bbox 505 2966 2083 3038; baseline 0.006 -22"><span class='ocrx_word' id='word_1_358' title='bbox 505 2966 630 3032; x_wconf 73' lang='lat' dir='ltr'><strong>quia</strong></span> <span class='ocrx_word' id='word_1_359' title='bbox 678 2966 916 3022; x_wconf 81' lang='lat' dir='ltr'><strong>dilexisti</strong></span> <span class='ocrx_word' id='word_1_360' title='bbox 965 2984 1050 3022; x_wconf 90' lang='lat' dir='ltr'><strong>me</strong></span> <span class='ocrx_word' id='word_1_361' title='bbox 1077 3008 1090 3033; x_wconf 95' lang='lat'><strong>,</strong></span> <span class='ocrx_word' id='word_1_362' title='bbox 1125 2987 1145 3019; x_wconf 83' lang='grc'><strong>‹</strong></span> <span class='ocrx_word' id='word_1_363' title='bbox 1179 2968 1279 3023; x_wconf 91' lang='lat' dir='ltr'><strong>nisi</strong></span> <span class='ocrx_word' id='word_1_364' title='bbox 1311 2968 1612 3038; x_wconf 86' lang='lat' dir='ltr'><strong>loquereris</strong></span> <span class='ocrx_word' id='word_1_365' title='bbox 1636 2972 1796 3024; x_wconf 88' lang='lat' dir='ltr'><strong>etiam</strong></span> <span class='ocrx_word' id='word_1_366' title='bbox 1828 2972 1895 3026; x_wconf 89' lang='lat' dir='ltr'><strong>de</strong></span> <span class='ocrx_word' id='word_1_367' title='bbox 1923 2973 2083 3027; x_wconf 87' lang='lat' dir='ltr'><strong>domo</strong></span> 
     </span>
    </p>
   </div>
   <div class='ocr_carea' id='block_1_49' title="bbox 504 3053 2076 3128">
    <p class='ocr_par' dir='ltr' id='par_1_49' title="bbox 504 3053 2076 3128">
     <span class='ocr_line' id='line_1_49' title="bbox 504 3053 2076 3128; baseline 0.004 -22"><span class='ocrx_word' id='word_1_368' title='bbox 504 3053 649 3108; x_wconf 83' lang='lat' dir='ltr'><strong>servi</strong></span> <span class='ocrx_word' id='word_1_369' title='bbox 705 3055 803 3108; x_wconf 73' lang='lat' dir='ltr'><strong>tni&#39;</strong></span> <span class='ocrx_word' id='word_1_370' title='bbox 838 3058 890 3110; x_wconf 91' lang='lat' dir='ltr'><strong>in</strong></span> <span class='ocrx_word' id='word_1_371' title='bbox 946 3056 1330 3126; x_wconf 84' lang='lat' dir='ltr'><strong>longinquum;</strong></span> <span class='ocrx_word' id='word_1_372' title='bbox 1388 3076 1406 3106; x_wconf 76' lang='grc' dir='ltr'><strong>ι</strong></span> <span class='ocrx_word' id='word_1_373' title='bbox 1477 3073 1707 3126; x_wconf 86' lang='lat' dir='ltr'><strong>moxque</strong></span> <span class='ocrx_word' id='word_1_374' title='bbox 1754 3058 2076 3128; x_wconf 83' lang='lat' dir='ltr'><strong>subjunxit:</strong></span> 
     </span>
    </p>
   </div>
   <div class='ocr_carea' id='block_1_50' title="bbox 2195 1874 3769 1949">
    <p class='ocr_par' dir='ltr' id='par_1_50' title="bbox 2195 1874 3769 1949">
     <span class='ocr_line' id='line_1_50' title="bbox 2195 1874 3769 1949; baseline 0.003 -20"><span class='ocrx_word' id='word_1_375' title='bbox 2195 1874 2432 1941; x_wconf 90' lang='lat' dir='ltr'><strong>Domini,</strong></span> <span class='ocrx_word' id='word_1_376' title='bbox 2465 1876 2677 1945; x_wconf 88' lang='lat' dir='ltr'><strong>eloquia</strong></span> <span class='ocrx_word' id='word_1_377' title='bbox 2708 1886 2855 1932; x_wconf 91' lang='lat' dir='ltr'><strong>casta</strong></span> <span class='ocrx_word' id='word_1_378' title='bbox 2882 1917 2898 1944; x_wconf 96' lang='lat'><strong>,</strong></span> <span class='ocrx_word' id='word_1_379' title='bbox 2927 1889 3201 1948; x_wconf 78' lang='lat' dir='ltr'><strong>argentum</strong></span> <span class='ocrx_word' id='word_1_380' title='bbox 3232 1880 3354 1949; x_wconf 83' lang='lat' dir='ltr'><strong>igne</strong></span> <span class='ocrx_word' id='word_1_381' title='bbox 3376 1883 3769 1948; x_wconf 79' lang='lat' dir='ltr'><strong>examinatum,</strong></span> 
     </span>
    </p>
   </div>
   <div class='ocr_carea' id='block_1_51' title="bbox 2192 1967 3772 2041">
    <p class='ocr_par' dir='ltr' id='par_1_51' title="bbox 2192 1967 3772 2041">
     <span class='ocr_line' id='line_1_51' title="bbox 2192 1967 3772 2041; baseline 0.004 -21"><span class='ocrx_word' id='word_1_382' title='bbox 2192 1967 2476 2036; x_wconf 89' lang='lat' dir='ltr'><strong>probatum</strong></span> <span class='ocrx_word' id='word_1_383' title='bbox 2535 1979 2691 2022; x_wconf 76' lang='lat' dir='ltr'><strong>terra:</strong></span> <span class='ocrx_word' id='word_1_384' title='bbox 2741 1967 2910 2041; x_wconf 73' lang='lat' dir='ltr'><strong>(Psal.</strong></span> <span class='ocrx_word' id='word_1_385' title='bbox 2967 1970 3062 2038; x_wconf 79' lang='lat' dir='ltr'><strong>xi).</strong></span> <span class='ocrx_word' id='word_1_386' title='bbox 3099 1989 3118 2021; x_wconf 79' lang='grc' dir='ltr'><strong>ι</strong></span> <span class='ocrx_word' id='word_1_387' title='bbox 3167 1969 3332 2023; x_wconf 87' lang='lat' dir='ltr'><strong>Bascs</strong></span> <span class='ocrx_word' id='word_1_388' title='bbox 3377 1987 3511 2040; x_wconf 80' lang='lat' dir='ltr'><strong>ergo</strong></span> <span class='ocrx_word' id='word_1_389' title='bbox 3551 1984 3772 2041; x_wconf 85' lang='lat' dir='ltr'><strong>argento</strong></span> 
     </span>
    </p>
   </div>
   <div class='ocr_carea' id='block_1_52' title="bbox 2194 2043 3768 2127">
    <p class='ocr_par' dir='ltr' id='par_1_52' title="bbox 2194 2043 3768 2127">
     <span class='ocr_line' id='line_1_52' title="bbox 2194 2043 3768 2127; baseline 0.003 -18"><span class='ocrx_word' id='word_1_390' title='bbox 2194 2058 2401 2111; x_wconf 83' lang='lat' dir='ltr'><strong>vestita:</strong></span> <span class='ocrx_word' id='word_1_391' title='bbox 2450 2043 2685 2127; x_wconf 76' lang='lat' dir='ltr'><strong>quatuor</strong></span> <span class='ocrx_word' id='word_1_392' title='bbox 2732 2058 3010 2112; x_wconf 79' lang='lat' dir='ltr'><strong>columnas</strong></span> <span class='ocrx_word' id='word_1_393' title='bbox 3077 2059 3404 2114; x_wconf 86' lang='lat' dir='ltr'><strong>tabernaculi</strong></span> <span class='ocrx_word' id='word_1_394' title='bbox 3459 2062 3768 2124; x_wconf 87' lang='lat' dir='ltr'><strong>sustinent,</strong></span> 
     </span>
    </p>
   </div>
   <div class='ocr_carea' id='block_1_53' title="bbox 2191 2149 3766 2221">
    <p class='ocr_par' dir='ltr' id='par_1_53' title="bbox 2191 2149 3766 2221">
     <span class='ocr_line' id='line_1_53' title="bbox 2191 2149 3766 2221; baseline 0.003 -21"><span class='ocrx_word' id='word_1_395' title='bbox 2191 2149 2316 2217; x_wconf 91' lang='lat' dir='ltr'><strong>quia</strong></span> <span class='ocrx_word' id='word_1_396' title='bbox 2343 2151 2723 2219; x_wconf 65' lang='lat' dir='ltr'><strong>praedicatores</strong></span> <span class='ocrx_word' id='word_1_397' title='bbox 2753 2150 3003 2205; x_wconf 80' lang='lat' dir='ltr'><strong>Ecclesia:</strong></span> <span class='ocrx_word' id='word_1_398' title='bbox 3031 2151 3213 2206; x_wconf 90' lang='lat' dir='ltr'><strong>divino</strong></span> <span class='ocrx_word' id='word_1_399' title='bbox 3239 2151 3456 2221; x_wconf 88' lang='lat' dir='ltr'><strong>eloquio</strong></span> <span class='ocrx_word' id='word_1_400' title='bbox 3486 2153 3727 2206; x_wconf 86' lang='lat' dir='ltr'><strong>decorati</strong></span> <span class='ocrx_word' id='word_1_401' title='bbox 3752 2193 3766 2215; x_wconf 93' lang='lat'><strong>,</strong></span> 
     </span>
    </p>
   </div>
   <div class='ocr_carea' id='block_1_54' title="bbox 2191 2240 3768 2313">
    <p class='ocr_par' dir='ltr' id='par_1_54' title="bbox 2191 2240 3768 2313">
     <span class='ocr_line' id='line_1_54' title="bbox 2191 2240 3768 2313; baseline 0.002 -20"><span class='ocrx_word' id='word_1_402' title='bbox 2191 2251 2247 2293; x_wconf 93' lang='lat' dir='ltr'><strong>ut</strong></span> <span class='ocrx_word' id='word_1_403' title='bbox 2279 2240 2329 2294; x_wconf 92' lang='lat' dir='ltr'><strong>in</strong></span> <span class='ocrx_word' id='word_1_404' title='bbox 2359 2241 2569 2294; x_wconf 84' lang='lat' dir='ltr'><strong>cunctis</strong></span> <span class='ocrx_word' id='word_1_405' title='bbox 2596 2256 2654 2296; x_wconf 90' lang='lat' dir='ltr'><strong>sc</strong></span> <span class='ocrx_word' id='word_1_406' title='bbox 2689 2241 2992 2312; x_wconf 88' lang='lat' dir='ltr'><strong>exemplum</strong></span> <span class='ocrx_word' id='word_1_407' title='bbox 3023 2243 3316 2312; x_wconf 71' lang='lat' dir='ltr'><strong>prmbeant,</strong></span> <span class='ocrx_word' id='word_1_408' title='bbox 3343 2254 3581 2313; x_wconf 85' lang='lat' dir='ltr'><strong>quatuor</strong></span> <span class='ocrx_word' id='word_1_409' title='bbox 3609 2260 3768 2300; x_wconf 75' lang='lat' dir='ltr'><strong>evan-</strong></span> 
     </span>
    </p>
   </div>
   <div class='ocr_carea' id='block_1_55' title="bbox 2189 2334 3526 2406">
    <p class='ocr_par' dir='ltr' id='par_1_55' title="bbox 2189 2334 3526 2406">
     <span class='ocr_line' id='line_1_55' title="bbox 2189 2334 3526 2406; baseline 0.003 -19"><span class='ocrx_word' id='word_1_410' title='bbox 2189 2343 2503 2403; x_wconf 81' lang='lat' dir='ltr'><strong>gettstarum</strong></span> <span class='ocrx_word' id='word_1_411' title='bbox 2533 2334 2676 2388; x_wconf 87' lang='lat' dir='ltr'><strong>dicta</strong></span> <span class='ocrx_word' id='word_1_412' title='bbox 2716 2343 2771 2389; x_wconf 88' lang='lat' dir='ltr'><strong>et</strong></span> <span class='ocrx_word' id='word_1_413' title='bbox 2804 2351 2898 2390; x_wconf 90' lang='lat' dir='ltr'><strong>ore</strong></span> <span class='ocrx_word' id='word_1_414' title='bbox 2925 2346 2978 2390; x_wconf 90' lang='lat' dir='ltr'><strong>et</strong></span> <span class='ocrx_word' id='word_1_415' title='bbox 3009 2337 3260 2404; x_wconf 81' lang='lat' dir='ltr'><strong>operibus</strong></span> <span class='ocrx_word' id='word_1_416' title='bbox 3289 2347 3526 2406; x_wconf 88' lang='lat' dir='ltr'><strong>portant.</strong></span> 
     </span>
    </p>
   </div>
   <div class='ocr_carea' id='block_1_56' title="bbox 2259 2422 3765 2494">
    <p class='ocr_par' dir='ltr' id='par_1_56' title="bbox 2259 2422 3765 2494">
     <span class='ocr_line' id='line_1_56' title="bbox 2259 2422 3765 2494; baseline 0.003 -19"><span class='ocrx_word' id='word_1_417' title='bbox 2259 2422 2543 2478; x_wconf 71' lang='lat' dir='ltr'><strong>Mattltmus</strong></span> <span class='ocrx_word' id='word_1_418' title='bbox 2575 2425 2757 2494; x_wconf 86' lang='lat' dir='ltr'><strong>itaque</strong></span> <span class='ocrx_word' id='word_1_419' title='bbox 2791 2425 3020 2493; x_wconf 88' lang='lat' dir='ltr'><strong>primum</strong></span> <span class='ocrx_word' id='word_1_420' title='bbox 3049 2426 3254 2479; x_wconf 88' lang='lat' dir='ltr'><strong>obtinet</strong></span> <span class='ocrx_word' id='word_1_421' title='bbox 3285 2427 3460 2480; x_wconf 85' lang='lat' dir='ltr'><strong>locum</strong></span> <span class='ocrx_word' id='word_1_422' title='bbox 3486 2468 3501 2492; x_wconf 93' lang='lat'><strong>,</strong></span> <span class='ocrx_word' id='word_1_423' title='bbox 3528 2427 3765 2482; x_wconf 81' lang='lat' dir='ltr'><strong>Joannes</strong></span> 
     </span>
    </p>
   </div>
   <div class='ocr_carea' id='block_1_57' title="bbox 2190 2511 3766 2585">
    <p class='ocr_par' dir='ltr' id='par_1_57' title="bbox 2190 2511 3766 2585">
     <span class='ocr_line' id='line_1_57' title="bbox 2190 2511 3766 2585; baseline 0.003 -19"><span class='ocrx_word' id='word_1_424' title='bbox 2190 2511 2458 2567; x_wconf 89' lang='lat' dir='ltr'><strong>ultimum.</strong></span> <span class='ocrx_word' id='word_1_425' title='bbox 2505 2514 2605 2580; x_wconf 86' lang='lat' dir='ltr'><strong>Qui</strong></span> <span class='ocrx_word' id='word_1_426' title='bbox 2653 2515 2905 2568; x_wconf 89' lang='lat' dir='ltr'><strong>nimirum</strong></span> <span class='ocrx_word' id='word_1_427' title='bbox 2933 2523 2986 2569; x_wconf 90' lang='lat' dir='ltr'><strong>et</strong></span> <span class='ocrx_word' id='word_1_428' title='bbox 3026 2516 3318 2585; x_wconf 81' lang='lat' dir='ltr'><strong>apostolico</strong></span> <span class='ocrx_word' id='word_1_429' title='bbox 3364 2511 3766 2572; x_wconf 63' lang='lat' dir='ltr'><strong>sunt&#39;cuhuine</strong></span> 
     </span>
    </p>
   </div>
   <div class='ocr_carea' id='block_1_58' title="bbox 2189 2595 3763 2673">
    <p class='ocr_par' dir='ltr' id='par_1_58' title="bbox 2189 2595 3763 2673">
     <span class='ocr_line' id='line_1_58' title="bbox 2189 2595 3763 2673; baseline 0.002 -18"><span class='ocrx_word' id='word_1_430' title='bbox 2189 2601 2464 2656; x_wconf 85' lang='lat' dir='ltr'><strong>constituti</strong></span> <span class='ocrx_word' id='word_1_431' title='bbox 2496 2643 2511 2668; x_wconf 96' lang='lat'><strong>,</strong></span> <span class='ocrx_word' id='word_1_432' title='bbox 2543 2610 2596 2656; x_wconf 89' lang='lat' dir='ltr'><strong>ct</strong></span> <span class='ocrx_word' id='word_1_433' title='bbox 2627 2619 2694 2658; x_wconf 82' lang='lat' dir='ltr'><strong>ex</strong></span> <span class='ocrx_word' id='word_1_434' title='bbox 2743 2604 2826 2657; x_wconf 92' lang='lat' dir='ltr'><strong>his</strong></span> <span class='ocrx_word' id='word_1_435' title='bbox 2852 2643 2867 2667; x_wconf 96' lang='lat'><strong>,</strong></span> <span class='ocrx_word' id='word_1_436' title='bbox 2897 2619 3015 2672; x_wconf 77' lang='lat' dir='ltr'><strong>qua:</strong></span> <span class='ocrx_word' id='word_1_437' title='bbox 3045 2595 3399 2673; x_wconf 87' lang='lat' dir='ltr'><strong>scripserunt,</strong></span> <span class='ocrx_word' id='word_1_438' title='bbox 3441 2621 3546 2659; x_wconf 92' lang='lat' dir='ltr'><strong>non</strong></span> <span class='ocrx_word' id='word_1_439' title='bbox 3583 2609 3763 2660; x_wconf 87' lang='lat' dir='ltr'><strong>auditu</strong></span> 
     </span>
    </p>
   </div>
   <div class='ocr_carea' id='block_1_59' title="bbox 2188 2692 3763 2767">
    <p class='ocr_par' dir='ltr' id='par_1_59' title="bbox 2188 2692 3763 2767">
     <span class='ocr_line' id='line_1_59' title="bbox 2188 2692 3763 2767; baseline 0.003 -21"><span class='ocrx_word' id='word_1_440' title='bbox 2188 2692 2490 2759; x_wconf 82' lang='lat' dir='ltr'><strong>duntaxat,</strong></span> <span class='ocrx_word' id='word_1_441' title='bbox 2544 2696 2638 2749; x_wconf 91' lang='lat' dir='ltr'><strong>sed</strong></span> <span class='ocrx_word' id='word_1_442' title='bbox 2689 2695 2806 2749; x_wconf 91' lang='lat' dir='ltr'><strong>visu</strong></span> <span class='ocrx_word' id='word_1_443' title='bbox 2873 2697 3052 2764; x_wconf 90' lang='lat' dir='ltr'><strong>potius</strong></span> <span class='ocrx_word' id='word_1_444' title='bbox 3123 2708 3284 2767; x_wconf 90' lang='lat' dir='ltr'><strong>atque</strong></span> <span class='ocrx_word' id='word_1_445' title='bbox 3332 2707 3592 2753; x_wconf 85' lang='lat' dir='ltr'><strong>contactu</strong></span> <span class='ocrx_word' id='word_1_446' title='bbox 3640 2711 3763 2752; x_wconf 85' lang='lat' dir='ltr'><strong>sunt</strong></span> 
     </span>
    </p>
   </div>
   <div class='ocr_carea' id='block_1_60' title="bbox 2187 2785 3764 2853">
    <p class='ocr_par' dir='ltr' id='par_1_60' title="bbox 2187 2785 3764 2853">
     <span class='ocr_line' id='line_1_60' title="bbox 2187 2785 3764 2853; baseline 0.006 -17"><span class='ocrx_word' id='word_1_447' title='bbox 2187 2786 2599 2853; x_wconf 68' lang='lat' dir='ltr'><strong>praesentialiter</strong></span> <span class='ocrx_word' id='word_1_448' title='bbox 2629 2785 2922 2842; x_wconf 81' lang='lat' dir='ltr'><strong>informati.</strong></span> <span class='ocrx_word' id='word_1_449' title='bbox 2963 2787 3114 2843; x_wconf 78' lang='lat' dir='ltr'><strong>Sicut</strong></span> <span class='ocrx_word' id='word_1_450' title='bbox 3159 2805 3297 2844; x_wconf 91' lang='lat' dir='ltr'><strong>unus</strong></span> <span class='ocrx_word' id='word_1_451' title='bbox 3345 2805 3534 2845; x_wconf 90' lang='lat' dir='ltr'><strong>eorum</strong></span> <span class='ocrx_word' id='word_1_452' title='bbox 3591 2791 3764 2846; x_wconf 86' lang='lat' dir='ltr'><strong>dicit:</strong></span> 
     </span>
    </p>
   </div>
   <div class='ocr_carea' id='block_1_61' title="bbox 2193 2873 3763 2949">
    <p class='ocr_par' dir='ltr' id='par_1_61' title="bbox 2193 2873 3763 2949">
     <span class='ocr_line' id='line_1_61' title="bbox 2193 2873 3763 2949; baseline 0.006 -25"><span class='ocrx_word' id='word_1_453' title='bbox 2193 2891 2210 2923; x_wconf 75' lang='grc' dir='ltr'><strong>ι</strong></span> <span class='ocrx_word' id='word_1_454' title='bbox 2263 2873 2415 2940; x_wconf 86' lang='lat' dir='ltr'><strong>Quod</strong></span> <span class='ocrx_word' id='word_1_455' title='bbox 2469 2875 2810 2942; x_wconf 82' lang='lat' dir='ltr'><strong>audivimus,</strong></span> <span class='ocrx_word' id='word_1_456' title='bbox 2869 2879 3010 2946; x_wconf 90' lang='lat' dir='ltr'><strong>quod</strong></span> <span class='ocrx_word' id='word_1_457' title='bbox 3072 2879 3337 2944; x_wconf 87' lang='lat' dir='ltr'><strong>vidimus,</strong></span> <span class='ocrx_word' id='word_1_458' title='bbox 3395 2879 3541 2949; x_wconf 90' lang='lat' dir='ltr'><strong>quod</strong></span> <span class='ocrx_word' id='word_1_459' title='bbox 3595 2879 3763 2934; x_wconf 87' lang='lat' dir='ltr'><strong>oculis</strong></span> 
     </span>
    </p>
   </div>
   <div class='ocr_carea' id='block_1_62' title="bbox 2187 2963 3761 3035">
    <p class='ocr_par' dir='ltr' id='par_1_62' title="bbox 2187 2963 3761 3035">
     <span class='ocr_line' id='line_1_62' title="bbox 2187 2963 3761 3035; baseline 0.003 -19"><span class='ocrx_word' id='word_1_460' title='bbox 2187 2963 2388 3018; x_wconf 83' lang='lat' dir='ltr'><strong>nostris</strong></span> <span class='ocrx_word' id='word_1_461' title='bbox 2421 2965 2820 3034; x_wconf 82' lang='lat' dir='ltr'><strong>perspeximus,</strong></span> <span class='ocrx_word' id='word_1_462' title='bbox 2869 2966 3010 3035; x_wconf 89' lang='lat' dir='ltr'><strong>quod</strong></span> <span class='ocrx_word' id='word_1_463' title='bbox 3065 2983 3254 3020; x_wconf 80' lang='lat' dir='ltr'><strong>manus</strong></span> <span class='ocrx_word' id='word_1_464' title='bbox 3297 2979 3500 3022; x_wconf 81' lang='lat' dir='ltr'><strong>nostra:</strong></span> <span class='ocrx_word' id='word_1_465' title='bbox 3548 2977 3761 3022; x_wconf 83' lang='lat' dir='ltr'><strong>centre-</strong></span> 
     </span>
    </p>
   </div>
   <div class='ocr_carea' id='block_1_63' title="bbox 2184 3053 3760 3125">
    <p class='ocr_par' dir='ltr' id='par_1_63' title="bbox 2184 3053 3760 3125">
     <span class='ocr_line' id='line_1_63' title="bbox 2184 3053 3760 3125; baseline 0.001 -20"><span class='ocrx_word' id='word_1_466' title='bbox 2184 3062 2466 3106; x_wconf 84' lang='lat' dir='ltr'><strong>ctavcrunt</strong></span> <span class='ocrx_word' id='word_1_467' title='bbox 2516 3053 2582 3106; x_wconf 90' lang='lat' dir='ltr'><strong>de</strong></span> <span class='ocrx_word' id='word_1_468' title='bbox 2639 3053 2812 3108; x_wconf 78' lang='lat' dir='ltr'><strong>Verbo</strong></span> <span class='ocrx_word' id='word_1_469' title='bbox 2857 3054 2980 3106; x_wconf 75' lang='lat' dir='ltr'><strong>vita:</strong></span> <span class='ocrx_word' id='word_1_470' title='bbox 3029 3053 3080 3124; x_wconf 89' lang='lat' dir='ltr'><strong>(I</strong></span> <span class='ocrx_word' id='word_1_471' title='bbox 3133 3056 3293 3108; x_wconf 78' lang='lat' dir='ltr'><strong>Joan.</strong></span> <span class='ocrx_word' id='word_1_472' title='bbox 3347 3057 3408 3125; x_wconf 86' lang='grc' dir='ltr'><strong>ι).</strong></span> <span class='ocrx_word' id='word_1_473' title='bbox 3473 3077 3492 3107; x_wconf 76' lang='grc' dir='ltr'><strong>ι</strong></span> <span class='ocrx_word' id='word_1_474' title='bbox 3549 3055 3760 3110; x_wconf 68' lang='lat' dir='ltr'><strong>Marcus</strong></span> 
     </span>
    </p>
   </div>
   <div class='ocr_carea' id='block_1_64' title="bbox 508 3136 3758 3222">
    <p class='ocr_par' dir='ltr' id='par_1_64' title="bbox 508 3136 3758 3222">
     <span class='ocr_line' id='line_1_64' title="bbox 508 3136 3758 3222; baseline 0.006 -27"><span class='ocrx_word' id='word_1_475' title='bbox 508 3162 528 3194; x_wconf 68' lang='grc' dir='ltr'><strong>ι</strong></span> <span class='ocrx_word' id='word_1_476' title='bbox 559 3144 663 3199; x_wconf 87' lang='lat' dir='ltr'><strong>Ista</strong></span> <span class='ocrx_word' id='word_1_477' title='bbox 688 3156 766 3201; x_wconf 90' lang='lat' dir='ltr'><strong>est</strong></span> <span class='ocrx_word' id='word_1_478' title='bbox 795 3147 936 3201; x_wconf 89' lang='lat' dir='ltr'><strong>enim</strong></span> <span class='ocrx_word' id='word_1_479' title='bbox 966 3148 1050 3202; x_wconf 79' lang='lat' dir='ltr'><strong>lex</strong></span> <span class='ocrx_word' id='word_1_480' title='bbox 1070 3148 1262 3212; x_wconf 80' lang='lat' dir='ltr'><strong>Adam,</strong></span> <span class='ocrx_word' id='word_1_481' title='bbox 1290 3149 1512 3203; x_wconf 83' lang='lat' dir='ltr'><strong>Domine</strong></span> <span class='ocrx_word' id='word_1_482' title='bbox 1543 3151 1704 3204; x_wconf 91' lang='lat' dir='ltr'><strong>Deus.</strong></span> <span class='ocrx_word' id='word_1_483' title='bbox 1735 3170 1752 3202; x_wconf 79' lang='grc' dir='ltr'><strong>ι</strong></span> <span class='ocrx_word' id='word_1_484' title='bbox 1780 3152 1859 3206; x_wconf 80' lang='lat' dir='ltr'><strong>Ae</strong></span> <span class='ocrx_word' id='word_1_485' title='bbox 1889 3154 1930 3206; x_wconf 89' lang='lat' dir='ltr'><strong>si</strong></span> <span class='ocrx_word' id='word_1_486' title='bbox 1963 3169 2083 3222; x_wconf 85' lang='lat' dir='ltr'><strong>per—</strong></span> <span class='ocrx_word' id='word_1_487' title='bbox 2109 3136 2154 3197; x_wconf 63' lang='grc' dir='ltr'>(ἶ</span> <span class='ocrx_word' id='word_1_488' title='bbox 2187 3143 2343 3214; x_wconf 74' lang='grc'><strong>26].</strong></span> <span class='ocrx_word' id='word_1_489' title='bbox 2408 3153 2588 3196; x_wconf 59' lang='lat' dir='ltr'><strong>autem</strong></span> <span class='ocrx_word' id='word_1_490' title='bbox 2645 3154 2700 3197; x_wconf 72' lang='grc' dir='ltr'>ει</span> <span class='ocrx_word' id='word_1_491' title='bbox 2755 3143 2948 3207; x_wconf 65' lang='grc' dir='ltr'>[ιιιεθει</span> <span class='ocrx_word' id='word_1_492' title='bbox 3003 3145 3092 3212; x_wconf 64' lang='lat' dir='ltr'><strong>qni</strong></span> <span class='ocrx_word' id='word_1_493' title='bbox 3155 3146 3452 3214; x_wconf 66' lang='grc' dir='ltr'><strong>θνειιεοιίεἰ</strong></span> <span class='ocrx_word' id='word_1_494' title='bbox 3529 3147 3758 3216; x_wconf 64' lang='lat' dir='ltr'><strong>calami</strong></span> 
     </span>
    </p>
   </div>
   <div class='ocr_carea' id='block_1_65' title="bbox 503 3235 2082 3310">
    <p class='ocr_par' dir='ltr' id='par_1_65' title="bbox 503 3235 2082 3310">
     <span class='ocr_line' id='line_1_65' title="bbox 503 3235 2082 3310; baseline 0.008 -23"><span class='ocrx_word' id='word_1_495' title='bbox 503 3243 666 3303; x_wconf 82' lang='lat' dir='ltr'><strong>pelue</strong></span> <span class='ocrx_word' id='word_1_496' title='bbox 699 3235 885 3292; x_wconf 88' lang='lat' dir='ltr'><strong>dicat:</strong></span> <span class='ocrx_word' id='word_1_497' title='bbox 921 3237 1074 3291; x_wconf 90' lang='lat' dir='ltr'><strong>Sicut</strong></span> <span class='ocrx_word' id='word_1_498' title='bbox 1102 3239 1154 3291; x_wconf 93' lang='lat' dir='ltr'><strong>in</strong></span> <span class='ocrx_word' id='word_1_499' title='bbox 1190 3239 1387 3292; x_wconf 85' lang='lat' dir='ltr'><strong>terreni</strong></span> <span class='ocrx_word' id='word_1_500' title='bbox 1426 3241 1608 3293; x_wconf 91' lang='lat' dir='ltr'><strong>mundi</strong></span> <span class='ocrx_word' id='word_1_501' title='bbox 1660 3239 1816 3310; x_wconf 86' lang='lat' dir='ltr'><strong>hujus</strong></span> <span class='ocrx_word' id='word_1_502' title='bbox 1861 3246 2082 3300; x_wconf 73' lang='lat' dir='ltr'><strong>exordio</strong></span> 
     </span>
    </p>
   </div>
   <div class='ocr_carea' id='block_1_66' title="bbox 502 3324 2080 3403">
    <p class='ocr_par' dir='ltr' id='par_1_66' title="bbox 502 3324 2080 3403">
     <span class='ocr_line' id='line_1_66' title="bbox 502 3324 2080 3403; baseline 0.008 -26"><span class='ocrx_word' id='word_1_503' title='bbox 502 3324 674 3378; x_wconf 80' lang='lat' dir='ltr'><strong>Adam</strong></span> <span class='ocrx_word' id='word_1_504' title='bbox 724 3327 1046 3382; x_wconf 86' lang='lat' dir='ltr'><strong>constituisti</strong></span> <span class='ocrx_word' id='word_1_505' title='bbox 1095 3329 1427 3397; x_wconf 86' lang='lat' dir='ltr'><strong>posteritatis</strong></span> <span class='ocrx_word' id='word_1_506' title='bbox 1469 3339 1737 3385; x_wconf 79' lang='lat' dir='ltr'><strong>secutura:</strong></span> <span class='ocrx_word' id='word_1_507' title='bbox 1780 3345 2080 3403; x_wconf 63' lang='lat' dir='ltr'><strong>parentem,</strong></span> 
     </span>
    </p>
   </div>
   <div class='ocr_carea' id='block_1_67' title="bbox 508 3418 2083 3492">
    <p class='ocr_par' dir='ltr' id='par_1_67' title="bbox 508 3418 2083 3492">
     <span class='ocr_line' id='line_1_67' title="bbox 508 3418 2083 3492; baseline 0.008 -24"><span class='ocrx_word' id='word_1_508' title='bbox 508 3425 672 3486; x_wconf 81' lang='lat' dir='ltr'><strong>atque</strong></span> <span class='ocrx_word' id='word_1_509' title='bbox 703 3418 918 3473; x_wconf 82' lang='lat' dir='ltr'><strong>ex-hac</strong></span> <span class='ocrx_word' id='word_1_510' title='bbox 966 3419 1147 3474; x_wconf 90' lang='lat' dir='ltr'><strong>radice</strong></span> <span class='ocrx_word' id='word_1_511' title='bbox 1195 3419 1356 3474; x_wconf 92' lang='lat' dir='ltr'><strong>totius</strong></span> <span class='ocrx_word' id='word_1_512' title='bbox 1416 3421 1632 3476; x_wconf 88' lang='lat' dir='ltr'><strong>lmmani</strong></span> <span class='ocrx_word' id='word_1_513' title='bbox 1658 3425 1874 3492; x_wconf 88' lang='lat' dir='ltr'><strong>generis</strong></span> <span class='ocrx_word' id='word_1_514' title='bbox 1898 3425 2083 3481; x_wconf 83' lang='lat' dir='ltr'><strong>decre-</strong></span> 
     </span>
    </p>
   </div>
   <div class='ocr_carea' id='block_1_68' title="bbox 501 3507 2081 3581">
    <p class='ocr_par' dir='ltr' id='par_1_68' title="bbox 501 3507 2081 3581">
     <span class='ocr_line' id='line_1_68' title="bbox 501 3507 2081 3581; baseline 0.007 -22"><span class='ocrx_word' id='word_1_515' title='bbox 501 3507 627 3577; x_wconf 80' lang='lat' dir='ltr'><strong>visti</strong></span> <span class='ocrx_word' id='word_1_516' title='bbox 672 3508 936 3579; x_wconf 90' lang='lat' dir='ltr'><strong>pullulare</strong></span> <span class='ocrx_word' id='word_1_517' title='bbox 966 3510 1346 3581; x_wconf 78' lang='lat' dir='ltr'><strong>propaginem;</strong></span> <span class='ocrx_word' id='word_1_518' title='bbox 1381 3511 1456 3565; x_wconf 89' lang='lat' dir='ltr'><strong>ita</strong></span> <span class='ocrx_word' id='word_1_519' title='bbox 1487 3527 1629 3566; x_wconf 90' lang='lat' dir='ltr'><strong>nunc</strong></span> <span class='ocrx_word' id='word_1_520' title='bbox 1659 3529 1781 3567; x_wconf 91' lang='lat' dir='ltr'><strong>eum</strong></span> <span class='ocrx_word' id='word_1_521' title='bbox 1824 3516 2081 3570; x_wconf 91' lang='lat' dir='ltr'><strong>mundum</strong></span> 
     </span>
    </p>
   </div>
   <div class='ocr_carea' id='block_1_69' title="bbox 497 3601 2081 3671">
    <p class='ocr_par' dir='ltr' id='par_1_69' title="bbox 497 3601 2081 3671">
     <span class='ocr_line' id='line_1_69' title="bbox 497 3601 2081 3671; baseline 0.004 -20"><span class='ocrx_word' id='word_1_522' title='bbox 497 3612 761 3653; x_wconf 86' lang='lat' dir='ltr'><strong>renovare</strong></span> <span class='ocrx_word' id='word_1_523' title='bbox 782 3601 1040 3670; x_wconf 89' lang='lat' dir='ltr'><strong>disponis,</strong></span> <span class='ocrx_word' id='word_1_524' title='bbox 1069 3617 1153 3655; x_wconf 89' lang='lat' dir='ltr'><strong>me</strong></span> <span class='ocrx_word' id='word_1_525' title='bbox 1173 3601 1330 3671; x_wconf 90' lang='lat' dir='ltr'><strong>quasi</strong></span> <span class='ocrx_word' id='word_1_526' title='bbox 1353 3615 1547 3655; x_wconf 89' lang='lat' dir='ltr'><strong>novum</strong></span> <span class='ocrx_word' id='word_1_527' title='bbox 1573 3602 1929 3667; x_wconf 82' lang='lat' dir='ltr'><strong>Adaml&#39;acis,</strong></span> <span class='ocrx_word' id='word_1_528' title='bbox 1956 3605 2081 3658; x_wconf 91' lang='lat' dir='ltr'><strong>dum</strong></span> 
     </span>
    </p>
   </div>
   <div class='ocr_carea' id='block_1_70' title="bbox 497 3688 2083 3760">
    <p class='ocr_par' dir='ltr' id='par_1_70' title="bbox 497 3688 2083 3760">
     <span class='ocr_line' id='line_1_70' title="bbox 497 3688 2083 3760; baseline 0.004 -19"><span class='ocrx_word' id='word_1_529' title='bbox 497 3688 768 3742; x_wconf 77' lang='lat' dir='ltr'><strong>Christum</strong></span> <span class='ocrx_word' id='word_1_530' title='bbox 799 3703 865 3742; x_wconf 83' lang='lat' dir='ltr'><strong>ex</strong></span> <span class='ocrx_word' id='word_1_531' title='bbox 896 3705 1015 3744; x_wconf 91' lang='lat' dir='ltr'><strong>meo</strong></span> <span class='ocrx_word' id='word_1_532' title='bbox 1041 3690 1248 3744; x_wconf 87' lang='lat' dir='ltr'><strong>semine</strong></span> <span class='ocrx_word' id='word_1_533' title='bbox 1280 3690 1640 3754; x_wconf 89' lang='lat' dir='ltr'><strong>nasciturum,</strong></span> <span class='ocrx_word' id='word_1_534' title='bbox 1667 3688 1758 3760; x_wconf 82' lang='lat' dir='ltr'><strong>qui</strong></span> <span class='ocrx_word' id='word_1_535' title='bbox 1784 3701 1866 3746; x_wconf 90' lang='lat' dir='ltr'><strong>est</strong></span> <span class='ocrx_word' id='word_1_536' title='bbox 1894 3703 2083 3747; x_wconf 90' lang='lat' dir='ltr'><strong>auctor</strong></span> 
     </span>
    </p>
   </div>
   <div class='ocr_carea' id='block_1_71' title="bbox 495 3780 2080 3851">
    <p class='ocr_par' dir='ltr' id='par_1_71' title="bbox 495 3780 2080 3851">
     <span class='ocr_line' id='line_1_71' title="bbox 495 3780 2080 3851; baseline 0.003 -17"><span class='ocrx_word' id='word_1_537' title='bbox 495 3789 551 3834; x_wconf 91' lang='lat' dir='ltr'><strong>et</strong></span> <span class='ocrx_word' id='word_1_538' title='bbox 584 3788 745 3850; x_wconf 81' lang='lat' dir='ltr'><strong>caput</strong></span> <span class='ocrx_word' id='word_1_539' title='bbox 775 3780 1047 3848; x_wconf 71' lang='lat' dir='ltr'><strong>Ecclesiae,</strong></span> <span class='ocrx_word' id='word_1_540' title='bbox 1079 3780 1374 3850; x_wconf 86' lang='lat' dir='ltr'><strong>polliceris.</strong></span> <span class='ocrx_word' id='word_1_541' title='bbox 1413 3797 1432 3832; x_wconf 75' lang='grc' dir='ltr'><strong>ι</strong></span> <span class='ocrx_word' id='word_1_542' title='bbox 1465 3781 1572 3836; x_wconf 88' lang='lat' dir='ltr'><strong>Ista</strong></span> <span class='ocrx_word' id='word_1_543' title='bbox 1595 3790 1714 3848; x_wconf 86' lang='lat' dir='ltr'><strong>est,</strong></span> <span class='ocrx_word' id='word_1_544' title='bbox 1754 3782 1925 3851; x_wconf 88' lang='lat' dir='ltr'><strong>inquit</strong></span> <span class='ocrx_word' id='word_1_545' title='bbox 1953 3823 1966 3848; x_wconf 93' lang='lat'><strong>,</strong></span> <span class='ocrx_word' id='word_1_546' title='bbox 1996 3783 2080 3838; x_wconf 84' lang='lat' dir='ltr'><strong>lex</strong></span> 
     </span>
    </p>
   </div>
   <div class='ocr_carea' id='block_1_72' title="bbox 495 3870 2083 3942">
    <p class='ocr_par' dir='ltr' id='par_1_72' title="bbox 495 3870 2083 3942">
     <span class='ocr_line' id='line_1_72' title="bbox 495 3870 2083 3942; baseline 0 -15"><span class='ocrx_word' id='word_1_547' title='bbox 495 3870 699 3937; x_wconf 84' lang='lat' dir='ltr'><strong>Adam,</strong></span> <span class='ocrx_word' id='word_1_548' title='bbox 737 3891 756 3924; x_wconf 75' lang='grc' dir='ltr'><strong>ι</strong></span> <span class='ocrx_word' id='word_1_549' title='bbox 784 3874 909 3942; x_wconf 90' lang='lat' dir='ltr'><strong>quia</strong></span> <span class='ocrx_word' id='word_1_550' title='bbox 943 3874 1083 3928; x_wconf 91' lang='lat' dir='ltr'><strong>sicut</strong></span> <span class='ocrx_word' id='word_1_551' title='bbox 1109 3872 1196 3928; x_wconf 91' lang='lat' dir='ltr'><strong>ille</strong></span> <span class='ocrx_word' id='word_1_552' title='bbox 1220 3881 1340 3928; x_wconf 91' lang='lat' dir='ltr'><strong>erat</strong></span> <span class='ocrx_word' id='word_1_553' title='bbox 1369 3873 1420 3927; x_wconf 93' lang='lat' dir='ltr'><strong>in</strong></span> <span class='ocrx_word' id='word_1_554' title='bbox 1450 3873 1574 3928; x_wconf 91' lang='lat' dir='ltr'><strong>ﬁliis</strong></span> <span class='ocrx_word' id='word_1_555' title='bbox 1602 3873 1717 3928; x_wconf 90' lang='lat' dir='ltr'><strong>suis</strong></span> <span class='ocrx_word' id='word_1_556' title='bbox 1747 3873 1889 3928; x_wconf 92' lang='lat' dir='ltr'><strong>hunc</strong></span> <span class='ocrx_word' id='word_1_557' title='bbox 1924 3891 2083 3928; x_wconf 81' lang='lat' dir='ltr'><strong>lllllll-</strong></span> 
     </span>
    </p>
   </div>
   <div class='ocr_carea' id='block_1_73' title="bbox 497 3963 2082 4036">
    <p class='ocr_par' dir='ltr' id='par_1_73' title="bbox 497 3963 2082 4036">
     <span class='ocr_line' id='line_1_73' title="bbox 497 3963 2082 4036; baseline 0.001 -19"><span class='ocrx_word' id='word_1_558' title='bbox 497 3963 623 4018; x_wconf 88' lang='lat' dir='ltr'><strong>dum</strong></span> <span class='ocrx_word' id='word_1_559' title='bbox 655 3965 920 4020; x_wconf 84' lang='lat' dir='ltr'><strong>visibilem</strong></span> <span class='ocrx_word' id='word_1_560' title='bbox 949 3979 1331 4036; x_wconf 87' lang='lat' dir='ltr'><strong>possessurus;</strong></span> <span class='ocrx_word' id='word_1_561' title='bbox 1367 3965 1440 4021; x_wconf 89' lang='lat' dir='ltr'><strong>ita</strong></span> <span class='ocrx_word' id='word_1_562' title='bbox 1490 3975 1545 4020; x_wconf 91' lang='lat' dir='ltr'><strong>et</strong></span> <span class='ocrx_word' id='word_1_563' title='bbox 1573 3979 1674 4036; x_wconf 89' lang='lat' dir='ltr'><strong>ego</strong></span> <span class='ocrx_word' id='word_1_564' title='bbox 1713 3965 1890 4035; x_wconf 86' lang='lat' dir='ltr'><strong>populi</strong></span> <span class='ocrx_word' id='word_1_565' title='bbox 1922 3966 2082 4036; x_wconf 91' lang='lat' dir='ltr'><strong>spiri-</strong></span> 
     </span>
    </p>
   </div>
   <div class='ocr_carea' id='block_1_74' title="bbox 499 4056 2081 4130">
    <p class='ocr_par' dir='ltr' id='par_1_74' title="bbox 499 4056 2081 4130">
     <span class='ocr_line' id='line_1_74' title="bbox 499 4056 2081 4130; baseline 0.004 -20"><span class='ocrx_word' id='word_1_566' title='bbox 499 4056 664 4112; x_wconf 84' lang='lat' dir='ltr'><strong>tualis</strong></span> <span class='ocrx_word' id='word_1_567' title='bbox 689 4058 742 4111; x_wconf 91' lang='lat' dir='ltr'><strong>in</strong></span> <span class='ocrx_word' id='word_1_568' title='bbox 773 4058 990 4113; x_wconf 88' lang='lat' dir='ltr'><strong>Christo</strong></span> <span class='ocrx_word' id='word_1_569' title='bbox 1020 4069 1172 4129; x_wconf 89' lang='lat' dir='ltr'><strong>pater</strong></span> <span class='ocrx_word' id='word_1_570' title='bbox 1200 4059 1421 4125; x_wconf 74' lang='lat' dir='ltr'><strong>el‘ﬁcior,</strong></span> <span class='ocrx_word' id='word_1_571' title='bbox 1454 4076 1576 4115; x_wconf 91' lang='lat' dir='ltr'><strong>cum</strong></span> <span class='ocrx_word' id='word_1_572' title='bbox 1605 4060 1695 4116; x_wconf 93' lang='lat' dir='ltr'><strong>illo</strong></span> <span class='ocrx_word' id='word_1_573' title='bbox 1732 4061 1825 4130; x_wconf 85' lang='lat' dir='ltr'><strong>qui</strong></span> <span class='ocrx_word' id='word_1_574' title='bbox 1850 4061 1902 4115; x_wconf 93' lang='lat' dir='ltr'><strong>in</strong></span> <span class='ocrx_word' id='word_1_575' title='bbox 1927 4061 2081 4117; x_wconf 67' lang='lat' dir='ltr'><strong>caelis</strong></span> 
     </span>
    </p>
   </div>
   <div class='ocr_carea' id='block_1_75' title="bbox 497 4151 2080 4220">
    <p class='ocr_par' dir='ltr' id='par_1_75' title="bbox 497 4151 2080 4220">
     <span class='ocr_line' id='line_1_75' title="bbox 497 4151 2080 4220; baseline 0.005 -19"><span class='ocrx_word' id='word_1_576' title='bbox 497 4154 614 4208; x_wconf 89' lang='lat' dir='ltr'><strong>est,</strong></span> <span class='ocrx_word' id='word_1_577' title='bbox 661 4157 923 4216; x_wconf 86' lang='lat' dir='ltr'><strong>perpetuo</strong></span> <span class='ocrx_word' id='word_1_578' title='bbox 955 4159 1292 4220; x_wconf 82' lang='lat' dir='ltr'><strong>regnaturus.</strong></span> <span class='ocrx_word' id='word_1_579' title='bbox 1325 4151 1478 4205; x_wconf 83' lang='lat' dir='ltr'><strong>Sicut</strong></span> <span class='ocrx_word' id='word_1_580' title='bbox 1505 4152 1648 4206; x_wconf 90' lang='lat' dir='ltr'><strong>enirn</strong></span> <span class='ocrx_word' id='word_1_581' title='bbox 1676 4154 1743 4207; x_wconf 90' lang='lat' dir='ltr'><strong>de</strong></span> <span class='ocrx_word' id='word_1_582' title='bbox 1767 4160 1914 4206; x_wconf 90' lang='lat' dir='ltr'><strong>costa</strong></span> <span class='ocrx_word' id='word_1_583' title='bbox 1939 4153 2080 4209; x_wconf 90' lang='lat' dir='ltr'><strong>illius</strong></span> 
     </span>
    </p>
   </div>
   <div class='ocr_carea' id='block_1_76' title="bbox 498 4241 2080 4312">
    <p class='ocr_par' dir='ltr' id='par_1_76' title="bbox 498 4241 2080 4312">
     <span class='ocr_line' id='line_1_76' title="bbox 498 4241 2080 4312; baseline 0.004 -19"><span class='ocrx_word' id='word_1_584' title='bbox 498 4241 728 4294; x_wconf 80' lang='lat' dir='ltr'><strong>formata</strong></span> <span class='ocrx_word' id='word_1_585' title='bbox 776 4249 860 4294; x_wconf 89' lang='lat' dir='ltr'><strong>est</strong></span> <span class='ocrx_word' id='word_1_586' title='bbox 896 4241 1187 4295; x_wconf 80' lang='lat' dir='ltr'><strong>viventium</strong></span> <span class='ocrx_word' id='word_1_587' title='bbox 1231 4253 1404 4298; x_wconf 89' lang='lat' dir='ltr'><strong>mater</strong></span> <span class='ocrx_word' id='word_1_588' title='bbox 1448 4242 1555 4296; x_wconf 87' lang='lat' dir='ltr'><strong>Eva</strong></span> <span class='ocrx_word' id='word_1_589' title='bbox 1603 4241 1758 4312; x_wconf 85' lang='lat' dir='ltr'><strong>(Gen.</strong></span> <span class='ocrx_word' id='word_1_590' title='bbox 1785 4243 1877 4311; x_wconf 85' lang='lat' dir='ltr'><strong>It);</strong></span> <span class='ocrx_word' id='word_1_591' title='bbox 1915 4245 1984 4297; x_wconf 91' lang='lat' dir='ltr'><strong>ita</strong></span> <span class='ocrx_word' id='word_1_592' title='bbox 2013 4245 2080 4299; x_wconf 91' lang='lat' dir='ltr'><strong>de</strong></span> 
     </span>
    </p>
   </div>
   <div class='ocr_carea' id='block_1_77' title="bbox 499 4329 2077 4402">
    <p class='ocr_par' dir='ltr' id='par_1_77' title="bbox 499 4329 2077 4402">
     <span class='ocr_line' id='line_1_77' title="bbox 499 4329 2077 4402; baseline 0.004 -20"><span class='ocrx_word' id='word_1_593' title='bbox 499 4329 671 4384; x_wconf 86' lang='lat' dir='ltr'><strong>latere</strong></span> <span class='ocrx_word' id='word_1_594' title='bbox 700 4330 898 4384; x_wconf 82' lang='lat' dir='ltr'><strong>Christi</strong></span> <span class='ocrx_word' id='word_1_595' title='bbox 943 4331 1034 4399; x_wconf 91' lang='lat' dir='ltr'><strong>qui</strong></span> <span class='ocrx_word' id='word_1_596' title='bbox 1063 4345 1127 4384; x_wconf 82' lang='lat' dir='ltr'><strong>ex</strong></span> <span class='ocrx_word' id='word_1_597' title='bbox 1163 4345 1246 4384; x_wconf 89' lang='lat' dir='ltr'><strong>me</strong></span> <span class='ocrx_word' id='word_1_598' title='bbox 1277 4333 1582 4386; x_wconf 85' lang='lat' dir='ltr'><strong>nasciturus</strong></span> <span class='ocrx_word' id='word_1_599' title='bbox 1606 4342 1714 4395; x_wconf 90' lang='lat' dir='ltr'><strong>est,</strong></span> <span class='ocrx_word' id='word_1_600' title='bbox 1745 4332 1954 4387; x_wconf 90' lang='lat' dir='ltr'><strong>victura</strong></span> <span class='ocrx_word' id='word_1_601' title='bbox 1988 4350 2077 4402; x_wconf 86' lang='lat' dir='ltr'><strong>pe-</strong></span> 
     </span>
    </p>
   </div>
   <div class='ocr_carea' id='block_1_78' title="bbox 500 4421 2078 4494">
    <p class='ocr_par' dir='ltr' id='par_1_78' title="bbox 500 4421 2078 4494">
     <span class='ocr_line' id='line_1_78' title="bbox 500 4421 2078 4494; baseline 0.002 -19"><span class='ocrx_word' id='word_1_602' title='bbox 500 4421 745 4479; x_wconf 86' lang='lat' dir='ltr'><strong>renniter</strong></span> <span class='ocrx_word' id='word_1_603' title='bbox 787 4421 1096 4492; x_wconf 87' lang='lat' dir='ltr'><strong>egredietur</strong></span> <span class='ocrx_word' id='word_1_604' title='bbox 1131 4422 1391 4478; x_wconf 90' lang='lat' dir='ltr'><strong>Ecclesia.</strong></span> <span class='ocrx_word' id='word_1_605' title='bbox 1425 4423 1496 4476; x_wconf 89' lang='lat' dir='ltr'><strong>De</strong></span> <span class='ocrx_word' id='word_1_606' title='bbox 1526 4425 1625 4478; x_wconf 91' lang='lat' dir='ltr'><strong>hoc</strong></span> <span class='ocrx_word' id='word_1_607' title='bbox 1655 4439 1796 4479; x_wconf 90' lang='lat' dir='ltr'><strong>novo</strong></span> <span class='ocrx_word' id='word_1_608' title='bbox 1835 4434 1889 4479; x_wconf 87' lang='lat' dir='ltr'><strong>et</strong></span> <span class='ocrx_word' id='word_1_609' title='bbox 1919 4426 2078 4494; x_wconf 80' lang='lat' dir='ltr'><strong>spiri-</strong></span> 
     </span>
    </p>
   </div>
   <div class='ocr_carea' id='block_1_79' title="bbox 2188 3234 3757 3307">
    <p class='ocr_par' dir='ltr' id='par_1_79' title="bbox 2188 3234 3757 3307">
     <span class='ocr_line' id='line_1_79' title="bbox 2188 3234 3757 3307; baseline 0.003 -21"><span class='ocrx_word' id='word_1_610' title='bbox 2188 3234 2546 3288; x_wconf 84' lang='lat' dir='ltr'><strong>tncditullium</strong></span> <span class='ocrx_word' id='word_1_611' title='bbox 2577 3236 2898 3298; x_wconf 90' lang='lat' dir='ltr'><strong>sortiuntur,</strong></span> <span class='ocrx_word' id='word_1_612' title='bbox 2936 3252 3041 3289; x_wconf 90' lang='lat' dir='ltr'><strong>non</strong></span> <span class='ocrx_word' id='word_1_613' title='bbox 3083 3237 3297 3306; x_wconf 89' lang='lat' dir='ltr'><strong>quidem</strong></span> <span class='ocrx_word' id='word_1_614' title='bbox 3328 3246 3452 3290; x_wconf 90' lang='lat' dir='ltr'><strong>sunt</strong></span> <span class='ocrx_word' id='word_1_615' title='bbox 3480 3237 3757 3307; x_wconf 83' lang='lat' dir='ltr'><strong>Apostoli;</strong></span> 
     </span>
    </p>
   </div>
   <div class='ocr_carea' id='block_1_80' title="bbox 2185 3326 3756 3396">
    <p class='ocr_par' dir='ltr' id='par_1_80' title="bbox 2185 3326 3756 3396">
     <span class='ocr_line' id='line_1_80' title="bbox 2185 3326 3756 3396; baseline 0.001 -17"><span class='ocrx_word' id='word_1_616' title='bbox 2185 3334 2564 3379; x_wconf 85' lang='lat' dir='ltr'><strong>verumtamen</strong></span> <span class='ocrx_word' id='word_1_617' title='bbox 2598 3326 2990 3395; x_wconf 71' lang='lat' dir='ltr'><strong>praecipuorum</strong></span> <span class='ocrx_word' id='word_1_618' title='bbox 3023 3326 3388 3396; x_wconf 89' lang='lat' dir='ltr'><strong>apostolorum</strong></span> <span class='ocrx_word' id='word_1_619' title='bbox 3424 3328 3566 3382; x_wconf 88' lang='lat' dir='ltr'><strong>alter</strong></span> <span class='ocrx_word' id='word_1_620' title='bbox 3590 3327 3756 3392; x_wconf 84' lang='lat' dir='ltr'><strong>Petri,</strong></span> 
     </span>
    </p>
   </div>
   <div class='ocr_carea' id='block_1_81' title="bbox 2185 3418 3756 3476">
    <p class='ocr_par' dir='ltr' id='par_1_81' title="bbox 2185 3418 3756 3476">
     <span class='ocr_line' id='line_1_81' title="bbox 2185 3418 3756 3476; baseline 0.001 -4"><span class='ocrx_word' id='word_1_621' title='bbox 2185 3418 2324 3473; x_wconf 84' lang='lat' dir='ltr'><strong>alter</strong></span> <span class='ocrx_word' id='word_1_622' title='bbox 2354 3418 2506 3472; x_wconf 90' lang='lat' dir='ltr'><strong>Pauli</strong></span> <span class='ocrx_word' id='word_1_623' title='bbox 2552 3419 2906 3474; x_wconf 88' lang='lat' dir='ltr'><strong>relationibus</strong></span> <span class='ocrx_word' id='word_1_624' title='bbox 2943 3429 3072 3474; x_wconf 90' lang='lat' dir='ltr'><strong>sunt</strong></span> <span class='ocrx_word' id='word_1_625' title='bbox 3097 3420 3299 3475; x_wconf 88' lang='lat' dir='ltr'><strong>edocti.</strong></span> <span class='ocrx_word' id='word_1_626' title='bbox 3330 3419 3537 3476; x_wconf 89' lang='lat' dir='ltr'><strong>Omnes</strong></span> <span class='ocrx_word' id='word_1_627' title='bbox 3580 3432 3756 3476; x_wconf 78' lang='lat' dir='ltr'><strong>tamen</strong></span> 
     </span>
    </p>
   </div>
   <div class='ocr_carea' id='block_1_82' title="bbox 2185 3509 3757 3579">
    <p class='ocr_par' dir='ltr' id='par_1_82' title="bbox 2185 3509 3757 3579">
     <span class='ocr_line' id='line_1_82' title="bbox 2185 3509 3757 3579; baseline 0.001 -14"><span class='ocrx_word' id='word_1_628' title='bbox 2185 3510 2357 3565; x_wconf 89' lang='lat' dir='ltr'><strong>sancti</strong></span> <span class='ocrx_word' id='word_1_629' title='bbox 2408 3509 2756 3579; x_wconf 74' lang='lat' dir='ltr'><strong>evangelista:</strong></span> <span class='ocrx_word' id='word_1_630' title='bbox 2805 3510 2965 3564; x_wconf 92' lang='lat' dir='ltr'><strong>unius</strong></span> <span class='ocrx_word' id='word_1_631' title='bbox 3015 3511 3375 3576; x_wconf 89' lang='lat' dir='ltr'><strong>auctoritatis,</strong></span> <span class='ocrx_word' id='word_1_632' title='bbox 3426 3513 3593 3566; x_wconf 92' lang='lat' dir='ltr'><strong>unius</strong></span> <span class='ocrx_word' id='word_1_633' title='bbox 3639 3525 3757 3566; x_wconf 88' lang='lat' dir='ltr'><strong>sunt</strong></span> 
     </span>
    </p>
   </div>
   <div class='ocr_carea' id='block_1_83' title="bbox 2185 3600 3756 3671">
    <p class='ocr_par' dir='ltr' id='par_1_83' title="bbox 2185 3600 3756 3671">
     <span class='ocr_line' id='line_1_83' title="bbox 2185 3600 3756 3671; baseline 0 -15"><span class='ocrx_word' id='word_1_634' title='bbox 2185 3601 2328 3667; x_wconf 87' lang='lat' dir='ltr'><strong>ﬁdei,</strong></span> <span class='ocrx_word' id='word_1_635' title='bbox 2363 3617 2464 3655; x_wconf 88' lang='lat' dir='ltr'><strong>nec</strong></span> <span class='ocrx_word' id='word_1_636' title='bbox 2503 3602 2554 3656; x_wconf 93' lang='lat' dir='ltr'><strong>in</strong></span> <span class='ocrx_word' id='word_1_637' title='bbox 2595 3601 2777 3670; x_wconf 88' lang='lat' dir='ltr'><strong>aliquo</strong></span> <span class='ocrx_word' id='word_1_638' title='bbox 2812 3600 3057 3671; x_wconf 85' lang='lat' dir='ltr'><strong>dispares</strong></span> <span class='ocrx_word' id='word_1_639' title='bbox 3091 3601 3144 3655; x_wconf 90' lang='lat' dir='ltr'><strong>in</strong></span> <span class='ocrx_word' id='word_1_640' title='bbox 3185 3603 3414 3657; x_wconf 81' lang='lat' dir='ltr'><strong>texcnda</strong></span> <span class='ocrx_word' id='word_1_641' title='bbox 3453 3603 3756 3658; x_wconf 86' lang='lat' dir='ltr'><strong>sincerissi-</strong></span> 
     </span>
    </p>
   </div>
   <div class='ocr_carea' id='block_1_84' title="bbox 2184 3695 3755 3766">
    <p class='ocr_par' dir='ltr' id='par_1_84' title="bbox 2184 3695 3755 3766">
     <span class='ocr_line' id='line_1_84' title="bbox 2184 3695 3755 3766; baseline -0.002 -14"><span class='ocrx_word' id='word_1_642' title='bbox 2184 3713 2284 3752; x_wconf 82' lang='lat' dir='ltr'><strong>ma:</strong></span> <span class='ocrx_word' id='word_1_643' title='bbox 2308 3698 2448 3751; x_wconf 89' lang='lat' dir='ltr'><strong>linea</strong></span> <span class='ocrx_word' id='word_1_644' title='bbox 2483 3697 2749 3757; x_wconf 87' lang='lat' dir='ltr'><strong>veritatis,</strong></span> <span class='ocrx_word' id='word_1_645' title='bbox 2782 3711 2846 3750; x_wconf 88' lang='lat' dir='ltr'><strong>ac</strong></span> <span class='ocrx_word' id='word_1_646' title='bbox 2876 3710 2973 3765; x_wconf 90' lang='lat' dir='ltr'><strong>per</strong></span> <span class='ocrx_word' id='word_1_647' title='bbox 2998 3710 3215 3750; x_wconf 91' lang='lat' dir='ltr'><strong>omnem</strong></span> <span class='ocrx_word' id='word_1_648' title='bbox 3245 3710 3355 3749; x_wconf 82' lang='lat' dir='ltr'><strong>sua:</strong></span> <span class='ocrx_word' id='word_1_649' title='bbox 3379 3695 3755 3766; x_wconf 82' lang='lat' dir='ltr'><strong>descriptionis</strong></span> 
     </span>
    </p>
   </div>
   <div class='ocr_carea' id='block_1_85' title="bbox 2181 3784 3751 3855">
    <p class='ocr_par' dir='ltr' id='par_1_85' title="bbox 2181 3784 3751 3855">
     <span class='ocr_line' id='line_1_85' title="bbox 2181 3784 3751 3855; baseline -0.003 -15"><span class='ocrx_word' id='word_1_650' title='bbox 2181 3787 2467 3841; x_wconf 88' lang='lat' dir='ltr'><strong>articulum</strong></span> <span class='ocrx_word' id='word_1_651' title='bbox 2519 3785 2933 3855; x_wconf 81' lang='lat' dir='ltr'><strong>inexpugnabile</strong></span> <span class='ocrx_word' id='word_1_652' title='bbox 2977 3784 3138 3838; x_wconf 90' lang='lat' dir='ltr'><strong>simul</strong></span> <span class='ocrx_word' id='word_1_653' title='bbox 3181 3784 3397 3852; x_wconf 85' lang='lat' dir='ltr'><strong>erigunt</strong></span> <span class='ocrx_word' id='word_1_654' title='bbox 3445 3799 3751 3854; x_wconf 80' lang='lat' dir='ltr'><strong>propugna-</strong></span> 
     </span>
    </p>
   </div>
   <div class='ocr_carea' id='block_1_86' title="bbox 2182 3875 3753 3946">
    <p class='ocr_par' dir='ltr' id='par_1_86' title="bbox 2182 3875 3753 3946">
     <span class='ocr_line' id='line_1_86' title="bbox 2182 3875 3753 3946; baseline -0.002 -13"><span class='ocrx_word' id='word_1_655' title='bbox 2182 3878 2362 3934; x_wconf 90' lang='lat' dir='ltr'><strong>culum</strong></span> <span class='ocrx_word' id='word_1_656' title='bbox 2401 3879 2663 3932; x_wconf 81' lang='lat' dir='ltr'><strong>adversus</strong></span> <span class='ocrx_word' id='word_1_657' title='bbox 2695 3877 2874 3931; x_wconf 85' lang='lat' dir='ltr'><strong>utnnia</strong></span> <span class='ocrx_word' id='word_1_658' title='bbox 2911 3875 3280 3945; x_wconf 89' lang='lat' dir='ltr'><strong>quarumlibet</strong></span> <span class='ocrx_word' id='word_1_659' title='bbox 3316 3877 3600 3931; x_wconf 70' lang='lat' dir='ltr'><strong>haereseon</strong></span> <span class='ocrx_word' id='word_1_660' title='bbox 3647 3877 3753 3946; x_wconf 88' lang='lat' dir='ltr'><strong>spi-</strong></span> 
     </span>
    </p>
   </div>
   <div class='ocr_carea' id='block_1_87' title="bbox 2181 3959 3752 4038">
    <p class='ocr_par' dir='ltr' id='par_1_87' title="bbox 2181 3959 3752 4038">
     <span class='ocr_line' id='line_1_87' title="bbox 2181 3959 3752 4038; baseline -0.003 -15"><span class='ocrx_word' id='word_1_661' title='bbox 2181 3959 2299 4024; x_wconf 83' lang='lat' dir='ltr'><strong>cula</strong></span> <span class='ocrx_word' id='word_1_662' title='bbox 2327 3968 2728 4038; x_wconf 61' lang='lat' dir='ltr'><strong>praemunitum.</strong></span> <span class='ocrx_word' id='word_1_663' title='bbox 2755 3965 2881 4020; x_wconf 73' lang='lat' dir='ltr'><strong>Haec</strong></span> <span class='ocrx_word' id='word_1_664' title='bbox 2901 3977 2983 4021; x_wconf 88' lang='lat' dir='ltr'><strong>est</strong></span> <span class='ocrx_word' id='word_1_665' title='bbox 3007 3967 3149 4021; x_wconf 90' lang='lat' dir='ltr'><strong>enim</strong></span> <span class='ocrx_word' id='word_1_666' title='bbox 3172 3966 3431 4035; x_wconf 85' lang='lat' dir='ltr'><strong>quadriga</strong></span> <span class='ocrx_word' id='word_1_667' title='bbox 3458 3966 3550 4020; x_wconf 89' lang='lat' dir='ltr'><strong>illa</strong></span> <span class='ocrx_word' id='word_1_668' title='bbox 3577 3965 3629 4020; x_wconf 92' lang='lat' dir='ltr'><strong>in</strong></span> <span class='ocrx_word' id='word_1_669' title='bbox 3653 3983 3752 4035; x_wconf 85' lang='lat' dir='ltr'><strong>qua</strong></span> 
     </span>
    </p>
   </div>
   <div class='ocr_carea' id='block_1_88' title="bbox 2181 4057 3750 4129">
    <p class='ocr_par' dir='ltr' id='par_1_88' title="bbox 2181 4057 3750 4129">
     <span class='ocr_line' id='line_1_88' title="bbox 2181 4057 3750 4129; baseline 0.001 -15"><span class='ocrx_word' id='word_1_670' title='bbox 2181 4059 2296 4114; x_wconf 80' lang='lat' dir='ltr'><strong>Rex</strong></span> <span class='ocrx_word' id='word_1_671' title='bbox 2326 4059 2510 4129; x_wconf 79' lang='lat' dir='ltr'><strong>gloria:</strong></span> <span class='ocrx_word' id='word_1_672' title='bbox 2545 4058 2828 4113; x_wconf 79' lang='lat' dir='ltr'><strong>exsultans</strong></span> <span class='ocrx_word' id='word_1_673' title='bbox 2850 4066 2908 4111; x_wconf 91' lang='lat' dir='ltr'><strong>ut</strong></span> <span class='ocrx_word' id='word_1_674' title='bbox 2934 4058 3106 4128; x_wconf 86' lang='lat' dir='ltr'><strong>gigas,</strong></span> <span class='ocrx_word' id='word_1_675' title='bbox 3148 4066 3203 4111; x_wconf 89' lang='lat' dir='ltr'><strong>et</strong></span> <span class='ocrx_word' id='word_1_676' title='bbox 3240 4066 3432 4127; x_wconf 89' lang='lat' dir='ltr'><strong>potens</strong></span> <span class='ocrx_word' id='word_1_677' title='bbox 3465 4057 3520 4112; x_wconf 91' lang='lat' dir='ltr'><strong>in</strong></span> <span class='ocrx_word' id='word_1_678' title='bbox 3549 4058 3750 4126; x_wconf 63' lang='grc' dir='ltr'><strong>ιιι-ωηο.</strong></span> 
     </span>
    </p>
   </div>
   <div class='ocr_carea' id='block_1_89' title="bbox 2182 4145 3754 4220">
    <p class='ocr_par' dir='ltr' id='par_1_89' title="bbox 2182 4145 3754 4220">
     <span class='ocr_line' id='line_1_89' title="bbox 2182 4145 3754 4220; baseline -0.004 -16"><span class='ocrx_word' id='word_1_679' title='bbox 2182 4149 2353 4220; x_wconf 82' lang='lat' dir='ltr'><strong>(Psal.</strong></span> <span class='ocrx_word' id='word_1_680' title='bbox 2403 4165 2514 4215; x_wconf 82' lang='lat' dir='ltr'><strong>xiv,</strong></span> <span class='ocrx_word' id='word_1_681' title='bbox 2545 4150 2722 4218; x_wconf 83' lang='lat' dir='ltr'><strong>xxnt),</strong></span> <span class='ocrx_word' id='word_1_682' title='bbox 2750 4148 2987 4218; x_wconf 90' lang='lat' dir='ltr'><strong>Principi</strong></span> <span class='ocrx_word' id='word_1_683' title='bbox 3018 4149 3204 4202; x_wconf 92' lang='lat' dir='ltr'><strong>mundi</strong></span> <span class='ocrx_word' id='word_1_684' title='bbox 3251 4145 3431 4216; x_wconf 86' lang='lat' dir='ltr'><strong>hujus,</strong></span> <span class='ocrx_word' id='word_1_685' title='bbox 3465 4149 3561 4216; x_wconf 93' lang='lat' dir='ltr'><strong>qui</strong></span> <span class='ocrx_word' id='word_1_686' title='bbox 3589 4163 3754 4218; x_wconf 83' lang='lat' dir='ltr'><strong>genus</strong></span> 
     </span>
    </p>
   </div>
   <div class='ocr_carea' id='block_1_90' title="bbox 2181 4239 3754 4308">
    <p class='ocr_par' dir='ltr' id='par_1_90' title="bbox 2181 4239 3754 4308">
     <span class='ocr_line' id='line_1_90' title="bbox 2181 4239 3754 4308; baseline -0.002 -15"><span class='ocrx_word' id='word_1_687' title='bbox 2181 4241 2476 4293; x_wconf 89' lang='lat' dir='ltr'><strong>humanum</strong></span> <span class='ocrx_word' id='word_1_688' title='bbox 2531 4240 2804 4308; x_wconf 83' lang='lat' dir='ltr'><strong>captivum</strong></span> <span class='ocrx_word' id='word_1_689' title='bbox 2850 4240 3096 4302; x_wconf 88' lang='lat' dir='ltr'><strong>tenebat,</strong></span> <span class='ocrx_word' id='word_1_690' title='bbox 3152 4239 3430 4302; x_wconf 87' lang='lat' dir='ltr'><strong>occurrit,</strong></span> <span class='ocrx_word' id='word_1_691' title='bbox 3485 4247 3544 4292; x_wconf 88' lang='lat' dir='ltr'><strong>et</strong></span> <span class='ocrx_word' id='word_1_692' title='bbox 3591 4239 3754 4292; x_wconf 84' lang='lat' dir='ltr'><strong>lorica</strong></span> 
     </span>
    </p>
   </div>
   <div class='ocr_carea' id='block_1_91' title="bbox 2179 4329 3755 4399">
    <p class='ocr_par' dir='ltr' id='par_1_91' title="bbox 2179 4329 3755 4399">
     <span class='ocr_line' id='line_1_91' title="bbox 2179 4329 3755 4399; baseline -0.001 -15"><span class='ocrx_word' id='word_1_693' title='bbox 2179 4329 2361 4384; x_wconf 88' lang='lat' dir='ltr'><strong>carnis</strong></span> <span class='ocrx_word' id='word_1_694' title='bbox 2396 4338 2638 4382; x_wconf 90' lang='lat' dir='ltr'><strong>armatus</strong></span> <span class='ocrx_word' id='word_1_695' title='bbox 2691 4329 2837 4383; x_wconf 87' lang='lat' dir='ltr'><strong>illum</strong></span> <span class='ocrx_word' id='word_1_696' title='bbox 2887 4329 3279 4397; x_wconf 88' lang='lat' dir='ltr'><strong>superveniens</strong></span> <span class='ocrx_word' id='word_1_697' title='bbox 3328 4329 3480 4392; x_wconf 86' lang='lat' dir='ltr'><strong>vicit,</strong></span> <span class='ocrx_word' id='word_1_698' title='bbox 3532 4329 3755 4399; x_wconf 89' lang='lat' dir='ltr'><strong>ejusque</strong></span> 
     </span>
    </p>
   </div>
   <div class='ocr_carea' id='block_1_92' title="bbox 2180 4417 3752 4488">
    <p class='ocr_par' dir='ltr' id='par_1_92' title="bbox 2180 4417 3752 4488">
     <span class='ocr_line' id='line_1_92' title="bbox 2180 4417 3752 4488; baseline 0.001 -18"><span class='ocrx_word' id='word_1_699' title='bbox 2180 4433 2306 4472; x_wconf 83' lang='lat' dir='ltr'><strong>vasa</strong></span> <span class='ocrx_word' id='word_1_700' title='bbox 2355 4417 2631 4472; x_wconf 90' lang='lat' dir='ltr'><strong>distribuit</strong></span> <span class='ocrx_word' id='word_1_701' title='bbox 2667 4417 2817 4486; x_wconf 85' lang='lat' dir='ltr'><strong>(Luc.</strong></span> <span class='ocrx_word' id='word_1_702' title='bbox 2860 4419 2959 4487; x_wconf 72' lang='grc' dir='ltr'>ιιι).</span> <span class='ocrx_word' id='word_1_703' title='bbox 3012 4417 3160 4473; x_wconf 84' lang='lat' dir='ltr'><strong>Hanc</strong></span> <span class='ocrx_word' id='word_1_704' title='bbox 3209 4433 3370 4486; x_wconf 90' lang='lat' dir='ltr'><strong>porro</strong></span> <span class='ocrx_word' id='word_1_705' title='bbox 3411 4420 3752 4488; x_wconf 76' lang='lat' dir='ltr'><strong>quadrigam,</strong></span> 
     </span>
    </p>
   </div>
   <div class='ocr_carea' id='block_1_93' title="bbox 500 4495 2085 4584">
    <p class='ocr_par' dir='ltr' id='par_1_93' title="bbox 500 4513 2075 4584">
     <span class='ocr_line' id='line_1_93' title="bbox 500 4513 2075 4584; baseline 0.004 -17"><span class='ocrx_word' id='word_1_706' title='bbox 500 4513 629 4568; x_wconf 91' lang='lat' dir='ltr'><strong>tuali</strong></span> <span class='ocrx_word' id='word_1_707' title='bbox 669 4513 869 4568; x_wconf 92' lang='lat' dir='ltr'><strong>mundo</strong></span> <span class='ocrx_word' id='word_1_708' title='bbox 893 4515 1153 4584; x_wconf 87' lang='lat' dir='ltr'><strong>scriptum</strong></span> <span class='ocrx_word' id='word_1_709' title='bbox 1183 4524 1267 4570; x_wconf 88' lang='lat' dir='ltr'><strong>est</strong></span> <span class='ocrx_word' id='word_1_710' title='bbox 1298 4529 1313 4568; x_wconf 89' lang='lat'><strong>:</strong></span> <span class='ocrx_word' id='word_1_711' title='bbox 1352 4535 1368 4566; x_wconf 76' lang='grc' dir='ltr'><strong>ι</strong></span> <span class='ocrx_word' id='word_1_712' title='bbox 1404 4516 1612 4570; x_wconf 88' lang='lat' dir='ltr'><strong>Domini</strong></span> <span class='ocrx_word' id='word_1_713' title='bbox 1654 4525 1780 4570; x_wconf 87' lang='lat' dir='ltr'><strong>sunt</strong></span> <span class='ocrx_word' id='word_1_714' title='bbox 1825 4519 2075 4573; x_wconf 86' lang='lat' dir='ltr'><strong>cardines</strong></span> 
     </span>
    </p>
   </div>
   <div class='ocr_carea' id='block_1_94' title="bbox 2191 4495 3757 4584">
    <p class='ocr_par' dir='ltr' id='par_1_94' title="bbox 2191 4507 3757 4578">
     <span class='ocr_line' id='line_1_94' title="bbox 2191 4507 3757 4578; baseline -0.001 -16"><span class='ocrx_word' id='word_1_715' title='bbox 2191 4523 2478 4578; x_wconf 82' lang='lat' dir='ltr'><strong>rerumque</strong></span> <span class='ocrx_word' id='word_1_716' title='bbox 2535 4508 2819 4562; x_wconf 89' lang='lat' dir='ltr'><strong>cherubim</strong></span> <span class='ocrx_word' id='word_1_717' title='bbox 2877 4507 3128 4562; x_wconf 85' lang='lat' dir='ltr'><strong>Ezechiel</strong></span> <span class='ocrx_word' id='word_1_718' title='bbox 3184 4509 3445 4578; x_wconf 88' lang='lat' dir='ltr'><strong>propheta</strong></span> <span class='ocrx_word' id='word_1_719' title='bbox 3515 4523 3581 4563; x_wconf 86' lang='lat' dir='ltr'><strong>se</strong></span> <span class='ocrx_word' id='word_1_720' title='bbox 3631 4524 3757 4562; x_wconf 86' lang='lat' dir='ltr'><strong>con-</strong></span> 
     </span>
    </p>
   </div>
   <div class='ocr_carea' id='block_1_95' title="bbox 495 4602 2072 4676">
    <p class='ocr_par' dir='ltr' id='par_1_95' title="bbox 495 4602 2072 4676">
     <span class='ocr_line' id='line_1_95' title="bbox 495 4602 2072 4676; baseline 0.003 -20"><span class='ocrx_word' id='word_1_721' title='bbox 495 4613 675 4668; x_wconf 82' lang='lat' dir='ltr'><strong>teme,</strong></span> <span class='ocrx_word' id='word_1_722' title='bbox 704 4613 759 4657; x_wconf 91' lang='lat' dir='ltr'><strong>et</strong></span> <span class='ocrx_word' id='word_1_723' title='bbox 786 4605 965 4674; x_wconf 91' lang='lat' dir='ltr'><strong>posuit</strong></span> <span class='ocrx_word' id='word_1_724' title='bbox 993 4619 1155 4672; x_wconf 87' lang='lat' dir='ltr'><strong>super</strong></span> <span class='ocrx_word' id='word_1_725' title='bbox 1184 4618 1280 4658; x_wconf 88' lang='lat' dir='ltr'><strong>eos</strong></span> <span class='ocrx_word' id='word_1_726' title='bbox 1312 4604 1497 4658; x_wconf 85' lang='lat' dir='ltr'><strong>orbem</strong></span> <span class='ocrx_word' id='word_1_727' title='bbox 1525 4603 1575 4675; x_wconf 91' lang='grc'><strong>(1</strong></span> <span class='ocrx_word' id='word_1_728' title='bbox 1607 4602 1732 4674; x_wconf 79' lang='lat' dir='ltr'><strong>Reg.</strong></span> <span class='ocrx_word' id='word_1_729' title='bbox 1763 4605 1845 4676; x_wconf 89' lang='grc' dir='ltr'>ιι).</span> <span class='ocrx_word' id='word_1_730' title='bbox 1899 4625 1916 4656; x_wconf 78' lang='grc' dir='ltr'><strong>ι</strong></span> <span class='ocrx_word' id='word_1_731' title='bbox 1969 4605 2072 4662; x_wconf 84' lang='lat' dir='ltr'><strong>Or-</strong></span> 
     </span>
    </p>
   </div>
   <div class='ocr_carea' id='block_1_96' title="bbox 493 4693 2072 4764">
    <p class='ocr_par' dir='ltr' id='par_1_96' title="bbox 493 4693 2072 4764">
     <span class='ocr_line' id='line_1_96' title="bbox 493 4693 2072 4764; baseline 0.003 -19"><span class='ocrx_word' id='word_1_732' title='bbox 493 4693 577 4747; x_wconf 89' lang='lat' dir='ltr'><strong>bis</strong></span> <span class='ocrx_word' id='word_1_733' title='bbox 611 4693 756 4746; x_wconf 88' lang='lat' dir='ltr'><strong>enim</strong></span> <span class='ocrx_word' id='word_1_734' title='bbox 790 4707 952 4762; x_wconf 88' lang='lat' dir='ltr'><strong>super</strong></span> <span class='ocrx_word' id='word_1_735' title='bbox 981 4701 1138 4748; x_wconf 67' lang='lat' dir='ltr'><strong>terrae</strong></span> <span class='ocrx_word' id='word_1_736' title='bbox 1179 4694 1428 4748; x_wconf 89' lang='lat' dir='ltr'><strong>cardines</strong></span> <span class='ocrx_word' id='word_1_737' title='bbox 1454 4694 1671 4764; x_wconf 90' lang='lat' dir='ltr'><strong>ponitur</strong></span> <span class='ocrx_word' id='word_1_738' title='bbox 1694 4734 1708 4758; x_wconf 95' lang='lat'><strong>,</strong></span> <span class='ocrx_word' id='word_1_739' title='bbox 1735 4711 1854 4751; x_wconf 92' lang='lat' dir='ltr'><strong>cum</strong></span> <span class='ocrx_word' id='word_1_740' title='bbox 1887 4705 2072 4750; x_wconf 88' lang='lat' dir='ltr'><strong>sancta</strong></span> 
     </span>
    </p>
   </div>
   <div class='ocr_carea' id='block_1_97' title="bbox 493 4783 2073 4859">
    <p class='ocr_par' dir='ltr' id='par_1_97' title="bbox 493 4783 2073 4859">
     <span class='ocr_line' id='line_1_97' title="bbox 493 4783 2073 4859; baseline 0.004 -21"><span class='ocrx_word' id='word_1_741' title='bbox 493 4783 736 4839; x_wconf 88' lang='lat' dir='ltr'><strong>Ecclesia</strong></span> <span class='ocrx_word' id='word_1_742' title='bbox 761 4793 1016 4852; x_wconf 87' lang='lat' dir='ltr'><strong>tanquam</strong></span> <span class='ocrx_word' id='word_1_743' title='bbox 1057 4799 1220 4853; x_wconf 89' lang='lat' dir='ltr'><strong>super</strong></span> <span class='ocrx_word' id='word_1_744' title='bbox 1243 4785 1402 4840; x_wconf 89' lang='lat' dir='ltr'><strong>bases</strong></span> <span class='ocrx_word' id='word_1_745' title='bbox 1445 4785 1707 4842; x_wconf 88' lang='lat' dir='ltr'><strong>doctrinis</strong></span> <span class='ocrx_word' id='word_1_746' title='bbox 1748 4789 2073 4859; x_wconf 86' lang='lat' dir='ltr'><strong>evangelieis</strong></span> 
     </span>
    </p>
   </div>
   <div class='ocr_carea' id='block_1_98' title="bbox 491 4875 2071 4946">
    <p class='ocr_par' dir='ltr' id='par_1_98' title="bbox 491 4875 2071 4946">
     <span class='ocr_line' id='line_1_98' title="bbox 491 4875 2071 4946; baseline 0.005 -18"><span class='ocrx_word' id='word_1_747' title='bbox 491 4876 778 4930; x_wconf 87' lang='lat' dir='ltr'><strong>solidatur.</strong></span> <span class='ocrx_word' id='word_1_748' title='bbox 830 4875 906 4929; x_wconf 92' lang='lat' dir='ltr'><strong>De</strong></span> <span class='ocrx_word' id='word_1_749' title='bbox 949 4891 1054 4946; x_wconf 88' lang='lat' dir='ltr'><strong>qua</strong></span> <span class='ocrx_word' id='word_1_750' title='bbox 1108 4885 1163 4931; x_wconf 91' lang='lat' dir='ltr'><strong>et</strong></span> <span class='ocrx_word' id='word_1_751' title='bbox 1210 4877 1334 4932; x_wconf 89' lang='lat' dir='ltr'><strong>alibi</strong></span> <span class='ocrx_word' id='word_1_752' title='bbox 1367 4879 1606 4933; x_wconf 69' lang='lat' dir='ltr'><strong>dicitur-</strong></span> <span class='ocrx_word' id='word_1_753' title='bbox 1643 4898 1660 4930; x_wconf 80' lang='grc' dir='ltr'><strong>ι</strong></span> <span class='ocrx_word' id='word_1_754' title='bbox 1698 4879 2071 4936; x_wconf 85' lang='lat' dir='ltr'><strong>Fundamenta</strong></span> 
     </span>
    </p>
   </div>
   <div class='ocr_carea' id='block_1_99' title="bbox 492 4965 2070 5040">
    <p class='ocr_par' dir='ltr' id='par_1_99' title="bbox 492 4965 2070 5040">
     <span class='ocr_line' id='line_1_99' title="bbox 492 4965 2070 5040; baseline 0.006 -22"><span class='ocrx_word' id='word_1_755' title='bbox 492 4967 610 5034; x_wconf 86' lang='lat' dir='ltr'><strong>ejus</strong></span> <span class='ocrx_word' id='word_1_756' title='bbox 639 4965 693 5018; x_wconf 92' lang='lat' dir='ltr'><strong>in</strong></span> <span class='ocrx_word' id='word_1_757' title='bbox 727 4965 1000 5020; x_wconf 86' lang='lat' dir='ltr'><strong>montibus</strong></span> <span class='ocrx_word' id='word_1_758' title='bbox 1022 4967 1225 5022; x_wconf 87' lang='lat' dir='ltr'><strong>sanctis</strong></span> <span class='ocrx_word' id='word_1_759' title='bbox 1252 4966 1426 5037; x_wconf 78' lang='lat' dir='ltr'><strong>(Psal.</strong></span> <span class='ocrx_word' id='word_1_760' title='bbox 1453 4970 1694 5040; x_wconf 75' lang='lat' dir='ltr'><strong>Lxxxvt).</strong></span> <span class='ocrx_word' id='word_1_761' title='bbox 1733 4989 1752 5021; x_wconf 79' lang='grc' dir='ltr'><strong>ι</strong></span> <span class='ocrx_word' id='word_1_762' title='bbox 1782 4970 1883 5037; x_wconf 75' lang='lat' dir='ltr'><strong>Qui</strong></span> <span class='ocrx_word' id='word_1_763' title='bbox 1927 4973 2070 5027; x_wconf 72' lang='lat' dir='ltr'><strong>rnim</strong></span> 
     </span>
    </p>
   </div>
   <div class='ocr_carea' id='block_1_100' title="bbox 493 5055 1969 5128">
    <p class='ocr_par' dir='ltr' id='par_1_100' title="bbox 493 5055 1969 5128">
     <span class='ocr_line' id='line_1_100' title="bbox 493 5055 1969 5128; baseline 0.007 -21"><span class='ocrx_word' id='word_1_764' title='bbox 493 5055 603 5109; x_wconf 86' lang='lat' dir='ltr'><strong>illic</strong></span> <span class='ocrx_word' id='word_1_765' title='bbox 632 5056 903 5121; x_wconf 88' lang='lat' dir='ltr'><strong>cardines,</strong></span> <span class='ocrx_word' id='word_1_766' title='bbox 936 5057 1022 5111; x_wconf 90' lang='lat' dir='ltr'><strong>hic</strong></span> <span class='ocrx_word' id='word_1_767' title='bbox 1047 5060 1298 5128; x_wconf 82' lang='lat' dir='ltr'><strong>appellati</strong></span> <span class='ocrx_word' id='word_1_768' title='bbox 1329 5071 1454 5116; x_wconf 88' lang='lat' dir='ltr'><strong>sunt</strong></span> <span class='ocrx_word' id='word_1_769' title='bbox 1486 5071 1719 5116; x_wconf 90' lang='lat' dir='ltr'><strong>montes.</strong></span> <span class='ocrx_word' id='word_1_770' title='bbox 1965 5123 1969 5126; x_wconf 17' lang='grc' dir='ltr'><strong><em>Α</em></strong></span> 
     </span>
    </p>
   </div>
   <div class='ocr_carea' id='block_1_101' title="bbox 566 5144 2071 5222">
    <p class='ocr_par' dir='ltr' id='par_1_101' title="bbox 566 5144 2071 5222">
     <span class='ocr_line' id='line_1_101' title="bbox 566 5144 2071 5222; baseline 0.006 -23"><span class='ocrx_word' id='word_1_771' title='bbox 566 5144 1028 5214; x_wconf 86' lang='lat' dir='ltr'><strong>Evangelistarum</strong></span> <span class='ocrx_word' id='word_1_772' title='bbox 1074 5148 1232 5216; x_wconf 87' lang='lat' dir='ltr'><strong>plane</strong></span> <span class='ocrx_word' id='word_1_773' title='bbox 1278 5165 1502 5204; x_wconf 91' lang='lat' dir='ltr'><strong>numero</strong></span> <span class='ocrx_word' id='word_1_774' title='bbox 1539 5151 1860 5222; x_wconf 87' lang='lat' dir='ltr'><strong>congruitet</strong></span> <span class='ocrx_word' id='word_1_775' title='bbox 1891 5154 2071 5208; x_wconf 87' lang='lat' dir='ltr'><strong>mundi</strong></span> 
     </span>
    </p>
   </div>
   <div class='ocr_carea' id='block_1_102' title="bbox 2180 4598 3754 4670">
    <p class='ocr_par' dir='ltr' id='par_1_102' title="bbox 2180 4598 3754 4670">
     <span class='ocr_line' id='line_1_102' title="bbox 2180 4598 3754 4670; baseline -0.003 -16"><span class='ocrx_word' id='word_1_776' title='bbox 2180 4601 2423 4670; x_wconf 86' lang='lat' dir='ltr'><strong>spexisse</strong></span> <span class='ocrx_word' id='word_1_777' title='bbox 2446 4599 2914 4663; x_wconf 89' lang='lat' dir='ltr'><strong>commemoravit,</strong></span> <span class='ocrx_word' id='word_1_778' title='bbox 2941 4614 3064 4654; x_wconf 90' lang='lat' dir='ltr'><strong>cum</strong></span> <span class='ocrx_word' id='word_1_779' title='bbox 3091 4599 3208 4652; x_wconf 90' lang='lat' dir='ltr'><strong>ait:</strong></span> <span class='ocrx_word' id='word_1_780' title='bbox 3245 4617 3262 4650; x_wconf 75' lang='grc' dir='ltr'><strong>ι</strong></span> <span class='ocrx_word' id='word_1_781' title='bbox 3297 4598 3614 4652; x_wconf 88' lang='lat' dir='ltr'><strong>Similitudo</strong></span> <span class='ocrx_word' id='word_1_782' title='bbox 3659 4615 3754 4651; x_wconf 85' lang='lat' dir='ltr'><strong>au-</strong></span> 
     </span>
    </p>
   </div>
   <div class='ocr_carea' id='block_1_103' title="bbox 2181 4685 3755 4751">
    <p class='ocr_par' dir='ltr' id='par_1_103' title="bbox 2181 4685 3755 4751">
     <span class='ocr_line' id='line_1_103' title="bbox 2181 4685 3755 4751; baseline -0.004 -7"><span class='ocrx_word' id='word_1_783' title='bbox 2181 4700 2286 4744; x_wconf 91' lang='lat' dir='ltr'><strong>tem</strong></span> <span class='ocrx_word' id='word_1_784' title='bbox 2318 4689 2500 4744; x_wconf 91' lang='lat' dir='ltr'><strong>vultus</strong></span> <span class='ocrx_word' id='word_1_785' title='bbox 2548 4703 2736 4743; x_wconf 92' lang='lat' dir='ltr'><strong>eorum</strong></span> <span class='ocrx_word' id='word_1_786' title='bbox 2782 4687 2951 4746; x_wconf 82' lang='lat' dir='ltr'><strong>facies</strong></span> <span class='ocrx_word' id='word_1_787' title='bbox 2996 4687 3248 4751; x_wconf 89' lang='lat' dir='ltr'><strong>hominis,</strong></span> <span class='ocrx_word' id='word_1_788' title='bbox 3287 4694 3341 4740; x_wconf 89' lang='lat' dir='ltr'><strong>et</strong></span> <span class='ocrx_word' id='word_1_789' title='bbox 3383 4685 3556 4741; x_wconf 80' lang='lat' dir='ltr'><strong>facies</strong></span> <span class='ocrx_word' id='word_1_790' title='bbox 3586 4686 3755 4739; x_wconf 83' lang='lat' dir='ltr'><strong>leonis</strong></span> 
     </span>
    </p>
   </div>
   <div class='ocr_carea' id='block_1_104' title="bbox 2177 4776 3754 4849">
    <p class='ocr_par' dir='ltr' id='par_1_104' title="bbox 2177 4776 3754 4849">
     <span class='ocr_line' id='line_1_104' title="bbox 2177 4776 3754 4849; baseline -0.004 -14"><span class='ocrx_word' id='word_1_791' title='bbox 2177 4797 2207 4835; x_wconf 88' lang='lat' dir='ltr'><strong>a</strong></span> <span class='ocrx_word' id='word_1_792' title='bbox 2254 4781 2460 4836; x_wconf 80' lang='lat' dir='ltr'><strong>dextris</strong></span> <span class='ocrx_word' id='word_1_793' title='bbox 2512 4781 2752 4849; x_wconf 88' lang='lat' dir='ltr'><strong>ipsorum</strong></span> <span class='ocrx_word' id='word_1_794' title='bbox 2793 4787 3054 4847; x_wconf 90' lang='lat' dir='ltr'><strong>quatuor,</strong></span> <span class='ocrx_word' id='word_1_795' title='bbox 3108 4776 3274 4831; x_wconf 80' lang='lat' dir='ltr'><strong>facies</strong></span> <span class='ocrx_word' id='word_1_796' title='bbox 3320 4783 3502 4829; x_wconf 88' lang='lat' dir='ltr'><strong>autem</strong></span> <span class='ocrx_word' id='word_1_797' title='bbox 3535 4777 3692 4830; x_wconf 77' lang='lat' dir='ltr'><strong>bovis</strong></span> <span class='ocrx_word' id='word_1_798' title='bbox 3724 4795 3754 4829; x_wconf 91' lang='lat' dir='ltr'><strong>a</strong></span> 
     </span>
    </p>
   </div>
   <div class='ocr_carea' id='block_1_105' title="bbox 2177 4868 3756 4942">
    <p class='ocr_par' dir='ltr' id='par_1_105' title="bbox 2177 4868 3756 4942">
     <span class='ocr_line' id='line_1_105' title="bbox 2177 4868 3756 4942; baseline -0.005 -14"><span class='ocrx_word' id='word_1_799' title='bbox 2177 4873 2415 4928; x_wconf 88' lang='lat' dir='ltr'><strong>sinistris</strong></span> <span class='ocrx_word' id='word_1_800' title='bbox 2458 4874 2696 4942; x_wconf 90' lang='lat' dir='ltr'><strong>ipsorum</strong></span> <span class='ocrx_word' id='word_1_801' title='bbox 2725 4884 2980 4940; x_wconf 90' lang='lat' dir='ltr'><strong>quatuor,</strong></span> <span class='ocrx_word' id='word_1_802' title='bbox 3009 4879 3064 4923; x_wconf 89' lang='lat' dir='ltr'><strong>et</strong></span> <span class='ocrx_word' id='word_1_803' title='bbox 3102 4868 3267 4924; x_wconf 81' lang='lat' dir='ltr'><strong>iacies</strong></span> <span class='ocrx_word' id='word_1_804' title='bbox 3295 4869 3492 4937; x_wconf 75' lang='lat' dir='ltr'><strong>aquila:</strong></span> <span class='ocrx_word' id='word_1_805' title='bbox 3517 4869 3756 4937; x_wconf 87' lang='lat' dir='ltr'><strong>desuper</strong></span> 
     </span>
    </p>
   </div>
   <div class='ocr_carea' id='block_1_106' title="bbox 2177 4961 3752 5034">
    <p class='ocr_par' dir='ltr' id='par_1_106' title="bbox 2177 4961 3752 5034">
     <span class='ocr_line' id='line_1_106' title="bbox 2177 4961 3752 5034; baseline -0.004 -15"><span class='ocrx_word' id='word_1_806' title='bbox 2177 4966 2415 5033; x_wconf 91' lang='lat' dir='ltr'><strong>ipsorum</strong></span> <span class='ocrx_word' id='word_1_807' title='bbox 2453 4974 2688 5034; x_wconf 89' lang='lat' dir='ltr'><strong>quatuor</strong></span> <span class='ocrx_word' id='word_1_808' title='bbox 2719 4963 2937 5034; x_wconf 71' lang='lat' dir='ltr'><strong>(Ezech.</strong></span> <span class='ocrx_word' id='word_1_809' title='bbox 2967 4961 3030 5030; x_wconf 87' lang='grc' dir='ltr'><strong>ι).</strong></span> <span class='ocrx_word' id='word_1_810' title='bbox 3070 4982 3087 5014; x_wconf 79' lang='grc' dir='ltr'><strong>ι</strong></span> <span class='ocrx_word' id='word_1_811' title='bbox 3121 4963 3265 5029; x_wconf 88' lang='lat' dir='ltr'><strong>Quos</strong></span> <span class='ocrx_word' id='word_1_812' title='bbox 3315 4963 3568 5030; x_wconf 68' lang='lat' dir='ltr'><strong>profecto</strong></span> <span class='ocrx_word' id='word_1_813' title='bbox 3614 4977 3752 5014; x_wconf 87' lang='lat' dir='ltr'><strong>non-</strong></span> 
     </span>
    </p>
   </div>
   <div class='ocr_carea' id='block_1_107' title="bbox 2176 5049 3751 5112">
    <p class='ocr_par' dir='ltr' id='par_1_107' title="bbox 2176 5049 3751 5112">
     <span class='ocr_line' id='line_1_107' title="bbox 2176 5049 3751 5112; baseline -0.004 -3"><span class='ocrx_word' id='word_1_814' title='bbox 2176 5055 2306 5109; x_wconf 91' lang='lat' dir='ltr'><strong>nulli</strong></span> <span class='ocrx_word' id='word_1_815' title='bbox 2334 5056 2723 5110; x_wconf 87' lang='lat' dir='ltr'><strong>eatholicorum</strong></span> <span class='ocrx_word' id='word_1_816' title='bbox 2755 5054 2975 5108; x_wconf 84' lang='lat' dir='ltr'><strong>Patrum</strong></span> <span class='ocrx_word' id='word_1_817' title='bbox 3004 5049 3106 5108; x_wconf 78' lang='lat' dir='ltr'><strong>hee</strong></span> <span class='ocrx_word' id='word_1_818' title='bbox 3136 5053 3326 5106; x_wconf 88' lang='lat' dir='ltr'><strong>ordine</strong></span> <span class='ocrx_word' id='word_1_819' title='bbox 3349 5053 3751 5112; x_wconf 81' lang='lat' dir='ltr'><strong>discrevemnt,</strong></span> 
     </span>
    </p>
   </div>
   <div class='ocr_carea' id='block_1_108' title="bbox 2174 5141 3755 5215">
    <p class='ocr_par' dir='ltr' id='par_1_108' title="bbox 2174 5141 3755 5215">
     <span class='ocr_line' id='line_1_108' title="bbox 2174 5141 3755 5215; baseline -0.006 -14"><span class='ocrx_word' id='word_1_820' title='bbox 2174 5155 2235 5201; x_wconf 83' lang='lat' dir='ltr'><strong>ut</strong></span> <span class='ocrx_word' id='word_1_821' title='bbox 2292 5146 2418 5215; x_wconf 90' lang='lat' dir='ltr'><strong>quia</strong></span> <span class='ocrx_word' id='word_1_822' title='bbox 2460 5148 2526 5200; x_wconf 88' lang='lat' dir='ltr'><strong>ab</strong></span> <span class='ocrx_word' id='word_1_823' title='bbox 2576 5145 2813 5199; x_wconf 90' lang='lat' dir='ltr'><strong>humana</strong></span> <span class='ocrx_word' id='word_1_824' title='bbox 2861 5144 3208 5214; x_wconf 86' lang='lat' dir='ltr'><strong>generatione</strong></span> <span class='ocrx_word' id='word_1_825' title='bbox 3255 5142 3442 5212; x_wconf 76' lang='lat' dir='ltr'><strong>cmpit,</strong></span> <span class='ocrx_word' id='word_1_826' title='bbox 3487 5141 3613 5207; x_wconf 89' lang='lat' dir='ltr'><strong>jure</strong></span> <span class='ocrx_word' id='word_1_827' title='bbox 3655 5155 3755 5208; x_wconf 79' lang='lat' dir='ltr'><strong>per</strong></span> 
     </span>
    </p>
   </div>
  </div>
