3978 5328
118 229 234 293 ’381

1550 213 1792 275 'SERMO
1833 217 2013 274 XLIX.

3296 219 3398 274 782

130 349 376 404 verbum
410 346 588 416 (Joan.
619 342 676 414 ι),
703 363 718 396 ι
751 342 874 397 dum
901 344 953 397 in
977 357 1095 397 eam
1127 339 1484 395 substantiam
1517 335 1719 388 Divini-
1747 341 1794 399 Α
1824 334 1946 403 gelii
1986 349 2089 387 non
2131 335 2363 389 omittat.
2416 331 2549 390 Nam
2593 336 2764 404 ipsum
2797 352 3014 407 quoque
3051 353 3161 393 sua:
3204 355 3399 396 narra-

132 442 268 495 tatis
289 439 536 503 intendit,
552 437 702 506 quasi
727 453 876 492 more
899 436 1089 506 aquin
1107 433 1294 490 oculos
1318 433 1370 486 in
1397 431 1561 486 solent
1577 430 1716 485 ﬁxit.

213 529 323 584 Sed
379 529 436 593 ii,
486 529 578 598 qui
609 538 824 582 sanctos
855 525 1217 596 evangelistas
1257 537 1354 592 per
1403 521 1720 575 animalium

140 619 352 690 ﬁguras
383 619 482 673 sub
520 619 622 671 hac
651 617 913 672 varietate
944 615 1301 685 distinguunt,
1337 611 1506 682 magis
1541 611 1720 664 consi-

130 711 331 766 derare
391 709 642 763 videntur
712 707 987 778 Evangelii
1049 705 1314 774 cujusque
1372 703 1716 772 principium,

125 816 298 870 quam
345 801 661 853 continuum
710 799 988 868 sequentis
1037 797 1277 851 historia:
1313 804 1542 849 textum.
1582 791 1719 846 Nam

127 894 226 962 qui
265 893 515 946 seriatim
547 902 774 946 cunctas
805 891 1135 961 evangelica:
1179 888 1512 944 narrationis
1537 887 1719 942 curio-

126 981 250 1035 sius
281 991 447 1050 atqne
496 981 755 1034 minutius
784 980 1107 1050 indagavere
1135 979 1454 1040 sententias,
1486 977 1547 1030 B.
1576 976 1718 1030 Mat-

131 1070 281 1123 tbaao
327 1085 436 1124 non
469 1069 724 1131 hominis,
756 1068 852 1123 sed
889 1069 1117 1139 ﬁguram
1148 1067 1507 1121 decreverunt
1550 1065 1720 1119 ascri-

129 1160 369 1214 bendam
421 1175 541 1215 esse
584 1160 776 1214 leonis.
823 1159 933 1212 Leo
968 1159 1134 1222 enim,
1184 1165 1244 1210 ut
1295 1157 1373 1210 ait
1413 1156 1715 1224 Scriptura,

133 1247 477 1301 fortissimus
504 1249 801 1302 bestiarum
829 1247 895 1299 ad
927 1247 1128 1300 nullius
1170 1246 1388 1314 pavebit
1430 1260 1718 1298 occursum

119 1338 325 1406 (Prov.
368 1339 524 1408 xxx).
580 1339 648 1392 Et
693 1340 820 1407 quia
855 1355 950 1393 rex
1000 1337 1315 1392 animalium
1363 1339 1580 1401 dicitur,
1613 1354 1717 1392 non

130 1430 435 1500 incongrue
466 1432 527 1483 Β.
563 1430 835 1493 Mattbaeo,
872 1431 963 1499 qui
1010 1431 1211 1496 regiam
1239 1430 1439 1484 Christi
1475 1431 1720 1484 cernitur

130 1523 338 1577 texisse
391 1539 704 1592 personant,
747 1523 920 1578 leonis
961 1523 1170 1591 species
1210 1522 1522 1591 deputatur.
1565 1521 1719 1577 Unde

132 1614 268 1666 etin
309 1614 634 1685 Apocalypsi
665 1615 928 1670 Dominus
949 1631 1076 1669 cum
1113 1615 1228 1684 ipsa
1269 1616 1415 1669 tribu
1459 1617 1604 1686 regia
1634 1617 1717 1670 leo

1825 429 1987 483 tionis
2011 429 2292 484 exordium
2325 429 2453 498 quid
2495 430 2637 483 aliud
2683 440 2991 494 coacervat,
3023 447 3184 500 quam
3224 433 3400 487 diver-

1822 537 2004 576 sorum
2038 523 2253 576 nomina
2278 522 2656 576 sacerdotum?
2683 543 2698 574 ε
2735 522 2879 588 Fuit,
2909 525 3097 592 inquit,
3129 526 3180 578 in
3211 525 3402 581 diebus

1813 611 2052 666 Herodis
2109 612 2251 680 regis
2305 611 2504 666 ludam
2558 614 2813 668 sacerdos
2878 616 3117 683 quidam,
3182 616 3403 672 nomine

1817 700 2134 771 Zacharias,
2186 703 2252 755 de
2295 703 2415 756 vice
2461 702 2618 765 Abia,
2661 712 2720 756 et
2763 720 2899 758 uxor
2929 702 3044 770 ejus
3074 706 3139 757 de
3191 705 3403 758 ﬁliabus

1821 789 2002 842 Aaron
2051 789 2204 858 (Luc.
2237 790 2309 858 1).
2337 809 2364 840 -ι
2395 790 2653 845 Eumdem
2682 795 3032 861 postmodum
3075 794 3400 848 Zachariam

1818 879 1876 932 in
1930 881 2128 949 templo
2167 890 2293 934 ante
2347 881 2516 934 altare
2560 883 2863 946 constituit,
2917 883 3138 936 Mariam
3187 899 3403 953 quoque

1821 969 2091 1039 virginem
2140 970 2325 1024 domui
2372 972 2675 1026 sacerdotis
2719 973 2944 1028 inducit.
2977 975 3402 1043 Quadragesimo

1819 1069 2002 1114 autem
2059 1059 2367 1116 Nativitatis
2427 1062 2515 1116 die
2568 1077 2793 1132 puerum
2845 1064 2912 1118 ad
2973 1065 3228 1141 templqu
3278 1080 3400 1118 cum

1821 1156 2138 1211 muneribus
2193 1167 2374 1226 portat
2433 1155 2586 1228 (Luc.
2627 1156 2692 1226 ι),
2747 1156 3297 1226 ἀυοάειιεωήιιοτιυθ
3344 1158 3399 1210 iu

1822 1249 2026 1318 templo
2075 1249 2405 1313 audientem,
2459 1256 2513 1301 et
2564 1248 2988 1318 interrogantm
3036 1263 3160 1301 cum
3208 1247 3400 1300 docto-

1821 1337 1972 1391 ribus
2015 1338 2363 1392 iuthrouizat.
2412 1336 2616 1392 Deinde
2649 1348 2904 1406 parentes
2952 1336 3164 1390 Domini
3209 1344 3403 1390 narrat

1820 1443 1918 1498 per
1953 1443 2144 1482 onmes
2185 1442 2354 1482 annos
2402 1427 2719 1482 ascendisse
2768 1426 3102 1480 Hierusalem
3149 1427 3219 1480 ad
3262 1435 3399 1480 tem.

1817 1521 1966 1590 plum
2000 1536 2053 1574 In
2087 1520 2174 1573 die
2203 1520 2560 1573 solemnitatis
2587 1518 2828 1573 Paschm.

1892 1612 2117 1666 Demum
2163 1610 2510 1679 Evangelium
2542 1625 2698 1663 suum
2730 1610 2834 1663 hoc
2864 1608 2970 1663 ﬁne
3007 1609 3291 1673 conclusit,
3340 1619 3402 1662 ut

126 1712 595 1759 cmumcnmratus
625 1715 727 1760 est.
761 1704 862 1760 Ubi
894 1705 1098 1758 dictum
1133 1713 1253 1759 est:
1282 1723 1303 1756 ι
1333 1703 1476 1759 Vicit
1519 1706 1603 1760 leo
1650 1707 1716 1761 de
1745 1689 1793 1749 Β
1822 1704 2065 1758 diceret:
2092 1720 2118 1754 -ι
2149 1702 2254 1772 Ipsi
2295 1704 2585 1756 adorantes
2623 1703 2854 1772 regressi
2887 1709 3012 1756 sunt
3039 1701 3397 1766 Hierusalem,

119 1792 275 1846 tribu
300 1791 438 1847 Jnda
451 1794 637 1865 (Apoc.
659 1795 734 1865 v).
756 1815 774 1848 ι
795 1795 1080 1850 Mattltmus
1107 1796 1288 1864 itaque
1306 1797 1366 1849 in
1390 1797 1715 1852 declaranda

121 1886 282 1954 regia
317 1885 496 1954 stirpe
531 1885 754 1940 Domini
804 1886 1126 1944 familiarius
1157 1896 1332 1949 vacat,
1381 1895 1438 1940 et
1475 1888 1622 1941 sicut
1650 1888 1718 1942 ab

119 1976 236 2030 hac
277 1976 608 2031 narrationis
633 1978 914 2031 exordium
941 1979 1190 2046 sumpsit,
1218 1979 1296 2032 sic
1324 1979 1376 2030 in
1415 1979 1604 2032 eadem
1639 1979 1718 2031 iu-

119 2065 378 2119 tcntione
408 2074 578 2119 totam
605 2066 728 2136 styli
755 2068 837 2120 sui
868 2069 1066 2121 seriem
1101 2069 1170 2120 ad
1201 2069 1359 2121 tinem
1394 2083 1563 2136 usque
1590 2084 1714 2137 per-

124 2155 300 2208 ducit.
336 2154 723 2210 Generationis
748 2157 948 2226 quippe
985 2157 1186 2211 lineam
1221 2166 1411 2212 texens
1441 2159 1508 2211 ad
1544 2159 1712 2212 David

119 2246 404 2313 pervenit,
433 2247 626 2300 deinde
657 2262 754 2316 per
783 2247 1129 2300 Salomonem
1173 2247 1464 2310 transiens,
1487 2256 1717 2302 caeteros

132 2351 294 2409 reges
323 2338 375 2392 in
405 2337 780 2392 enumeranda
809 2338 1024 2408 generis
1045 2338 1392 2391 successione
1420 2338 1712 2408 percurrit.

119 2427 198 2482 Et
229 2427 396 2496 paulo
428 2427 757 2495 post-refert,
784 2427 928 2496 quod
953 2427 1020 2481 ab
1048 2427 1271 2482 Oriente
1303 2427 1441 2494 magi
1469 2426 1713 2490 veniunt,

121 2519 520 2574 etJuda‘orum
553 2519 756 2590 Regem
800 2527 984 2573 natum
1013 2519 1244 2573 solerter
1291 2519 1600 2586 inquirunt;
1645 2518 1718 2572 sic

124 2609 240 2663 mul
289 2609 459 2664 etiam
510 2610 637 2679 quia
686 2623 779 2663 rex
821 2609 1070 2664 Herodes
1113 2606 1594 2679 turbatus(.i!nttlt.
1630 2607 1714 2679 tt),

127 2702 264 2754 dum
292 2700 464 2764 audit,
495 2701 638 2770 quod
675 2717 767 2755 rex
795 2709 992 2770 przeter
1015 2715 1075 2756 se
1104 2701 1156 2754 in
1184 2699 1493 2755 Judteorum
1519 2700 1718 2770 pepulo

127 2799 293 2846 natus
318 2800 430 2855 est;
461 2791 654 2846 deinde
675 2792 956 2863 subjungit
981 2791 1313 2862 parabolam,
1339 2791 1431 2844 ubi
1458 2791 1717 2845 Dominus

121 2881 253 2936 ait:
285 2899 304 2932 ι
335 2879 528 2936 Simile
569 2891 653 2937 est
678 2898 902 2952 regnum
934 2882 1194 2937 cmlnrnm
1225 2883 1429 2936 homini
1458 2883 1595 2950 regi,
1621 2883 1716 2951 qui

1817 1803 1874 1849 et
1924 1802 2082 1848 erant
2133 1793 2374 1863 quotidie
2425 1793 2477 1846 in
2531 1793 2728 1861 templo
2778 1793 3056 1847 laudantes
3101 1794 3292 1857 Deum,
3347 1803 3402 1846 et

1816 1883 2203 1939 benedicentes
2271 1883 2557 1937 Dominum
2603 1881 2771 1953 (Luc.
2837 1884 3013 1952 xxiv).
3068 1901 3086 1933 ι
3141 1883 3402 1937 Mediator

1817 1975 2018 2043 quippe
2044 1973 2140 2028 Dei
2171 1982 2226 2027 et
2252 1973 2530 2026 hominum
2556 1971 2854 2026 secundum
2898 1971 3192 2025 humanam
3239 1979 3401 2025 natu-

1812 2081 1935 2120 ram
1969 2081 2109 2120 unus
2159 2065 2409 2134 idemque
2454 2079 2549 2120 rex
2577 2077 2699 2118 esse
2739 2063 2907 2118 voluit
2933 2069 2992 2118 et
3032 2065 3305 2127 sacerdos,
3339 2074 3402 2118 ut

1817 2171 1918 2225 per
1946 2157 2090 2210 vires
2123 2171 2222 2212 nos
2259 2157 2456 2227 regalis
2500 2156 2670 2225 apicis
2713 2164 2947 2227 regeret,
2997 2166 3053 2210 et
3091 2173 3190 2226 per
3217 2173 3402 2212 sacer-

1820 2249 1960 2304 dotis
1995 2247 2231 2303 oﬂieium
2268 2248 2533 2315 expiaret.
2574 2246 2675 2301 Ha:
2706 2247 2972 2315 siquidem
3007 2247 3125 2301 dua:
3155 2263 3400 2315 personae

1810 2339 1920 2394 sub
1951 2339 2123 2410 ﬁgura
2157 2338 2360 2393 Christi
2404 2337 2716 2407 Specialiter
2751 2345 2880 2391 sunt
2907 2353 2936 2390 a
2965 2337 3218 2392 Patribus
3250 2353 3400 2392 cout-

1820 2431 2105 2492 mendatae,
2157 2429 2244 2484 cui
2301 2427 2676 2498 principaliter
2719 2443 2784 2482 ac
2825 2427 3085 2498 singulari
3126 2443 3398 2500 praeroga-

1821 2521 1929 2575 tiva
1958 2519 2108 2575 dedit
2151 2521 2294 2573 Deus
2322 2519 2505 2573 sedem
2552 2518 2719 2571 David
2761 2519 2934 2587 patris
2970 2517 3106 2586 ejus,
3141 2528 3200 2572 ut
3247 2519 3398 2590 regni

1817 2609 1936 2679 ejus
1983 2627 2089 2665 non
2139 2620 2282 2665 esset
2321 2609 2470 2674 ﬁnis,
2501 2618 2555 2662 et
2583 2617 2640 2662 ut
2668 2610 2926 2665 sacerdos
2971 2617 3118 2664 esset
3148 2610 3203 2665 in
3233 2619 3397 2664 aiter-

1809 2719 1946 2758 uum
1975 2701 2270 2758 secundum
2298 2701 2540 2756 ordinem
2572 2700 2961 2756 Melchisedech
2991 2701 3164 2772 (Psal.
3189 2701 3324 2770 (ιιι).

1884 2793 2186 2862 Utriusque
2232 2803 2362 2862 ergo
2420 2793 2704 2847 ministerii
2741 2794 3059 2863 dignitatem
3109 2793 3399 2849 Matthzeus

1814 2898 1871 2941 et
1909 2885 2085 2941 Lucas
2134 2887 2207 2940 ita
2255 2886 2397 2939 inter
2443 2901 2502 2938 se
2551 2885 2781 2940 invicem
2836 2887 3106 2946 dividunt.
3151 2895 3209 2940 ut
3259 2886 3398 2942 alter

123 2972 264 3029 fecit
292 2975 508 3045 nuptias
535 2975 644 3030 ﬁlio
658 2990 756 3031 suo
777 2960 989 3046 (Matth.
1010 2981 1164 3044 χχιι).
1191 2995 1210 3027 ι
1239 2975 1371 3028 Natu
1393 2985 1448 3030 et
1484 2975 1718 3029 instante
1753 3041 1788 3049 _
1807 2980 2022 3036 Christi
2050 2995 2297 3049 regnum,
2328 2978 2466 3032 alter
2493 2979 2694 3033 indicet
2732 2978 3115 3034 sacerdotium.
3164 2977 3402 3049 Spiritus

126 3063 436 3119 salutifera:
483 3065 754 3135 passionis
795 3065 1051 3130 articulo,
1083 3073 1268 3119 narrat
1299 3081 1428 3119 eum
1471 3066 1711 3120 dixisse:
1743 3041 1788 3104 (ἶ
1819 3070 1964 3123 enim
1998 3077 2219 3122 sanctus
2249 3081 2344 3138 per
2379 3083 2582 3136 organa
2615 3083 2709 3122 sua
2741 3067 2820 3122 sic
2847 3068 3077 3138 prepriae
3115 3068 3401 3138 potestatis

128 3175 153 3208 4
184 3155 324 3225 Quia
353 3173 477 3212 eum
501 3156 895 3212 sederitFilius
919 3157 1228 3212 hominisin
1259 3157 1387 3212 sede
1415 3155 1717 3225 majestatis
1813 3158 1937 3228 jura
1967 3159 2260 3226 dispensat,
2311 3165 2369 3210 ut
2421 3158 2546 3210 dum
2597 3171 2692 3225 per
2737 3153 2873 3209 duos
2921 3171 3057 3208 unus
3104 3155 3398 3225 eloquitur,

125 3265 270 3312 sum,
322 3252 804 3320 congregabuntur
839 3257 975 3304 ante
1003 3265 1126 3304 eum
1165 3264 1356 3302 omnes
1402 3257 1622 3318 gentes;
1664 3258 1720 3303 ει

119 3337 262 3405 quia
307 3346 436 3392 tunc
472 3337 616 3392 dicet
655 3353 750 3392 rex
796 3339 880 3392 bis
923 3337 1014 3407 qui
1046 3353 1076 3390 a
1105 3337 1312 3391 dextris
1362 3335 1482 3404 ejus
1510 3346 1714 3390 erunt:

127 3428 346 3492 Venite,
392 3429 685 3494 benedicti,
719 3427 895 3482 Patris
927 3428 1034 3482 mei
1074 3428 1238 3498 .282
1297 3427 1562 3497 percipite
1628 3442 1718 3481 re-

125 3534 294 3589 gnum
325 3518 545 3587 (lllault.
582 3520 734 3590 xxv).
775 3539 794 3572 ι
828 3519 1111 3574 Postremo
1141 3519 1420 3572 dest-ructo
1442 3533 1539 3588 per
1567 3534 1714 3572 mor-

122 3613 239 3663 tem
270 3624 426 3664 suam
459 3611 649 3665 mortis
693 3611 940 3680 imperio,
989 3618 1044 3664 et
1074 3610 1248 3664 beata:
1281 3609 1717 3665 Resurrectionis

125 3710 460 3755 coruscante
491 3700 786 3771 triumpho,
814 3708 1004 3755 narrat
1028 3715 1150 3754 eum
1180 3700 1382 3754 dixisse
1401 3698 1713 3768 discipulis:

123 3807 152 3840 τ
186 3791 320 3844 Data
354 3799 440 3844 est
470 3790 602 3844 mihi
641 3790 820 3845 omnis
857 3799 1098 3859 potestas
1123 3790 1180 3843 in
1223 3788 1364 3844 coelo
1393 3797 1448 3844 et
1485 3789 1538 3842 in
1571 3796 1715 3843 terra

121 3879 348 3949 (Bauli.
375 3884 593 3949 xxvut).
627 3902 651 3932 τ

191 3971 311 4036 llis,
363 3983 422 4028 et
461 3973 769 4042 hujusmodi
823 3975 1251 4032 darescentibus
1305 3975 1358 4030 in
1405 3975 1714 4046 evangelica

123 4062 498 4136 descriptione
547 4068 864 4132 sententiis,
927 4069 1104 4137 iiqnet
1158 4068 1219 4121 Β.
1285 4065 1598 4121 Matthmum
1660 4067 1713 4122 in

116 4156 508 4226 prosequenda
556 4158 703 4225 regia
751 4158 922 4228 stirpe
966 4157 1202 4220 Domini,
1254 4157 1499 4211 tenacius
1550 4169 1713 4226 quam

120 4258 356 4303 caeteros
407 4247 579 4304 fuisse
633 4259 930 4304 versatum.
996 4247 1382 4318 Unusquisque
1443 4247 1713 4317 siquidem

120 4348 444 4394 sanctorum
505 4339 958 4408 evangelistarum
1001 4339 1277 4408 proprium
1313 4352 1378 4393 ac
1421 4336 1711 4408 specialem

115 4429 373 4484 ordinem
401 4437 606 4493 servat,
653 4439 709 4484 et
745 4429 799 4484 in
840 4429 979 4499 ejus,
1020 4445 1124 4498 qua
1161 4429 1346 4498 coepit,
1396 4429 1712 4482 intentionis

116 4520 373 4576 custodia
422 4529 760 4590 perseverat.
804 4520 939 4576 Nam
981 4520 1219 4575 Joannes
1259 4521 1576 4590 propensius
1619 4534 1713 4572 oc—

120 4622 353 4684 cupatur
379 4615 448 4666 ad
491 4612 873 4668 declarandam
922 4613 975 4667 in
1025 4613 1241 4668 Christo
1287 4611 1587 4666 divinitatis
1624 4623 1712 4661 es-

121 4707 383 4758 sentiam.
433 4704 725 4759 Mattlneus
768 4713 969 4768 autem,
1013 4715 1074 4758 ut
1105 4706 1307 4758 dictum
1335 4713 1439 4766 est,
1471 4702 1712 4756 ostendit

124 4794 332 4863 regiam
374 4792 720 4864 dignitatem.
774 4792 987 4848 Marcus
1017 4807 1148 4847 vero
1195 4799 1454 4862 tanquam
1503 4790 1707 4847 assecla

120 4886 233 4939 sive
282 4885 568 4940 breviatur
619 4880 736 4950 ejus
785 4899 904 4939 esse
953 4883 1201 4946 videtur,
1255 4883 1382 4938 dum
1443 4895 1540 4950 per
1595 4881 1712 4953 ejus

116 4975 348 5047 vestigia
389 4974 734 5042 subsequens
767 4975 1032 5043 graditur,
1070 4979 1125 5028 et
1167 4972 1248 5028 sic
1287 4971 1366 5027 illi
1403 4969 1518 5024 sive
1563 4971 1705 5041 ejus-

118 5068 239 5122 dem
289 5068 508 5131 verbis,
562 5064 682 5119 sive
709 5065 890 5122 eodem
934 5081 1098 5122 sensu
1156 5064 1208 5119 in
1265 5061 1518 5118 omnibus
1573 5077 1710 5132 pene

113 5161 435 5223 concordat,
485 5165 549 5211 ut
595 5165 849 5224 tanquam
902 5173 931 5213 a
988 5154 1346 5226 praecedentis
1383 5165 1441 5206 se
1495 5154 1710 5208 tramite

114 5265 222 5305 non
271 5252 524 5306 recedat.
587 5247 764 5302 Lucas
813 5251 977 5306 etiam
1044 5247 1321 5319 proprium
1376 5245 1596 5300 modum
1647 5248 1707 5300 Et

1821 3249 1962 3304 idem
2025 3247 2377 3302 sentientium
2445 3246 2691 3316 quaedam
2759 3245 2810 3298 in
2875 3245 3051 3299 verbis
3112 3244 3402 3302 diversitas

1818 3338 2178 3409 exprimatur.
2205 3337 2362 3392 Unde
2389 3351 2512 3390 cum
2549 3334 2855 3396 Matthazus,
2887 3335 2978 3405 qui
3020 3335 3252 3406 regalem
3296 3335 3403 3390 Do~

1819 3431 1957 3486 mini
1990 3444 2282 3500 personam
2315 3437 2631 3497 susceperat
2657 3426 3090 3492 describendam,
3121 3427 3172 3480 in
3204 3443 3406 3498 genea-

1819 3523 1974 3593 logiae
1999 3532 2257 3578 contextu
2311 3535 2464 3590 reges
2512 3527 2823 3586 euumeret;
2879 3519 3053 3575 Lucas
3103 3521 3168 3574 ad
3224 3521 3400 3590 ipsum

1819 3615 1988 3669 David
2019 3627 2124 3668 non
2158 3613 2364 3682 regium
2399 3612 2616 3667 schema
2641 3620 2964 3681 prosecutus
2992 3611 3258 3675 ascendit,
3303 3611 3400 3667 sed

1817 3717 1916 3771 per
1955 3717 2047 3756 eos
2095 3700 2185 3770 qui
2236 3715 2393 3770 reges
2439 3715 2545 3754 non
2601 3698 2836 3763 fuerant,
2885 3699 3018 3752 exiit
3065 3700 3132 3753 ad
3184 3698 3399 3753 Nathan

1819 3795 1986 3849 ﬁlium
2017 3793 2204 3855 David,
2237 3793 2326 3860 qui
2372 3803 2470 3845 nec
2509 3792 2622 3861 ipse
2655 3805 2749 3845 rex
2784 3789 2908 3843 fuit.
2957 3787 3109 3846 Unde
3140 3790 3401 3848 divinitus

1820 3895 1999 3940 actum
2026 3895 2129 3949 est,
2161 3894 2219 3937 nt
2263 3900 2366 3937 non
2401 3883 2561 3955 263
2596 3882 2791 3938 habeat
2821 3884 3026 3938 socium
3059 3885 3397 3956 subsequen-

1820 3986 1950 4040 tem,
1986 3975 2076 4044 qui
2109 3973 2232 4045 Styli
2275 3974 2356 4028 sui
2395 3983 2576 4027 teneat
2600 3973 2821 4037 seriem,
2845 3971 3100 4041 quoniam
3143 3977 3402 4029 sacerdos

1818 4069 1871 4124 in
1905 4068 2102 4123 Sancta
2151 4077 2462 4122 sanctorum
2504 4066 2651 4120 solus
2683 4065 2942 4131 intrabat,
2992 4075 3156 4136 atque
3198 4069 3402 4123 idcirco

1816 4161 1907 4216 hic
1949 4162 2065 4216 sine
2101 4159 2306 4214 comite
2340 4166 2441 4222 est,
2491 4159 2616 4228 quia
2660 4173 2717 4212 se
2757 4158 2902 4212 circa
2952 4157 3162 4212 Domini
3211 4174 3408 4216 sacer-

1816 4253 2021 4308 dotium
2080 4251 2390 4320 Speeialiter
2437 4258 2705 4320 occupat;
2760 4247 3048 4302 Matthaeus
3088 4256 3291 4315 autem,
3349 4259 3422 4310 ut,

1815 4345 2133 4417 prmdictum
2190 4353 2311 4406 est,
2373 4342 2731 4396 breviatorem
2791 4340 3028 4394 Marcum
3089 4348 3254 4411 atque
3319 4323 3423 4410 per!

1738 4405 2132 4505 Dilissequum
2192 4405 2412 4497 habuit,
2474 4430 2599 4500 quia
2651 4430 2853 4484 Christi
2905 4430 3110 4498 regiam
3163 4405 3413 4500 digni-ta-

1819 4533 1924 4580 tem
1981 4540 2135 4592 reges
2183 4521 2554 4577 enumerando
2607 4520 2916 4588 descripsit.
2973 4520 3153 4589 Regia:
3200 4521 3404 4590 quippe

1816 4614 2165 4670 sublimitatis
2190 4622 2296 4676 est,
2320 4620 2496 4666 utnon
2512 4612 2630 4667 sine
2655 4613 2915 4667 cuutitutn
2943 4612 3224 4682 gradiatur
3246 4613 3404 4666 obse-

1818 4705 1966 4776 quio.

1891 4793 2045 4850 Hunc
2082 4797 2274 4854 ducem
2308 4804 2356 4850 et
2398 4810 2499 4851 nos
2538 4809 2854 4867 sequamur,
2901 4796 3254 4856 dilectissimi
3301 4792 3416 4847 fra-

1818 4892 1930 4944 tres
1967 4889 2094 4955 mei,
2130 4908 2234 4947 non
2277 4887 2628 4957 Evangelium
2675 4888 2995 4952 breviando,
3041 4896 3148 4948 sed
3187 4898 3429 4952 evange-

1816 4985 1918 5038 l'ca
1951 4996 2217 5057 pl‘mcepta
2270 4981 2558 5036 servando.
2597 4981 2754 5040 Hunc
2803 4987 2868 5038 ad
2917 4984 3086 5037 vitam
3129 4989 3430 5055 sequamur

1811 5073 2024 5130 itineris
2097 5077 2377 5144 praevium.
2452 5070 2623 5141 Hujus
2704 5075 3046 5137 salutiferum
3149 5076 3434 5136 imitemur

1809 5161 2142 5230 exemplum,
2174 5164 2268 5236 qui
2305 5175 2452 5222 mox,
2481 5170 2536 5217 ut
2565 5166 2813 5222 vocantis
2834 5180 2891 5220 se
2923 5163 3245 5224 Salvatoris
3274 5152 3434 5213 andi-

1815 5255 1891 5308 vit
1933 5251 2218 5320 imperium
2258 5247 2474 5321 (Matth.
2534 5250 2638 5321 Ix),
2674 5271 2783 5309 nou
2825 5260 3131 5310 cunctatus
3174 5260 3280 5312 est,
3336 5253 3447 5294 ιιοῐι
