3978 5328
549 336 654 390 785

1154 333 1211 385 Β.
1244 333 1445 386 PETRI
1478 329 1758 384 DAMiANI
1800 329 1949 384 Ol'P.
1981 329 2160 384 PARS
2199 332 2330 386 SEU‘
2377 332 2614 387 TOML’S
2639 333 2700 386 ll.
2743 362 2811 371 —
2841 332 3224 388 SERMONES.

3687 330 3801 392 781

545 462 602 506 et
651 449 878 518 impiger
927 447 1260 516 properavit,
1313 455 1568 512 tanquam
1620 454 1741 513 post
1775 443 2119 513 naufragium
2153 454 2194 508 Α
2225 447 2500 508 ordinem,
2568 457 2623 498 et
2675 445 2977 514 angelicam
3031 446 3258 498 sortitus
3313 453 3399 498 est
3456 445 3801 514 dignitatem.

545 543 755 598 delatus
784 541 834 593 in
862 548 1098 609 portum,
1132 538 1375 590 divinum
1407 537 1534 589 illud
1565 536 1804 590 celeuma
1837 537 2116 602 cantavit:

550 652 568 683 ι
600 632 882 701 Dirnpisti,
932 629 1179 691 Domine,
1222 626 1432 680 vincula
1481 642 1625 690 mea,
1670 627 1763 679 tibi
1805 627 2124 681 sacrificabo

543 723 776 776 hostiam
806 719 981 772 laudis
1012 716 1187 774 (Psal.
1216 717 1367 784 cxv).
1400 736 1416 766 ι
1446 714 1543 768 Vel
1573 716 1724 781 illud,
1757 716 1899 784 quod
1929 731 2122 784 sponsa

542 811 852 866 modulatur
905 810 956 862 iu
1022 807 1269 861 Canticis
1321 807 1659 860 canticorum
1711 824 1723 857 :
1779 826 1795 855 ι
1842 805 2124 858 Paululum

543 918 670 958 cum
703 902 1124 974 pertransissem
1165 915 1281 962 eos,
1322 899 1501 954 inveni
1534 914 1693 966 qucm
1725 898 1898 966 diligit
1944 897 2124 951 anima

543 1011 688 1062 mea,
721 996 892 1057 tenui,
933 1009 1033 1048 nec
1057 993 1325 1046 dimittam
1354 1007 1475 1045 eum
1509 991 1686 1060 (Cant.
1717 990 1823 1057 ut),
1863 1010 1880 1040 υ
1923 989 2014 1057 qui
2044 997 2127 1041 est

541 1086 860 1142 benedictus
887 1087 940 1140 in
973 1084 1187 1140 saecula.
1218 1085 1413 1137 Amen.

1167 1191 1400 1248 SERth
1435 1193 1496 1246 L.

533 1304 606 1340 -tt.
659 1305 726 1342 DE
765 1302 968 1341 διιδετο
1007 1301 1281 1341 ιιιττιι.εο
1318 1299 1587 1424 Αριιςμςοω
1626 1299 1696 1338 ετ
1736 1297 2120 1338 εκθλκςειιιετλ.

1169 1364 1282 1424 (XXI
1313 1372 1462 1410 serv.

1169 1364 1282 1424 (ιιιιι
1313 1372 1462 1410 serv.

616 1448 660 1501 Ο
708 1459 868 1515 quam
916 1445 1112 1504 dulcis.
1153 1461 1313 1513 quam
1361 1443 1619 1511 jucunda,
1674 1458 1838 1513 quam
1893 1443 2124 1495 delecta-

546 1543 670 1598 bilis
700 1552 784 1596 est
810 1544 912 1596 ista
951 1542 1240 1604 festivitas,
1290 1539 1487 1592 fratres
1525 1539 1652 1600 mei,
1683 1539 1734 1590 in
1767 1552 1872 1605 qua
1915 1536 2124 1589 scilicet

546 1639 612 1689 ad
641 1651 881 1690 amorem
914 1635 1004 1687 Dci
1036 1643 1290 1702 peccator
1316 1631 1662 1694 accenditur;
1702 1629 1834 1682 fides
1863 1639 2118 1694 augetur;

546 1743 721 1790 meus,
769 1744 888 1796 qua:
939 1724 1230 1788 difﬁdebat,
1273 1724 1534 1792 erigitur;
1581 1730 1743 1775 ccrlre
1787 1720 1897 1787 spei
1949 1719 2119 1787 gratia

2228 536 2360 602 Quis
2395 537 2541 589 enim
2582 537 2790 589 neseiat
2823 535 3207 603 evangelistam
3249 533 3318 587 ab
3349 535 3609 603 angelico
3657 550 3810 590 voca-

2228 627 2357 680 bulo
2385 627 2654 680 derivari?
2685 625 2800 680 Non
2846 626 3020 678 solum
3051 627 3233 694 itaque
3275 626 3558 694 apostolus
3581 635 3689 689 est,
3722 628 3807 680 sed

2225 730 2280 772 et
2307 718 2662 787 evangelista.
2689 719 2773 781 Et,
2805 726 2864 770 ut
2895 718 2967 770 ita
2999 718 3192 781 fatear,
3223 717 3559 786 evangelista
3585 732 3808 786 evange-

2228 809 2477 862 listarum
2507 823 2613 861 nou
2655 809 2926 861 immerito
2953 807 3176 871 dicitur,
3212 809 3300 876 qui
3333 809 3465 871 dux,
3496 819 3553 862 et
3575 823 3804 876 praeces-

2228 915 2322 952 sor
2363 915 2425 952 ac
2477 899 2686 966 primus
2730 899 2971 952 omnium
3025 901 3310 967 reperitur.
3369 899 3527 953 Unde
3576 907 3636 951 et
3675 899 3807 952 illius

2228 990 2504 1058 quadriga:
2533 988 2792 1052 caelestis,
2821 1003 2984 1057 quam
3025 990 3106 1042 vel
3135 988 3370 1043 Joannes
3398 991 3452 1042 in
3481 989 3805 1060 Apocalypsi

2228 1094 2288 1133 sc
2343 1080 2544 1133 vidisse
2594 1079 2869 1147 perhibuit
2927 1079 3123 1147 (Apoc.
3157 1078 3264 1145 tv),
3315 1079 3403 1132 vel
3461 1078 3719 1132 Ezechiel
3759 1081 3805 1131 in

2231 1170 2543 1238 prophetica
2563 1170 2770 1224 visione
2797 1170 3081 1238 conspexit
3108 1169 3322 1238 (Ezech.
3348 1169 3428 1239 ι),
3459 1170 3553 1223 hic
3587 1183 3804 1237 congrue

2224 1269 2407 1329 potest
2455 1276 2561 1312 non
2609 1261 2771 1313 modo
2815 1273 2965 1327 pars,
3007 1259 3099 1313 sed
3131 1269 3185 1313 et
3223 1261 3412 1328 auriga
3453 1261 3667 1315 vocari.
3717 1260 3804 1326 Qui

2227 1352 2355 1402 dum
2413 1351 2480 1402 ad
2535 1349 2879 1403 scribendum
2932 1349 3280 1418 Evangeliuut
3339 1351 3557 1418 primus
3608 1353 3804 1419 erupit,

2227 1441 2381 1508 quasi
2434 1441 2722 1508 quamdam
2789 1440 2987 1494 lineam
3041 1442 3393 1510 pratcedeudo
3444 1442 3713 1504 tetendit;
3757 1450 3805 1494 et

2229 1532 2370 1582 unde
2409 1531 2588 1582 caeteri
2637 1538 2940 1592 currerent,
2992 1531 3334 1586 rectitudinis
3374 1532 3633 1585 semitam
3677 1534 3807 1585 desi-

2227 1620 2438 1686 guavit;
2489 1631 2548 1673 ut
2600 1622 2738 1674 sicut
2783 1623 2850 1674 de
2895 1621 3011 1674 Elia
3054 1621 3252 1675 dicitur
3295 1621 3376 1690 (II
3425 1621 3557 1691 Reg.
3597 1626 3682 1688 ιι),
3727 1626 3805 1676 hic

2229 1710 2392 1763 etiam
2443 1724 2656 1776 currus,
2704 1719 2758 1763 et
2802 1711 2987 1780 auriga
3029 1711 3170 1777 illius
3217 1713 3430 1781 mystici
3483 1716 3802 1767 sacramenti

544 1819 872 1874 cuntulatur.
919 1816 1052 1871 Nam
1083 1816 1224 1884 quod
1269 1814 1396 1869 alibi
1427 1812 1609 1866 verbis
1640 1810 1987 1870 instruimur,
2039 1808 2123 1861 hic
2159 1800 2199 1856 ll
2233 1801 2427 1854 merito
2456 1813 2817 1870 nuneupetur.

544 1911 681 1962 vivis
745 1909 998 1977 operibus
1062 1907 1393 1974 experimur.
1478 1903 1730 1971 Legimus
1795 1901 2123 1970 siquidem:

551 2019 570 2052 ι
601 2000 760 2066 Agite
790 1998 1193 2066 pmnitcntiam;
1241 1993 1700 2064 appropinquabit
1726 1991 1870 2045 enim
1903 2006 2128 2060 regnum

527 2091 805 2143 'cmlorum
849 2087 1068 2156 (Matth.
1105 2087 1207 2155 tu).
1242 2105 1258 2137 ι
1311 2086 1454 2138 Inter
1503 2085 1878 2153 pwnitentiam
1926 2083 2134 2136 SClilCtl

546 2194 882 2250 regnumque
917 2178 1177 2231 coriorum
1222 2175 1353 2229 nihil
1383 2185 1466 2228 est
1497 2175 1752 2227 medium.
1795 2172 1918 2226 llzec
1943 2182 2124 2226 autem

535 2266 802 2335 praeclara
836 2265 1100 2320 festivitas
1131 2280 1235 2319 non
1268 2265 1430 2319 modo
1451 2263 1541 2316 dat
1563 2262 1948 2332 paenitentibus
1977 2275 2126 2330 spem

539 2352 1021 2427 regnicaslorum,
1061 2353 1153 2408 sed
1184 2362 1239 2406 et
1273 2352 1556 2422 pteuitenti
1599 2359 1786 2404 narrat
1824 2349 2126 2404 exhibitutn

531 2446 788 2502 ccclestis
818 2444 1154 2499 excellentia:
1186 2445 1542 2513 principatum
1591 2441 1722 2508 Quis
1749 2441 1894 2494 enim
1923 2441 2129 2495 nesciat

533 2537 605 2601 Β.
660 2537 969 2592 Matthamm
1029 2537 1352 2589 telouarium
1409 2535 1728 2596 exstitisse,
1788 2542 1951 2601 atque
2007 2531 2127 2586 ideo

543 2628 922 2700 peccatorem?
953 2626 1187 2696 (Matth.
1236 2642 1320 2686 ix.
1365 2641 1429 2688 x;
1465 2625 1632 2677 Marc.
1677 2623 1738 2693 ι).
1785 2621 1935 2688 Quod
1976 2631 2126 2675 certe

545 2719 687 2774 idem
718 2718 832 2788 ipse
865 2733 968 2771 non
1016 2725 1177 2778 tacet,
1229 2717 1356 2769 dum
1395 2731 1452 2768 se
1501 2714 1554 2767 iu
1599 2715 1716 2782 ipso
1758 2712 2123 2780 apostolorum

545 2809 792 2880 catalogo
837 2808 1183 2878 publicanum
1221 2807 1467 2875 perhibet
1509 2824 1521 2859 :
1561 2826 1577 2856 ‹
1617 2804 1877 2867 Thomas,
1929 2804 2123 2873 inquit,

533 2908 602 2951 et
658 2897 940 2951 Mattbteus
987 2896 1307 2966 publicanus
1355 2895 1506 2965 (an.
1555 2896 1644 2965 v);
1687 2915 1704 2947 ι
1761 2894 1942 2948 caeteri
1997 2909 2127 2946 vero

546 2988 888 3057 evangelista:
903 2989 1041 3042 Levi
1087 2989 1264 3058 potius
1297 3003 1420 3041 eum
1453 2998 1668 3051 vocant,
1692 3002 1757 3040 ne
1797 2996 2125 3050 consortem,

552 3081 662 3134 imo
710 3081 1025 3148 primarium
1081 3079 1378 3147 evangelici
1435 3080 1616 3147 operis
1663 3078 1958 3136 notabilem
2008 3077 2131 3131 ναξ-

547 3169 697 3226 daut.
733 3168 851 3236 lpse
880 3178 1060 3222 autem
1091 3168 1437 3236 publicanum
1467 3183 1526 3222 sc
1565 3168 1684 3222 ideo
1713 3167 1928 3229 asserit,
1973 3176 2031 3220 ιιι
2072 3175 2126 3220 et
2155 3138 2199 3199 θ

532 3260 875 3314 >ltumilitatis
903 3260 955 3313 in
987 3275 1046 3313 se
1072 3259 1312 3326 regulam
1344 3267 1546 3320 teneat,
1585 3267 1634 3311 et
1667 3267 1882 3312 nostras
1909 3258 1976 3312 ad
2004 3274 2125 3326 spe-

547 3351 776 3404 randum
819 3351 884 3403 de
911 3350 1146 3420 peccatis
1174 3350 1385 3402 veniam
1419 3359 1630 3403 tuentes
1657 3350 1936 3404 accendat.
1973 3349 2051 3424 Ac
2081 3349 2124 3402 si

549 3459 671 3497 cum
725 3443 1037 3512 coapostolo
1089 3457 1188 3497 suo
1241 3441 1356 3510 ipse
1399 3441 1561 3495 etiam
1613 3441 1794 3495 dicat:
1832 3441 2128 3496 «Christus

536 3535 696 3601 venit
733 3535 786 3589 in
836 3535 980 3588 hunc
1029 3533 1288 3587 nmndum
1338 3541 1650 3602 peccatores
1700 3533 1879 3587 salvos
1921 3533 2125 3596 facere,

546 3642 774 3696 quormn
813 3627 1022 3696 primus
1058 3641 1158 3695 ego
1187 3641 1340 3690 sum;
1389 3625 1481 3678 sed
1527 3626 1648 3678 ideo
1697 3625 2125 3678 miscricordiam

545 3726 867 3772 consecutus
903 3731 1055 3779 sum,
1124 3723 1180 3769 ut
1247 3715 1299 3768 in
1359 3730 1444 3768 me
1504 3716 1736 3783 primum
1817 3714 2129 3768 ostenderet

530 3807 797 3862 Christus
847 3804 1006 3859 Jesus
1053 3818 1269 3858 omnem
1330 3804 1649 3871 patientiam
1698 3804 1765 3858 ad
1817 3804 2126 3871 exemplum

548 3911 760 3958 eorum,
812 3895 902 3964 qui
950 3893 1206 3949 credituri
1258 3901 1384 3947 sunt
1429 3891 1502 3945 illi
1555 3893 1607 3946 iu
1655 3893 1818 3946 vitam
1869 3903 2127 3945 aeternam

552 3985 601 4052 (ι
635 3985 770 4037 Tim.
799 3984 860 4052 ι).
910 4004 927 4035 ι

619 4072 887 4126 Provocat
935 4087 1064 4140 ergo
1108 4087 1251 4126 nunc
1289 4087 1387 4125 nos
1428 4071 1493 4125 ad
1546 4071 1868 4140 sperandam
1916 4071 2127 4124 veniam

549 4163 738 4226 verbo,
767 4162 907 4216 sicut
937 4162 1065 4215 olim
1105 4177 1222 4225 eos,
1260 4163 1352 4230 qui
1386 4162 1630 4223 aderant,
1672 4161 1914 4215 incitavit
1943 4175 2126 4214 exem-

550 4256 661 4325 plo.
716 4253 860 4322 Dicit
899 4253 1042 4308 enim
1076 4253 1228 4322 ipse:
1265 4272 1283 4302 ι
1315 4251 1452 4319 Quia
1495 4250 1696 4305 factum
1742 4261 1846 4314 est,
1892 4253 2128 4305 discunt-

549 4345 711 4400 bcntc
739 4341 903 4415 264
936 4341 1061 4397 Jesu
1102 4343 1155 4395 in
1193 4343 1373 4406 domo,
1409 4355 1536 4394 ecce
1587 4340 1739 4392 multi
1777 4341 2046 4408 publicani
2077 4350 2130 4394 et

548 4447 866 4506 peceatores
917 4435 1198 4490 venientes
1245 4432 1657 4487 discumbebant
1714 4448 1835 4487 cum
1898 4431 2023 4486 Jesu
2075 4441 2128 4486 et

549 4529 828 4600 discipulis
858 4527 974 4596 ejus
999 4526 1213 4598 (Matth.
1247 4526 1355 4596 ix);
1378 4545 1394 4578 ι
1422 4525 1508 4579 ubi
1539 4525 1738 4580 scilicet
1764 4533 1818 4578 et
1844 4524 2125 4580 Matthzeus

550 4630 688 4675 erat.
732 4619 844 4674 Nisi
895 4619 1039 4674 enim
1089 4618 1187 4672 iste
1219 4633 1339 4672 cum
1385 4617 1594 4673 Domini
1625 4617 1900 4688 discipulis
1954 4619 2122 4671 inter-

549 4716 730 4775 esset,
789 4719 897 4764 tam
962 4709 1304 4765 familiariter
1363 4708 1429 4761 ad
1479 4709 1764 4762 Dominum
1812 4717 2127 4778 peccatores

555 4802 812 4856 accedere
867 4814 973 4854 non
1032 4801 1312 4855 auderent.
1374 4799 1486 4854 Nisi
1543 4810 1881 4868 peccatorem
1939 4809 2127 4854 contu-

552 4891 746 4940 hernio
785 4889 1084 4940 Salvatoris
1111 4890 1373 4940 inhaerere
1407 4891 1814 4940 consnicerent.
1844 4906 1980 4940 auos
2013 4905 2128 4938 sce-

2303 1890 2444 1945 Ntilli
2476 1891 2634 1960 plane
2663 1893 2974 1948 mortalium
3012 1895 3112 1948 hoc
3138 1895 3281 1948 Deus
3307 1895 3662 1963 omnipotens
3688 1911 3805 1950 am-

2231 1983 2372 2045 ttilit,
2404 1994 2461 2036 ttt
2493 1986 2606 2038 hate
2645 1985 2754 2038 duo
2789 1987 3258 2052 praictniucntittm
3286 1987 3617 2053 dignitatum
3667 1988 3799 2039 fasti—

2229 2074 2316 2141 gia
2354 2075 2409 2128 in
2450 2090 2551 2127 una
2605 2075 2765 2128 simul
2817 2092 3045 2144 persona
3091 2088 3456 2141 concurrant,
3505 2080 3716 2132 scilicet
3753 2092 3803 2129 ut

2231 2167 2509 2235 apostolus
2531 2169 2818 2235 quisquam
2847 2169 2937 2232 sit,
2961 2179 3016 2223 et
3037 2171 3389 2239 evangelista,
3424 2172 3529 2224 nisi
3565 2171 3804 2224 Mattha-o

2227 2268 2281 2312 ct
2307 2257 2534 2324 Joanni;
2567 2275 2798 2327 quorum
2846 2261 3056 2316 Scilicet
3105 2262 3244 2316 alter
3286 2263 3636 2331 publicanus,
3677 2263 3805 2315 alter

2226 2363 2310 2408 est
2354 2353 2528 2422 virgo.
2593 2353 2659 2406 Et
2714 2354 2817 2407 hoc
2867 2354 3131 2422 profunda
3185 2354 3352 2408 divini
3407 2356 3805 2424 dispensatimic

2227 2445 2461 2500 cousiiii.
2493 2443 2760 2498 Nimirum
2785 2455 2844 2499 ut
2868 2455 2927 2498 et
2956 2447 3057 2500 iste
3085 2447 3150 2500 ad
3179 2445 3574 2500 misericordia:
3607 2446 3803 2498 fontem

2228 2537 2609 2606 peccatoribus
2655 2549 2712 2590 se
2747 2538 3007 2592 exhibeat
3034 2539 3316 2605 prtevium,
3361 2547 3417 2590 et
3444 2538 3534 2590 ille
3578 2539 3804 2591 custodi-

2230 2627 2300 2678 tis
2339 2636 2394 2680 et
2422 2627 2801 2682 innocentibus
2821 2628 2891 2681 sit
2913 2627 3250 2697 exemplum;
3281 2639 3553 2697 quatenus
3573 2640 3628 2682 et
3652 2629 3805 2698 lapsis

2235 2717 2542 2785 quibusque
2589 2717 2794 2782 peracti
2835 2717 3054 2771 sceleris
3091 2718 3410 2787 magnitudo
3454 2733 3564 2771 non
3611 2719 3803 2778 obviet,

2228 2815 2283 2860 et
2314 2808 2542 2859 mundos
2571 2821 2634 2861 ac
2663 2807 2823 2861 nullis
2851 2807 3170 2862 criminibus
3190 2809 3418 2863 obrutos
3441 2818 3635 2876 patens
3650 2808 3805 2875 ianua

2230 2897 2416 2965 gratim
2442 2896 2681 2949 caelestis
2709 2896 2918 2951 invitet.

2302 2985 2493 3049 Porro,
2521 2986 2662 3040 sicut
2689 2986 2886 3041 Phison
2925 2987 3132 3056 primus
3175 2987 3318 3042 inter
3347 2990 3594 3058 paradisi
3623 2989 3803 3043 uvios

2234 3078 2427 3146 legitur
2452 3075 2604 3144 (Gen.
2650 3079 2732 3147 ti),
2764 3079 2844 3132 sic
2877 3079 3020 3133 inter
3046 3090 3264 3135 sanctos
3291 3081 3664 3150 evaiigclistas
3701 3084 3804 3148 pri-

2233 3184 2351 3221 mus
2391 3169 2682 3222 invenitur.
2723 3169 2787 3222 Et
2819 3170 2958 3224 bene
3002 3171 3102 3226 sibi
3152 3171 3268 3225 haec
3316 3173 3661 3241 comparatio
3687 3189 3807 3226 con-

2223 3259 2404 3328 gruit;
2436 3259 2639 3314 Phison
2685 3259 2950 3327 siquidem
2982 3260 3087 3314 aris
3129 3263 3350 3314 mutatio
3397 3263 3803 3332 interpretatur.

2231 3351 2303 3401 ()s
2329 3349 2474 3403 enim
2507 3364 2664 3403 suum
2702 3350 2818 3417 ipse
2850 3351 3098 3415 mutavit,
3127 3353 3270 3419 quod
3297 3352 3556 3407 videlicet
3583 3370 3614 3407 a
3643 3369 3804 3407 sacu-

2231 3435 2435 3490 laribus
2463 3436 2644 3492 verbis
2666 3438 2734 3490 ad
2773 3439 3175 3506 praedicandum
3197 3439 3555 3508 Evangelium
3581 3450 3808 3495 transtu-

2221 3526 2321 3590 lit;
2355 3534 2407 3580 et
2455 3526 2595 3593 quod
2646 3541 2802 3580 suum
2850 3527 3000 3596 prius
3033 3529 3324 3583 carnaliter
3363 3530 3567 3592 fuerat,
3616 3539 3673 3583 ut
3719 3530 3804 3584 Dei

2231 3626 2394 3680 esset,
2426 3615 2623 3672 effecit.
2670 3618 2896 3674 Dicente
2923 3634 3020 3688 per
3052 3620 3370 3688 prophetam
3409 3623 3642 3675 Domino
3667 3641 3678 3674 :
3707 3640 3727 3672 ι
3753 3621 3804 3674 Si

2233 3712 2572 3779 scparavcris
2621 3712 2920 3779 pretiosum
2964 3727 2992 3764 a
3039 3712 3154 3775 vili,
3183 3713 3334 3780 quasi
3378 3730 3442 3766 os
3483 3730 3666 3767 meum
3705 3714 3808 3768 eris

2233 3801 2449 3872 (Jerem.
2482 3805 2594 3872 xv).
2630 3821 2648 3853 ι
2683 3801 2902 3856 Factum
2927 3813 3012 3858 est
3034 3820 3162 3872 ergo
3196 3805 3248 3857 in
3275 3803 3335 3856 Β.
3370 3803 3652 3867 Μςιιιικεο,
3673 3807 3802 3874 quad

2231 3892 2490 3960 scriptum
2518 3900 2638 3945 est:
2671 3909 2689 3942 ι
2719 3891 2856 3958 Quia
2893 3893 2981 3946 ubi
3029 3894 3325 3948 abundavit.
3367 3906 3678 3962 peccatum,
3725 3909 3806 3948 Stt-

2230 3986 2622 4055 perabundavit
2649 3995 2705 4040 et
2733 3987 2905 4053 gratia
2948 3985 3119 4055 (Rom.
3159 3986 3233 4057 v).
3269 4007 3286 4037 ι
3317 3987 3474 4040 Sicut
3508 3989 3658 4041 enim
3690 4002 3802 4040 vera

2230 4086 2312 4132 est
2361 4076 2451 4130 illa
2500 4076 2798 4145 Scriptura:
2845 4077 3132 4141 sententia,
3189 4094 3293 4146 qua
3347 4078 3594 4131 dicitur:
3634 4076 3803 4143 «Qui:

2233 4182 2337 4218 non
2365 4175 2449 4220 est
2493 4166 2690 4221 divina:
2732 4166 2918 4220 virtuti
2963 4164 3289 4230 differentia,
3331 4167 3451 4221 sive
3503 4168 3560 4220 iu
3613 4167 3804 4226 multis,

2232 4256 2343 4310 sive
2375 4256 2425 4308 in
2464 4257 2650 4325 paucis
2675 4257 2888 4310 vincere
2917 4255 2968 4324 (ι
3017 4255 3140 4326 Reg.
3176 4262 3333 4322 xxv);
3371 4277 3386 4308 ι
3426 4258 3506 4312 ita
3531 4259 3700 4311 etiam
3737 4257 3808 4309 di-

2232 4347 2370 4400 vina:
2393 4347 2585 4415 ‘pietati
2616 4346 2690 4399 nil
2720 4346 2899 4400 dill'ert
2929 4347 3042 4400 sive
3087 4348 3324 4402 mimmis
3351 4347 3673 4417 quibusque
3697 4362 3809 4417 pec-

2234 4437 2389 4500 catis,
2422 4438 2536 4490 sive
2583 4435 2837 4506 gravibus
2869 4435 3164 4506 indulgere.
3195 4438 3248 4490 lu
3281 4439 3380 4491 hoc
3410 4438 3582 4505 igitur
3603 4439 3814 4507 egreg‘o

2235 4530 2348 4583 viro
2376 4529 2554 4583 divina
2579 4529 2751 4600 gratia
2785 4529 3109 4584 mirabiliter
3140 4529 3454 4593 abundavit,
3491 4533 3584 4586 cui
3613 4531 3815 4585 scilicet

2233 4624 2444 4692 gemina
2478 4622 2832 4691 praerogativa
2863 4623 3149 4684 concessit,
3184 4638 3286 4682 non
3323 4625 3487 4676 modo
3516 4639 3647 4679 cum
3691 4638 3814 4691 apo-

2236 4713 2392 4768 stolis
2416 4712 2767 4778 Evangelium
2811 4712 2970 4784 265
3010 4715 3324 4782 praedicare,
3366 4715 3460 4769 sed
3491 4730 3622 4769 cum
3657 4730 3818 4769 evan-

2235 4806 2442 4876 gelistis
2484 4805 2647 4859 etiam
2687 4806 2927 4860 scribere
2966 4823 2976 4858 :
3012 4815 3067 4860 et
3117 4817 3174 4858 ut
3220 4807 3588 4862 excellentius
3644 4808 3815 4860 adhuc

2236 4896 2470 4938 nminpat
2520 4897 2754 4938 nrimnm
2788 4897 2840 4936 in
2868 4912 3053 4936 nni-nm
3083 4897 3272 4936 nrﬂinn
3340 4898 3432 4934 ηιιῖ
3476 4898 3628 4934 inhu-
3661 4906 3814 4934 nonin.
