3978 5328
1615 79 1847 134 SERMO
1885 80 1944 134 ι.

3326 87 3428 142 786

156 200 285 252 ista:
324 212 485 266 porro
512 205 636 250 sunt
669 195 942 262 quadriga:
978 194 1100 258 illm,
1141 191 1596 261 quasZacbarias
1620 206 1744 258 pro-
1771 196 1818 251 Α
1847 202 1902 244 et
1951 195 2208 248 assistens
2249 197 2403 262 quasi
2433 195 2619 250 Gebon
2668 197 2722 251 in
2773 198 2860 251 die
2908 198 3210 252 vindemia}.
3243 217 3258 248 ι
3297 198 3431 264 Quis

158 289 325 355 pheta
359 287 604 352 designat
635 298 652 336 ε
683 298 806 337 eum
842 281 1003 336 dicit:
1053 299 1071 331 ι
1111 281 1178 334 Et
1203 295 1497 334 conversus
1519 295 1662 338 sum,
1693 287 1747 330 et

156 380 294 443 vidi,
330 387 383 432 et
418 393 546 431 ecce
579 383 811 444 quatuor
832 373 1117 443 quadriga:
1150 373 1490 442 egredientes
1531 372 1597 424 de
1634 387 1749 426 rne-

156 472 252 525 dio
294 470 525 524 duorum
575 467 858 527 montium,
889 475 942 519 et
973 473 1130 519 erant
1169 473 1380 518 montes
1407 463 1531 516 terei
1558 459 1744 530 (Zach.

155 571 258 618 vi).
299 579 318 612 ι
360 559 432 612 De
465 559 662 626 quibus
693 566 748 610 et
797 556 956 626 paulo
1002 565 1120 624 post
1169 555 1398 609 dicitur:
1439 572 1456 603 ‹
1498 553 1589 606 lsti
1623 562 1748 605 sunt

155 658 396 716 quatuor
420 647 727 706 venticoeli.
770 647 860 716 qui
894 646 1268 715 egrediuntur,
1307 652 1362 696 ut
1391 651 1535 696 stent
1561 657 1745 695 coram

155 739 500 790 dominatore
533 737 710 789 omnis
732 744 887 789 teme
915 733 1131 804 (lbid.).
1166 752 1183 786 ι
1218 733 1282 787 Et
1306 732 1598 786 notandum
1623 734 1745 800 quia

156 842 268 879 non
302 842 407 879 una
453 835 685 893 quatuor
717 825 1172 894 cvangelistarum
1215 823 1475 892 quadriga
1527 822 1744 884 dicitur,

155 915 254 968 sed
285 915 655 983 unusquisque
704 929 891 968 eorum
942 914 1205 982 quadriga
1247 922 1496 976 vocatur,
1525 912 1650 978 quia
1695 919 1748 961 et

157 1021 304 1058 unus
363 1006 416 1057 in
447 1015 704 1071 quatuor,
733 1014 788 1058 et
824 1015 1058 1072 quatuor
1088 1011 1213 1058 sunt
1252 1003 1304 1055 in
1338 1017 1464 1064 uno,
1495 1001 1619 1052 dum
1653 1015 1749 1066 per

157 1094 400 1162 ejusdem
433 1095 555 1149 ﬁdei
600 1094 952 1152 intentionem
981 1094 1124 1162 quod
1154 1091 1412 1147 scribitur
1441 1107 1470 1142 a
1499 1088 1744 1158 singulis,

157 1189 437 1255 reperitur
463 1187 518 1240 in
567 1186 801 1250 cunctis,
848 1196 902 1238 et
932 1185 1075 1254 quod
1118 1183 1316 1237 dicitur
1355 1183 1422 1236 ab
1459 1181 1752 1245 universis,

158 1280 441 1333 invenitur
470 1279 524 1332 in
555 1277 805 1347 singulis.

229 1369 351 1424 Duo
377 1385 506 1424 vero
554 1379 768 1424 montes
797 1369 943 1431 terei,
989 1370 1056 1422 de
1087 1383 1317 1437 quorum
1355 1368 1530 1420 medio
1560 1366 1749 1419 dicun-

162 1471 251 1514 tur
299 1459 526 1529 egressi,
558 1460 662 1514 duo
711 1468 838 1515 sunt
886 1459 1258 1524 Testamenta,
1303 1474 1422 1526 qua:
1463 1459 1530 1512 ad
1577 1457 1750 1510 instar

1848 292 1932 336 est
1973 285 2060 336 ille
2090 286 2180 352 qui
2219 286 2387 338 mittit
2416 285 2754 355 disciplinam
2801 289 2939 342 sicut
2981 288 3152 342 lucem
3180 327 3194 353 ,
3231 289 3334 342 nisi
3387 287 3432 342 is

1848 375 1938 442 qui
1989 386 2108 442 post
2155 375 2381 428 velatam
2430 375 2624 432 faciem
2662 376 2852 448 Moysi,
2901 392 3149 448 possesso
3193 378 3434 432 tenebris

1850 465 2068 525 mundo,
2097 465 2394 520 radiantem
2437 466 2708 536 Evangelii
2734 468 2815 520 sui
2844 468 3033 535 ingerit
3072 467 3378 522 claritatem
3406 469 3430 520 ?

1847 554 2064 608 Asdstit
2093 554 2274 623 itaque
2316 555 2467 622 quasi
2497 554 2710 620 Gehon,
2739 557 2804 610 de
2838 572 2944 626 quo
2988 568 3044 610 et
3077 572 3172 626 per
3199 559 3432 626 prophea

1851 651 1956 694 tam
1979 642 2209 695 dicitur:
2258 660 2276 693 ι
2317 642 2572 697 Dominus
2617 645 2756 698 Deus
2783 656 2968 699 noster
2991 645 3185 700 [iuvius
3225 647 3426 716 glorio-

1847 748 1940 786 sus
1969 733 2198 787 exiliens
2236 733 2290 796 in
2331 743 2532 788 terram
2585 735 2877 790 sitientem.
2914 757 2932 788 ι
2965 736 3094 802 Qua:
3136 747 3220 790 est
3249 745 3432 790 autem

1849 823 2026 886 vinea,
2062 825 2148 876 cui
2201 827 2354 892 quasi
2401 824 2588 878 Gehon
2640 827 2867 890 assistit,
2929 837 2983 880 et
3031 827 3434 896 pra'dicationis

1848 931 1959 968 sua:
1988 916 2297 970 madoribus
2332 917 2558 984 irrigare
2589 932 2693 970 non
2739 919 2956 979 desinit,
2989 919 3088 971 nisi
3115 917 3201 971 illa
3235 917 3301 973 de
3327 933 3434 986 qua

1849 1018 1942 1070 per
1974 1006 2288 1072 prophetam
2321 1005 2520 1058 dicitur
2549 1022 2560 1055 :
2603 1024 2619 1054 ‹
2661 1004 2827 1060 Vinea
2875 1017 3054 1059 autem
3089 1007 3298 1060 Domini
3327 1007 3429 1060 Sa-

1849 1093 2031 1157 baoth,
2070 1095 2260 1149 domus
2315 1095 2476 1149 Israel
2506 1097 2630 1149 est?
2671 1115 2690 1147 ι
2737 1095 2870 1166 (Isa.
2923 1103 3000 1166 v.)
3040 1097 3186 1150 llanc
3222 1099 3436 1152 vincam

1847 1187 1913 1239 de
1967 1185 2198 1256 Algypto
2246 1196 2472 1240 vetusta!
2530 1188 2666 1257 legis
2723 1187 2976 1243 Dominus
3024 1191 3326 1255 transtulit,
3385 1200 3440 1243 ct

1847 1273 1914 1326 ad
1957 1283 2153 1328 terram
2200 1273 2497 1344 Evangelii,
2549 1291 2668 1342 quae
2717 1277 2821 1331 tnel
2869 1287 2924 1331 et
2975 1278 3058 1332 lac
3110 1288 3310 1341 manat,
3357 1279 3439 1332 iu-

1847 1366 2024 1420 duxit.

1919 1457 2088 1526 llujus
2131 1469 2310 1512 autem
2359 1462 2532 1516 viuere
2572 1464 2839 1531 primitias
2870 1465 3050 1520 attulit
3102 1476 3288 1529 notrus
3329 1467 3436 1530 illo,

159 1551 289 1606 aeris
324 1550 586 1605 durabilia
637 1558 763 1604 sunt
803 1560 859 1603 et
910 1565 1130 1605 sonora.
1171 1549 1308 1614 Quia
1359 1559 1411 1603 et
1461 1561 1632 1613 usque
1681 1545 1747 1598 ad
1779 1552 1826 1610 Β
1851 1565 2011 1620 quem
2046 1553 2150 1606 duo
2182 1553 2280 1605 viri
2317 1553 2368 1606 in
2399 1563 2552 1608 recte
2579 1566 2894 1624 posuerunt,
2927 1567 2980 1612 et
3026 1558 3318 1613 Israelitico
3345 1575 3440 1629 po-

162 1643 325 1694 ﬁuem
357 1641 539 1697 saeculi
579 1655 684 1694 non
710 1640 993 1694 inveniunt
1019 1639 1335 1701 terminum,
1358 1647 1410 1692 et
1446 1653 1540 1707 per
1568 1636 1750 1690 omnia

161 1731 349 1786 mundi
400 1731 574 1798 spatia
622 1731 752 1784 dant
785 1730 1058 1786 tumitum.
1100 1748 1118 1780 ι
1140 1729 1195 1783 ln
1227 1745 1442 1782 onmem
1478 1728 1614 1780 enim
1645 1737 1753 1779 ter-

163 1835 280 1874 ratu
337 1819 505 1872 exivit
549 1833 714 1873 sonus
765 1833 976 1883 eorum,
1008 1829 1065 1874 et.
1125 1820 1178 1876 iu
1228 1820 1364 1876 lines
1405 1819 1558 1872 orbis
1595 1829 1752 1871 terra:

162 1911 325 1964 verba
351 1924 537 1964 eorum
590 1908 762 1977 (Psal.
792 1910 974 1979 xvm).
1006 1930 1024 1962 ι
1072 1909 1172 1976 Qui
1203 1921 1260 1964 et
1294 1911 1439 1966 venti
1473 1924 1593 1964 csse
1617 1909 1753 1962 refe-

165 2010 391 2064 runtur;
421 2003 545 2068 quia
587 2001 775 2055 dehis
821 2001 1082 2069 scriptum
1126 2013 1244 2056 est:
1300 2021 1316 2052 ι
1361 2000 1456 2056 Ubi
1507 2010 1626 2054 erat
1655 1999 1754 2052 ittt-

164 2100 322 2162 peius
358 2093 602 2159 spiritus,
655 2091 781 2145 illuc
818 2092 1204 2160 gradiebantur
1248 2090 1466 2161 (Ezeclt.
1498 2089 1562 2160 ι).
1602 2109 1620 2140 ι
1653 2087 1751 2154 Qui

161 2184 324 2238 etiam
353 2184 723 2252 egrediuntur,
773 2193 825 2236 ut
861 2192 1210 2237 stentcoram
1258 2181 1598 2237 dominatore
1639 2198 1756 2236 om-

164 2277 249 2331 nis
271 2289 454 2339 terrac,
486 2276 614 2345 quia
642 2277 785 2345 quod
815 2275 992 2330 sancti
1019 2275 1402 2344 piaedicatores
1427 2291 1488 2328 ex
1517 2272 1753 2327 ﬁdelium

163 2365 586 2422 frnetilicatione
644 2365 956 2434 proﬁciunt,
1010 2381 1114 2426 non
1173 2363 1274 2418 sibi
1336 2364 1601 2427 tribuunt,
1659 2364 1753 2417 scd

163 2456 393 2518 auctori,
435 2471 464 2508 a
497 2472 605 2526 quo
635 2471 820 2510 eorum
873 2455 1051 2509 omnia
1106 2454 1258 2508 lucra
1310 2455 1630 2522 procedunt.
1683 2452 1757 2507 De

164 2546 360 2614 quibus
415 2547 482 2600 ad
519 2544 578 2598 Β.
628 2544 728 2599 Job
756 2545 983 2599 dicitur:
1022 2563 1041 2594 ι
1073 2542 1326 2612 Nunquid
1368 2543 1626 2598 immittcs
1657 2541 1762 2595 iul-

164 2652 319 2705 gura,
348 2646 404 2690 et
434 2636 610 2700 ilmnt,
629 2645 683 2689 et
717 2634 1372 2702 revertentiadicenttibi,
1400 2635 1671 2688 Adsumus
1691 2635 1714 2686 ?
1733 2655 1750 2686 ι

165 2727 286 2792 (Job
327 2733 582 2796 xxxviii.)
643 2727 732 2781 lla:
775 2737 899 2781 sunt
943 2727 1044 2781 ilhc
1089 2739 1323 2797 quatuor
1353 2727 1578 2798 bydriae,
1623 2743 1757 2797 quas

165 2817 308 2870 Elias
355 2819 760 2871 sacriticatnrus
797 2818 959 2885 jussit
991 2818 1223 2888 impleri,
1271 2828 1326 2872 et
1377 2818 1556 2872 tribus
1599 2833 1758 2887 super

1851 1643 1975 1710 pulo
2003 1643 2313 1698 detulerunt
2359 1645 2550 1714 (Num.
2601 1650 2744 1716 xm).
2783 1647 2898 1702 Duo
2936 1651 3144 1705 scilicet
3186 1651 3306 1713 viri,
3336 1654 3441 1706 duo

1853 1741 1976 1786 sunt
2006 1732 2207 1802 populi,
2236 1731 2491 1790 Judaicus
2532 1745 2586 1790 et
2620 1737 2858 1805 gentilis.
2888 1736 2951 1792 lli
2999 1741 3212 1793 holrmn
3247 1755 3444 1811 posue-

1855 1832 1980 1876 runt
2031 1822 2084 1876 in
2141 1834 2312 1886 vectc,
2346 1826 2471 1894 quia
2542 1825 2880 1883 Salvatorem
2935 1831 3332 1898 suspenderunt
3386 1831 3437 1884 in

1853 1927 2033 1966 cruce.
2072 1912 2178 1967 Sed
2209 1930 2521 1984 pnecessor,
2558 1919 2700 1986 quod
2755 1921 3020 1986 portabat,
3055 1936 3158 1974 non
3209 1921 3438 1990 aspicie-

1855 2003 1973 2064 bat;
2014 2005 2105 2073 qui
2158 2008 2506 2074 sequebatur,
2540 2007 2872 2062 iutuebatur.
2909 2009 2973 2063 Et
3016 2009 3320 2064 Iudaeorum
3355 2028 3444 2081 po-

1857 2093 2030 2160 pulus,
2089 2094 2176 2162 qui
2231 2109 2328 2149 nos
2376 2098 2705 2164 temporibus
2756 2101 3068 2162 antecessit,
3133 2100 3440 2166 Dominum,

1856 2199 2011 2252 quem
2039 2186 2089 2238 in
2113 2188 2391 2256 prephelis
2431 2199 2486 2242 et
2524 2188 2640 2260 lege
2669 2201 3002 2260 portaverat,
3036 2194 3158 2246 dum
3189 2195 3444 2248 obedien-

1859 2275 1946 2328 tia:
1974 2275 2175 2328 vultum
2203 2293 2416 2346 semper
2444 2282 2661 2344 avertit,
2687 2282 2867 2336 videre
2894 2301 2998 2338 non
3030 2285 3232 2353 patuit;
3269 2288 3444 2356 genti-

1859 2366 1922 2419 lis
1952 2377 2129 2421 autem
2161 2368 2252 2434 qui
2289 2370 2554 2437 sequitur,
2594 2381 2848 2440 tanquam
2877 2389 2986 2442 pra:
3011 2377 3182 2428 oculis
3208 2378 3441 2444 positum

1857 2455 2068 2508 assidue
2089 2459 2503 2526 contemplatur.
2536 2459 2686 2516 iluuc
2709 2464 2922 2517 botrum
2949 2465 3164 2520 Gedeou
3199 2469 3448 2537 ﬁguravit

1857 2563 1977 2600 cum
2047 2547 2348 2613 prratzeis
2417 2551 2874 2607 calumniantibus
2938 2558 3037 2610 sub
3097 2558 3447 2612 excusatione

1861 2639 2172 2704 respondit:
2234 2658 2251 2689 ι
2283 2639 2471 2695 Nonne
2513 2642 2702 2696 melior
2757 2654 2840 2699 est
2891 2661 3137 2700 racemus
3185 2647 3440 2715 Ephraiai

1858 2726 2144 2782 vindemiis
2167 2729 2432 2785 Abiezer?
2469 2751 2487 2784 ι
2510 2731 2660 2802 (.lud.
2689 2734 2836 2798 viti.)
2863 2734 2992 2788 Nam
3016 2736 3140 2803 quia
3166 2736 3444 2806 Epltraitn,

1861 2818 1950 2886 qui
2007 2818 2378 2886 fecunditatem
2429 2832 2607 2886 sonat,
2653 2822 2948 2878 Ecclesiam
2990 2827 3269 2893 exprimit,
3317 2829 3446 2897 quid

166 2906 543 2961 holocaustum
571 2907 778 2961 vicibus
807 2906 1122 2976 superfuudi
1169 2906 1286 2977 (III
1313 2907 1436 2978 Reg.
1471 2914 1624 2975 xvu).
1662 2905 1756 2960 llic
1785 2898 1829 2959 C
1861 2921 1955 2975 per
2005 2922 2277 2962 raccuuun
2323 2909 2600 2980 prraim,
2651 2913 2754 2967 nisi
2804 2914 3120 2968 Christum?
3160 2915 3296 2982 Quid
3354 2933 3449 2986 per

166 3006 248 3054 est
268 2996 355 3050 ille
381 2995 722 3066 quadritidus
762 2997 1049 3049 lluviorttttt
1076 3012 1286 3060 cursus,
1331 2997 1421 3065 qui
1447 2997 1513 3051 de
1537 2996 1754 3050 Christo

168 3096 423 3155 tanquam
472 3086 540 3140 de
584 3086 816 3154 paradisi
876 3085 1023 3140 l'onte
1064 3088 1408 3156 progreditur
1454 3097 1506 3139 ct
1551 3086 1754 3138 arentia

166 3179 412 3245 quadrati
445 3179 596 3232 orbis
633 3193 762 3230 arva
816 3177 1092 3246 periundit
1132 3177 1284 3247 (Cen.
1323 3179 1406 3246 ιι).
1443 3178 1515 3231 De
1537 3192 1643 3245 quo
1674 3177 1755 3230 vir

167 3268 251 3321 ille
275 3269 499 3335 sapiens
531 3267 606 3321 ait
633 3286 646 3320 :
695 3286 711 3318 ‹
749 3267 944 3338 Legem
974 3269 1248 3321 mamlavit
1277 3269 1487 3338 Moyses
1517 3267 1567 3320 in
1615 3282 1754 3336 pra:-

164 3361 334 3428 ceptis
357 3359 721 3426 justitiarum,
756 3371 810 3414 et
841 3361 1214 3416 [nereditatem
1245 3363 1438 3415 domus
1477 3359 1662 3426 Jacob,
1699 3369 1754 3412 ct

164 3448 326 3504 lsrael
357 3450 748 3518 promissiones
770 3449 958 3522 (Eccli.
997 3451 1208 3520 xxxrv).
1236 3471 1256 3502 ›

242 3541 310 3596 Ut
343 3550 528 3596 autem
569 3542 620 3594 in
660 3542 750 3596 bis
781 3543 961 3597 verbis
990 3558 1096 3596 non
1149 3543 1351 3596 diutius
1386 3543 1754 3607 immoremur,

163 3632 252 3688 lex
295 3635 422 3698 ista,
455 3651 576 3704 qua:
624 3636 910 3690 luere.!itas
946 3637 1321 3706 promissionis
1359 3637 1576 3701 dicitur,
1630 3656 1757 3690 san-

165 3734 311 3780 ctum
350 3736 436 3780 est
476 3727 844 3797 Evangelium,
874 3729 1016 3791 quod
1059 3729 1275 3797 quidem
1309 3730 1549 3798 antiquis
1587 3728 1757 3782 l’atri-

168 3817 270 3872 bus
317 3826 403 3872 est
435 3819 780 3886 promissum,
816 3820 971 3874 nobis
1017 3829 1196 3874 autem
1237 3821 1579 3875 lnereditario
1611 3820 1755 3889 jure,

167 3907 391 3963 Christo
420 3911 689 3973 veniente,
733 3911 1010 3977 collatum,
1043 3913 1133 3966 ubi
1163 3923 1362 3980 praesto
1383 3912 1753 3982 subjungitur:

173 3998 410 4054 «Posuit
442 4000 608 4054 David
649 4018 815 4070 puero
874 4004 1240 4058 suoueXcitare
1296 4020 1476 4074 regem
1527 4018 1593 4058 ex
1643 4002 1759 4071 ipso

170 4090 554 4158 fortissimum,
581 4103 640 4146 ut
663 4095 858 4150 throno
878 4095 1140 4149 honorum
1172 4096 1451 4150 sedentem
1481 4096 1531 4149 iu
1560 4096 1759 4165 sempi-

171 4188 407 4243 ternum.
432 4185 530 4251 Qui
558 4185 735 4253 implet
760 4187 910 4253 quasi
943 4186 1140 4240 Phison
1163 4188 1506 4256 sapientiam,
1539 4197 1595 4240 et
1619 4188 1762 4258 sicut

1860 2998 2159 3054 vindemias
2204 3003 2453 3064 Abiczer.
2491 3005 2593 3059 nisi
2645 3003 2993 3060 Judaicorum
3045 3008 3445 3062 nmltitudinem

1858 3092 2244 3147 Sacerdotum?
2275 3096 2399 3148 Sive
2435 3098 2596 3151 etiam
2629 3113 2727 3166 per
2767 3115 3038 3153 racemum
3072 3116 3268 3169 parvus
3317 3100 3447 3153 litie-

1858 3183 1985 3236 limn
2024 3201 2278 3239 numerus
2307 3189 2593 3255 primitiva:
2643 3189 2904 3245 Eoi-lesiae
2931 3233 2946 3254 ,
2989 3206 3085 3261 per
3115 3193 3443 3245 vinden'iam

1859 3289 1985 3327 vero
2025 3273 2310 3329 multitudo
2338 3278 2679 3349 intelligenda
2703 3290 2784 3333 est
2822 3281 3138 3350 Synagogze.

1931 3361 2118 3415 Melior
2183 3372 2268 3417 est
2333 3381 2462 3436 ergo
2533 3383 2781 3422 racemus
2839 3370 3093 3438 Ephraim
3166 3373 3450 3427 vindemiis

1859 3453 2110 3517 Ahiczer,
2144 3455 2270 3522 quia
2323 3457 2532 3510 beatior
2571 3458 2669 3512 fuit
2713 3461 2988 3528 primitiva
3034 3461 3295 3522 Ecclesia,
3329 3477 3449 3530 qua:

1861 3559 2032 3612 usque
2069 3545 2121 3597 in
2153 3545 2310 3600 tinent
2340 3548 2519 3603 saeculi
2547 3552 2947 3606 renascentium
2981 3552 3164 3608 sobole
3193 3553 3447 3609 fecunda-

1861 3642 1969 3700 tur,
1992 3652 2150 3704 quam
2173 3637 2478 3711 Synagoga,
2505 3657 2624 3710 quae
2647 3644 2900 3711 paulatim
2934 3645 3176 3712 quotidie
3207 3645 3448 3698 defectu-

1864 3741 1918 3778 ra
1955 3727 2258 3792 minuitur;
2295 3731 2438 3784 unde
2465 3740 2519 3785 et
2547 3749 2629 3801 pet
2687 3732 2879 3786 Isaiam
2923 3735 3155 3787 dicitur:
3197 3755 3214 3783 ι
3239 3733 3442 3797 Lauda,

1864 3817 2066 3870 sterilis
2093 3836 2105 3882 ;
2140 3836 2260 3888 qua:
2289 3837 2392 3875 non
2425 3823 2595 3892 paris,
2624 3823 2850 3878 decanta
2883 3825 3120 3889 laudem,
3146 3835 3200 3878 et
3225 3826 3454 3895 hymnos

1862 3907 2132 3981 [hymni],
2166 3927 2286 3980 qua:
2322 3929 2426 3967 non
2469 3915 2743 3983 pariebas,
2771 3916 3025 3984 quioniam
3059 3916 3213 3970 multi
3247 3915 3340 3970 lilii
3363 3918 3454 3972 de-

1863 4009 2022 4056 sertae
2065 4004 2235 4071 magis
2279 4021 2440 4074 quam
2483 4006 2599 4074 ejus
2654 4024 2772 4076 qua:
2827 4008 2988 4063 habet
3039 4009 3248 4074 virum;
3286 4009 3451 4062 dilata

1862 4091 2037 4147 locum
2077 4098 2296 4151 tentorii
2330 4099 2428 4161 tui,
2456 4109 2509 4152 et
2535 4099 2700 4170 pelles
2734 4100 3203 4154 tabernaculorum
3234 4110 3443 4154 tuorum

1865 4191 2117 4253 extende,
2182 4207 2250 4246 ne
2295 4209 2506 4262 parcas,
2564 4194 2752 4265 longos
2811 4193 2894 4249 fac
2938 4194 3203 4249 funiculos
3238 4202 3358 4247 tuos
3398 4203 3454 4246 et

170 4274 350 4346 Tigris
381 4278 433 4330 in
473 4279 663 4332 diebus
717 4295 998 4333 novorum.
1046 4281 1146 4346 Qui
1187 4282 1443 4351 adimplet
1473 4283 1623 4350 quasi
1655 4281 1764 4334 Eu-
1791 4265 1839 4325 ί)
1865 4277 2046 4335 clavos
2081 4290 2198 4336 tuos
2220 4284 2492 4340 consolida
2525 4301 2539 4348 ;
2577 4285 2643 4338 ad
2674 4285 2952 4338 dexteram
3000 4283 3165 4346 enim,
3191 4291 3244 4335 et
3272 4283 3338 4335 ad
3368 4281 3455 4334 la?-

167 4365 394 4434 pbrates
420 4380 657 4430 sensum,
708 4369 797 4436 qui
848 4369 1169 4438 multiplicat
1222 4373 1371 4437 quasi
1419 4369 1674 4424 Jordanis
1706 4373 1758 4426 in

172 4466 437 4528 tempore
469 4461 680 4513 messis.
739 4461 839 4525 Qui
893 4462 1055 4515 mittit
1107 4463 1446 4532 disciplinam
1494 4465 1635 4517 sicut
1680 4465 1762 4516 lu-

172 4567 323 4614 cem,
377 4563 431 4607 et
481 4555 748 4610 assistens
794 4555 946 4624 quasi
1005 4556 1190 4610 Gelton
1242 4557 1292 4610 in
1343 4556 1428 4610 die
1479 4546 1762 4611 vﬂideiniae

176 4641 338 4710 (Ibid.
360 4642 402 4713 ).
427 4662 444 4693 ›

243 4732 368 4787 Haec
399 4734 601 4803 itaque,
645 4732 844 4788 fratres
874 4737 997 4797 mei,
1046 4745 1150 4789 tam
1185 4736 1374 4801 lucide,
1433 4745 1540 4790 tam
1575 4746 1761 4806 aperte

175 4823 238 4877 de
269 4825 486 4884 Christo
532 4837 588 4882 et
631 4828 838 4880 sanctis
867 4829 1218 4896 evangelistis
1247 4830 1388 4883 dicta
1430 4839 1577 4903 sunt,
1608 4840 1664 4882 ut
1693 4830 1760 4882 ad

177 4915 273 4972 hoc
304 4919 693 4975 insinuaudum
740 4921 930 4986 exponi
967 4935 1070 4972 non
1118 4930 1330 4986 egeant.
1381 4917 1486 4972 Sed
1532 4922 1654 4975 dum
1707 4920 1758 4973 in

177 5012 396 5074 Sanctis,
435 5029 496 5066 ac
532 5010 783 5080 mysticis
827 5014 1003 5066 verbis
1032 5012 1313 5066 vindemia:
1356 5011 1525 5084 286
1566 5028 1757 5068 nonten

178 5105 385 5167 auditis,
407 5107 495 5175 qui
529 5121 596 5158 ex
659 5108 910 5170 temporis
959 5105 1244 5159 occasione
1281 5117 1533 5162 terrenas
1570 5107 1756 5160 vinde-

178 5194 305 5248 mias
329 5212 434 5263 pne
484 5191 744 5248 manibus
782 5193 1014 5259 habetis,
1039 5193 1243 5248 debetis
1295 5211 1321 5246 a
1350 5193 1760 5250 circumstanti-

179 5284 268 5328 hlm
306 5287 368 5328 ad
425 5287 695 5328 inlnrinra
749 5300 1025 5328 rnmwrnrn
1101 5294 1154 5328 ni.
1203 5285 1540 5328 cniriltmlnni
1577 5289 1761 5328 vitula-

1864 4387 1984 4423 vam
2015 4374 2346 4440 penetrabis,
2382 4385 2435 4428 et
2473 4391 2657 4429 semen
2701 4384 2848 4426 tuum
2879 4382 3068 4443 gentes
3110 4371 3451 4425 bmreditaln’t

1866 4460 2002 4528 (Isa.
2049 4467 2178 4532 LIV).
2233 4483 2252 4515 ι
2284 4463 2404 4517 time
2447 4478 2578 4517 sane
2605 4464 2760 4531 cujus
2795 4477 2977 4516 semen
3017 4470 3206 4530 gentes
3227 4459 3453 4513 hancdi-

1867 4567 1964 4621 tat,
1991 4555 2234 4610 Ecclesia
2273 4563 2377 4614 est,
2408 4569 2528 4622 quae
2563 4553 2806 4621 quotidie
2838 4568 3006 4623 genus
3035 4552 3330 4605 humanum
3358 4554 3454 4618 per

1866 4663 1990 4703 suos
2024 4647 2161 4700 ﬁlios
2197 4647 2261 4698 ad
2308 4644 2336 4696 ti
2365 4645 2429 4697 lci
2471 4644 2732 4698 unitatem
2755 4653 2934 4697 vocat.
2967 4642 3092 4696 llaec
3119 4651 3222 4704 est,
3254 4640 3320 4694 de
3345 4655 3451 4708 qua

1866 4740 2064 4796 dicitur
2094 4740 2145 4792 in
2177 4736 2426 4796 Psahn's,
2475 4755 2491 4785 ι
2523 4752 2619 4803 pro
2646 4755 2707 4791 ea
2737 4751 2858 4804 quae
2889 4735 3250 4802 consequitur
3289 4730 3462 4785 hane-

1865 4833 2088 4886 ditatcm
2113 4828 2285 4902 (Psnl.
2315 4843 2398 4889 Ill,
2426 4828 2476 4879 in
2505 4827 2634 4895 til.).
2669 4851 2686 4882 ι
2719 4826 2844 4881 llaec
2873 4833 2956 4880 est
2985 4825 3174 4892 vinea,
3204 4836 3324 4892 qua:
3350 4819 3467 4872 lan-

1869 4923 1986 4976 dem
2039 4925 2328 4977 decantare
2382 4917 2694 4986 przccipitur
2719 4935 2734 4974 :
2764 4917 2906 4970 sicut
2952 4924 3006 4968 et
3040 4917 3193 4984 apud
3224 4909 3477 4967 eumdem

1869 5015 2187 5084 Prophetam
2264 5007 2392 5061 ulihi
2450 5012 2776 5075 reperitur:
2835 5025 2852 5057 ι
2902 5008 2954 5060 In
3012 5005 3108 5061 illa
3187 5005 3275 5061 die
3328 4998 3481 5050 vinea

1872 5105 2004 5160 meri
2049 5103 2296 5160 cantabit
2346 5099 2428 5163 ei;
2480 5113 2581 5168 ego
2649 5099 2928 5161 Dominus,
2997 5098 3088 5166 qui
3153 5105 3313 5157 servo
3365 5101 3484 5141 eam

1873 5194 2282 5265 (lsa..\xv|t).v
2381 5250 2383 5252 .
3257 5250 3266 5257 .
3348 5266 3359 5278 .

1944 5286 2021 5328 Dn
2070 5290 2166 5328 Imp
2199 5287 2358 5328 vinea
2393 5281 2584 5328 beatum
2615 5296 2838 5328 mimum
2864 5279 3170 5328 Malthmuc
3205 5278 3500 5328 Dominum
