3978 5328
543 258 651 314 787

1182 252 1240 309 s.
1281 249 1486 307 PETRI
1523 246 1818 307 DAMJANI'
1843 248 1995 307 opp.
2038 245 2217 305 PARS
2255 226 2385 289 55”
2427 225 2660 285 TOWS
2695 229 2761 287 ιιι
2798 276 2868 289 —
2907 248 3293 308 scnuoxss.

3642 255 3799 313 ,ηε

542 364 691 419 dedit
715 361 875 434 26⁵1
906 360 980 425 ei,
1008 367 1063 416 et
1108 359 1242 415 fodit
1273 359 1326 415 in
1353 373 1416 415 ea
1446 358 1703 425 torcular,
1735 367 1792 415 et
1828 359 2111 414 aedificavit
2138 363 2184 422 Α
2212 366 2524 429 peccatores
2560 358 2769 427 invitat,
2817 359 3038 430 januam
3065 363 3223 418 vobis
3260 378 3372 419 suae
3398 365 3796 424 tttiscricordize

543 453 755 518 turrim,
794 459 850 507 et
890 450 1085 507 locavit
1128 464 1247 504 eam
1287 448 1560 519 agricolis,
1605 458 1659 503 et
1686 463 1910 518 peregre
1937 449 2112 519 profe-

523 552 661 598 etus
689 551 767 597 est
805 541 1017 613 (Matth.
1063 539 1198 610 XXI).
1235 557 1254 590 ι
1314 538 1441 594 Hmc
1482 542 1634 595 vinea
1677 553 1743 594 ex
1775 539 1866 594 illo
1917 539 2114 609 prodiit

538 635 715 695 bono,
752 634 844 702 qtti
896 631 1119 704 pedibus
1163 629 1471 685 Judteorum
1518 639 1684 701 atque
1728 630 2005 700 gentilium
2058 631 2113 686 in

538 726 718 781 erucis
742 725 982 780 calcatus
1006 732 1092 780 est
1130 723 1321 793 prmio,
1344 738 1423 779 es.
1455 738 1563 794 quo
1585 725 1803 795 pretiosi
1836 723 2113 792 sanguinis

535 816 681 870 unda
729 813 1003 886 proﬂuxit,
1055 829 1175 885 quae
1202 824 1409 868 mentes
1434 813 1710 868 hominum
1742 815 1880 868 male
1905 814 2115 869 sobrias

524 906 667 961 .vino
692 905 989 976 spiritualis
1035 906 1223 976 gratia:
1268 903 1561 959 salubriter
1592 904 1876 967 deluiavit.
1912 904 1989 959 De
2007 919 2114 973 quo

536 993 747 1050 scilicet
780 995 905 1049 vino
934 1009 1056 1049 cum
1103 992 1329 1049 diversis
1361 992 1555 1062 linguis
1575 1006 1674 1062 per
1698 991 1958 1061 Spiritum
1993 1006 2115 1046 san-

535 1091 684 1140 etum
740 1084 1094 1156 loquerentur
1142 1084 1391 1155 apostoli,
1443 1084 1645 1138 dictum
1703 1094 1823 1138 est:
1888 1100 1907 1134 ι
1941 1082 2115 1138 Mustu

525 1177 679 1246 pleni
710 1186 835 1232 sunt
864 1177 952 1232 isti
1003 1177 1143 1247 (Act.
1179 1178 1265 1247 tt).
1298 1196 1318 1229 ι
1354 1175 1445 1230 νίθ
1489 1176 1607 1241 illi,
1651 1177 1741 1245 qui
1787 1190 2008 1245 prorsus
2046 1178 2115 1232 ab

536 1268 644 1323 hoc
697 1276 878 1324 musto
913 1267 1143 1339 jejunat,
1170 1277 1223 1323 et
1252 1268 1454 1324 terreni
1504 1268 1613 1322 vini
1659 1268 1968 1337 crapulam,
2005 1284 2115 1338 quo

535 1370 749 1425 :estnat,
793 1361 1154 1431 ingurgitatus
1197 1368 1429 1414 emetat.
1471 1378 1491 1411 ‹
1525 1358 1616 1414 Vm
1659 1359 1846 1425 vobis,
1880 1359 1953 1414 ait
1986 1375 2111 1429 pro-

521 1446 721 1522 pheta,
775 1452 867 1522 qui
906 1459 1157 1522 potentes
1202 1452 1334 1505 estis
1368 1446 1766 1505 ad'bibendurn
1808 1451 2010 1514 vinum,
2060 1460 2117 1505 et

536 1541 642 1595 viri
683 1541 857 1597 fortes
904 1542 973 1597 ad
1023 1541 1353 1597 miscendam
1407 1541 1723 1595 ebrietatem
1777 1541 1925 1611 (Isa.
1960 1540 2051 1612 sv).
2089 1560 2108 1594 ι

523 1628 723 1693 Infelix
748 1632 924 1703 plane,
955 1634 1050 1703 qui
1088 1649 1151 1689 se
1183 1649 1212 1687 a
1256 1634 1382 1688 vino
1424 1632 1597 1687 sancti
1646 1631 1885 1702 Spiritus
1927 1642 2116 1688 servat

2213 450 2505 506 clementer
2530 451 2759 520 aperiat,
2793 465 2857 504 ac
2900 452 3169 507 mentibus
3190 453 3383 508 vestris
3406 455 3599 524 gratias
3628 456 3794 511 cccle-

2212 544 2310 599 stis
2338 544 2476 598 dona
2511 538 2802 597 diﬂundau
2827 541 2930 608 Qui
2983 544 3114 597 vivit
3141 552 3196 599 et
3223 554 3414 615 regnat
3444 545 3498 599 in
3529 544 3797 602 Trinitate

2212 633 2450 705 perfecta
2480 647 2621 688 unus
2654 641 2713 688 et
2753 648 2917 689 verus
2950 634 3090 689 Deus
3126 635 3181 690 in
3225 636 3420 691 saecula
3445 637 3796 693 saeuientia.

2211 725 2407 781 Amen.

2702 834 2868 909 aes
2903 817 3180 894 nutum
3222 820 3308 892 ιι.

2285 943 2350 984 DE
2384 944 2583 985 SANCTO
2619 945 2891 1071 ΙῐᾹτΤΙΙλῗο
2925 944 3191 1071 Αροετοιίῖ
3227 947 3297 986 ετ
3333 943 3729 987 ενληαεωπι.

2863 1015 2955 1055 XXI
2994 1014 3146 1056 SEPT.

2863 1015 2955 1055 XXI
2994 1014 3146 1056 SEPT.

2284 1088 2343 1144 ln
2366 1089 2458 1145 illo
2481 1098 2761 1160 tempore:
2795 1108 2815 1143 c
2841 1089 2978 1146 Cum
3008 1091 3267 1149 transiret
3289 1090 3447 1147 Iesus
3472 1106 3577 1162 per
3604 1092 3803 1147 civita-

2215 1188 2321 1235 tem
2371 1195 2543 1244 suam,
2595 1172 2733 1237 vidit
2796 1181 3069 1237 hominem
3122 1182 3397 1238 sedentem
3460 1182 3516 1237 in
3573 1182 3803 1249 Ieiunia,

2213 1269 2523 1324 Mattbteum
2549 1270 2763 1325 nomine
2790 1269 3007 1343 (Matth.
3037 1272 3136 1341 rx).
3168 1290 3188 1324 ι
3220 1271 3289 1325 Et
3317 1270 3549 1342 reliqua.

2210 1396 2215 1399 -
2286 1358 2605 1429 Evangelica
2635 1359 2815 1424 lectio,
2869 1372 2989 1429 quas
3013 1375 3157 1414 nunc
3180 1360 3403 1413 auribus
3424 1360 3628 1415 vestris
3657 1360 3802 1417 inso-

2190 1448 2349 1512 ‘nait,
2389 1449 2744 1515 dilectissimi,
2780 1448 2923 1504 velut
2948 1449 3177 1520 insignis
3205 1448 3347 1504 inter
3380 1458 3590 1505 cetera
3620 1450 3800 1505 Domi.

2212 1542 2348 1595 nica:
2370 1540 2690 1595 eruditionis
2711 1540 2939 1596 oracula
2952 1538 3271 1595 maerentem
3296 1550 3649 1610 peccatorum
3672 1555 3803 1597 con-

2215 1632 2495 1685 scientiam
2543 1640 2774 1695 recreat,
2806 1631 3151 1687 tabescentes
3178 1632 3390 1687 animos
3413 1632 3603 1702 erigit,
3632 1632 3801 1702 pusil—

536 1723 884 1790 abstemium,
916 1733 970 1779 et
992 1723 1301 1794 pulmonem
1338 1730 1516 1792 portat
1550 1722 1656 1776 viui
1690 1722 1925 1776 carnalis
1956 1737 2112 1777 acro-
2134 1714 2183 1772 ’Β
2215 1721 2529 1776 lanimitatis
2559 1728 2617 1776 et
2636 1720 2943 1777 difﬁdentia;
2962 1719 3134 1792 frigus
3150 1720 3408 1787 excludit,
3436 1730 3494 1776 et
3515 1722 3587 1776 ad
3615 1723 3797 1777 conci-

535 1814 687 1871 t‘iltus
709 1823 1051 1879 aestuantem,
1081 1814 1235 1886 cujus
1262 1824 1453 1869 venter
1477 1814 1651 1883 epulis
1687 1823 1852 1883 atque
1883 1815 2118 1884 putatio-

513 1904 698 1961 .uibus
726 1905 1056 1970 intumescit,
1088 1916 1143 1960 et
1190 1905 1486 1976 spiritualis
1510 1906 1697 1975 gratia:
1726 1904 1907 1958 vinum
1950 1905 2003 1959 in
2033 1905 2113 1959 sui

537 1993 720 2053 cordis
745 1998 968 2054 cellario
995 2015 1101 2054 non
1135 2000 1402 2056 recondit.
1526 1992 1533 1999 ’

607 2089 717 2145 Vos
768 2100 976 2155 autem,
1025 2091 1384 2158 dilectissimi,
1442 2092 1524 2147 sic
1574 2100 1732 2147 terra:
1768 2091 2116 2162 proventibus

537 2178 854 2251 colligendis
903 2181 1156 2246 insistite,
1208 2190 1269 2237 ut
1314 2179 1668 2237 memineritis
1720 2182 1884 2236 etiam
1932 2181 2114 2235 vinum

537 2271 705 2326 divini
745 2272 1090 2328 ebarismatis
1130 2275 1182 2329 in
1227 2275 1484 2330 mentium
1532 2283 1835 2329 vestrarum
1880 2265 2117 2329 tunnulis

538 2374 855 2418 convasare.
882 2362 1137 2433 Quisquis
1159 2375 1335 2420 autem
1363 2381 1423 2420 se
1453 2380 1483 2418 a
1512 2366 1758 2434 proximo
1795 2381 1890 2434 per
1911 2365 2117 2419 discor-

520 2448 642 2503 Adiat
683 2448 925 2506 fomitem
974 2452 1182 2519 dividit,
1237 2470 1341 2509 non
1382 2455 1497 2509 avis
1529 2454 1757 2513 Domini,
1806 2454 1900 2509 sed
1949 2462 2119 2509 terre-

520 2554 668 2609 -_num
720 2542 1131 2599 animalrvinum
1181 2546 1368 2614 gratiae
1417 2545 1654 2601 cmlestis
1691 2547 1920 2616 ignorat.
1969 2544 2117 2601 Unde

535 2640 644 2700 est,
669 2636 813 2705 quod
835 2635 1112 2692 Abraham
1138 2654 1259 2693 cum
1292 2639 1649 2704 sacrificaret,
1676 2650 1869 2696 czetera
1900 2641 2113 2711 quidem

535 2724 792 2780 animalia
815 2741 912 2795 per
939 2728 1172 2783 medium
1199 2725 1467 2795 dividens,
1492 2739 1748 2800 utrasque
1778 2740 1958 2801 partes
1991 2747 2117 2785 con-

538 2825 625 2870 tra
671 2830 732 2871 se
783 2817 1103 2874 altrinsecus
1144 2822 1345 2891 posuit,
1387 2837 1516 2878 aves
1564 2832 1744 2878 autem
1789 2839 1895 2877 non
1934 2824 2119 2879 divisit

536 2906 695 2975 (Gen.
712 2909 835 2978 xv):
857 2909 959 2965 hoc
983 2912 1261 2968 insinuans
1282 2915 1410 2984 quia
1429 2916 1674 2985 quisquis
1703 2932 1799 2986 per
1826 2919 2113 2973 scissuram

538 2999 649 3054 adii
678 3015 708 3054 a
738 2999 903 3056 fratre
930 3001 1205 3068 dividitur,
1233 3019 1330 3072 per
1350 3014 1547 3061 terram
1578 3010 1825 3062 terrenus
1850 3008 2112 3075 ambulat,

539 3104 652 3144 non
672 3097 734 3144 ut
767 3091 890 3144 avis
923 3092 988 3144 ad
1019 3092 1212 3146 cretum
1257 3095 1430 3160 volat;
1472 3098 1560 3165 qui
1607 3114 1736 3152 vero
1766 3115 1824 3153 se
1857 3101 2113 3156 virtutum

540 3181 734 3251 pennis
765 3181 817 3235 in
853 3180 975 3236 alta-
1002 3183 1255 3251 sustollit,
1302 3186 1620 3243 divisionem
1667 3191 1857 3244 nescit.
1887 3191 2039 3258 Quod
2071 3194 2115 3248 si

540 3271 613 3326 ab
661 3270 896 3328 inimicis
947 3273 1061 3328 tuis
1098 3273 1395 3330 laedendum
1450 3287 1502 3331 te
1544 3292 1663 3333 esse
1700 3278 1978 3345 formidas,
2013 3282 2115 3337 nisi

540 3360 803 3419 adversus
823 3376 917 3429 eos
949 3377 1099 3417 arma
1130 3367 1413 3435 corripias,
1443 3383 1706 3438 compone
1742 3386 1865 3425 cum
1898 3371 2030 3437 Deo,
2062 3380 2118 3429 et

540 3450 733 3521 procul
780 3452 961 3516 dubio,
1022 3455 1324 3523 quicfactus
1375 3473 1480 3513 non
1509 3458 1718 3515 laedet-Es
1753 3476 1781 3513 a
1835 3462 2113 3530 proximo:

547 3559 568 3594 ι
594 3542 852 3599 Dominus
882 3563 900 3597 ι
927 3545 1094 3610 enim,
1121 3547 1217 3608 ait,
1237 3566 1254 3596 ι
1288 3548 1414 3602 mibi
1432 3548 1761 3617 adjutorcst,
1789 3567 1893 3604 non
1919 3552 2124 3607 timeba

543 3635 673 3704 quid
705 3634 867 3690 faciat
905 3637 1038 3691 mihi
1083 3639 1243 3692 homo
1273 3637 1443 3711 (Paul.
1476 3641 1663 3712 cxvn).
1704 3661 1722 3693 ι
1772 3642 1924 3708 Quod
1954 3642 2119 3697 etiam

545 3726 854 3796 patriarcha
886 3726 1056 3784 Jacob
1093 3730 1295 3797 docuit,
1337 3747 1459 3785 cum
1510 3733 1646 3786 Deos
1684 3732 1891 3787 alienos
1924 3733 2121 3789 infudit

512 3812 703 3878 .Nam,
733 3816 871 3871 sicut
898 3816 1175 3888 Scriptura
1208 3829 1435 3874 testatur
1465 3819 1614 3888 (Gen.
1645 3822 1832 3892 xxxv),
1856 3820 2122 3879 dederunt

541 3901 595 3958 ei
622 3902 901 3962 domestici
925 3907 1006 3960 sui
1038 3922 1226 3962 omnes
1252 3908 1391 3963 Deos
1419 3909 1641 3973 alienos,
1668 3926 1805 3981 quos
1828 3911 2120 3976 habebant,

541 4006 600 4051 et
628 3996 867 4062 inaures,
895 4014 1016 4068 quae
1041 4011 1200 4054 erant
1246 4001 1298 4054 in
1338 4001 1561 4057 auribus
1589 4018 1797 4058 eorum.
1827 4004 1896 4057 At
1924 4004 2011 4058 ille
2042 4004 2123 4058 itt-

538 4084 679 4141 fodit
710 4100 774 4142 ea
819 4089 1006 4144 subter
1056 4090 1444 4151 terebinthnm,
1485 4108 1603 4161 quae
1639 4103 1722 4148 est
1770 4082 1895 4163 post.
1932 4095 2120 4148 urbem

541 4177 780 4232 Sichem.
832 4177 934 4233 Ubi
983 4182 1228 4249 protinus
1264 4183 1635 4237 subinfertur:
1681 4204 1697 4234 ε
1731 4184 1975 4253 Cumque
2000 4201 2122 4253 pro-

538 4265 671 4324 fecti
702 4279 903 4334 essent,
931 4279 1106 4325 terror
1133 4273 1344 4327 Domini
1374 4275 1570 4328 inv:tsit
1595 4292 1782 4330 mnncs
1808 4291 1902 4345 per
1929 4277 2124 4332 circui-

543 4365 659 4414 tum
697 4358 970 4426 civitates,
999 4371 1054 4416 et
1082 4377 1186 4416 non
1216 4372 1341 4417 sunt
1374 4365 1487 4419 ausi
1516 4366 1775 4434 persequi.
1813 4367 2124 4421 recedentes

541 4450 755 4524 (Ibid)
772 4472 792 4504 ι
823 4452 1048 4507 Constat
1067 4469 1194 4525 ergo
1219 4455 1343 4525 quia
1364 4471 1511 4521 mox,
1542 4465 1603 4511 ut
1631 4458 1913 4512 Dominum
1938 4449 2121 4528 placa-

542 4540 643 4607 vit,
688 4544 888 4598 terreni
916 4542 1118 4598 furoris
1164 4559 1314 4599 arma
1353 4561 1457 4599 non
1499 4547 1697 4600 timuit.
1725 4547 1868 4601 lntcr
1904 4549 2133 4605 domum-

540 4632 728 4704 itaque
781 4632 947 4689 Jacob
992 4643 1048 4690 et
1089 4634 1256 4691 Deum
1304 4651 1435 4706 pace
1478 4638 1791 4707 composita,
1821 4640 1997 4694 ontnis
2024 4654 2123 4693 un-

510 4724 709 4795 ‘dique
778 4726 1150 4781 controversia
1212 4727 1397 4782 divino
1461 4728 1730 4797 premitur
1776 4738 1984 4785 terrore
2036 4746 2124 4785 se-

544 4812 690 4868 data.

614 4906 972 4979 Quapropter,
1004 4909 1364 4973 dilectissimi,
1399 4911 1464 4965 de
1508 4910 1766 4965 mentium
1816 4921 2119 4966 vestrarum

539 4998 776 5053 vasculis
796 5001 983 5055 omnes
1004 5001 1290 5055 simultatis
1316 5009 1371 5055 tt
1391 5001 1495 5055 odii
1527 5011 1705 5070 pestes
1734 5002 1934 5070 egerite
1958 5017 1972 5065 ;
2006 5012 2125 5056 tan-

544 5100 708 5156 quam
731 5085 1076 5144 frementium
1102 5089 1397 5145 bestiarum
1442 5091 1695 5160 impetus,
1724 5090 1903 5145 carnis
1934 5090 2123 5146 lllccc-

541 5174 671 5220 bras
692 5177 953 5220 pdnmnln,
1006 5187 1231 5220 lprrpnm
1276 5178 1724 5220 nnnmmiemnlim
1760 5176 2004 5220 ﬂammae
2029 5195 2124 5220 (II-

2217 1815 2466 1884 piendam
2497 1828 2645 1884 spem
2669 1814 2843 1869 venia:
2865 1812 3132 1883 deiectum
3154 1828 3250 1869 cor
3269 1813 3322 1868 in
3349 1813 3458 1867 alta
3491 1815 3799 1884 suspendit.

2215 1905 2348 1971 Quis
2367 1904 2510 1958 enim
2543 1904 2612 1958 de
2640 1902 2907 1958 scelerum
2946 1917 3165 1957 suorum
3185 1900 3585 1972 quantumlibet
3615 1901 3802 1956 imma-

2217 1999 2363 2052 nium
2390 1995 2715 2051 enormitate
2748 1993 2975 2058 didat,
3004 2010 3125 2049 eum
3158 1993 3343 2048 audiat
3378 1991 3442 2047 Β.
3477 1992 3795 2048 Muttinem

2217 2087 2421 2141 venalis
2456 2085 2590 2140 lucri
2639 2084 2933 2154 qutestibus
2980 2082 3297 2144 inhiantem.
3341 2097 3447 2137 non
3494 2082 3666 2137 modo
3714 2096 3797 2137 res

2212 2190 2375 2252 pente
2424 2172 2698 2243 vocatum,
2754 2179 2849 2234 sed
2903 2178 2970 2232 ad
3021 2177 3315 2233 obtinenda
3361 2175 3654 2246 prrecipua
3700 2175 3803 2230 duo

2216 2272 2527 2339 ministeria
2562 2269 2727 2326 curiae
2773 2269 3011 2326 caelestis
3060 2268 3360 2323 adscitum?
3417 2266 3698 2321 Nimirum
3743 2275 3799 2321 ut

2217 2363 2497 2432 apostolici
2550 2371 2771 2418 senatus
2841 2360 3233 2416 conscenderet
3282 2358 3516 2429 apicem,
3558 2365 3621 2412 et
3664 2359 3803 2413 inter

2206 2464 2436 2513 sanctos
2458 2455 2817 2526 evangelistas
2839 2454 2894 2509 itt
2924 2467 3011 2518 eo,
3037 2455 3179 2523 quod
3208 2451 3417 2522 primus
3440 2461 3551 2515 est,
3584 2450 3804 2520 privile—

2216 2549 2305 2613 gio
2346 2548 2644 2616 susciperet
2694 2544 3033 2614 dignitatem.
3067 2542 3557 2610 Quodntrumque
3603 2555 3800 2595 munus

2217 2637 2346 2692 nulli
2391 2650 2613 2706 prorsus
2663 2634 2751 2688 alii
2802 2633 3052 2688 collatum
3094 2640 3198 2695 est,
3232 2631 3334 2685 nisi
3386 2629 3648 2683 Mattiaco
3679 2636 3796 2682 tan.

2200 2730 2495 2784 tummodo
2540 2735 2596 2781 et
2639 2725 2855 2780 Joanni.
2907 2724 2972 2778 Et
3010 2724 3134 2794 quia
3175 2722 3410 2778 Joannes
3465 2720 3567 2773 Dei
3625 2720 3799 2789 gratia

2218 2820 2435 2881 dicitur,
2462 2815 2744 2872 Mattbaeus
2774 2813 3635 2882 etianrdonaturiutetzpretatsr,
3673 2810 3797 2865 dum

2216 2921 2445 2980 uterque
2474 2911 2702 2981 gemina:
2727 2902 3010 2979 dignitatis
3057 2908 3193 2961 dona
3226 2904 3554 2973 promeruit,
3585 2902 3800 2969 utrique

2216 3004 2460 3075 profecto
2481 3003 2654 3073 gratia
2682 3001 2804 3055 doni
2834 2999 3068 3055 ccelestis
3100 2997 3321 3052 infnlsit.
3354 2995 3482 3055 Sed,
3519 3003 3580 3047 ut
3613 2992 3797 3061 imple-

2220 3107 2372 3153 retur
2405 3095 2494 3149 illa
2544 3093 2831 3156 sententia,
2884 3107 2987 3162 qua
3025 3088 3266 3144 dicitur:
3327 3108 3344 3138 ι
3371 3088 3468 3143 Ubi
3504 3084 3799 3140 abundavit

2220 3189 2499 3258 iniquitas,
2550 3184 3007 3255 superabundavit
3053 3183 3224 3252 gratia
3272 3179 3455 3252 (nam.
3488 3178 3580 3248 v);
3613 3196 3633 3228 ο
3667 3175 3796 3229 lat-

2221 3281 2412 3345 thazus,
2459 3277 2586 3350 quia
2631 3274 2900 3331 scribendi
2939 3274 2992 3328 in
3039 3272 3347 3342 evangelica
3390 3271 3629 3324 veritate
3670 3265 3798 3321 fecit

2221 3370 2509 3441 originem,
2540 3366 2693 3423 ducis
2721 3379 2787 3420 ac
2810 3363 3156 3435 praeceptoris
3187 3362 3328 3416 inter
3365 3368 3596 3414 caeteros
3636 3372 3800 3411 evan-

2221 3457 2443 3529 gelistas
2477 3454 2716 3525 possidet
2743 3451 3065 3508 claritatem.
3093 3449 3189 3504 Cui
3237 3448 3490 3503 nimirum
3522 3445 3800 3515 aptissime

2221 3546 2468 3617 congruit
2496 3545 2585 3600 illa
2616 3542 3025 3611 sententia',qua
3047 3541 3280 3595 dicitur:
3313 3558 3331 3590 ι
3366 3538 3571 3593 Fidelis
3596 3550 3797 3598 sermo,

2222 3647 2278 3694 et
2334 3637 2479 3690 omni
2526 3635 2840 3704 acceptione
2885 3632 3110 3702 dignus,
3171 3630 3296 3701 quia
3350 3628 3604 3683 Christus
3645 3624 3799 3686 Jesus

2221 3727 2370 3783 venit
2395 3726 2448 3780 in
2474 3725 2615 3779 hunc
2640 3724 3227 3792 mundum‘peceatores
3250 3717 3430 3774 salvos
3444 3718 3643 3774 facere.
3668 3728 3801 3784 quo-

2223 3833 2342 3872 rutn
2374 3816 2582 3885 primus
2610 3827 2710 3882 ego
2730 3807 2887 3877 sum;
2919 3820 2978 3864 ut
3016 3810 3070 3864 in
3116 3824 3203 3864 me
3227 3804 3803 3879 primutnostcnderct

2223 3923 2437 3965 omnem
2498 3905 2816 3978 patientiam
2860 3903 2926 3958 ad
2981 3901 3413 3957 informationem
3463 3912 3655 3953 eorum
3708 3893 3800 3964 qui

2226 4000 2481 4057 credituri
2533 4007 2659 4055 sunt
2706 3997 2781 4052 illi
2831 3997 2884 4051 in
2919 3995 3087 4050 vitam
3130 4003 3388 4049 aeternam
3421 3989 3483 4062 (Ι
3512 3990 3654 4044 Tim.
3686 3988 3748 4059 l).
3776 4004 3799 4037 ο

2227 4091 2380 4147 Unde
2420 4089 2620 4145 factum
2669 4096 2775 4154 est,
2829 4088 2970 4142 sicut
3014 4084 3316 4156 evangelica
3367 4099 3509 4138 nunc
3564 4077 3805 4136 narravit

2201 4179 2475 4243 ~bistoria,
2507 4185 2567 4231 ιιι
2592 4192 2658 4232 eo
2687 4177 3055 4231 dismunbente
3102 4174 3153 4228 in
3181 4176 3340 4228 domo
3384 4171 3635 4242 ejusdem
3673 4169 3806 4225 ιω-

2229 4273 2377 4336 ιιιεεί,
2427 4272 2578 4326 multi
2622 4271 2895 4342 publicani
2930 4279 2987 4324 et
3021 4280 3337 4340 peccatores
3372 4268 3661 4322 venientes
3692 4266 3802 4321 dis-

2208 4363 2556 4429 cumberent
2594 4376 2716 4416 cum
2743 4360 2869 4417 Jesu
2898 4370 2953 4415 et
2995 4358 3271 4428 discipulis
3308 4357 3423 4426 ejus
3456 4357 3680 4426 (Matth.
3707 4357 3803 4424 rx).

2227 4453 2376 4520 Quos
2405 4452 2547 4507 enim
2576 4453 2842 4506 scelerum
2888 4467 3111 4506 suorum
3152 4451 3371 4505 mordax
3412 4449 3747 4505 conscientia
3772 4463 3803 4500 a

2227 4543 2609 4614 Redemptoris
2655 4560 2876 4599 accessu
2907 4557 3251 4612 compescere
3284 4551 3520 4612 poterat,
3554 4543 3653 4594 bos
3678 4541 3804 4594 llat-

2228 4635 2353 4689 αιτεί
2419 4633 2687 4689 familiare
2748 4650 2872 4690 cum
2948 4634 3176 4688 Domino
3235 4633 3689 4695 cettutberniutu,
3749 4640 3805 4683 ut

2224 4712 2571 4792 acceddrent,
2601 4728 2965 4797 provocabat;
2996 4733 3051 4780 et
3079 4725 3204 4778 dum
3251 4724 3319 4777 ad
3354 4723 3583 4791 pietatis
3608 4724 3802 4776 fontem

2225 4820 2592 4889 propinquare
2626 4819 2967 4888 conspiciunt
2995 4817 3363 4887 publicanum,
3410 4814 3556 4869 felici
3578 4814 3698 4882 jam
3718 4830 3807 4868 au-

2225 4911 2379 4966 dacia
2404 4920 2781 4980 prtesumente,
2822 4911 2993 4980 ipsum
3018 4908 3217 4963 fontem
3250 4923 3354 4962 non
3375 4907 3706 4963 atldubitant
3733 4907 3808 4960 ire

2227 5000 2452 5070 reliquis
2484 5016 2606 5056 cum
2631 5000 3006 5070 peccatoribus
3027 4999 3377 5069 publicatum.
3409 4997 3491 5051 De
3510 5013 3623 5066 qua
3653 4995 3808 5051 nimi-

2230 5110 2348 5148 rum
2411 5092 2772 5163 publicationc
2836 5090 3003 5146 fontis
3062 5090 3249 5146 aeterni
3317 5104 3416 5157 per
3488 5089 3811 5158 prophetam

2228 5187 2428 5220 ιΙῖΛῖΙηπ·
2455 5199 2470 5215 ο
2505 5204 2524 5220 ι
2553 5184 2609 5220 In
2640 5184 2725 5220 inn
2759 5184 2851 5220 Αἶα
2885 5183 2985 5220 ari!
3021 5179 3140 5220 tunc
3192 5192 3379 5220 nnlnnc
3418 5181 3622 5220 dnmuc
