3978 5328
209 151 310 207 739

1637 146 1874 206 SERMO
1913 151 1998 212 ι.ι,.

3361 158 3469 214 790

208 275 288 319 ter
315 264 384 316 ad
425 279 524 318 nos
571 262 778 318 venisse
801 277 866 315 ex
899 262 1063 316 Davi-.l
1087 277 1280 332 genere
1303 280 1405 318 non
1428 265 1780 320 dubitabitur.
1812 267 1860 324 Δ
1889 268 1952 323 ad
1979 269 2244 338 iustorum
2274 273 2465 328 merita
2517 273 2888 343 participando
2933 275 3322 338 conscendunt,
3352 283 3406 330 et
3429 271 3468 329 il

191 405 210 422 ,
283 356 438 409 llnuc
488 353 728 423 profecto
783 354 1171 408 misericordia:
1223 355 1462 419 fontem,
1511 373 1545 410 ο
1597 357 1786 412 Phario

210 450 356 503 saica
397 446 669 514 superbia,
713 460 872 514 paras
913 446 1215 512 obstruere,
1242 449 1370 506 dum
1419 450 1692 513 sitientes,
1733 461 1785 504 et

208 541 394 594 aridos
426 539 493 592 ab
523 537 640 606 ejus
684 553 902 592 accessu
954 539 1141 593 niteris
1181 540 1321 594 elato
1351 543 1641 608 supercilio
1668 559 1788 611 pro-

211 631 424 684 hibere.
473 629 572 684 Hic
620 645 714 698 per
762 644 824 683 os
859 628 1010 682 Isaia:
1073 631 1165 682 tibi
1208 631 1621 700 promittebatur
1656 634 1791 687 bau-

211 730 351 782 slus,
403 733 525 772 cum
575 717 827 772 dicebat:
867 739 884 770 ι
916 717 1194 772 Effundam
1258 720 1400 773 enim
1456 735 1650 790 aquam
1701 738 1790 776 su-

209 825 310 879 per
366 810 659 873 sitientem,
717 817 772 863 et
828 807 1024 863 ﬂuenta
1087 824 1247 878 super
1305 812 1550 870 aridam;
1620 810 1791 866 eﬂ‘un-

211 905 338 953 dam
368 900 532 971 269
561 901 808 969 spiritum
855 916 1032 954 meum
1089 917 1251 971 super
1299 919 1483 957 semen
1517 913 1686 963 tuum,
1738 913 1792 958 ct

210 993 648 1047 benedictionem
683 1009 856 1048 meam
881 1009 1043 1064 super
1071 996 1294 1064 sti:pem
1322 1005 1486 1059 tuam,
1517 1005 1568 1048 et
1599 997 1791 1065 germi-

212 1087 422 1136 nabnnt
454 1085 597 1138 inter
624 1085 824 1140 herbas
849 1086 1002 1154 quasi
1026 1079 1217 1140 salices
1243 1088 1396 1155 juxta
1425 1087 1790 1154 pr.t.~terﬂueII-

212 1183 296 1225 tes
327 1171 659 1243 nquas(lsa.
707 1174 838 1244 xu).
889 1194 907 1226 I
952 1174 1048 1228 llic
1078 1175 1272 1228 iterum
1305 1176 1396 1229 tibi
1442 1176 1790 1244 promitteba-

212 1272 322 1321 tur.
364 1280 487 1317 cum
551 1274 603 1318 et
635 1266 759 1318 alibi
800 1265 1043 1320 diceret:
1085 1288 1099 1315 ι
1143 1267 1206 1320 Et
1233 1268 1341 1320 eris
1387 1269 1537 1336 quasi
1607 1270 1794 1322 hortus

211 1356 472 1423 irriguos,
503 1364 558 1410 et
608 1356 748 1410 sicut
799 1356 918 1411 fons
959 1373 1238 1426 aquarum,
1267 1360 1351 1413 cui
1402 1375 1505 1413 non
1538 1361 1794 1415 deficiunt

211 1460 370 1512 aqum
412 1443 548 1514 (Ita.
604 1446 777 1515 LvIII).
819 1465 837 1495 ι
883 1445 988 1501 Sed
1021 1457 1075 1500 tu
1120 1447 1172 1501 in
1215 1448 1412 1502 fastum
1441 1451 1657 1504 tumida:
1685 1450 1793 1504 ela-

213 1534 379 1588 tionis
402 1535 748 1604 impudenter
770 1547 976 1602 erecta,
1003 1547 1054 1592 et
1083 1540 1150 1592 de
1194 1538 1578 1607 falsaejustitize
1606 1542 1790 1611 singu-

1891 360 1980 427 qui
2005 359 2134 427 justi
2166 362 2506 426 videbantur,
2534 363 2600 416 ad
2624 365 2854 433 agrestis
2884 373 2938 417 et
2975 363 3294 418 infructuosi
3340 379 3469 433 ger-

1891 453 2054 504 minis
2085 467 2247 521 opera
2277 454 2584 522 prmcipites
2609 462 2893 507 corruunt.
2929 453 3065 509 Huic
3105 455 3282 510 simile
3311 465 3470 512 estet

1891 541 2031 608 quod
2064 540 2353 608 Apostolus
2404 543 2533 596 dicit
2563 559 2574 593 :
2611 562 2628 593 ι
2674 543 3032 597 Circutncisio
3069 544 3282 611 quidem
3311 545 3472 614 prod-

1891 639 1994 692 est,
2035 630 2079 683 si
2126 629 2294 700 legem
2323 632 2613 694 observes;
2649 633 2691 685 si
2717 644 2896 686 autem
2926 635 3313 702 prazvaricator
3339 635 3471 706 legis

1893 718 1989 783 sis,
2023 718 2366 775 circumcisio
2397 730 2482 774 tua
2514 720 2834 790 praeputium
2861 720 3002 775 facta
3030 731 3111 775 est
3137 721 3305 792 (Rom.
3335 729 3412 791 II).
3447 742 3467 774 ι

1893 807 2032 875 Quid
2063 824 2213 879 ergo,
2247 809 2537 874 Pharisa‘e,
2563 812 2800 880 prodest,
2827 812 2966 879 quod
3009 822 3060 867 te
3082 829 3178 882 per
3210 829 3467 884 arrogan-

1895 899 2023 952 tiam
2066 897 2260 965 jactas,
2289 900 2429 969 quod
2489 901 2772 954 scientiam
2804 903 2901 956 tibi
2931 918 3072 958 vera:
3111 903 3471 957 circumcisio-

1893 991 1979 1044 nis
2004 1005 2253 1060 usurpas,
2283 991 2407 1044 dum
2439 1000 2493 1043 ut
2523 993 2990 1060 prtevaricatorem
3013 993 3148 1062 legis
3175 993 3470 1046 evidentisv

1893 1081 2029 1135 sime
2058 1083 2282 1150 rcproha
2322 1082 2427 1134 vita
2457 1084 2790 1137 convincat?
2827 1082 2978 1138 Unde
3010 1091 3060 1136 te
3093 1085 3158 1136 de
3185 1083 3471 1153 singulari-

1899 1178 2007 1226 t.Ite
2037 1170 2429 1240 falsaejnslitite
2453 1173 2796 1243 gloriantem,
2822 1189 2884 1227 ac
2921 1190 3016 1243 per
3038 1175 3139 1228 hoc
3163 1175 3469 1245 albuginem

1897 1263 1949 1316 in
1989 1265 2147 1319 oculo
2199 1266 2515 1319 tolerantem
2571 1269 2842 1333 inspector
2903 1266 3160 1318 mentium
3219 1265 3476 1318 Dominus

1897 1356 2117 1422 sprevit,
2142 1364 2196 1408 et
2224 1355 2564 1424 publicanum
2591 1354 2753 1419 hunc,
2783 1355 2946 1425 270
2973 1371 3131 1425 quem
3155 1355 3384 1424 despicis
3410 1370 3476 1411 ac

1896 1445 2242 1514 despiciendo
2291 1448 2620 1510 contemnis,
2678 1449 2729 1500 in
2783 1448 3241 1516 eonturbernium
3271 1446 3475 1518 proprii

1897 1542 2187 1595 comitatus
2218 1543 2414 1610 adlegit
2449 1561 2460 1596 :
2499 1561 2517 1593 ι
2571 1543 2834 1612 Sequere,
2886 1543 3078 1613 inquit,
3112 1559 3232 1610 me;
3260 1553 3313 1598 et
3357 1555 3454 1597 sur

213 1626 432 1680 laritate
461 1626 838 1684 Ienocinanter
862 1628 1063 1695 inﬂata,
1096 1631 1266 1698 gratis
1304 1632 1603 1700 expositam
1654 1632 1794 1685 salu-
1826 1606 1870 1665 Β
1899 1645 2051 1702 gens,
2089 1643 2305 1686 secutus
2330 1641 2410 1686 est
2436 1649 2556 1686 eum
2583 1631 2796 1701 (Matth.
2823 1635 2924 1703 Ix).
2971 1654 2989 1686 ι

212 1718 282 1769 tis
311 1727 531 1772 πίει-ηαδ
556 1717 760 1774 fontem
796 1723 1190 1775 contumaciter
1228 1723 1460 1792 despicis
1503 1732 1557 1777 et
1583 1723 1792 1778 vivifica

211 1809 433 1877 superni
488 1810 651 1864 fontis
700 1811 896 1866 ﬂuenta
945 1811 1173 1866 fastidis.
1225 1812 1502 1867 Accedens
1529 1814 1673 1867 enim
1728 1814 1796 1868 ad

209 1897 511 1967 discipulos
559 1899 771 1956 Domini
806 1911 1021 1956 tumens
1065 1912 1121 1956 et
1179 1917 1460 1972 arrogans,
1497 1903 1792 1968 Pbarisme,

211 1990 532 2056 pestiferum
580 1993 847 2060 superbiat
894 1995 1065 2057 virus,
1127 1995 1270 2063 quod
1328 1995 1380 2048 iu
1442 2005 1666 2064 pectore
1705 2007 1798 2052 tuo

215 2081 588 2146 grassabatur,
633 2082 864 2138 elfundis
897 2101 910 2136 :
943 2096 998 2138 et
1051 2084 1302 2140 elationis
1346 2096 1586 2151 ventum,
1637 2101 1796 2156 quem

212 2174 420 2227 tumida
449 2183 631 2231 mente
674 2191 1024 2246 conceperas,
1057 2193 1153 2246 per
1178 2177 1326 2232 lividi
1383 2195 1448 2234 ac
1497 2180 1635 2235 male
1665 2197 1795 2249 spu-

212 2272 420 2318 mantis
447 2265 559 2319 oris
603 2266 877 2336 spiramen
924 2268 1194 2331 exsulﬂas,
1227 2287 1247 2320 ι
1285 2269 1483 2335 Quare,
1522 2270 1796 2340 inquiens,

211 2371 336 2408 eam
360 2357 667 2425 publicanis
718 2367 770 2412 et
800 2361 1174 2428 peccatoribus
1206 2362 1494 2416 manducat
1539 2364 1798 2432 magister

212 2456 398 2500 vester
423 2448 446 2502 τ
487 2469 510 2501 δ
538 2449 750 2518 (Matth.
788 2451 887 2519 Ix.)
927 2451 1133 2508 llcirco
1159 2453 1317 2522 plane
1339 2469 1460 2509 cum
1485 2455 1684 2511 talilms
1710 2471 1800 2512 co-

213 2539 410 2604 medit,
441 2548 500 2593 ut
523 2541 588 2594 de
617 2543 923 2610 publicanis
943 2542 1139 2610 justus,
1171 2545 1236 2598 de
1276 2548 1652 2614 peccatoribus
1677 2564 1801 2603 san~

210 2640 355 2690 ctos,
422 2630 489 2683 de
519 2630 830 2686 criminosis
879 2633 1067 2688 reddat
1105 2635 1398 2704 apostolos.
1443 2637 1612 2690 Vocat
1655 2639 1798 2691 enim

212 2729 556 2788 peccatores,
586 2732 764 2778 utcos
815 2726 1030 2795 pr0pria
1080 2726 1280 2780 virtute
1327 2727 1664 2795 justiticans,
1691 2729 1802 2784 eﬂi-

211 2811 325 2866 ciat
369 2813 706 2868 innocentes.
747 2815 836 2869 Sic
867 2817 1146 2880 nimirum,
1201 2820 1280 2872 sic
1312 2820 1439 2874 alibi
1487 2821 1616 2876 dum
1662 2823 1799 2876 bona

215 2913 331 2964 tua,
379 2904 678 2969 Pharisaee,
741 2909 792 2962 in
851 2910 1048 2979 templo
1095 2913 1442 2977 constitutus,

215 3010 529 3059 enumeras,
570 3008 626 3051 ct
674 2998 902 3052 alterum
943 3001 1309 3070 publicanum,
1363 3013 1415 3058 te
1443 3003 1800 3074 praeferendo,

221 3087 579 3150 condemnas,
615 3097 670 3144 et
713 3089 800 3144 ille
829 3093 895 3146 de
937 3102 1122 3148 reatus
1153 3095 1234 3149 sui
1291 3096 1550 3152 barathro
1578 3100 1644 3153 ad
1675 3116 1802 3169 pro-

217 3175 532 3228 merendam
560 3178 774 3233 veniam
804 3181 1136 3249 justiﬂcatus
1163 3187 1431 3252 ascendit,
1467 3198 1519 3242 et
1563 3197 1614 3242 tu
1647 3205 1675 3242 a
1707 3189 1795 3244 fal-

217 3278 292 3316 ατε
313 3263 548 3331 justitia:
577 3275 682 3320 tute
715 3268 951 3324 culmine
983 3280 1109 3328 ante
1133 3275 1519 3344 omnipotentis
1553 3277 1644 3331 Dei
1677 3293 1802 3332 ocu-

218 3357 298 3410 los
328 3357 624 3412 infeliciter
649 3361 924 3415 corruisti.

289 3445 402 3500 Hoc
451 3448 633 3517 itaque
677 3451 836 3504 modo
870 3451 996 3504 dum
1029 3453 1094 3506 de
1144 3452 1322 3509 fucato
1356 3471 1538 3511 vacuae
1579 3457 1803 3526 justitia:

216 3547 414 3591 vestae
441 3538 620 3592 nitore
647 3543 990 3607 prtesumilis,
1018 3551 1071 3596 et
1099 3555 1325 3599 caateros
1377 3549 1443 3601 de
1483 3549 1590 3602 suis.
1623 3564 1806 3604 exces-

217 3629 370 3681 sibus
391 3627 714 3695 judieabiles
738 3631 1124 3698 submoractis,
1153 3643 1205 3689 et
1247 3635 1456 3704 justitia
1495 3647 1670 3692 vestra
1709 3657 1804 3709 per

216 3720 514 3775 elationem
570 3721 623 3775 in
665 3732 945 3791 peccatum
979 3727 1227 3786 vertitur,
1260 3737 1315 3781 ct
1370 3727 1582 3782 illorum
1614 3745 1803 3798 perpe-

219 3820 363 3866 trata
397 3813 638 3880 nequitia
665 3813 728 3866 ad
757 3814 1105 3869 obtinendam
1124 3819 1333 3871 veniam
1369 3835 1466 3889 per
1489 3820 1806 3874 humilitatis

215 3904 451 3970 gratiam
481 3913 786 3972 reparatur.
822 3906 974 3960 Unde
999 3917 1052 3961 et
1097 3923 1192 3977 per
1213 3911 1529 3977 prophetam
1559 3910 1758 3966 dicitur
1789 3931 1800 3966 :

220 4013 240 4044 α
282 3995 351 4048 Et
382 3995 490 4048 erit
515 3995 786 4048 desertum
825 3997 877 4049 in
933 3997 1210 4062 Charmel,
1241 4008 1291 4051 et
1336 3999 1581 4053 Charmel
1623 4001 1673 4053 in
1703 4001 1805 4053 sal-

217 4096 329 4139 lttttt
371 4086 718 4154 reputabitur
759 4086 890 4156 (ha.
949 4090 1123 4155 xxix).
1169 4111 1187 4142 ο
1231 4089 1368 4154 Quid
1405 4091 1610 4144 scilicet
1653 4091 1806 4144 intel-

219 4177 423 4246 ligatur
454 4193 551 4246 per
577 4178 874 4241 desertum,
914 4180 1014 4232 nisi
1044 4180 1134 4248 qui
1166 4180 1216 4234 in
1246 4181 1426 4234 carnis
1456 4196 1566 4234 suae
1597 4181 1803 4250 legibus

221 4269 432 4329 vivunt,
459 4268 549 4336 qui
579 4268 909 4337 voluptatum
959 4286 1179 4324 suarum
1225 4270 1494 4325 illecebris
1537 4273 1796 4336 serviunt,
1830 4307 1878 4366 D

221 4371 272 4413 et
305 4361 437 4414 dum
488 4360 617 4414 nulli
649 4360 815 4414 divini
846 4363 992 4415 verbi
1021 4377 1267 4416 vomeres
1293 4378 1480 4416 eorum
1508 4379 1621 4429 cor,
1653 4364 1799 4418 velut

219 4465 410 4504 arvum
438 4449 722 4514 rationale,
747 4451 1086 4519 persulcant,
1103 4452 1280 4506 nullas
1300 4454 1560 4507 bonorum
1577 4470 1796 4522 operum

217 4550 433 4608 segetes
463 4541 800 4609 germinant;
837 4544 978 4595 unde
1007 4543 1214 4597 scilicet
1260 4544 1310 4596 in
1342 4543 1650 4598 cmlestibus
1681 4547 1800 4598 bor-

219 4631 329 4684 reis
365 4631 634 4686 frumenta
679 4635 1008 4687 recondant?
1044 4633 1181 4700 Quid
1220 4649 1349 4688 vero
1387 4650 1483 4703 per
1525 4635 1796 4699 Chai-mel,

217 4724 309 4790 qui
329 4725 548 4777 scientia
591 4741 724 4778 verte
750 4724 1160 4779 circumcisionis
1189 4726 1408 4788 dicitur,
1465 4725 1566 4778 nisi
1600 4725 1673 4778 illi
1704 4725 1798 4780 de-

219 4813 351 4866 lent
401 4813 649 4882 intelligi,
706 4814 796 4882 qui
830 4831 922 4883 per
951 4814 1178 4868 nitorem
1207 4815 1493 4869 exterioris
1517 4815 1739 4882 justitia:
1769 4833 1797 4871 a

221 4903 536 4957 carnalibus
567 4903 818 4957 videntur
841 4904 1096 4974 operibus
1145 4905 1475 4967 circumcisi,
1501 4916 1556 4960 et
1607 4909 1670 4962 de
1696 4909 1798 4962 circ

221 4993 574 5048 eumcisionis
617 4992 853 5060 ejusdem
898 4993 1052 5062 quasi
1116 4993 1374 5065 singulari
1433 5009 1537 5050 non
1587 5006 1802 5054 cessant

1967 1769 2139 1835 Quam
2173 1769 2329 1823 fortis
2356 1778 2408 1823 et
2443 1769 2615 1821 valida
2649 1784 2840 1824 manus
2884 1769 3043 1838 hujus
3069 1768 3307 1823 cmlestis
3329 1767 3476 1838 agri-

1899 1859 2031 1913 cola:
2057 1861 2068 1912 !
2104 1858 2366 1912 Arborem
2392 1859 2600 1912 scilicet
2632 1868 2787 1911 terra:
2813 1859 3070 1912 radicitus
3101 1859 3478 1922 inhaerentem,

1897 1961 1952 2003 et
1988 1951 2274 2004 mundana:
2311 1948 2764 2020 concupiscentia:
2795 1949 3056 2004 tenaciter
3109 1949 3476 2012 incubantem,

1900 2058 2021 2096 mox
2053 2051 2111 2096 ut
2161 2042 2456 2105 concussit,
2503 2040 2720 2104 evulsit,
2765 2041 3085 2110 asportavit,
3142 2050 3196 2095 et
3225 2040 3278 2094 in
3333 2049 3480 2094 terra

1901 2135 2197 2188 viventium
2229 2133 2665 2202 transplantavit.
2698 2131 2799 2187 Ubi
2845 2132 3099 2186 videlicet
3133 2150 3151 2181 ι
3184 2128 3384 2197 justus,
3416 2138 3478 2184 ut

1898 2224 2077 2294 palma
2107 2223 2312 2277 ﬂorebit
2342 2234 2396 2277 et
2417 2223 2555 2276 sicut
2588 2221 2784 2276 cedrus
2818 2220 3008 2276 Libani
3039 2219 3482 2290 multiplicabitur

1901 2317 2074 2390 (Psal.
2101 2320 2232 2387 χει).
2281 2339 2298 2370 ι
2343 2318 2439 2373 Cui
2474 2317 2728 2370 nimirum
2758 2331 2855 2384 per
2901 2317 3331 2370 immutationem
3357 2315 3484 2369 dex-

1902 2419 1998 2465 trae
2021 2410 2230 2465 Excelsi
2255 2424 2491 2478 congrua
2518 2406 2868 2478 dispositione
2889 2407 3139 2462 collatum
3159 2412 3266 2470 est,
3291 2413 3349 2457 ut
3376 2418 3482 2458 non

1900 2502 2062 2556 modo
2114 2500 2458 2569 praedicandi,
2491 2501 2584 2554 sed
2634 2509 2687 2553 et
2733 2499 3005 2553 scribendi
3059 2497 3344 2552 sortiretur
3368 2494 3483 2548 olli-

1903 2591 2066 2654 cium,
2105 2593 2291 2660 sicque
2341 2600 2641 2644 mereretur
2696 2590 2930 2643 humano
2975 2587 3158 2658 generi
3205 2585 3478 2641 caelestem

1905 2681 2215 2735 ministrare
2247 2679 2868 2746 thesaurum.Qnatenus
2893 2679 2982 2748 qui
3015 2677 3214 2731 terreni
3245 2685 3482 2745 quatsuts

1905 2773 2053 2828 lucra
2103 2783 2524 2842 contempserat,
2571 2771 2870 2828 cmlestium
2905 2771 3224 2826 talentorum
3268 2769 3484 2838 dispen-

1907 2875 2055 2919 sator
2085 2867 2362 2929 existeret,
2395 2873 2450 2919 et
2489 2865 2770 2919 thesauros
2810 2863 3048 2918 caelestis
3095 2862 3318 2932 eloquii,
3347 2874 3484 2930 quos

1830 2947 1875 3010 C
1910 2956 2297 3022 impartiendOs
2333 2950 2637 3023 acceperat,
2681 2953 2911 3008 ﬁdeliter
2943 2959 3216 3021 erogaret.
3252 2951 3319 3006 Ut
3343 2951 3486 3005 sicut

1907 3047 2234 3115 Redemptor
2260 3056 2446 3101 noster
2478 3046 2837 3115 piscatoribus
2880 3045 2992 3100 suis
3019 3055 3145 3099 ante
3187 3043 3298 3113 jam
3336 3043 3487 3098 dixe-

1907 3150 1991 3193 rat
2022 3159 2035 3193 ε
2082 3159 2099 3190 ε
2141 3140 2330 3194 Venite
2358 3149 2477 3209 post
2511 3155 2616 3203 me,
2646 3147 2700 3193 et
2738 3137 2934 3192 faciam
2963 3151 3058 3191 vos
3089 3137 3202 3190 fieri
3251 3135 3486 3205 piscato-

1907 3247 1994 3285 res
2045 3221 2321 3284 hominum
2375 3229 2589 3298 (Matth.
2649 3229 2748 3299 Iv),
2787 3248 2805 3280 ι
2840 3229 2919 3282 sic
2964 3228 3049 3281 isti
3089 3227 3486 3295 quodammodo

1905 3323 2108 3374 diceret
2139 3337 2152 3372 :
2183 3319 2281 3384 Qui
2333 3319 2496 3372 lucris
2546 3318 2930 3387 temporalibus
2972 3317 3167 3379 inhias,
3215 3316 3304 3384 qui
3337 3322 3484 3370 certe

1905 3423 1958 3464 ut
1990 3426 2124 3465 auro
2157 3410 2238 3463 vcl
2269 3420 2494 3478 argento
2521 3410 2708 3464 diteris
2758 3408 3102 3477 impatienter
3128 3407 3373 3470 anhelas,
3397 3422 3485 3462 me

1903 3503 2224 3571 quantocius
2253 3517 2499 3569 sequere,
2536 3514 2768 3569 moxque
2809 3510 2860 3554 te
2909 3499 3102 3553 faciam
3153 3497 3486 3552 immortales

1905 3592 2123 3660 superni
2151 3592 2296 3660 regni
2328 3591 2542 3644 divitias
2572 3606 2668 3661 per
2690 3591 2871 3644 mundi
2896 3588 3232 3642 latitudinem
3267 3589 3481 3656 dispen-

1905 3698 2047 3736 sare.
2089 3681 2166 3734 Tn
2198 3680 2404 3734 scilicet
2435 3695 2626 3733 aurum
2677 3680 2876 3749 quaeris
2913 3693 3034 3733 cum
3069 3677 3264 3732 sarculo
3309 3687 3484 3730 trans-

1873 3789 1877 3793 '
1909 3773 2131 3834 iturum,
2164 3780 2220 3824 et
2264 3786 2363 3837 ego
2415 3770 2508 3823 tibi
2564 3769 2836 3837 Evangelii
2877 3769 3186 3822 thesaurum
3225 3765 3362 3821 dabo
3389 3780 3486 3836 per

1907 3869 2100 3914 cuncta
2127 3859 2313 3929 procul
2337 3859 2500 3913 dubio
2535 3857 2727 3913 saecula
2753 3871 3188 3927 permansurum.

1977 3990 2112 4044 l‘linc
2145 3991 2285 4045 forte
2315 4000 2398 4046 est
2448 3991 2590 4060 quod
2637 3990 2704 4045 de
2754 3989 2915 4043 ﬂuvio
2956 3989 3044 4044 illo
3092 3988 3348 4058 paradisi,
3389 3987 3483 4058 qui

1908 4082 2047 4150 apud
2088 4081 2340 4136 Genesim
2375 4081 2572 4136 Phison
2601 4082 2916 4151 appellatur,
2943 4081 3014 4135 ita
3043 4080 3273 4150 legitur:
3304 4097 3320 4130 ι
3345 4078 3483 4145 Quia

1905 4173 2330 4228 eircuitomnem
2366 4181 2560 4227 terram
2593 4172 2824 4236 Evilath,
2858 4171 2944 4224 ubi
2992 4171 3235 4224 nascitur
3255 4183 3482 4230 aurum;

1907 4275 1962 4318 et
1985 4281 2175 4319 aurum
2200 4273 2359 4319 terrae
2383 4264 2526 4319 illius
2548 4264 2808 4333 optimum
2839 4271 2923 4318 est
2950 4261 3104 4334 (Gen.
3149 4260 3230 4330 It).
3270 4279 3286 4310 ι
3324 4259 3479 4312 Sicut

1903 4354 2046 4409 enim
2081 4353 2276 4408 Phison
2305 4353 2512 4423 primus
2550 4362 2632 4406 est
2661 4353 2942 4406 ﬂuviorum
2972 4351 3038 4403 de
3071 4348 3301 4418 paradisi
3334 4346 3481 4400 fonte

1902 4444 2330 4513 procedentium,
2362 4443 2433 4496 ita
2466 4442 2524 4496 Β.
2560 4441 2840 4494 lllattha-ns
2890 4439 3029 4492 inter
3058 4438 3290 4506 reliquos
3317 4451 3480 4488 evan-

1903 4538 2124 4604 gelistas
2178 4537 2408 4605 primum
2459 4534 2670 4586 obtinet
2702 4532 2900 4584 locum.
2957 4530 3101 4583 Satis
3129 4545 3256 4598 ergo
3282 4543 3478 4597 conve-

1905 4630 2059 4682 niens
2085 4639 2188 4689 est,
2233 4637 2288 4682 et
2319 4625 2520 4679 intima:
2577 4624 2769 4679 rationi
2800 4622 3078 4692 aptissime
3114 4620 3380 4688 congruit,
3424 4629 3487 4673 ut

1905 4718 2048 4771 sicut
2072 4718 2209 4784 apttd
2240 4715 2436 4768 Phison
2467 4713 2728 4781 optimum
2770 4711 3038 4781 reperitur
3073 4725 3284 4770 aurum,
3317 4708 3394 4760 sic
3430 4719 3492 4762 ct

1906 4809 2045 4876 apud
2076 4809 2219 4862 hunc
2261 4804 2631 4859 beatissimum
2680 4801 2973 4873 evangelici
3004 4801 3209 4854 ordinis
3235 4797 3495 4867 primice-

1909 4896 2046 4949 rium
2095 4895 2460 4964 intelligamus
2499 4891 2677 4945 inesse
2709 4889 2944 4944 thesauri
2995 4889 3232 4944 Ctelcstis
3284 4885 3508 4939 incom-

1906 4985 2270 5054 prehensibile
2301 4991 2718 5036 sacramentum.
2751 4979 2847 5034 Cui
2899 4974 3522 5049 profectoconvcnieu-

2651 5068 2988 5090 O-I-_.--,.--..
3031 5069 3074 5090 Δ·
3117 5073 3149 5090 ⁸.
3178 5085 3218 5090 --
3251 5084 3264 5090 -
3309 5082 3324 5090 -
3356 5065 3482 5090 Ἷ“Ι-μ-
