3978 5328
498 232 603 291 79ῐ

1116 223 1172 278 S.
1207 218 1406 277 PETRI
1443 215 1722 274 DAMIANI
1752 212 1908 270 OPP.
1942 209 2122 266 PARS
2161 206 2294 264 SEU
2328 204 2561 261 TOMUS
2587 203 2648 258 ll.
2683 233 2749 242 —-
2788 201 3178 259 SERMONES.

3684 200 3793 255 792

496 345 678 416 potius
721 341 778 396 in
833 336 914 393 sui
963 332 1202 404 pectoris
1247 344 1373 385 arca
1422 326 1761 382 reconditum
1818 323 2091 377 subtiliter
2121 325 2165 382 Α
2195 319 2294 374 dor
2319 326 2400 373 cst
2434 316 2570 372 lucis
2597 324 2814 372 eterna:
2841 313 2997 385 (Sap.
3023 314 3122 385 VII)
3159 313 3342 369 radios
3375 315 3563 371 cordis
3594 316 3792 382 inﬁxit.

497 437 684 490 librat.

522 438 533 491 i
580 443 684 488 rat.

541 438 683 579 bHoc
710 535 900 577 aurum
926 518 1084 589 plano
1112 515 1429 584 designabat
1461 519 1514 567 et
1543 511 1774 581 Moyses,
1794 523 1915 563 cum
1942 507 2010 561 de
2035 519 2094 560 se

497 627 760 685 tanquam
794 613 860 666 de
914 609 1021 665 alio
1065 608 1118 662 in
1157 603 1577 677 Denteronomio
1628 601 1877 655 diceret:
1911 615 1929 648 ι
1967 595 2093 651 Hmc

498 714 624 761 sunt
649 703 835 765 verba,
867 713 987 769 quae
1012 698 1226 752 locutus
1271 704 1355 749 est
1404 693 1469 746 ad
1504 702 1720 746 omnem
1750 687 1915 745 lsrael
1944 695 2096 741 trans

496 793 811 857 Iordanem,
846 791 898 844 in
923 787 1216 844 solitudine
1242 784 1554 854 campestri,
1582 791 1773 837 contra
1799 793 1951 834 mare
1983 776 2101 830 Ru-

497 886 681 948 brdm,
704 882 846 935 inter
872 879 1111 941 Pharan,
1147 885 1202 930 et
1229 873 1491 944 ThOphel,
1539 880 1594 927 et
1619 870 1827 933 Laban,
1848 878 1905 923 et
1957 868 2095 921 Ase-

497 973 645 1040 rOtb,
673 973 762 1026 nhi
795 970 911 1026 auri
943 977 1026 1023 est
1053 966 1345 1037 plurimum
1367 963 1546 1035 (Deut.
1567 962 1629 1031 t);
1662 981 1681 1012 ι
1714 961 1768 1014 In
1798 960 1914 1014 loco
1940 973 2093 1021 sane,

503 1064 593 1118 ubi
626 1063 807 1117 divina
839 1060 927 1115 lex
957 1057 1132 1113 fuerat
1162 1054 1529 1126 promulgata,
1553 1053 1696 1107 sicut
1720 1051 1942 1113 dicitur,
1974 1046 2094 1102 auri

501 1156 796 1227 plurimum
827 1159 968 1214 erat,
1003 1150 1132 1219 quia
1182 1148 1282 1202 sub
1342 1153 1563 1216 aggesto
1614 1144 1706 1198 illo
1753 1142 2109 1212 superducta-

500 1250 794 1307 locntionis
843 1246 1087 1317 pulvere,
1117 1242 1271 1298 multi
1327 1254 1631 1312 gravesque
1660 1236 1899 1293 thesauri
1935 1235 2096 1291 caele-
2116 1290 2141 1311 ο

501 1340 602 1396 stis
633 1340 910 1410 sapientiae
931 1335 1323 1392 delitescebant
1347 1340 1671 1400 ettanquam
1700 1343 1868 1400 grana
1887 1328 2098 1382 triticeo

505 1437 607 1492 sub
635 1435 814 1491 culmo
837 1433 1029 1488 littera:
1055 1432 1414 1487 servabantur
1433 1429 1666 1483 occulta.
1699 1427 1766 1480 Et
1808 1426 1946 1480 bene
1967 1439 2095 1477 san-

513 1530 618 1585 etis
647 1528 984 1591 doctoribus,
1031 1525 1201 1596 Moysi
1235 1525 1442 1579 scilicet
1494 1532 1549 1576 et
1585 1520 1859 1584 Matthmo,
1905 1534 2095 1572 aurum

504 1622 785 1692 aequaliter
806 1620 1079 1690 congruit,
1104 1633 1335 1689 quorum
1370 1616 1574 1671 alterin
1609 1615 1726 1683 lege
1745 1612 1935 1675 veleri,
1960 1611 2097 1665 alter

505 1714 561 1767 in
597 1710 923 1781 Evangelico
946 1710 1218 1766 scribendi
1263 1709 1423 1781 271
1480 1706 1610 1762 fecit
1651 1705 1887 1768 initium,
1913 1712 1973 1757 ut
2003 1716 2099 1771 per

502 1808 606 1868 hos
630 1807 915 1874 utriusque
942 1803 1274 1859 Testamenti
1299 1802 1572 1871 principes
1601 1798 1961 1854 ostendantur
1991 1794 2096 1858 his,

502 1914 624 1971 quae
645 1899 1002 1969 scripserunt,
1032 1897 1213 1951 inesse
1231 1895 1434 1949 divitiae
1457 1890 1751 1963 spiritales.
1777 1890 2098 1957 Quanquam

502 1993 684 2059 ethoc
712 2005 926 2055 aurum,
959 1988 1103 2059 quod
1128 1988 1180 2044 in
1205 1985 1626 2042 Deuteronomio
1646 1984 1867 2048 dicitur,
1892 1980 2100 2051 Specta-

500 2083 629 2139 liter
651 2082 712 2136 Β.
742 2080 995 2136 Mattiaco
1022 2092 1324 2147 congruere
1350 2077 1587 2131 videtur.
1622 2072 2097 2129 Deuteronomium

503 2173 773 2243 siquidem
825 2170 1064 2227 seetmda
1111 2170 1200 2224 lex
1243 2169 1461 2232 dicitur,
1512 2181 1609 2237 per
1657 2179 1818 2235 quam
1847 2163 2101 2218 videlicet

504 2263 862 2334 Evangelium
911 2262 1250 2331 designatur.
1284 2261 1492 2313 Aurum
1518 2272 1672 2329 ergo,
1701 2256 1847 2327 quod
1875 2256 1928 2311 in
1961 2256 2099 2309 Deu-

505 2357 812 2413 teronomio
832 2355 1054 2419 dicitur,
1083 2352 1433 2423 evangelista:
1470 2350 1727 2405 Matthazo
1752 2366 1858 2405 non
1908 2349 2099 2403 imme.

503 2447 912 2519 ritocongrnit,
934 2447 1027 2515 qui
1056 2446 1347 2500 secundam
1371 2444 1565 2510 legem,
1595 2442 1698 2497 hoc
1720 2450 1825 2500 est.
1858 2441 2098 2510 Evange-

503 2536 636 2593 llu'm
657 2538 865 2608 primus
897 2535 1137 2591 omnium
1168 2533 1403 2602 scripsit.

574 2628 687 2685 Nec
717 2629 1076 2699 ignorantium
1099 2627 1242 2696 quod
1263 2640 1360 2696 per
1383 2622 1722 2693 quatuorilla
1745 2621 1887 2686 loca,
1910 2622 1961 2675 id
1990 2631 2097 2684 est,

504 2722 743 2785 Pha'ran,
770 2729 826 2775 et
856 2718 1123 2789 'l‘hoph‘el,
1156 2717 1364 2779 Laban,
1393 2723 1448 2770 et
1485 2715 1741 2777 Aseroth,
1794 2713 1938 2767 inter
1979 2726 2100 2781 qua:

505 2813 762 2869 videlicet
788 2811 968 2866 divina
1001 2811 1087 2865 lex
1132 2810 1310 2871 datur,
1345 2816 1399 2862 et
1430 2808 1610 2861 inesse
1644 2806 1762 2859 auri
1805 2805 2097 2874 plurimum

505 2906 728 2969 dicitur,
747 2911 984 2975 quatuor
1012 2900 1465 2971 evangelistarum
1491 2911 1750 2952 numerus
1767 2896 2096 2967 designatur.

2193 405 2553 462 indelicientis
2585 404 2824 461 thesauri
2852 405 3009 461 nobis
3038 403 3255 459 divitias
3280 404 3559 474 patefecit.
3585 405 3652 459 Et
3679 407 3795 461 hac

2193 494 2311 550 loca
2354 504 2544 549 contra
2598 511 2750 550 mare
2796 493 3037 549 Rubrum
3062 508 3183 550 esse
3223 486 3501 560 dicuntur,
3544 495 3640 563 qui
3682 503 3795 549 tota

2193 585 2453 654 quadriga
2484 585 2655 639 sancti
2692 584 2970 655 Evangelii
3015 592 3208 640 contra
3248 593 3540 639 cruentum
3569 584 3801 641 dimicat

2193 670 2473 729 mundum.

2266 808 2372 863 Sed
2398 808 2597 862 auditis
2627 808 2712 863 his
2759 823 2881 878 qua:
2931 809 2998 862 de
3044 807 3361 877 phrenetico
3387 806 3798 862 Pharisaeorum

2194 914 2291 954 ore
2314 906 2692 968 proruperant,
2717 898 2846 968 quid
2875 899 2955 953 eis
2981 899 3220 954 caelestis
3261 896 3544 970 Sapientia
3575 914 3796 967 respon-

2195 989 2355 1053 derit,
2383 990 2666 1044 audiamus
2699 1008 2712 1044 ς
2752 1009 2770 1040 ι
2802 988 2915 1043 Non
2947 999 3031 1045 est
3054 1003 3210 1059 opus,
3237 990 3435 1060 inquit,
3484 990 3799 1044 valentibus

2195 1078 2460 1143 medicus,
2512 1076 2605 1132 sed
2662 1077 2802 1132 male
2853 1077 3175 1133 habentibus
3211 1078 3428 1150 (Matth.
3475 1079 3582 1148 rx).
3642 1099 3662 1130 ι
3720 1079 3788 1133 Et

2198 1168 2458 1222 Pharisati
2482 1167 2644 1239 plane
2672 1166 2813 1223 male
2839 1168 3103 1224 habentes
3136 1178 3309 1232 erant,
3341 1169 3437 1225 sed
3484 1185 3602 1240 prae
3623 1170 3793 1224 nimia

2198 1259 2516 1315 infirmitate
2551 1259 2938 1329 languorisque
2967 1260 3260 1332 gravedine
3275 1275 3333 1315 se
3354 1275 3477 1316 esse
3506 1261 3805 1333 languidos

2196 1350 2541 1423 ignorabant,
2574 1354 2772 1422 etquia
2801 1368 2859 1408 se
2888 1368 3115 1422 prorsus
3151 1354 3563 1409 arbitrabantur
3590 1354 3800 1409 incolu-

2198 1456 2334 1507 mes,
2367 1444 2637 1515 nullisque
2688 1445 3009 1516 languorum
3055 1446 3320 1502 molestiis
3364 1448 3628 1517 deprimi,
3687 1463 3794 1502 non

2197 1536 2551 1591 merebantur
2597 1536 2778 1591 oblata
2814 1538 3055 1593 cmlestis
3086 1539 3279 1593 medici
3337 1540 3548 1594 virtute
3590 1538 3792 1593 curari.

2200 1628 2336 1682 Cum
2369 1642 2523 1693 vero,
2576 1629 2721 1683 sicut
2764 1641 3043 1694 asserunt,
3092 1631 3185 1700 qui
3234 1640 3524 1701 postquam
3581 1632 3797 1700 experti

2203 1726 2349 1782 sunt,
2375 1735 2441 1772 ex
2487 1717 2576 1774 illo
2632 1720 2874 1789 periculo
2922 1720 3250 1775 reviviscere
3279 1730 3598 1791 potuerunt,
3633 1719 3801 1791 272

2201 1810 2238 1864 ii
2267 1811 2357 1880 qui
2386 1810 2699 1865 fulminibus
2735 1812 2988 1867 aﬂlantur
3012 1813 3087 1866 nil
3127 1814 3347 1882 penitus
3370 1815 3640 1878 sentiunt,
3675 1829 3798 1867 cum

2200 1902 2274 1955 illi
2311 1904 2400 1972 qui
2429 1902 2799 1970 vulnerantur,
2831 1905 2917 1959 vel
2943 1905 3104 1959 etiam
3130 1903 3653 1974 leviusaﬂliguntur,
3678 1920 3795 1960 sen-

2201 2009 2320 2047 sum
2374 1994 2756 2049 amaritudinis
2801 2004 2856 2049 et
2913 1995 3179 2050 inolestize
3206 2009 3315 2049 non
3346 1996 3672 2060 admittunt,
3720 1997 3801 2050 sic

2201 2083 2289 2138 isti
2307 2084 2700 2139 immanissima
2728 2084 2956 2156 lethargi
2986 2100 3182 2156 sopore
3208 2087 3477 2158 depressi,
3509 2102 3658 2151 eam,
3694 2104 3797 2156 qua

2203 2176 2672 2246 deprimebantur,
2703 2178 3081 2248 mgritudinem
3109 2181 3450 2249 ignorabant.
3488 2181 3617 2236 Illos
3645 2181 3805 2252 plane

2203 2268 2484 2323 curatione
2515 2286 2611 2324 sua
2635 2271 2829 2340 dignos
2882 2272 3187 2326 animarum
3214 2273 3458 2328 medicus
3486 2274 3795 2328 arbitraba-

2201 2370 2309 2427 tur,
2336 2362 2426 2430 qui
2464 2378 2523 2416 se
2546 2363 2749 2417 debiles
2773 2372 2829 2417 et
2850 2371 3083 2434 mgrotos
3117 2365 3410 2432 aspiciunt,
3443 2367 3540 2435 qui
3572 2380 3635 2418 se
3654 2377 3801 2420 certa

2202 2452 2512 2508 calamitate
2548 2454 2837 2523 depressos
2861 2464 2916 2509 et
2952 2453 3239 2524 languidos
3267 2455 3541 2512 veraciter
3568 2458 3796 2528 ingemi-

2202 2551 2381 2597 scunt.
2428 2543 2495 2597 Et
2544 2559 2576 2596 ο
2611 2544 2903 2614 singularis
2932 2556 2988 2599 et
3031 2545 3471 2615 incomparabilis
3497 2546 3801 2601 clementia:

2202 2634 2467 2700 medicus,
2495 2636 2584 2703 qui
2613 2651 2779 2707 super
2805 2637 3155 2707 semetipsum
3178 2638 3420 2692 omnium
3453 2639 3807 2694 inﬁrmitates

2205 2738 2260 2782 et
2291 2730 2643 2800 aegritudines
2674 2740 2984 2801 exaggerat,
3021 2740 3079 2786 ut
3108 2747 3175 2787 ex
3200 2733 3527 2787 inlirmitate
3560 2749 3661 2789 sua
3685 2734 3790 2787 lan-

2203 2824 2398 2895 guidus
2424 2824 2795 2879 convalescat!
2826 2844 2844 2876 ι
2880 2824 3021 2881 Vere
3058 2845 3077 2877 ι
3103 2827 3247 2880 enim
3276 2844 3294 2877 ι
3332 2827 3554 2882 dolores
3586 2839 3803 2883 nostros

2205 2914 2320 2982 ipse
2347 2916 2611 2983 portavit;
2639 2914 2951 2969 vulneratus
2982 2902 3087 2969 est
3120 2917 3389 2985 siquidem
3420 2929 3654 2988 propter
3682 2935 3798 2989 pec-

504 2992 659 3048 lnter
681 3007 825 3063 quos
865 2991 1146 3055 nimirum,
1178 2988 1324 3044 velut
1362 2988 1508 3042 inter
1565 2996 1798 3056 quatuor
1837 2984 2099 3054 spiritalia

2208 3012 2328 3057 cata
2361 3012 2571 3069 nostra,
2593 3004 2815 3059 attritus
2845 3017 2924 3060 est
2956 2984 3435 3075 propterrscclera
3449 2984 3639 3064 nostra
3669 2984 3803 3080 (ιω.

508 3084 649 3149 loca,
675 3080 1201 3149 cmicstissapientize
1224 3081 1513 3133 thesaurus
1540 3086 1789 3131 versatur
1811 3077 1862 3129 in
1893 3076 2098 3140 medio;

511 3176 638 3231 dum
692 3174 789 3242 per
815 3186 911 3227 eos
937 3172 1025 3224 lex.
1057 3169 1369 3241 evangelica
1411 3167 1806 3238 promulgatur.
1862 3166 2102 3233 Quorum

511 3264 771 3320 videlicet
814 3260 1298 3333 interpretationes
1338 3260 1617 3315 nominum
1672 3252 2105 3314 sub'celeritate

509 3354 951 3429 perstringimus.
1015 3361 1077 3408 ut
1131 3350 1366 3423 qualiter
1414 3349 1839 3419 unumquodque
1885 3347 2105 3403 cuilibet

511 3448 982 3518 Evangelistarum
1038 3446 1352 3516 specialiter
1400 3457 1680 3517 congruat,
1713 3447 2103 3521 exprimamus.

511 3541 730 3597 Pharan
777 3538 936 3608 plane
988 3537 1133 3607 ferus
1161 3553 1365 3603 eorum,
1386 3536 1470 3590 vel
1498 3536 1767 3606 ferocitas.
1797 3538 1910 3590 sive
1938 3535 2102 3588 etiam

512 3630 739 3704 frugifer
761 3631 980 3685 dicitur.
1014 3629 1167 3697 Quod
1199 3629 1453 3683 nimirum
1479 3629 1637 3683 beato
1682 3643 1789 3682 non
1816 3628 2110 3697 ambigitur

431 3768 437 3775 .
513 3721 808 3779 mttvenire
833 3720 1255 3790 Matthmo,,qui,
1277 3720 1402 3775 dum
1442 3718 1651 3774 feroces
1671 3717 1984 3787 [Ethiopmn
2011 3732 2106 3786 p0-

512 3816 677 3887 pulos
702 3814 769 3869 ad
790 3811 1192 3885 prmdicandum
1224 3812 1277 3866 in
1311 3811 1524 3880 propria
1554 3818 1703 3866 sorte
1727 3810 1990 3880 suscepit,
2015 3824 2109 3863 eos

514 3918 775 3978 tanquam
815 3906 1135 3960 mitissimus
1168 3906 1298 3958 oves
1339 3903 1404 3956 ad
1450 3902 1691 3956 cmlestis
1721 3916 1935 3971 pascua:
1991 3900 2107 3953 fru-

516 4005 697 4053 menta
729 3996 961 4066 praevius
992 4002 1177 4064 pastor
1213 3994 1446 4047 induxit.
1491 3992 1736 4062 Thopth
1760 4001 1963 4046 autem.
1995 3990 2109 4044 sive

518 4086 745 4152 Thobel,
775 4087 1167 4155 interpretatur
1197 4085 1406 4154 σπενγελ,
1444 4083 1525 4137 vel
1556 4084 1745 4136 ductus
1774 4083 1843 4134 ad
1885 4082 2105 4135 luctum.

519 4174 674 4243 Quod
707 4175 894 4243 utique
931 4173 990 4229 S.
1044 4174 1202 4228 Luem
1236 4172 1522 4227 manifesta
1557 4174 1765 4227 ratione
1793 4173 2109 4236 concordat,

520 4271 612 4339 qui
640 4268 742 4324 sub
763 4268 945 4339 specie
970 4252 1121 4320 vituli
1152 4265 1424 4319 victimam
1454 4266 1653 4333 signat.
1686 4262 1819 4329 Quia
1852 4263 2105 4317 nimirum

2207 3091 2348 3161 Llll).
2385 3111 2403 3144 ι
2436 3091 2536 3160 Qui
2562 3091 2833 3162 profecto,
2873 3100 2931 3149 ut
2962 3095 3197 3149 hominis
3215 3098 3447 3153 sauciari
3480 3099 3804 3154 Vulneribus

2208 3183 2493 3239 cicatrices
2522 3184 2737 3239 valeant
2785 3186 3155 3255 superiuduci,
3190 3188 3376 3256 gravia
3421 3189 3530 3242 sibi
3588 3189 3803 3243 vulnera

2209 3283 2403 3341 sponte
2427 3274 2674 3342 permisit
2706 3273 2908 3343 iuﬂigi;
2937 3275 3044 3329 imo
3067 3292 3174 3330 non
3202 3278 3364 3333 modo
3408 3279 3673 3333 medendi
3712 3294 3806 3333 n9-

2208 3365 2294 3419 bis
2323 3367 2569 3420 exhibuit
2596 3384 2804 3433 curam,
2831 3370 2925 3423 sed
2958 3370 3072 3437 ipse
3115 3371 3272 3424 nobis
3299 3369 3478 3425 factus
3513 3378 3603 3426 est
3634 3372 3804 3426 medi-

2210 3457 2355 3511 cina.
2386 3456 2534 3510 lntra
2556 3460 2735 3513 crucis
2766 3461 2963 3530 quippe
3004 3462 3320 3515 mortarium
3355 3464 3550 3517 tritum
3581 3473 3669 3518 est
3696 3476 3807 3517 ca:-

2209 3547 2342 3601 leste
2371 3550 2726 3620 pigmentum,
2760 3568 2827 3605 ex
2874 3567 2982 3621 quo
3024 3553 3230 3608 scilicet
3281 3555 3592 3609 antidotum
3621 3556 3809 3610 salutis

2210 3650 2426 3694 teter-na:
2454 3643 2731 3711 produxit,
2761 3660 2855 3721 per
2881 3648 3022 3715 quod
3070 3660 3240 3717 genus
3265 3649 3567 3703 humanum
3597 3647 3809 3717 antiqui

2209 3733 2474 3799 serpentis
2500 3733 2648 3788 virus
2679 3738 2938 3792 evomuit.
2971 3740 3222 3809 Quinque
3248 3741 3507 3795 nimirum
3533 3754 3660 3797 sunt
3700 3742 3805 3797 Do-

2211 3824 2392 3878 minici
2408 3826 2652 3894 corporis
2668 3827 2981 3893 vulnera,et
3004 3847 3102 3901 per
3130 3832 3371 3901 quinque
3399 3835 3656 3903 corporis
3686 3849 3808 3889 seno

2211 3931 2323 3979 sus,
2347 3917 2612 3985 quasiper
2625 3918 2890 3976 fenestras
2912 3923 3133 3977 totidem
3152 3924 3360 3977 morsin
3388 3924 3669 3979 hominem
3697 3926 3808 3979 itte-

2212 4015 2295 4059 rat
2311 4007 2628 4075 pestilenter
2646 4007 2909 4078 ingressa.
2939 4010 3093 4067 Unde
3121 4018 3175 4069 et
3198 4028 3295 4084 per
3319 4017 3643 4084 prophetam
3674 4017 3806 4071 dici-

2213 4106 2328 4151 tur:
2355 4096 2883 4170 tMorsintravitper
2914 4102 3180 4161 fenestras
3204 4116 3421 4160 nostras
3461 4106 3602 4177 (λεν.
3646 4110 3742 4173 Ix).
3782 4125 3804 4161 ι

2212 4187 2300 4242 illa
2316 4189 2694 4259 ergoquinque
2707 4191 2931 4246 vulnera
2946 4194 3184 4264 quinque
3208 4196 3389 4263 partiti
3412 4212 3614 4251 sensus
3642 4208 3811 4265 nostri

2214 4279 2355 4335 facta
2373 4292 2495 4336 sunt
2509 4284 2797 4337 medicina.
2816 4286 3350 4358 Dequibusprol‘ecto
3366 4290 3689 4347 vrilneribus
3700 4308 3807 4347 mu-

520 4363 649 4416 dum
673 4375 767 4430 per
800 4367 967 4415 totam
995 4355 1270 4426 Evangelii
1303 4355 1386 4408 sui
1418 4355 1613 4409 seriem
1644 4354 1840 4423 sa-pins
1865 4362 2103 4407 versatur

2218 4371 2561 4440 tatolnomine
2583 4388 2813 4443 sponsus
2827 4354 2959 4431 dicit
2981 4376 3033 4431 in
3051 4354 3289 4434 canticis
3310 4394 3325 4432 :
3359 4400 3377 4430 ι
3414 4379 3615 4451 Surge,
3638 4384 3809 4435 amica

518 4454 578 4509 in
602 4451 821 4523 templo,
843 4459 895 4505 et
908 4448 1273 4519 apostolorum
1297 4445 1364 4500 de
1378 4445 1625 4513 passione
1652 4443 1860 4497 Domini
1886 4443 2108 4507 luctum,

520 4555 578 4603 et
604 4546 777 4616 ipsum
806 4544 1091 4599 Dominum
1118 4540 1456 4596 Salvatorem
1484 4537 1699 4592 nuncin
1728 4536 1948 4605 templo,
1971 4549 2114 4589 nunc

521 4641 579 4696 in
604 4639 752 4707 ligno
774 4638 1107 4691 demonstrat
1146 4630 1408 4686 oblatum.
1447 4628 1677 4683 Aseroth
1732 4634 1912 4681 autem
1963 4625 2117 4679 resti-

525 4728 670 4794 bula,
701 4725 785 4780 vel
813 4726 970 4786 atria,
994 4738 1087 4777 seu
1125 4722 1498 4776 beatitudinem
1547 4726 1724 4773 sonat.
1775 4716 1926 4783 Quod
1957 4715 2116 4769 nimi-

525 4834 646 4873 rum
684 4834 712 4870 a
736 4816 797 4870 Β.
832 4815 1012 4869 Marco
1037 4829 1141 4867 non
1172 4812 1463 4880 discrepat,
1492 4810 1745 4878 quoniam
1771 4807 1974 4861 idcirco
2000 4813 2116 4859 tan-

495 4968 502 4989 .
527 4924 688 4979 quam
711 4906 796 4962 leo
823 4921 923 4961 vox
948 4904 1233 4960 clamantis
1261 4904 1470 4957 intonat
1495 4902 1547 4956 in
1580 4902 1818 4963 deserto,
1850 4908 1909 4952 ut
1958 4896 2115 4951 nobis

497 4987 506 5081 ὲ
528 4994 818 5060 vestibula,
846 4995 929 5048 vel
957 4994 1119 5059 atria,
1141 4993 1255 5048 sive
1279 4993 1465 5054 etiam,
1493 4990 1634 5060 quod
1657 4987 1949 5057 optandum
1972 5000 2117 5040 sum-

530 5100 750 5156 mopere
774 5094 877 5149 est,
912 5085 1303 5141 beatitudinem
1332 5092 1487 5153 parat
1517 5083 1569 5135 in
1594 5081 1751 5135 coelo.

602 5178 672 5233 Et
691 5175 958 5232 notandus
978 5185 1063 5231 est
1080 5177 1233 5238 ordo,
1250 5175 1377 5245 quia
1399 5175 1549 5243 prius
1570 5173 1636 5227 ad
1656 5156 1974 5224 vestibulum
1999 5167 2119 5223 ﬁdei

456 5301 460 5305 -
533 5265 896 5328 Christianize,
947 5265 1139 5320 deinde
1158 5264 1224 5319 ad
1243 5263 1441 5316 atrium
1465 5276 1713 5328 superum
1748 5259 1932 5328 gloriae
1967 5257 2120 5311 duci-

2218 4478 2358 4526 mea,
2391 4478 2585 4533 sponsa
2616 4475 2823 4531 tnea,et
2850 4467 3252 4532 veni,columha
3283 4487 3421 4533 mea,
3442 4473 3496 4525 in
3530 4474 3809 4526 foramini-

2215 4555 2318 4610 bus
2348 4564 2536 4622 petra},
2583 4554 2637 4608 in
2671 4558 2918 4613 carentis
2965 4560 3217 4615 maceriae
3240 4559 3418 4630 (Cant.
3449 4564 3534 4630 tt).
3579 4581 3600 4613 ι

2291 4685 2461 4742 Vocat
2508 4689 2736 4743 amicam
2766 4706 3017 4759 sponsus,
3050 4693 3103 4748 id
3133 4701 3237 4757 est,
3267 4694 3518 4749 dilectam
3552 4693 3809 4763 cujusque

2223 4775 2395 4832 ﬁdelis
2443 4779 2702 4843 animam,
2755 4781 2843 4834 cui
2898 4782 3147 4838 Christus
3200 4784 3313 4837 haec
3350 4783 3483 4837 dicit
3520 4801 3582 4837 τι
3619 4785 3809 4853 Surge,

2219 4869 2394 4924 amica
2456 4885 2602 4935 mea,
2655 4884 2851 4939 sponsa
2908 4889 3048 4938 mea,
3079 4884 3135 4928 et
3164 4874 3306 4928 veni.
3345 4892 3365 4927 ι
3398 4873 3545 4935 Noli,
3622 4874 3811 4943 inquit,

2220 4976 2420 5030 sponsa
2445 4978 2586 5027 mea,
2617 4964 2794 5018 otioso
2828 4973 3044 5033 torpore
3075 4964 3392 5026 lenlcsccre,
3430 4965 3527 5019 sed
3560 4981 3735 5034 surge,
3764 4973 3805 5013 et

2222 5051 2357 5115 veni,
2389 5053 2490 5108 hoc
2516 5066 2621 5117 eet,
2652 5055 2897 5125 exempla
2938 5056 3198 5108 virtutum
3257 5055 3524 5125 proximis
3547 5056 3809 5108 extrinsw

2224 5159 2323 5198 cus
2357 5144 2554 5212 praebe.
2593 5144 2745 5212 Quod
2775 5161 2907 5201 vero
2938 5146 3246 5217 subjungit,
3279 5165 3300 5197 ι
3328 5146 3582 5200 columba
3616 5162 3734 5201 nica
3758 5146 3805 5198 in
3838 5189 3858 5204 .

2226 5230 2586 5288 foraminibus
2634 5243 2819 5304 petrae.
2861 5257 2879 5289 ι
2909 5234 3090 5301 Petra,
3123 5238 3264 5291 sicut
3313 5235 3446 5290 dicit
3497 5235 3813 5305 Apostolus,
