3978 5328
204 254 310 309 793

203 369 328 427 luit,
359 375 411 420 et
441 366 492 420 in
519 381 580 420 ea
602 381 752 436 spem
803 376 955 421 suam
988 368 1280 430 collocatis,
1307 367 1372 420 dc
1397 367 1563 434 gloria
1594 368 1790 436 sempi-
1817 375 1866 432 Α

209 467 360 510 terna
393 457 496 510 lida
526 459 816 510 securitate
855 459 1096 512 conlidit.

281 545 345 596 Et
374 545 478 598 hoc
509 546 667 598 modo
696 545 833 599 forte
867 546 1004 598 valet
1039 546 1283 614 intelligi,
1318 547 1458 615 quod
1509 548 1798 616 Apostolus

206 638 316 688 ait:
351 652 368 686 ι
407 635 558 698 Volo,
591 636 785 704 inquit,
815 637 866 688 in
901 636 1139 690 Ecclesia
1164 637 1402 705 quinque
1433 639 1594 690 verba
1635 654 1796 691 sensu

209 745 332 782 meo
365 729 536 796 loqui,
564 739 692 782 utet
719 730 854 782 alios
887 730 1174 794 instruam,
1204 744 1366 797 quam
1418 731 1600 784 decem
1632 731 1796 784 millia

206 820 263 872 ia
294 819 477 886 lingua
501 817 550 886 (Ι
580 817 706 872 Cor.
741 820 874 886 xrv).
916 839 932 868 ι
961 819 1016 872 ld
1035 829 1139 883 est,
1171 819 1795 888 utiliusjudicopassio-

207 924 335 963 nem
386 909 617 971 Domini,
667 926 784 978 quae
815 911 1065 963 videlicet
1112 912 1348 980 quinque
1397 921 1479 964 est
1510 921 1795 980 procurata

208 1003 557 1069 vulneribus,
599 1013 653 1058 et
703 1005 866 1059 corde
905 1019 1231 1074 cognoscere
1281 1018 1335 1061 et
1383 1009 1518 1061 alios
1545 1010 1796 1074 educere,

207 1110 375 1164 quam
401 1094 573 1164 legem
601 1105 858 1157 veterem,
897 1113 1015 1166 quze
1043 1113 1137 1165 per
1184 1098 1504 1167 Dccalogum
1543 1099 1664 1151 data
1691 1109 1792 1162 est,

209 1185 603 1254 multiplicibus
625 1187 805 1238 verbis
845 1188 912 1238 ad
939 1187 1329 1241 ostentationes
1373 1188 1612 1241 inaniter
1661 1203 1796 1256 prte-

211 1276 420 1332 dicare.
469 1277 594 1331 “th
643 1276 896 1329 nimirutn
946 1277 1186 1346 quinque
1240 1277 1404 1330 verba
1454 1277 1556 1330 illis
1589 1275 1797 1332 loeutus

212 1366 415 1429 fuerat,
447 1365 644 1436 quibus
675 1366 1011 1434 postmodum
1055 1366 1272 1420 aiebat:
1311 1383 1330 1416 ι
1368 1366 1511 1418 Nihil
1545 1381 1629 1421 me
1655 1365 1798 1433 judi«

212 1457 336 1513 «ιιινὶ
366 1458 508 1510 scire
544 1457 690 1510 inter
739 1471 856 1518 vos,
909 1456 1010 1508 nisi
1039 1454 1312 1510 Christum
1341 1455 1547 1520 Jesum,
1572 1467 1624 1511 et
1657 1458 1797 1511 hunc

211 1547 534 1602 crucifixum
562 1547 610 1616 (Ι
639 1548 759 1601 Cor.
795 1548 874 1614 ιι).
915 1567 930 1598 ι
967 1547 1135 1600 Porro
1179 1559 1363 1600 autem
1391 1548 1532 1601 sicut
1563 1549 1614 1600 in
1642 1564 1798 1617 para-

209 1641 331 1694 diso
360 1649 596 1710 quatuor
619 1638 927 1693 ﬂuminibus
949 1653 1012 1693 ex
1043 1653 1149 1692 uno
1189 1640 1332 1692 fonte
1361 1639 1794 1708 procedentibus,

209 1730 454 1798 quinque
481 1730 678 1783 ﬂuenta
704 1740 848 1794 sunt,
879 1745 1000 1800 quae
1028 1731 1193 1784 totius
1224 1731 1404 1784 qundi
1452 1729 1789 1784 latitudinem
1825 1731 1870 1790 Β

208 1821 463 1890 irrigant,
489 1821 569 1874 sic
594 1823 658 1874 de
691 1821 944 1889 paradiso
974 1821 1237 1873 Dominici
1287 1821 1529 1887 corporis
1557 1820 1796 1889 quinque

208 1912 445 1978 partitus
475 1925 638 1964 cruor
666 1909 883 1974 ell'ulsit,
909 1911 1000 1980 qui
1022 1910 1269 1964 videlicet
1322 1910 1540 1964 humani
1584 1909 1797 1980 generis

209 2002 622 2071 inquinamenta
673 2003 940 2070 purgavit.
985 2002 1144 2072 273
1190 2000 1506 2070 Quanquam
1553 2018 1650 2070 per
1679 2003 1796 2056 illos

207 2092 448 2160 paradisi
497 2093 757 2162 gurgites,
793 2092 881 2160 qui
928 2106 990 2146 ex
1023 2093 1182 2144 unius
1230 2091 1394 2144 fontis
1427 2092 1633 2160 origine
1670 2107 1796 2160 pro-

209 2185 400 2250 dcunt,
433 2183 553 2238 luce
578 2183 783 2238 clarius
823 2184 969 2237 beati
1001 2183 1341 2252 evangelista:
1371 2185 1670 2252 signantur,
1706 2185 1796 2251 qui

210 2274 468 2328 nimirum
497 2274 564 2327 de
589 2273 790 2328 Christi
820 2273 1152 2342 plenitudine
1199 2275 1587 2342 proﬂuxerunt.
1622 2273 1678 2326 lu
1707 2274 1798 2328 illo

208 2373 475 2432 prteterea
503 2363 682 2418 fronte
734 2363 830 2417 loti
873 2373 1020 2426 Slllll,
1051 2365 1360 2432 quicunque
1382 2365 1795 2417 commissorum

209 2456 423 2510 veniam
457 2465 586 2510 sunt
625 2457 920 2511 consecuti.
974 2455 1091 2525 Ipse
1139 2455 1354 2524 quippe,
1386 2456 1526 2508 sicut
1562 2453 1798 2510 Joannes

209 2549 303 2606 ait.
337 2557 421 2602 est
449 2548 762 2617 propitiatio
794 2563 891 2617 pro
940 2547 1181 2617 peccatis
1221 2548 1452 2612 nostris;
1484 2547 1572 2600 ubi
1616 2556 1668 2600 et
1714 2564 1798 2600 se-

209 2639 436 2708 quitur:
468 2657 488 2689 σ
528 2637 639 2695 Non
671 2654 769 2707 pro
801 2640 1002 2692 nostris
1033 2647 1214 2691 autem
1248 2646 1476 2699 tantum,
1504 2637 1673 2690 sedet
1703 2655 1798 2706 pro

211 2732 378 2786 totius
410 2731 592 2783 mundi
618 2729 668 2801 (1
699 2729 860 2783 Joan.
885 2729 968 2798 ιι).
1007 2749 1024 2779 ι
1070 2728 1207 2782 llinc
1237 2739 1318 2782 est
1341 2727 1482 2798 quod
1513 2729 1797 2784 Pharisa-is

211 2823 602 2878 misericordia:
657 2825 863 2876 viscera
917 2822 1306 2886 nescientibus,
1355 2825 1430 2874 ait
1469 2837 1482 2874 :
1531 2840 1548 2871 ι
1599 2821 1800 2875 Euntes

211 2925 391 2970 autem
419 2915 614 2968 discite
640 2914 766 2982 quid
802 2921 923 2967 est:
956 2895 1381 2968 Misericordiam
1429 2912 1566 2972 volo,
1599 2919 1653 2964 et
1683 2925 1790 2963 non

212 3007 535 3062 sacriﬁcium
565 3006 779 3070 (Matth.
808 3006 906 3072 nt).
955 3024 975 3057 ι

281 3097 496 3163 Videte,
549 3095 743 3148 fratres
782 3093 1111 3157 cbarissimi,
1163 3091 1342 3147 videte
1399 3093 1788 3160 redemptionis
1820 3071 1864 3133 Ο

212 3191 463 3244 humanae
492 3187 820 3256 pontificem,
846 3187 1024 3238 videte
1061 3194 1262 3238 nostra:
1291 3183 1482 3238 salutis
1515 3193 1791 3236 auctorem

215 3297 310 3350 pro
332 3280 492 3333 nobis
521 3288 778 3341 stantem,
805 3287 860 3331 et
880 3287 1064 3330 contra
1092 3276 1290 3330 diaboli
1321 3278 1562 3329 membra
1587 3276 1796 3329 fortiter

215 3374 582 3427 dimicantem.
619 3372 692 3424 De
741 3370 830 3423 illo
859 3370 1014 3439 plane
1060 3369 1190 3422 dicit
1219 3369 1509 3436 Apostolus
1548 3385 1562 3420 :
1602 3386 1618 3417 ι
1654 3367 1798 3433 0υο-

216 3466 358 3518 niam
405 3463 614 3518 assistit
650 3461 821 3516 vultui
855 3460 1034 3513 Patris
1072 3468 1128 3512 et
1155 3457 1466 3526 interpellat
1519 3471 1617 3525 pro
1645 3457 1796 3509 nobis

216 3553 393 3624 (Rom.
425 3553 567 3622 vm).
607 3573 624 3603 ι
657 3553 769 3605 Illic
800 3560 947 3605 certe
977 3565 1071 3618 per
1127 3547 1479 3602 humanitatis
1510 3555 1798 3614 assumpta:

216 3646 536 3718 mysterium
563 3658 660 3714 pro
684 3641 838 3696 nobis
865 3641 1155 3695 intervenit
1179 3640 1266 3693 hic
1295 3654 1390 3692 sua
1423 3635 1796 3691 misericordia

215 3737 616 3798 accusantium,
667 3743 722 3788 et
753 3733 1061 3787 immaniter
1090 3730 1482 3785 oblatrantium
1529 3743 1625 3781 ora
1665 3742 1799 3782 eon-

217 3827 384 3880 cludit
414 3843 427 3878 :
463 3825 526 3878 itit
552 3823 700 3891 quia,
729 3823 870 3877 sicut
913 3821 1052 3874 idem
1079 3819 1316 3874 Joannes
1355 3818 1424 3870 ait
1462 3835 1473 3870 :
1509 3837 1526 3868 ι
1559 3815 1800 3870 Advoca-

218 3928 329 3971 tum
361 3916 644 3977 habemus,
673 3913 854 3968 Jesum
878 3913 1152 3966 Christum
1169 3908 1377 3977 justum
1403 3907 1453 3978 (I
1477 3906 1637 3961 Jonu.
1667 3904 1755 3975 tt),
1776 3926 1794 3958 ι

218 4007 374 4078 quasi
432 4006 730 4059 advocatus
774 4019 874 4071 pro
934 4000 1090 4054 nobis
1131 4001 1182 4052 in
1228 3997 1478 4052 examine
1513 3996 1708 4064 litigat,
1750 4003 1803 4047 et

218 4097 458 4168 propriis
511 4094 929 4164 allegationibus
983 4089 1389 4158 obloquentium
1427 4087 1582 4141 nobis
1634 4100 1799 4150 argu-

221 4201 403 4244 menta
443 4188 787 4240 condemnat.
821 4184 972 4238 Unde
998 4191 1282 4252 postquam
1314 4180 1618 4234 nescientes
1646 4178 1804 4230 mis-e-

222 4282 518 4336 ricordiam
547 4279 613 4331 ad
650 4276 957 4330 discendam
987 4271 1416 4328 miscricordiam
1453 4269 1803 4330 destinasset,

223 4372 414 4427 dicens
447 4389 460 4423 :
498 4390 514 4420 ι
565 4370 766 4422 Euntcs
803 4367 1015 4428 discite,
1047 4364 1176 4432 quid
1203 4373 1288 4417 est
1325 4380 1337 4416 :
1371 4361 1799 4415 Misericordiam

221 4461 366 4523 volo,
397 4469 453 4512 et
476 4473 580 4512 non
606 4456 932 4510 sacriﬁcium
963 4453 1174 4522 (Manli.
1197 4454 1305 4522 ix);
1338 4471 1356 4504 ι
1386 4467 1507 4504 mox
1532 4451 1599 4504 ad
1623 4450 1804 4504 del'en-

223 4553 439 4609 sionem
488 4551 737 4619 justitite,
775 4558 830 4602 et
875 4557 1076 4601 nostra:
1135 4545 1306 4614 partis
1351 4543 1608 4596 auxilium
1663 4542 1805 4595 aliud

224 4648 390 4702 etiam
451 4644 666 4698 invicta:
719 4641 944 4695 rationis
1015 4639 1194 4692 intulit
1266 4644 1660 4705 argumenttnu.
1720 4634 1809 4686 Ait

226 4741 410 4795 enitn:
454 4755 472 4788 ι
535 4736 650 4790 Non
698 4735 842 4788 enim
897 4732 1016 4785 veni
1048 4746 1241 4784 vocare
1262 4729 1458 4798 justus,
1487 4727 1577 4779 sed
1618 4740 1809 4791 pecca-

229 4841 375 4885 tores
405 4828 619 4898 (lbid.).
661 4843 679 4876 ι
710 4827 788 4878 Ac
818 4827 860 4877 si
897 4825 1039 4877 dicat
1071 4841 1084 4874 :
1119 4822 1232 4874 Non
1265 4820 1383 4874 veni
1419 4817 1811 4886 vocarejustos

228 4923 317 4992 qui
350 4920 606 4974 videlicet
630 4917 679 4970 in
709 4926 891 4970 nostra
918 4931 1020 4968 non
1051 4921 1211 4982 sunto,
1242 4912 1334 4966 sed
1367 4921 1680 4979 peccatores
1721 4907 1812 4977 qui

223 5027 420 5070 omnes
465 5009 831 5066 communiter
863 5016 1005 5062 sunt.
1045 5023 1064 5055 ι
1106 5003 1306 5058 Omnes
1354 5004 1518 5064 enini,
1571 5005 1710 5058 sicut
1742 5004 1818 5056 ait

226 5102 541 5176 Apostolus,
562 5108 1004 5168 peccaverunt,et
1021 5110 1175 5164 egent
1201 5095 1370 5166 gloria
1398 5093 1484 5145 Dei
1507 5093 1766 5162 (Romu).
1793 5113 1812 5145 ι
1847 5082 1870 5101 ⁸

767 5198 782 5216 ι
814 5191 840 5216 η

1837 4419 1883 4476 1)

298 5194 468 5216 ἣ-......
497 5199 679 5216 ...ειη-ιι
723 5198 782 5216 ..ι
814 5191 1019 5216 ﬂag-sana
1058 5195 1203 5216 t‘hAI-i
1237 5183 1611 5216 “annilius-ihs";
1641 5186 1792 5216 εισι-ιη.

1545 253 1780 310 SERMO
1819 252 1922 307 Lll.

3360 260 3462 314 795

1895 369 2025 422 mini
2084 369 2200 423 sine
2251 368 2474 437 querela
2525 368 2678 438 (Luc.
2734 370 2805 435 i);
2841 383 2946 423 non
2995 367 3228 438 denique
3270 367 3474 424 hama;

1898 459 2125 521 naelem,
2153 459 2206 512 in
2251 474 2357 527 quo
2379 459 2536 513 dolus
2561 475 2666 512 non
2695 469 2813 512 erat
2837 468 2890 512 et
2918 459 3008 512 cui
3031 473 3220 512 verum
3251 474 3309 512 se
3339 473 3477 528 pra:-

1896 550 2056 603 bcbat
2097 549 2391 603 Israelitam
2423 549 2602 614 (locu.
2633 552 2704 618 t);
2751 566 2856 602 non
2885 557 3032 604 certe
3061 550 3394 614 Simeonem,
3421 551 3474 603 in

1896 655 2002 709 quo
2049 639 2282 710 Spiritus
2309 650 2527 694 sanctus
2575 649 2713 704 erat,
2744 641 2830 694 cui
2859 641 3024 697 etiam
3046 639 3322 694 Christum
3368 640 3473 694 Do-

1896 732 2123 795 minuta,
2162 740 2451 800 antequam
2501 741 2824 795 moreretur,
2879 732 3170 786 videndum
3201 746 3319 786 esse
3349 747 3479 800 pro-

1898 825 2117 877 miserat
2146 823 2295 893 (ιρις.
2327 824 2386 891 ιι)
2411 841 2425 886 ;
2454 839 2558 877 non
2588 840 2650 878 ex
2704 825 2788 876 bis
2832 824 2914 878 vel
2948 823 3248 891 hujusmodi
3280 838 3471 890 quem-

1896 911 2025 965 libet
2061 919 2128 966 ad
2169 915 2478 981 apostolicae
2527 913 2807 984 dignitatis
2854 914 3065 967 culmen
3119 914 3340 975 evexit,
3378 911 3471 965 sed

1896 1005 2168 1072 simplices
2191 1007 2367 1074 potius
2391 1021 2453 1058 ac
2488 1016 2800 1075 peccatores
2827 1007 2930 1060 hoc
2951 1005 3324 1058 subiimandos
3347 1017 3472 1058 esse

1898 1095 2110 1164 fastigio
2151 1096 2442 1164 judicavit;
2485 1108 2543 1151 ut
2571 1099 2941 1167 unusquisque
2984 1113 3173 1152 eorum
3203 1098 3475 1152 veraciter

1897 1186 2043 1240 dicat
2082 1205 2094 1239 :
2137 1206 2154 1237 ι
2191 1187 2376 1241 Gratia
2404 1189 2494 1242 Dei
2519 1204 2636 1242 sum
2669 1188 2720 1242 id
2753 1190 2896 1257 quod
2929 1204 3048 1242 sum
3083 1188 3130 1258 (I
3162 1188 3285 1242 Cor.
3310 1185 3423 1256 xv),
3450 1205 3468 1236 ι

1896 1288 2166 1346 quatenus
2188 1279 2327 1346 quod
2355 1295 2384 1330 a
2412 1294 2623 1332 summa
2651 1279 2888 1349 provecti
2929 1287 3077 1342 sunt,
3110 1294 3214 1330 non
3239 1277 3476 1346 propriis

1897 1369 2173 1422 ascribant
2211 1371 2438 1434 meritis,
2489 1371 2583 1424 sed
2615 1370 2804 1440 gratia.-
2848 1371 3025 1439 potius
3069 1368 3473 1424 clementissimi

1898 1458 2150 1526 deputent
2177 1458 2448 1528 largitoris
2472 1477 2486 1523 ;
2510 1461 2595 1514 cui
2619 1463 2688 1516 sit
2709 1460 2896 1530 gloria,
2918 1464 3082 1516 decus
3107 1469 3163 1513 et
3190 1458 3475 1528 imperium

1899 1547 1952 1600 in
1979 1549 2158 1602 omnia
2179 1549 2374 1603 sarcula
2399 1551 2740 1604 saeculorum.
2777 1553 2969 1605 Amen.

2493 1663 2724 1719 SERMO
2765 1663 2871 1718 Lll.

2180 1772 2243 1810 DE
2283 1772 2485 1812 SANCTO
2526 1771 2787 1810 MICHAELE
2828 1771 3188 1811 ARCIIANCELO.

2497 1834 2648 1896 (uix
2708 1828 2884 1896 δειιτ.)

1966 1917 2122 1972 Circa
2174 1933 2352 1972 rerum
2382 1918 2657 1972 cardinem
2688 1933 2986 1981 versamur,
3017 1926 3073 1971 et
3116 1915 3472 1986 ma'gnilicen.~

1899 2009 2024 2061 tiam
2057 2025 2276 2077 operum
2306 2010 2513 2062 Domini
2543 2009 2682 2078 style
2709 2010 3088 2078 prosequimur
3117 2006 3279 2077 2⁵14
3305 2008 3477 2073 ἰιῐιροσ

1897 2099 2022 2164 lito;
2070 2115 2167 2153 nec
2193 2110 2275 2153 est
2319 2101 2693 2168 prtesumptio,
2726 2101 2820 2153 sed
2846 2099 3081 2163 devotio,
3107 2099 3229 2166 quia
3262 2112 3368 2148 non
3397 2105 3478 2149 te;

1899 2191 2116 2243 inerat-ii
2170 2199 2519 2251 scrutatores,
2563 2191 2657 2242 sed
2689 2191 2759 2258 pii
2794 2190 3094 2257 pulsatores
3147 2187 3473 2241 accedimus.

1901 2278 2312 2333 Ilouoraverunt
2366 2280 2633 2348 siquidem
2680 2279 2879 2348 stylum
2929 2275 3182 2344 maiestas
3220 2274 3478 2343 Virginis,

1899 2377 1954 2423 et
1981 2370 2212 2439 dignitas
2239 2370 2433 2429 crucis,
2464 2379 2518 2422 et
2547 2377 2837 2436 utrumque
2862 2366 3302 2436 prmsumpsintus
3329 2373 3479 2417 utro~

1898 2476 2004 2529 que
2055 2459 2266 2513 salvati.
2323 2459 2472 2512 Nunc
2503 2460 2568 2512 ad
2613 2459 2834 2528 angelos
2865 2473 3170 2511 sermonem
3203 2454 3475 2509 cenverti;

1901 2566 2039 2616 mus,
2078 2561 2131 2603 et
2176 2551 2316 2604 illius
2358 2552 2596 2618 purioris
2624 2560 2830 2603 natura:
2860 2549 3289 2617 contemplamur
3315 2545 3457 2612 erigi

1899 2657 2044 2705 nem,
2077 2650 2130 2695 et
2166 2643 2268 2694 hoc
2314 2641 2530 2709 quidem
2563 2640 2966 2694 Convenienter.
3006 2638 3062 2691 In
3103 2638 3292 2706 primis
3320 2648 3476 2688 nant-

1899 2751 2004 2804 que
2032 2736 2162 2790 locis
2194 2734 2281 2788 illa
2314 2737 2418 2787 duo
2464 2735 2635 2802 prima
2665 2734 2970 2803 posuimus,
3002 2746 3119 2798 qua!
3147 2730 3245 2783 sibi
3271 2727 3476 2798 prima-

1902 2835 2011 2879 tum
2059 2825 2335 2878 vindicant
2387 2826 2436 2877 in
2470 2840 2648 2876 rerum
2695 2823 2980 2877 creaturis.
3025 2820 3266 2874 Tertium
3296 2827 3479 2870 autem

1901 2918 2076 2972 locum
2136 2919 2438 2970 sortiuntur
2506 2915 2702 2986 angeli,
2769 2916 2908 2969 sicut
2963 2915 3016 2968 in
3075 2913 3234 2975 etelo,
3292 2912 3363 2965 ita
3424 2911 3478 2964 in

1903 3010 2125 3078 scripto,
2171 3009 2438 3077 sentitque
2485 3009 2662 3060 anima
2694 3007 2838 3075 quod
2887 3005 3128 3059 continet
3179 3003 3393 3072 pagina,
3423 3011 3479 3055 et

1899 3098 2190 3151 auctoritas
2245 3098 2454 3150 ratione
2501 3098 2755 3149 "uiuitur.
2794 3096 2951 3149 Beata
2988 3096 3073 3148 illa
3107 3095 3252 3164 regio
3285 3107 3478 3161 snper-

1899 3206 2086 3242 rutrum
2119 3189 2396 3246 virtutum.
2430 3189 2483 3242 in
2508 3203 2610 3256 qua
2636 3188 2822 3241 felices
2845 3188 3070 3256 spiritus
3089 3184 3481 3238 circumvolant

1899 3281 2185 3334 Dominum
2235 3280 2498 3342 Sabaoth,
2534 3289 2586 3333 et
2623 3279 2837 3333 sublimi
2892 3292 3190 3348 pennarum
3221 3274 3478 3343 applansu

1901 3373 1952 3424 in
2003 3372 2193 3438 plateis
2241 3386 2489 3439 superine
2531 3370 2868 3422 Hierusalem
2906 3383 2919 3421 :
2953 3369 3207 3429 Sanctus,
3238 3373 3482 3424 sanctus,

1900 3471 2118 3517 sanctus
2164 3463 2307 3515 clara
2352 3477 2484 3517 voce
2539 3462 2852 3515 decantaut.
2893 3477 2910 3508 ι
2966 3457 3107 3519 Vidi,
3143 3456 3316 3525 inquit
3357 3469 3483 3522 pro-

1902 3558 2085 3626 pheta,
2130 3556 2411 3608 Dominum
2467 3555 2740 3607 sedentem
2774 3567 2936 3621 super
2983 3551 3173 3603 solium
3208 3547 3477 3602 excelsum

1901 3656 1950 3700 et
1984 3645 2270 3707 elevatutn,
2317 3653 2369 3697 ct
2397 3645 2550 3712 plena
2605 3653 2722 3698 erat
2764 3643 2940 3696 omnis
2998 3653 3140 3694 terra
3198 3637 3486 3705 majestate

1902 3733 2037 3802 ejus,
2061 3745 2116 3789 et
2144 3751 2232 3800 ea,
2258 3751 2376 3803 qua:
2407 3735 2505 3787 sub
2543 3735 2656 3802 ipso
2682 3740 2861 3795 erant,
2893 3731 3172 3800 replebant
3201 3723 3478 3797 tetnplum'.

1903 3827 2187 3896 Seraphim
2243 3827 2459 3879 stabant
2513 3841 2675 3894 super
2720 3825 2870 3887 illud,
2905 3839 2997 3878 sex
3027 3824 3124 3876 alte
3157 3822 3268 3881 uni,
3300 3830 3352 3874 et
3384 3834 3478 3872 sex

1903 3919 2000 3972 ala:
2025 3919 2177 3972 alteri
2207 3917 2339 3988 (Isu.
2377 3918 2471 3981 vi).
2511 3936 2528 3967 ι
2559 3915 2779 3984 Singula
2809 3917 2909 3968 ista
2934 3915 3096 3967 verba
3129 3928 3224 3967 suo
3249 3911 3486 3977 pondere

1903 4009 2094 4064 librata
2130 4019 2278 4071 sunt,
2327 4017 2380 4061 et
2410 4007 2875 4077 diligentissimam
2909 4014 3157 4074 quaerunt
3189 4001 3490 4071 expositio-

1905 4116 2026 4154 nem
2055 4141 2067 4160 ,
2101 4098 2254 4168 cujus
2299 4116 2396 4152 nos
2433 4102 2698 4152 immunes
2743 4097 3048 4163 insipientia
3079 4105 3130 4148 et
3167 4093 3480 4159 incloquen-

1909 4191 1980 4242 tia
2013 4188 2159 4250 l'ccit,
2198 4188 2398 4257 aliquid
2433 4184 2780 4239 nihilominus
2809 4183 3095 4250 exculpere
3134 4179 3491 4240 tentabimus,

1906 4281 1947 4333 si
1975 4296 2080 4332 non
2115 4280 2186 4332 ita
2217 4277 2550 4339 solemniter,
2583 4275 2845 4329 \eraciter
2879 4284 3078 4326 tamen.

1982 4370 2128 4425 Visio
2161 4368 2276 4422 haec
2313 4366 2614 4437 corporalis
2661 4380 2767 4419 non
2819 4374 2926 4426 est,
2987 4360 3071 4413 vel
3133 4355 3494 4428 pbantasticis

1912 4458 2146 4513 involuta
2187 4457 2495 4525 prtestigiis,
2526 4455 2619 4508 sed
2671 4451 2930 4521 Spiritalis
2983 4458 3037 4502 et
3089 4463 3225 4516 pura
3257 4443 3496 4514 purioris

1917 4550 2282 4618 intelligentiae
2327 4549 2640 4601 desiderans
2681 4545 3050 4598 sanctitatem.
3101 4539 3246 4591 Hanc
3277 4551 3381 4588 non
3415 4535 3494 4586 vi-

1910 4639 2164 4691 tlentnisi
2213 4636 2480 4697 videntes,
2517 4647 2569 4687 et
2615 4634 2704 4702 qui
2737 4633 2918 4684 mundi
2965 4629 3247 4697 caliginem
3300 4637 3499 4692 super-

1911 4729 2106 4798 gressi,
2155 4727 2496 4795 splcndorcm
2553 4723 2853 4777 divinitatis
2921 4718 3252 4772 lucidissima
3316 4723 3502 4768 mente

1912 4821 2260 4890 suscipiunt?
2299 4818 2386 4881 Et,
2437 4826 2493 4869 ut
2523 4818 2761 4872 breviter
2788 4831 2905 4868 eam
2937 4812 3290 4872 tliﬂiniamus,
3319 4807 3503 4875 Spiri-—

1915 4921 1999 4965 tus
2031 4912 2122 4965 Dei
2179 4919 2367 4964 nostro
2415 4907 2627 4976 Spiritui
2660 4905 2892 4960 dulciter
2928 4904 3232 4972 applicatus
3260 4900 3399 4952 hanc
3423 4899 3527 4952 cf.

1919 5005 2025 5055 licit
2079 5003 2362 5063 visionem,
2415 5014 2542 5052 cum
2591 5014 2688 5053 nos
2739 4997 2805 5050 de
2870 4995 3218 5067 praescientia
3269 4989 3540 5053 enuntiat

1918 5093 2240 5147 futurorum.
2291 5089 2402 5145 Hoc
2452 5090 2621 5158 igitur
2660 5091 2822 5145 modo
2855 5090 2943 5143 ille
2981 5092 3155 5146 totius
3179 5083 3576 5156 propllctalis,

1917 5183 2237 5216 nlnnnnnlim
2289 5181 2456 5216 alni-:0
2539 5183 2668 5216 υἱ.ιῆ
2742 5180 3026 5216 hnmimun
3091 5190 3140 5216 al
3208 5173 3520 5216 ςριὶριιιρηγ
