3978 5328
441 193 548 252 τ95
972 195 1031 252 S.
1072 196 1275 252 PETRI
1313 198 1595 253 DAMIANI
1634 198 1782 255 OPP.
1823 199 2002 254 PARS
2032 195 2160 255 SEU
2200 197 2435 254 TOMUS
2473 195 2535 251 ll.
2573 225 2641 235 -—
2681 192 3070 251 SERMONES’.
3583 196 3708 253 τυθ-

438 311 558 382 vin)
590 329 605 365 :
649 330 668 363 ι
701 310 856 382 pauci
885 315 1062 365 tamen
1103 311 1390 367 verborum
1418 311 1761 368 altitudinem
1793 322 2017 368 notave-
2043 319 2088 376 Α
2117 322 2170 367 et
2202 311 2426 380 sulphur
2448 308 2599 381 (Gen.
2630 310 2774 378 xtv);
2801 308 3084 380 Egyptios
3106 309 3397 365 submersit
3430 310 3486 364 in
3509 310 3686 367 ﬂucti-

436 409 591 464 runt,
635 399 921 455 Pharisais
947 399 1329 464 invidentibus,
1363 400 1562 456 Judaeis
1588 417 1694 455 non
1739 402 2008 456 credenti-

439 490 562 554 bus,
589 497 642 543 et
671 489 817 543 illum
842 489 1189 559 arguentibus
1229 491 1684 560 praesumptionis.
1725 490 1830 544 Sed
1858 499 2008 560 post-

439 596 602 651 quam
649 582 947 635 resurrexit
994 596 1024 634 a
1059 582 1314 649 mortuis,
1355 581 1492 637 etin
1545 583 1851 653 triumphali
1883 585 2010 638 sede

441 685 692 739 receptus
734 679 838 735 est,
894 671 1234 740 imperatoria
1290 673 1504 727 decreta
1567 673 1844 742 propalata
1887 681 2013 726 sunt

443 765 582 828 urbi,
620 764 843 833 fixitque
890 762 1197 821 Cruciﬁxus
1244 765 1298 818 in
1355 773 1523 818 totam
1557 765 1734 818 mundi
1774 763 2014 820 latitudi-

445 869 570 906 nem
609 868 722 908 sute
770 852 1148 907 dominationis
1204 853 1430 924 insigne.
1478 851 1599 906 Jam
1661 852 2013 919 majestativis

444 945 752 1000 nominibus
795 945 1244 1000 circumfunditur
1271 947 1362 1001 ille
1387 961 1609 1017 pauper,
1639 959 1694 1001 et
1722 948 1931 1010 unicus,
1961 957 2017 1002 et

441 1034 716 1089 servilium
749 1036 1026 1090 nominum
1053 1036 1258 1092 vilitate
1308 1038 1534 1102 dimota,
1576 1038 1686 1092 Rex
1721 1053 1931 1108 regum,
1959 1047 2014 1094 et

445 1125 705 1180 Dominus
731 1127 1118 1182 dominantium
1145 1128 1310 1182 multa
1333 1129 1451 1184 luce
1475 1129 1839 1200 prmfulgurat.
1869 1130 2016 1185 Vidit

443 1231 573 1285 ergo
601 1232 723 1271 eum
752 1216 895 1271 filius
923 1217 1108 1281 Amos,
1138 1233 1243 1272 non
1275 1219 1555 1282 humilem,
1581 1220 1674 1274 sed
1695 1220 2011 1284 sublimem;

431 1321 551 1360 ‘non
600 1308 924 1378 iudicatum,
960 1311 1053 1363 sed
1076 1309 1347 1378 judicem;
1398 1326 1504 1366 non
1535 1311 1881 1382 opprobrium
1912 1313 2012 1367 ho-

442 1395 667 1457 minum.
701 1397 795 1450 sed
826 1396 1050 1466 gloriam
1077 1398 1409 1468 angelorum.

522 1502 541 1534 ι
569 1483 879 1549 Sedentem,
910 1504 930 1539 ι
957 1486 1152 1555 inquit.
1181 1487 1471 1556 Triplicem
1489 1489 1718 1559 legimus
1745 1489 2016 1545 Creatoris

442 1575 758 1658 sessionem,
813 1591 970 1630 unam
1002 1585 1125 1646 post
1179 1579 1362 1632 nutndi
1395 1580 1748 1642 creationem,
1798 1582 2016 1650 quando

2110 404 2210 458 bus
2235 402 2429 474 (Exod.
2461 401 2598 472 xvi),
2621 401 2980 456 lsraclitarum
3003 401 3263 455 cadavera
3301 404 3603 471 prostravit
3630 405 3703 459 in-

2110 507 2313 556 eremo,
2341 492 2538 560 ubique
2574 491 2983 546 turbulentioris
3024 491 3233 544 Domini
3283 503 3700 562 repraesentans-

2111 580 2438 650 imaginem;
2466 579 2534 633 ad
2577 589 2878 634 extremum
2906 580 3056 633 venit
3085 579 3199 648 ipse
3228 580 3280 633 in
3317 582 3462 636 nube
3486 593 3685 638 nostra:

2111 673 2294 727 carnis
2337 671 2579 739 abiectus
2609 669 2762 742 (Luc.
2790 670 2876 739 ιι),
2920 678 2977 725 et
3019 670 3259 724 dolorum
3305 673 3602 744 particeps,
3630 684 3685 729 et

2113 763 2354 818 laborum
2389 762 2578 817 didicit
2608 761 2969 816 obedientiam
2996 777 3060 815 ex
3108 761 3192 816 bis
3238 777 3357 831 quae
3378 778 3580 832 passus
3604 773 3686 819 est

2113 852 2299 921 (Hebr.
2332 851 2405 920 v).

2181 942 2562 996 Consummata
2609 950 2788 997 autem
2835 942 3014 997 carnis
3043 943 3406 1011 susceptione,
3446 945 3688 1000 elevatus

2113 1033 2278 1087 estin
2323 1032 2542 1097 cadum,
2591 1043 2647 1088 et
2694 1033 2847 1088 sedet
2888 1048 2916 1086 a
2943 1034 3147 1088 dextris
3179 1035 3268 1088 Dei
3313 1035 3512 1107 (Marc.
3541 1040 3684 1106 xvi);

2114 1137 2212 1177 nec
2264 1131 2440 1178 tamen
2482 1123 2636 1178 sedet
2687 1123 2752 1176 ad
2792 1123 3040 1192 plenum,
3077 1125 3202 1192 quia
3260 1126 3470 1180 assistit
3513 1127 3692 1182 adhuc

2113 1210 2280 1264 vultui
2307 1210 2400 1265 Dei
2428 1225 2526 1286 pro
2551 1211 2726 1266 nobis.
2753 1213 2870 1266 Erit
2907 1221 3086 1266 autent
3116 1214 3164 1268 ei
3201 1214 3356 1268 tertia
3379 1216 3560 1270 sessio
3580 1218 3692 1286 glo-

2115 1299 2277 1364 riosa,
2303 1313 2428 1354 cum
2446 1283 2623 1355 bonos
2669 1311 2724 1355 et
2754 1301 2922 1355 malos
2944 1301 3158 1356 diverso
3188 1301 3312 1367 line,
3347 1283 3689 1374 diversisqIIe

2113 1390 2378 1446 clausuris
2432 1390 2711 1446 incluserit
2743 1391 2959 1463 (Matth.
3004 1393 3152 1465 xxv).
3197 1394 3417 1451 Sedebit
3449 1397 3503 1450 in
3565 1401 3692 1454 sede

2115 1481 2414 1549 majestatis
2464 1498 2594 1547 sum,
2631 1498 2755 1538 cum
2805 1499 2903 1538 nos
2934 1485 3164 1540 traxerit
3209 1487 3274 1541 ad
3307 1503 3387 1552 se,
3423 1505 3444 1539 ι
3497 1498 3558 1543 et
3587 1491 3692 1544 erit

2117 1573 2258 1630 Deus
2284 1575 2464 1628 omnia
2497 1575 2550 1628 in
2578 1575 2831 1630 omnibus
2854 1575 2906 1647 (I
2936 1577 3058 1633 Cor.
3092 1579 3203 1644 xv).
3246 1597 3264 1629 ι
3304 1579 3491 1634 Prima
3519 1582 3698 1636 sessio

441 1664 704 1733 reunievit
734 1665 801 1718 ab
826 1667 972 1721 omni
1023 1681 1206 1736 opere,
1255 1669 1394 1738 quod
1445 1680 1688 1740 patrarat
1722 1667 1874 1740 (Cen.
1915 1672 2008 1742 tt);
2046 1659 2088 1716 Β
2116 1673 2200 1721 est
2242 1665 2430 1734 gratiae
2459 1680 2564 1734 qua
2594 1666 2764 1735 gratis
2793 1667 2974 1722 omnia
3003 1668 3161 1734 feeit;
3213 1670 3449 1724 secunda
3479 1671 3696 1725 miseri-

442 1753 599 1806 aliam
644 1762 764 1823 post
805 1757 1204 1821 ascensionem,
1253 1759 1468 1826 quando
1497 1769 1803 1829 assumptus
1850 1763 2010 1814 estin

441 1844 660 1908 caelum,
701 1854 754 1899 et
774 1845 925 1902 sedet
952 1865 982 1901 a
1032 1848 1240 1902 dextris
1263 1849 1355 1904 Dei
1387 1849 1581 1918 (Marc.
1616 1850 1761 1921 xix);
1795 1853 2009 1906 tertiam

441 1945 563 2004 post
587 1937 1062 2004 resurrectionem,
1104 1955 1224 1994 cum
1252 1941 1453 1996 sederit
1482 1944 1533 1996 in
1560 1943 1685 1998 sede
1716 1944 2012 2013 majestatis

439 2043 574 2092 Siue,
602 2040 655 2084 et
689 2045 785 2084 nos
826 2047 948 2086 cum
979 2047 1044 2085 eo
1074 2033 1381 2088 sedebimus
1429 2033 1646 2104 (Matth.
1683 2036 1820 2106 xix).
1864 2035 2012 2090 Solet

441 2119 676 2186 quietem
724 2121 874 2174 labor
925 2123 1266 2190 praecedere,
1319 2125 1478 2179 statio
1529 2127 1846 2181 sessionem.
1907 2127 2013 2181 Sed

443 2211 658 2270 quando
717 2209 979 2265 laboravit
1029 2212 1115 2266 illa
1165 2213 1442 2281 maiestas,
1489 2230 1608 2286 qua:
1636 2232 1736 2272 nec
1784 2216 2015 2272 adicitur

445 2295 714 2361 passione,
764 2313 864 2354 nec
912 2299 1094 2355 labore
1130 2300 1510 2372 distringitur?
1556 2307 1695 2361 Audi
1745 2309 2013 2375 quomodo

451 2386 613 2457 275
650 2387 910 2457 plurimus
939 2392 986 2446 ei
1016 2391 1168 2448 labor
1209 2394 1470 2459 incubuit,
1509 2412 1629 2452 cum
1665 2399 1811 2453 illum
1843 2401 2013 2469 pessi-

449 2490 595 2528 mum
629 2489 1070 2547 prmsnmptorem
1099 2483 1165 2537 de
1201 2484 1354 2538 caelis
1403 2486 1470 2540 ad
1518 2486 1722 2542 inferna
1763 2489 2016 2556 detrusit,

445 2573 500 2617 et
533 2565 803 2630 hominem
838 2579 1058 2636 peccato
1097 2586 1234 2641 pene
1259 2574 1419 2627 simili
1448 2578 1917 2646 comprehensum,
1949 2580 2015 2634 de

444 2657 697 2723 paradiso
725 2659 1014 2728 voluptatis
1039 2664 1088 2715 in
1111 2678 1469 2720 aerumnosum
1499 2666 1720 2723 immisit
1741 2669 2011 2726 exsilium.

443 2745 713 2822 Quantum
745 2759 900 2819 putas
927 2752 1211 2806 tumultum
1248 2754 1301 2807 in
1342 2755 1653 2813 caelestibus
1699 2757 2015 2816 eﬂerbuisse

447 2836 683 2902 palatiis,
756 2856 876 2894 cum
933 2843 1178 2897 mortifer
1227 2845 1314 2899 ille
1366 2858 1608 2903 vastator
1661 2851 2015 2920 irreparabile

441 2925 722 2981 dissidium
747 2929 798 2982 in
831 2930 916 2983 illa
951 2931 1155 2986 cmlesti
1178 2937 1325 2988 curia
1355 2935 1657 3003 fabricavit,
1683 2951 2011 2998 conventum

2115 1758 2334 1823 cordiae,
2363 1773 2468 1827 qua
2507 1772 2607 1812 nos
2637 1758 3059 1814 misericorditer
3089 1761 3350 1826 redemit;
3380 1750 3547 1816 tertia
3580 1762 3695 1832 glo-

2117 1847 2230 1910 rite,
2259 1861 2380 1900 cum
2434 1861 2531 1901 nos
2575 1846 2916 1917 gloriﬁcabit.
2957 1849 3191 1904 Attende
3221 1859 3402 1904 autem
3448 1851 3696 1905 sedentis

2114 1937 2338 2008 gloriam
2361 1944 2415 1990 et
2441 1936 2816 1992 excellentiam
2841 1937 3122 2004 sessionis,
3143 1939 3231 1993 ubi
3260 1938 3402 1992 nulla
3431 1949 3691 1994 creatura

2114 2029 2405 2083 consedere
2453 2029 2747 2098 praesumit.
2803 2048 2822 2080 ι
2877 2028 3191 2099 Seraphin],
3242 2030 3439 2100 inquit,
3474 2032 3697 2085 stabant

2116 2119 2251 2188 (Isa.
2281 2121 2380 2190 vr),
2436 2139 2453 2172 ι
2499 2136 2603 2174 non
2631 2121 2908 2176 sedebant.
2939 2139 2959 2172 ι
3000 2122 3117 2177 Vidi
3147 2122 3454 2187 Dominum,
3487 2134 3545 2178 et
3572 2124 3694 2178 uni-

2114 2227 2326 2266 versam
2375 2211 2620 2266 militiam
2657 2211 2776 2267 cmli
2823 2212 3167 2268 assistentem
3194 2213 3243 2268 ei
3292 2211 3510 2283 (Ibid.),
3550 2231 3571 2265 ι
3617 2214 3694 2267 ait

2114 2305 2371 2372 propheta
2407 2320 2420 2356 :
2455 2302 2796 2358 assistentem
2827 2304 2976 2368 dicit,
3010 2319 3114 2358 non
3148 2304 3450 2359 sedentem.
3481 2323 3500 2355 ι
3531 2303 3694 2359 Milli:

2115 2394 2339 2447 millium
2387 2393 2769 2448 ministrabant
2799 2393 2870 2458 ei,
2898 2405 2953 2449 et
2995 2394 3174 2449 decies
3220 2395 3418 2449 millies
3461 2404 3694 2449 centena

2115 2485 2280 2539 millia
2309 2485 2647 2540 assistebant
2676 2485 2724 2539 ei
2769 2484 2930 2556 (Dan.
2963 2485 3082 2556 vn),
3115 2505 3132 2538 ι
3172 2485 3392 2540 Daniele
3434 2495 3693 2540 testante.

2119 2595 2137 2626 ι
2184 2576 2386 2631 Omnes
2429 2574 2604 2645 angeli
2653 2576 2868 2629 stabant
2915 2575 2969 2629 in
3015 2575 3241 2630 circuitu
3274 2577 3453 2630 throni
3508 2575 3696 2646 (Apoc.

2115 2669 2236 2738 vn),
2274 2686 2293 2720 ι
2321 2668 2398 2721 ait
2425 2666 2772 2735 evangelista.
2796 2667 2960 2737 276
2985 2667 3050 2721 Et
3073 2667 3198 2723 alibi
3231 2685 3243 2721 :
3273 2687 3291 2718 t
3324 2666 3446 2722 Vidi
3479 2665 3699 2720 turbam

2117 2776 2389 2832 magnam,
2431 2777 2593 2831 quam
2621 2761 2965 2816 dinumerare
2996 2777 3154 2816 nemo
3178 2771 3395 2830 poterat
3420 2777 3491 2815 ex
3517 2761 3693 2815 omni-

2117 2853 2214 2906 bus
2236 2851 2466 2921 populis,
2484 2863 2538 2905 et
2557 2837 2769 2921 linguis,
2786 2861 2993 2906 stantes
3008 2863 3130 2906 ante
3153 2853 3404 2906 thronum
3426 2851 3576 2923 (Ibid
3585 2852 3642 2920 .).
3670 2872 3688 2904 ι

2119 2943 2223 2997 Sed
2253 2952 2307 2997 et
2349 2942 2510 3013 Virgo
2557 2943 2844 3012 singularis
2894 2952 3036 2996 astat
3085 2943 3359 2997 adextris
3405 2943 3461 2996 in
3496 2944 3701 2997 vestitu

445 3017 703 3083 proscidit
740 3020 1064 3087 angelicum,
1125 3031 1180 3076 et
1225 3026 1440 3078 nomina
1499 3027 1768 3083 stellantia
1824 3046 2008 3087 secum
2040 3005 2084 3066 Ο
2117 3005 2562 3104 ειεξιυωωμῖδαι.
2596 3005 2762 3096 κίιν).
2793 3033 3291 3104 Moyses,utvideat
3316 3041 3689 3088 transeuntem

447 3104 617 3157 traxit
642 3105 692 3158 in
723 3110 984 3162 mortem?
1015 3111 1259 3166 Des-erit
1281 3124 1409 3169 tunc
1449 3115 1847 3186 Omnipotentis
1875 3122 2011 3177 indi-

443 3195 649 3261 gnatio,
675 3204 894 3266 totaque
919 3201 1218 3257 divinitatis
1246 3205 1465 3259 dextera
1497 3223 1786 3276 percussus
1811 3223 1894 3268 est
1916 3214 2018 3268 ini-

446 3283 642 3350 micus,
665 3296 718 3340 et
749 3289 800 3340 in
829 3291 1142 3357 perditionis
1165 3292 1449 3350 devolutus
1488 3307 1570 3352 est
1597 3300 1868 3366 abyssum.

519 3373 654 3430 Huic
709 3387 815 3432 tam
848 3381 996 3450 gravi
1040 3383 1256 3448 damno,
1312 3396 1416 3438 tam
1473 3391 1712 3458 graviter
1750 3391 2018 3448 vindicato

447 3467 710 3520 successit
760 3476 815 3522 et
860 3469 1024 3524 aliud.
1069 3471 1320 3527 Peccavit
1365 3491 1598 3545 namque
1630 3479 1737 3543 ille,
1774 3482 1862 3549 qui
1891 3482 2017 3538 huic

449 3559 806 3614 resarciendze
837 3561 1004 3615 ruina:
1035 3561 1210 3618 fuerat
1244 3565 1588 3636 subrogatus,
1615 3581 1833 3639 propter
1854 3588 2014 3640 quem

443 3648 627 3718 omnia
706 3649 1046 3705 subcualestia
1102 3651 1314 3708 fuerant
1382 3659 1696 3713 constituta.
1751 3661 2017 3718 l’eccante

443 3745 624 3819 autem
671 3738 782 3802 illo,
826 3740 1052 3794 multum
1093 3743 1394 3812 splendoris
1443 3747 1669 3802 sidereis
1716 3750 2015 3804 detractum

443 3836 527 3880 est
575 3827 928 3885 luminaribus
983 3842 1259 3902 totamque
1296 3837 1684 3892 elementorum
1737 3841 2015 3894 materiam

445 3913 665 3969 infet-tio
699 3917 1023 3985 deploranda
1075 3923 1334 3978 confudit.
1369 3924 1613 3980 Nondum
1657 3942 1878 3984 aversus
1901 3939 2018 3984 erat

445 4005 597 4058 furor
652 4007 884 4074 Domini,
918 4013 1012 4065 sed
1059 4014 1233 4069 adhuc
1286 4032 1477 4072 manus
1533 4018 1648 4085 ejus
1680 4031 1934 4086 extenta,
1963 4033 2019 4079 et

445 4095 719 4150 dexteram
743 4099 858 4167 ejus
883 4101 1137 4170 singulari
1163 4105 1383 4160 vulnere
1404 4107 1679 4176 fatigatam
1707 4114 2020 4179 provocavit

446 4184 499 4237 in
529 4200 586 4239 se
621 4186 822 4256 fragilis
845 4198 899 4242 et
922 4190 1093 4244 lutosa
1111 4194 1432 4260 substantia,
1461 4199 1736 4267 sensitque
1764 4201 2017 4270 reliquias

448 4273 690 4331 fulminei
746 4277 946 4334 furoris
993 4282 1159 4335 miser
1206 4285 1580 4351 homunculus,
1635 4298 1688 4342 et
1735 4293 2015 4359 personale

445 4367 699 4439 delictum
743 4373 1052 4441 proscripsit
1101 4376 1398 4431 universos.
1460 4379 1787 4435 Delurbatur
1851 4384 2014 4454 igitur

451 4463 766 4518 tumultibus
797 4464 1165 4534 frequentibus
1198 4469 1592 4524 rationabilium
1620 4482 2015 4542 creaturarum,

427 4552 706 4609 -Dominus
742 4557 1058 4624 majestatis,
1082 4567 1137 4610 et
1171 4574 1332 4626 super
1360 4561 1471 4616 suis
1499 4562 1743 4618 hostibus
1772 4565 2013 4620 vindica-

449 4653 552 4710 tus,
581 4649 833 4702 cadentes
855 4648 1073 4718 angelos
1097 4665 1220 4704 cum
1245 4651 1618 4720 desperatione
1643 4656 1938 4722 damnavit,
1964 4667 2020 4711 et

447 4737 721 4793 hominem
771 4742 1055 4811 castigavit
1099 4741 1150 4794 in
1181 4758 1298 4810 spe,
1321 4745 1620 4812 praevidens
1646 4757 1848 4816 quanta
1877 4749 2012 4803 bona

427 4828 514 4882 .de
543 4829 684 4884 illius
712 4835 934 4900 peécato
976 4843 1120 4886 esset
1162 4833 1419 4889 facturus.
1449 4837 1513 4890 Et
1546 4837 1616 4890 ob
1663 4839 1762 4893 hoc
1792 4839 2014 4894 forsitan

445 4921 745 4990 angelicum
800 4935 1080 4993 peccatum
1123 4927 1176 4981 in
1249 4928 1543 4994 Scripturis
1594 4948 1698 4986 non
1748 4932 2018 4987 invenitur

2116 3125 2420 3188 Dominum,
2467 3131 2578 3178 stat
2628 3124 2680 3177 in
2740 3131 2889 3193 petra
2921 3121 3113 3191 (Exod.
3174 3125 3396 3187 χχχιιι),
3457 3133 3518 3176 et
3549 3122 3696 3178 Elias

2115 3230 2223 3274 stat
2253 3220 2306 3273 in
2344 3227 2632 3286 conspectu
2670 3218 2903 3282 Domini,
2934 3227 2989 3273 et
3023 3217 3199 3271 omnis
3235 3225 3490 3271 creatura
3525 3216 3694 3286 impe-

2115 3314 2327 3366 ratoriae
2358 3310 2655 3381 majestatis
2687 3309 2910 3364 assistit.
2945 3309 3106 3364 Solus
3145 3307 3232 3362 ille
3274 3309 3551 3378 transfuga
3585 3307 3702 3377 spi-

2113 3402 2287 3462 ritus,
2338 3401 2687 3455 dissensionis
2741 3398 3102 3467 principium,
3151 3381 3401 3466 princeps
3453 3396 3692 3456 malitiae,

2116 3491 2380 3546 malorum
2420 3505 2652 3553 summa,
2677 3489 2848 3543 voluit
2891 3487 3204 3542 consedere.
3235 3486 3466 3551 Sedebo,
3496 3486 3692 3555 inquit,

2117 3583 2169 3636 in
2201 3591 2385 3636 monte
2409 3581 2714 3636 testamenti
2747 3580 2880 3648 (lsa.
2911 3580 3044 3644 xiv).
3071 3575 3274 3632 Omnes
3304 3586 3478 3641 stant,
3503 3591 3694 3630 omnes

2117 3674 2450 3737 ministrant,
2492 3682 2546 3726 et
2578 3682 2630 3725 tu
2658 3671 2834 3741 pacis
2865 3669 3101 3732 inimice,
3133 3668 3322 3722 sedere
3371 3666 3694 3735 praesumis?

2115 3763 2234 3831 Ipse
2265 3763 2452 3827 Filius,
2509 3762 2647 3815 idem
2680 3762 2818 3828 quod
2863 3760 3044 3824 Pater,
3073 3759 3263 3814 sedere
3295 3759 3490 3821 nescit,
3524 3758 3694 3811 donec

2117 3855 2260 3908 dicat
2285 3855 2331 3909 ei
2370 3854 2532 3908 Pater
2561 3872 2574 3906 :
2611 3874 2628 3904 t
2667 3853 2809 3908 Sede
2833 3871 2860 3906 a
2891 3853 3096 3906 dextris
3121 3852 3257 3906 meis
3283 3849 3460 3920 (Paul.
3493 3850 3631 3920 cu).
3671 3871 3693 3900 ι

2119 3943 2303 3997 Talem
2352 3943 2482 3996 vidit
2512 3956 2634 3996 eum
2662 3943 2847 4006 lsaias,
2887 3951 2942 3996 et
2991 3943 3390 3996 Dominatorem
3425 3941 3698 3994 universae

2119 4043 2277 4088 teme
2311 4046 2365 4088 et
2407 4035 2458 4087 in
2490 4049 2655 4087 aureo
2695 4033 2885 4087 tlu'ono
2914 4049 3025 4087 suae
3051 4032 3349 4086 divinitatis
3388 4033 3694 4093 sedentem,

2119 4127 2170 4180 in
2203 4125 2288 4179 illa
2325 4126 2557 4179 secunda
2597 4127 2856 4191 sessione,
2889 4140 2994 4195 quo
3029 4139 3246 4179 carnem
3275 4132 3522 4178 nostram
3545 4123 3696 4178 cadis

2120 4217 2341 4269 invexit.

2191 4308 2446 4378 Sequitur
2482 4326 2494 4361 :
2531 4327 2548 4359 ι
2577 4309 2751 4378 Super
2780 4309 2972 4364 solium
3018 4309 3315 4363 excelsum.
3348 4325 3367 4359 ι
3401 4307 3692 4362 Exeelsum

2114 4401 2304 4454 solium
2351 4400 2642 4470 angelicam
2669 4409 2914 4453 naturam
2941 4399 3209 4469 intellige,
3239 4399 3472 4468 primam
3509 4397 3696 4453 Omni-

2115 4489 2348 4560 potentis
2374 4489 2726 4554 creationem,
2759 4499 2812 4545 et
2838 4489 3094 4558 primaria
3117 4490 3380 4560 dignitate
3410 4491 3694 4558 praeditam

2115 4589 2454 4648 potestatem.
2482 4580 2656 4648 Super
2683 4581 2822 4634 hanc
2841 4580 3016 4646 sedet,
3072 4590 3124 4633 et
3152 4581 3536 4649 supervehitur
3564 4582 3698 4634 filius

2117 4667 2382 4737 Virginis,
2442 4680 2749 4738 susceptqu
2803 4670 3074 4725 hominem
3123 4670 3404 4724 ordinibus
3445 4671 3698 4738 provehit

2119 4759 2454 4829 angelorum,
2502 4762 2624 4830 quia
2655 4761 2980 4816 etsimelior
3030 4771 3113 4816 est
3143 4773 3360 4826 natura,
3394 4761 3594 4815 fortior
3619 4769 3698 4814 est

2119 4852 2323 4920 gratia;
2379 4853 2423 4905 si
2488 4869 2680 4923 magna
2727 4853 2995 4922 dignitas,
3052 4851 3223 4920 major
3269 4852 3364 4906 Dei
3420 4854 3691 4912 voluntas,

2119 4955 2280 4994 uuam
2305 4943 2450 4994 omni
2482 4958 2625 4994 nexu
2653 4955 2861 4994 natura:
2875 4958 3116 4994 summus
3142 4943 3229 4994 ille
3251 4943 3690 4994 uliilosonhorum
