3978 5328
239 260 342 322 797

1584 255 1816 312 SERM‘J
1855 259 1962 312 ι..ι.

3379 281 3524 343 79B-

238 383 594 439 elevationem
647 385 837 438 asserit
885 383 1148 455 Propheta
1197 399 1409 441 omnem
1466 396 1662 442 terram
1701 404 1814 443 ma-
1844 392 1889 453 Α
1919 390 2282 463 cumscriptus
2313 384 2400 440 ille
2430 382 2666 455 Spiritus
2691 400 3033 450 remanentes
3061 409 3269 450 summa
3304 411 3489 467 prose-

234 477 440 548 jestate
469 476 585 544 ejus
614 490 734 530 esse
761 477 1058 546 repletam?
1097 475 1268 548 (Psal.
1327 478 1500 550 un.)
1555 480 1660 535 Sed
1690 497 1813 535 cum

240 566 373 618 dicit
407 565 621 634 plenam
666 566 966 635 majestate,
1005 567 1256 639 intelligit
1285 569 1467 624 dicere
1514 569 1816 640 majestatis

242 655 551 722 cognitione
579 671 738 724 quam
770 667 894 710 ante
938 655 1054 724 ejus
1085 658 1508 714 incarnationem
1559 671 1650 713 aut
1687 662 1815 714 nulli

240 753 578 808 nieruerunt,
603 758 692 798 aut
716 747 892 815 pauci.
930 746 1034 800 Sed
1067 764 1208 802 nunc
1239 749 1307 802 ab
1345 759 1466 802 ortu
1492 750 1618 803 solis
1651 766 1816 818 ttSque

237 835 305 885 ad
337 848 590 888 occasum
619 850 812 891 nomen
860 835 952 888 Dei
987 852 1237 907 magnum
1264 837 1436 907 (Ptol.
1465 840 1596 905 cxu)
1626 840 1818 908 prunli-

236 933 395 976 catur
454 923 508 976 in
561 924 828 992 gentibus,
879 936 1111 994 suntque
1161 941 1348 980 omnes
1416 928 1672 982 docibiles
1721 930 1814 983 Dei

235 1013 422 1080 (Ιοαη.
476 1016 574 1084 vt),
629 1031 766 1084 quos
837 1015 954 1084 ejus
1016 1017 1200 1070 unctio
1248 1018 1404 1071 docct
1447 1019 1511 1070 de
1569 1019 1818 1072 omnibus

235 1101 286 1171 (Ι
323 1101 488 1158 Jaan.
515 1108 598 1172 tl).
624 1104 755 1158 Nam
779 1108 879 1160 etsi
913 1108 964 1159 iu
999 1105 1161 1159 Israel
1187 1123 1434 1175 magnum
1460 1123 1650 1160 nomen
1679 1109 1818 1178 ejus,

234 1208 344 1248 non
377 1204 583 1249 tantum
605 1195 716 1264 jam
747 1199 836 1251 uni
888 1198 1101 1268 angulo,
1151 1199 1243 1253 sed
1274 1199 1369 1253 toti
1399 1200 1596 1252 mundo
1627 1202 1816 1254 notitia

232 1298 294 1337 se
325 1285 622 1339 divinitatis
645 1284 858 1340 infudit.

309 1373 572 1444 Sequitur
602 1395 616 1431 :
655 1395 672 1427 t
707 1378 770 1430 Et
796 1393 858 1431 ea
906 1393 1026 1447 (ιιιίὲ
1076 1379 1173 1431 sub
1201 1379 1317 1446 ipso
1344 1387 1500 1431 erant
1543 1378 1818 1445 rapiebant

235 1464 522 1534 templum.
561 1486 578 1517 ι
610 1465 889 1537 Templum
919 1469 1101 1536 accipe
1125 1469 1397 1522 civ.tatem
1433 1469 1522 1521 Dei
1565 1471 1817 1530 viventis,

232 1569 490 1623 sponsam
521 1557 656 1626 ejus,
695 1573 814 1626 quae
852 1574 955 1611 non
1005 1560 1164 1613 habet
1206 1559 1496 1624 maculam,
1525 1576 1697 1626 neque
1731 1577 1820 1610 ru-

235 1660 360 1715 gain
398 1643 616 1716 (Ep/res.
660 1649 734 1716 v).
783 1640 895 1702 Sttb
935 1651 1048 1717 ipso
1079 1659 1203 1702 sunt
1251 1650 1575 1714 incarnatio,
1617 1651 1814 1718 passio,

1918 493 2076 540 cutus
2103 495 2182 540 est
2213 485 2482 557 largitate.
2513 485 2650 542 dans
2688 487 2767 543 eis
2795 488 2849 542 in
2894 501 3142 552 munere,
3173 503 3242 541 ne
3269 500 3491 555 possent

1918 573 2149 643 amplius
2191 574 2368 645 aliqua
2422 575 2780 632 labefactione
2825 578 3122 648 corrumpi.
3176 577 3490 632 Conﬁrmati

1917 666 2103 734 igitur,
2135 675 2189 720 et
2218 666 2282 720 de
2323 666 2407 720 sui
2435 675 2612 721 status
2642 667 2937 722 stabilitate
2975 667 3176 730 securi,
3207 666 3494 722 lucidioris
3579 735 3586 742 _

1916 755 2100 823 gratize
2128 754 2342 810 subiere
2373 754 2667 826 fastigium.
2697 755 2953 811 Serviunt
2976 771 3106 826 ergo
3137 755 3232 820 illi,
3257 755 3345 810 cui
3375 768 3495 810 ser-

1919 845 2031 899 vire
2064 861 2286 913 regnare
2312 855 2414 911 est,
2446 856 2499 899 et
2535 847 2677 900 felici
2720 849 3033 913 securitate,
3065 856 3119 900 et
3154 860 3345 900 secura
3373 844 3492 899 feli-

1917 937 2102 989 citate.
2135 935 2228 990 llis
2249 938 2456 990 dualnts
2481 939 2582 991 alis
2604 938 2785 991 volant
2812 938 2985 1008 angeli
3011 938 3278 992 volatione
3303 937 3492 1008 utique

1921 1029 2213 1093 indefessa,
2243 1039 2295 1084 et
2317 1032 2489 1085 creati
2515 1031 2748 1101 diguiter
2771 1043 2825 1086 et
2852 1033 3063 1087 fortiter
3089 1030 3412 1086 confirmati.

1991 1122 2172 1177 Tertia
2200 1123 2281 1176 ala
2331 1133 2414 1178 est
2459 1123 2749 1192 singularis
2791 1142 2944 1179 amor
2973 1126 3055 1181 sui
3099 1125 3404 1189 Creatoris;
3438 1130 3494 1177 et

1919 1213 2035 1267 haec
2057 1213 2273 1281 quidem
2299 1212 2610 1268 felicissima
2643 1217 3035 1285 subtilibusque
3061 1215 3306 1283 penunlis
3327 1215 3495 1268 inter-

1922 1311 2089 1356 texta.
2119 1302 2314 1357 Amant
2341 1304 2508 1369 enim,
2540 1313 2595 1358 et
2625 1308 2838 1368 ardent,
2867 1315 2923 1360 et
2951 1305 3261 1360 desiderant
3288 1305 3340 1357 in
3368 1317 3495 1358 eum

1920 1393 2250 1460 prospicere.
2271 1393 2422 1461 cujus
2441 1408 2627 1447 amore
2644 1392 3264 1448 feliciterincenduntur.
3283 1392 3498 1458 Quanto

1919 1483 2062 1535 enim
2095 1483 2396 1549 propiores,
2431 1491 2580 1536 tanto
2609 1482 2992 1548 ferventiores;
3019 1492 3074 1537 et
3100 1484 3152 1536 in
3181 1483 3356 1535 lumen
3382 1495 3498 1538 nta-

1913 1570 2129 1639 iestatis
2153 1572 2396 1642 absorpti
2426 1573 2688 1628 indicibili
2719 1575 2879 1630 modo
2903 1584 2958 1630 et
2984 1590 3198 1645 semper
3231 1573 3424 1628 ardent
3443 1580 3499 1629 et

1922 1677 2137 1730 semper
2167 1663 2458 1717 satiantur.

235 1751 410 1803 mors,
432 1747 487 1792 et
514 1738 690 1792 omnis
717 1738 805 1792 illa
835 1740 1067 1793 horai-ia:
1099 1739 1519 1808 dispensationis
1547 1740 1816 1801 molestia.

1991 1751 2199 1818 Quarta
2235 1761 2316 1806 est
2361 1753 2576 1808 assidua
2610 1755 2747 1810 visio
2775 1755 3093 1810 divinitatis.
3143 1755 3248 1811 Sed
3286 1765 3341 1809 et
3381 1756 3498 1810 lucc

233 1827 362 1896 quia
400 1842 692 1898 resurgens
736 1844 804 1884 ex
844 1831 1071 1884 mortuis
1105 1831 1216 1898 jam
1242 1846 1346 1883 non
1377 1831 1606 1884 moritur
1635 1829 1815 1900 (Rom.

232 1919 339 1988 Vt).
371 1919 500 1975 Haec
529 1920 666 1975 sunt'
691 1936 810 1990 qua:
845 1923 1055 1991 replent
1098 1922 1418 1985 Ecclesiam,
1449 1937 1676 1990 quorum
1736 1939 1821 1976 rc-

234 2010 485 2064 cordatio
508 2011 663 2064 nobis
687 2027 896 2066 annuas
923 2012 1064 2078 parit
1089 2011 1477 2066 solemnitates.
1509 2011 1823 2081 lteplebitur

237 2097 292 2152 in
321 2099 484 2154 bonis
509 2100 702 2154 domus
733 2111 836 2154 tuze
867 2101 1038 2168 (l’sol.
1075 2104 1244 2170 utv),
1292 2113 1539 2157 sanctum
1568 2114 1652 2157 est
1680 2113 1819 2155 tetu-

237 2196 388 2266 plum
439 2207 624 2260 tuum,
669 2200 811 2266 quod
873 2207 997 2254 tunc
1057 2199 1303 2268 profecto
1360 2199 1608 2253 mirabile
1635 2209 1720 2253 est
1766 2199 1820 2253 in

239 2289 516 2358 aequitate,
542 2307 663 2345 cum
687 2292 927 2345 Ecclesia
955 2306 1214 2360 personas
1236 2307 1340 2347 non
1367 2291 1584 2361 accipit,
1619 2292 1824 2362 respuit

239 2393 488 2440 munera,
522 2380 804 2434 veritatem
836 2381 1006 2451 eligit,
1035 2379 1209 2450 diligit
1247 2382 1532 2436 rationem.

311 2467 604 2538 Sequitur:
634 2491 651 2522 ι
676 2470 957 2541 Seraphim
986 2475 1200 2528 stabant
1226 2491 1388 2544 super
1422 2475 1572 2540 illttd,
1602 2491 1698 2531 sex
1724 2475 1824 2531 alze

241 2557 331 2610 nni
362 2567 420 2611 et
449 2573 544 2613 sex
573 2558 669 2613 alae
695 2561 871 2615 alteri.
906 2581 924 2615 ι
974 2563 1088 2617 Duo
1119 2564 1424 2634 Seraphim,
1481 2565 1728 2636 angelum
1771 2575 1825 2620 et

245 2645 521 2702 hominem
563 2651 749 2719 accipe
792 2669 805 2705 :
849 2651 948 2719 Qui
1004 2654 1376 2717 incendentes.
1433 2656 1515 2710 vel
1573 2659 1826 2712 ardentes

243 2737 522 2806 dicuntur,
555 2756 679 2796 cum
729 2742 815 2797 ille
852 2745 1042 2798 ardeat
1069 2748 1374 2814 praesentia,
1419 2748 1507 2802 hie
1540 2749 1821 2804 memoria.

313 2825 560 2883 Primum
605 2832 671 2884 de
727 2832 828 2888 alis
889 2835 1204 2904 angelorum
1237 2837 1536 2900 videamus,
1583 2847 1637 2892 et
1678 2839 1821 2909 quali

241 2917 408 2988 277
433 2920 750 2976 volitatione
780 2923 1062 2991 ferantur;
1091 2936 1146 2979 et
1172 2927 1298 2994 quia
1330 2938 1456 2982 nota
1488 2939 1570 2982 est
1607 2940 1824 2984 senten-

245 3009 318 3060 tia
342 3009 455 3073 illa,
481 3013 752 3080 quomodo
787 3023 948 3082 caput
998 3026 1054 3070 et
1100 3019 1262 3086 pedes
1290 3018 1488 3083 velent,
1517 3031 1572 3074 et
1620 3029 1827 3074 tantum

1919 1843 2114 1912 pennis
2140 1841 2505 1898 ﬂoridioribus
2528 1844 2841 1900 intertexta.
2867 1845 3094 1911 Quanta:
3116 1846 3391 1916 dignitatis
3414 1852 3500 1900 est

1921 1931 2140 1984 assidue
2161 1932 2345 1986 videre
2374 1933 2576 1986 Deum?
2607 1933 2673 1988 Et
2702 1934 2773 1988 illi
2801 1935 3018 2004 quidem
3056 1935 3297 2005 spiritus,
3329 1934 3494 1988 etiam

1919 2036 2044 2074 cum
2073 2021 2386 2082 mittuntur.
2413 2038 2517 2075 non
2550 2023 2872 2078 fraudantur
2899 2025 3070 2093 gloria
3099 2024 3344 2086 visionis,
3369 2024 3496 2092 quia

1921 2110 2121 2179 ubique.
2156 2112 2396 2164 occurrit
2419 2111 2716 2165 divinitatis
2759 2113 3016 2178 essentia,
3059 2128 3178 2182 qua:
3215 2113 3360 2166 intus
3389 2121 3496 2178 est,

1920 2201 2101 2254 Omnia
2154 2201 2517 2263 continendo,
2570 2202 2918 2270 gubernando
2970 2203 3230 2256 exterius.
3285 2201 3360 2256 De
3415 2201 3500 2254 bis

1923 2290 2134 2344 duabus
2163 2289 2424 2358 scriptum
2448 2298 2532 2344 cst
2557 2308 2569 2344 :
2603 2309 2622 2341 ο
2654 2290 2778 2344 Duae
2807 2306 2994 2360 pennze
3022 2290 3355 2362 singulorum
3375 2289 3500 2358 jun-

1923 2378 2189 2448 gebantur
2217 2378 2433 2449 (Ezech.
2470 2381 2540 2451 t);
2575 2401 2594 2433 ι
2641 2397 2762 2435 cum
2807 2383 3097 2451 singularis
3125 2397 3279 2450 amor
3315 2397 3381 2436 ex
3413 2396 3503 2436 as-

1924 2469 2076 2522 sidua
2112 2469 2318 2523 visione
2363 2481 2642 2535 nascatur,
2677 2482 2731 2526 et
2773 2473 3048 2526 assiduam
3086 2473 3345 2527 visionem
3389 2471 3503 2526 sin-

1924 2559 2126 2627 gularis
2157 2575 2312 2614 amor
2345 2560 2558 2615 elﬁciat.

1997 2648 2195 2710 Quinta
2221 2658 2303 2701 est
2330 2650 2583 2717 gaudium
2618 2658 2817 2704 nostrae
2842 2648 3269 2718 Redemptionis.
3300 2657 3356 2702 et
3385 2648 3502 2717 ipsa

1925 2739 2204 2807 multiplici
2235 2741 2502 2808 picturata
2540 2743 2824 2796 varietate.
2871 2742 3002 2808 Quis
3032 2741 3316 2795 verborum
3348 2740 3504 2808 copia

1926 2831 2347 2900 comprehendat
2382 2842 2644 2900 quantum
2676 2833 2927 2902 gaudium
2961 2832 3102 2886 Deus
3146 2833 3309 2886 homo
3334 2830 3504 2884 virtu-

1928 2919 2074 2972 tibus
2128 2919 2386 2988 angelicis
2454 2920 2807 2989 ingeneravit,
2859 2936 2981 2973 cum
3020 2929 3074 2972 et
3111 2935 3298 2974 eorum
3338 2918 3504 2973 colle-

1928 3024 2072 3078 gam,
2104 3009 2194 3078 qui
2227 3007 2295 3062 ab
2322 3010 2402 3064 eis
2436 3011 2661 3073 exierat,
2691 3009 2857 3080 278
2882 3009 2975 3064 sed
3011 3025 3115 3063 non
3161 3018 3280 3064 erat
3308 3023 3374 3063 ex
3403 3005 3502 3068 eis,

245 3101 423 3155 media
461 3104 768 3168 videantur,
817 3105 866 3158 id
897 3115 1000 3171 est,
1028 3106 1170 3176 quod
1195 3107 1433 3163 fuitante
1461 3111 1740 3173 mundum,
1774 3099 1902 3163 etC
1932 3101 2126 3155 vexillo
2153 3101 2332 3156 crucis
2370 3101 2630 3165 irruente,
2660 3101 2948 3172 confregit,
2985 3110 3042 3156 et
3076 3100 3348 3155 hominem
3385 3115 3508 3170 per-

245 3196 392 3262 quod
436 3204 560 3263 post
605 3212 725 3251 eum
759 3199 887 3262 erit,
942 3199 1048 3262 his,
1079 3215 1198 3268 quae
1232 3200 1283 3254 in
1332 3203 1620 3271 prtesentia
1667 3211 1825 3266 sunt,

246 3283 644 3355 aliquantulum
687 3291 1100 3357 apparentibus,
1129 3291 1462 3346 Ezechielem
1495 3290 1830 3348 adducamus

247 3373 303 3430 in
333 3378 571 3432 medium
613 3381 704 3449 qui
733 3381 1046 3435 animalium
1081 3383 1193 3437 alas
1220 3384 1320 3437 hoc
1343 3385 1504 3438 modo
1525 3384 1828 3454 distinguit,

248 3467 436 3522 dicens
463 3485 476 3520 :
514 3487 532 3520 ι
565 3469 784 3524 Duabus
806 3473 906 3526 alis
921 3473 1190 3536 volabant,
1219 3484 1274 3527 et
1295 3473 1413 3527 dua:
1437 3490 1626 3542 penum
1655 3474 1831 3544 singu-

246 3553 424 3610 lorum
445 3558 831 3628 jungebantur,
863 3571 918 3614 et
944 3561 1062 3615 diue
1093 3562 1347 3632 tegebant
1381 3578 1567 3617 eorum
1601 3579 1827 3633 corpora

249 3643 472 3717 (Ειρι-Ιι.
523 3649 586 3719 ι).
641 3669 660 3702 ι
693 3650 874 3705 Prima
923 3667 1109 3706 eorum
1162 3652 1246 3705 ala
1285 3663 1388 3717 est,
1437 3653 1673 3724 dignitas
1722 3669 1833 3709 sua:

248 3739 642 3807 productionis.
690 3741 885 3795 Transi
933 3757 1226 3810 parumper
1281 3745 1332 3797 in
1384 3759 1641 3796 arcanum
1677 3745 1835 3813 hujus

249 3830 618 3901 intelligentiae
641 3841 696 3887 ct
719 3833 1037 3902 dignitatem
1069 3834 1225 3902 hujus
1241 3835 1524 3888 considera
1547 3845 1834 3888 creaturau

248 3921 371 3991 Ipsa
429 3931 513 3979 est
573 3926 893 3995 principium
954 3926 1163 3980 viarum
1228 3926 1361 3992 Dei,
1423 3928 1499 3980 ait
1551 3926 1831 3996 Scriptura

254 4013 379 4081 (Job
408 4013 516 4084 ιι).
553 4014 822 4081 Quantum
873 4017 1213 4088 privilegium
1245 4017 1387 4087 quod
1437 4018 1524 4072 illa
1581 4019 1837 4089 cogitatio

250 4103 517 4157 Altissitni
543 4105 594 4158 in
621 4106 722 4160 hoc
744 4107 974 4174 primum
999 4124 1134 4177 opus
1170 4108 1430 4177 prorupit.
1453 4108 1688 4162 Docebat
1715 4125 1838 4179 pro-

253 4194 421 4260 fecto,
453 4204 512 4248 ut
542 4197 797 4264 singulari
821 4199 992 4266 gloria
1019 4200 1381 4269 praefulget'et,
1409 4201 1552 4270 quod
1574 4202 1640 4254 de
1663 4203 1838 4255 maui-

253 4287 357 4340 bus
391 4287 730 4343 Dominantis
771 4291 1044 4358 primitiva
1091 4292 1366 4346 creatione
1391 4294 1674 4362 processit.
1709 4314 1725 4344 ι
1759 4294 1837 4347 Tu

254 4379 593 4448 signaculqu
617 4381 988 4436 similitudinis
1016 4423 1030 4446 ,
1072 4385 1261 4452 plenus
1291 4386 1578 4455 sapientia,
1620 4397 1675 4442 et
1712 4402 1834 4456 per-

1932 3193 2101 3246 ditum
2128 3192 2194 3245 ad
2220 3207 2383 3262 regna
2415 3194 2685 3247 revocavit
2705 3193 2982 3248 ctelestia?
3007 3192 3115 3246 Nec
3144 3192 3358 3256 mirum,
3384 3191 3511 3259 quia

1932 3283 2188 3337 videbant
2210 3283 2494 3338 materiam
2532 3294 2897 3354 repurgatam,
2927 3283 2992 3337 de
3022 3298 3128 3351 qua
3158 3297 3390 3350 superna
3420 3277 3512 3334 illa

1932 3374 2128 3428 civitas
2171 3374 2566 3438 re'etlilicatur,
2611 3375 2764 3444 enjus
2801 3375 3147 3446 participatio
3193 3372 3310 3440 ejus
3340 3372 3393 3425 in
3436 3371 3514 3424 id-

1935 3465 2110 3536 ipsum
2149 3463 2321 3534 (Psal.
2358 3467 2530 3535 cui).

2007 3556 2173 3612 Sexta
2202 3567 2283 3611 est
2310 3558 2583 3612 restitutio
2613 3573 2860 3627 superine
2889 3557 3144 3614 civitatis.
3180 3555 3284 3610 Sed
3314 3564 3369 3610 et
3398 3555 3516 3610 haec

1935 3652 2161 3721 picturis
2190 3651 2588 3720 pulchriorihus
2611 3652 2870 3706 colorata.
2894 3650 3032 3717 Quid
3047 3650 3190 3703 enim
3213 3648 3339 3716 erit,
3365 3661 3514 3712 cum,

1938 3743 2027 3796 illo
2058 3742 2282 3796 terribili
2308 3743 2512 3811 judicio
2542 3753 2785 3812 peracto,
2822 3741 3082 3796 Dominus
3121 3741 3380 3795 virtutum
3413 3738 3513 3792 hoc

1940 3835 2114 3887 mines
2146 3833 2354 3902 angelis
2385 3833 2638 3893 sociabit.
2682 3834 2983 3887 resarciens
3012 3833 3290 3895 damnum,
3333 3829 3516 3884 redin-

1941 3935 2160 3995 tegrans
2202 3941 2524 3988 numerum,
2571 3937 2625 3978 et
2671 3939 3108 3994 unumquemque
3155 3924 3400 3977 ordinem
3449 3934 3520 3975 ex

1939 4020 2148 4073 meritis
2176 4019 2486 4073 hominibus
2514 4020 2578 4071 ad
2611 4035 2876 4072 summam
2908 4019 3125 4073 revehet
3153 4011 3521 4070 numeralem?

1939 4110 2090 4164 Tunc
2122 4109 2264 4164 sicut
2309 4109 2603 4164 laetantium
2645 4110 2885 4162 muniunt
2921 4107 3182 4162 habitatio
3210 4106 3314 4159 erit
3351 4104 3404 4157 in
3443 4103 3520 4157 ci-

1939 4201 2106 4254 vitate
2134 4200 2227 4254 Dei
2261 4197 2435 4269 (Psal.
2466 4201 2680 4269 vani),
2711 4201 2835 4268 quia
2866 4201 3131 4253 varietate
3161 4198 3397 4267 partium
3429 4209 3521 4248 or-

1941 4293 2145 4353 dinata,
2196 4290 2270 4344 nil
2299 4291 2405 4345 erit
2443 4292 2674 4359 amplius
2699 4291 2840 4360 quod
2874 4299 3152 4359 repugnet,
3195 4289 3275 4342 vel
3317 4285 3456 4355 quod
3487 4301 3519 4338 a

1943 4385 2164 4437 statutis
2194 4383 2327 4438 locis
2364 4385 2534 4438 valeat
2567 4384 2785 4436 elocari.
2832 4385 2902 4436 De
2936 4385 3018 4436 his
3045 4382 3250 4434 duabus
3278 4379 3475 4431 dicitur
3501 4393 3516 4432 :

254 4468 432 4524 fectus
473 4469 691 4535 decore,
745 4472 797 4525 in
850 4473 1058 4527 deliciis
1087 4474 1322 4542 paradisi
1365 4475 1459 4529 Dei
1492 4475 1661 4538 fuisti,
1706 4477 1836 4529 dicit
1869 4445 1912 4502 D
1946 4498 1963 4524 ε
2001 4476 2126 4530 Data:
2173 4478 2428 4546 tegebant
2477 4492 2704 4544 corpora
2760 4490 2980 4535 eorum;
3023 4493 3039 4522 ³
3093 4473 3217 4541 (Win
3265 4469 3517 4537 ς²¹¹¹ί¹ί¹¹¹¹¹

257 4562 522 4630 propheta
572 4560 794 4630 (Eur/1.
854 4563 1069 4624 xxvtu).
1105 4582 1122 4612 ι
1167 4563 1280 4616 Non
1315 4564 1488 4618 solum
1518 4566 1836 4629 similitulo,

256 4653 352 4707 sed
393 4662 450 4708 et
489 4654 825 4722 signaculum
874 4655 1263 4718 similitudinis,
1317 4667 1374 4708 ut
1407 4665 1555 4710 tanto
1587 4657 1838 4711 subtilius

259 4743 438 4813 imago
472 4743 566 4797 Dei
598 4745 902 4798 insinuetur
946 4762 1200 4815 expressa
1252 4756 1456 4816 quanto
1501 4747 1838 4801 dill‘erentius

259 4837 597 4908 signaculum
634 4838 1041 4892 similitudinem
1073 4840 1348 4909 pracedit.
1381 4839 1482 4894 Ubi
1511 4848 1690 4892 autem
1721 4840 1836 4909 ple-

261 4929 450 4984 nitudo
478 4930 783 4998 sapientiae,
820 4930 1036 4986 decoris
1063 4931 1345 4999 perfectio,
1373 4932 1610 4998 paradisi
1636 4931 1842 4985 deliciae

260 5023 635 5086 nominantur,
681 5031 791 5078 tota
833 5024 992 5079 simul
1025 5025 1273 5096 jungitur
1301 5025 1596 5080 beatitudo.
1649 5025 1846 5079 Subdit

264 5125 439 5142 “nulla...
494 5115 775 5142 en-0:nI-I-A

829 5117 968 5142 noun.’
999 5115 1373 5142 Α---εΑσιη-Αιιιιξο
1427 5125 1472 5142 ΑΙ
1512 5118 1649 5142 ειη-Α..
1683 5119 1842 5142 ΙΑιξ.-λ-

1939 4577 2137 4618 noslrze
2169 4565 2552 4634 redemptionis
2605 4574 2657 4618 et
2697 4564 2966 4617 restitutio
3002 4575 3249 4627 superna:
3283 4554 3520 4610 civitatis

1941 4659 2224 4711 beatorum
2276 4656 2564 4724 spirituum
2618 4671 2848 4722 corpora
2902 4660 3190 4721 contegunt
3240 4659 3295 4702 et
3345 4663 3522 4699 resar-

1941 4749 2114 4810 ciunt,
2164 4763 2232 4801 ne
2268 4755 2376 4800 tam
2423 4747 2644 4799 ruinosa
2689 4745 2976 4798 diminutio
3021 4743 3072 4795 in
3120 4740 3207 4794 illa
3253 4736 3519 4806 superiori

1941 4839 2111 4910 gloria
2163 4848 2542 4904 cognoscatur.
2592 4837 2659 4890 Et
2701 4833 3083 4890 attendendum
3123 4837 3324 4901 quanta
3368 4826 3525 4880 heni-‘

1948 4930 2127 4998 gnitas
2152 4929 2337 4998 gratia:
2365 4944 2536 4995 genus
2563 4929 2857 4981 humanum
2897 4927 2948 4978 iu
2977 4923 3095 4976 istis
3122 4918 3530 4976 administrato-

1951 5021 2047 5074 riis
2087 5018 2366 5088 spiritibus
2409 5017 2738 5079 acciunulct,
2778 5015 2904 5084 quia
2938 5023 3176 5082 pugnant
3217 5023 3314 5078 pro
3352 5007 3531 5072 nobis,

1951 5123 2006 5142 ..ι
2057 5113 2182 5140 :ll...l
2211 5125 2225 5139 ο
2265 5129 2280 5140 ι
2316 5109 2544 5140 Pal-lunx
2585 5118 2662 5140 Λιιί
2714 5107 2952 5140 ηναπιΙῖηηὶ
2995 5117 3250 5140 lnnntnnn
3300 5100 3353 5138 in
3398 5097 3541 5138 l-mln
