3978 5328
424 264 543 324 799'
560 250 565 259 ’

1067 262 1125 316 S.
1169 258 1371 314 PETRI
1401 254 1684 311 DAMIANI
1725 246 1877 304 OPP.
1921 242 2097 297 I’AItS
2129 242 2261 297 SEU
2301 244 2625 302 TOMUSII.
2651 248 3119 306 —SERMONES.

3589 238 3751 308 suo

423 389 525 441 bus
552 382 643 437 ille
670 394 991 436 numerosus
1024 375 1159 429 ordo
1201 372 1528 440 supervolat,
1581 381 1731 424 stans
1762 366 2001 421 inirrita-
2029 371 2074 426 Α
2108 366 2159 417 in
2185 342 2343 418 ferris
2365 364 2533 418 Filius
2556 365 2668 427 Dei,
2693 374 2747 418 et
2768 362 3360 417 cxseeutorexstititet
3385 364 3655 432 magister
3675 370 3715 419 :‘

425 478 625 540 biliter,
651 474 905 528 alacriter
930 469 1138 531 volans,
1172 475 1224 520 et
1256 467 1312 519 in
1337 464 1719 517 aeternitatem.
1779 490 1783 494 -

500 566 605 621 Sed
645 563 757 633 jam
792 559 1123 616 redeuntum
1154 565 1236 611 est
1264 555 1330 608 ad
1371 568 1489 615 nos,
1517 561 1570 607 et
1614 552 1784 622 stylus
1814 550 1880 604 ad
1912 563 2006 602 no-

366 700 381 709 .
429 670 598 713 stram
632 652 1026 723 retorquendus
1054 647 1465 729 humanitatem,
1496 658 1632 713 quos
1670 644 1737 699 ab
1765 641 2006 712 angelico

427 743 701 801 consortio
734 757 1011 813 cor-parete
1043 739 1348 807 voluptates
1376 749 1430 791 et
1467 736 1667 805 iniqua:
1702 734 2009 787 voluntates

431 836 682 891 dividunt
706 844 761 888 et
790 832 1111 904 abjungnnt.
1147 829 1209 884 Et
1240 830 1367 884 licet
1397 828 1449 881 in
1486 829 1626 882 hanc
1653 824 2006 894 degeneravi-

433 942 552 981 mus
581 926 897 985 vanitatem,
930 932 1210 992 portamus
1248 930 1425 973 tamen
1471 918 1760 987 imaginem
1791 916 2012 969 Creato-

431 1017 526 1078 ris,
555 1029 695 1084 (ωειλ,
727 1013 826 1066 etsi
855 1011 1134 1066 obscurari
1172 1018 1368 1079 potest,
1394 1007 1581 1075 nequit
1609 1015 1790 1058 tamen
1818 1004 2007 1057 deleri.

434 1106 700 1162 Universa
724 1104 937 1158 vanitas
959 1103 1135 1157 omnis
1160 1103 1321 1155 homo
1344 1101 1532 1153 vivens
1560 1097 1731 1166 (Psol.
1757 1095 2011 1165 xxxviii),

434 1198 511 1251 ait
540 1195 774 1264 justus,
835 1195 931 1249 sed
997 1202 1054 1248 et
1117 1195 1169 1245 in
1214 1191 1450 1261 imagine
1515 1189 1808 1257 pertransit
1850 1188 2013 1241 homo

430 1288 783 1358 Assignemus
815 1300 944 1356 ergo
986 1300 1077 1338 sex
1112 1282 1225 1337 alas
1264 1282 1492 1346 homini,
1522 1291 1576 1335 et
1616 1280 1660 1335 si
1709 1297 1813 1335 non
1855 1280 2015 1345 tales,

434 1379 837 1447 qualescunque
868 1386 1070 1431 tamen.
1096 1375 1281 1430 Prima
1309 1375 1544 1429 hominis
1577 1375 1656 1429 ala
1690 1374 2011 1428 revertentis

432 1470 501 1524 ad
531 1469 697 1524 Deum
726 1469 1033 1523 amaritudo
1060 1468 1240 1523 cordis
1267 1475 1371 1522 est.
1396 1466 1452 1520 In
1480 1466 1663 1521 amitis
1691 1464 2014 1520 offendimus

433 1571 625 1614 omnes
671 1560 812 1631 (Jac.
848 1561 953 1630 ιιι),
987 1566 1042 1614 et
1088 1575 1195 1613 non
1244 1568 1328 1613 est
1366 1573 1623 1613 numerus
1656 1557 2012 1611 offensionum

433 1661 762 1706 nostrarum.
789 1649 895 1707 Sed
919 1666 1064 1716 cum,
1095 1652 1384 1706 accedente
1403 1660 1457 1704 et
1484 1649 1813 1705 accendente
1838 1648 2017 1717 gratia

433 1742 529 1797 Dei
562 1757 667 1798 cor‘
689 1752 957 1809 nostrum,
999 1744 1362 1812 recogitamns
1389 1758 1577 1797 omnes
1602 1757 1773 1796 annos
1802 1750 2018 1795 nostros
2050 1737 2093 1793 Β

435 1840 488 1895 in
521 1837 883 1893 amaritudine
922 1839 1117 1893 animae
1146 1845 1364 1904 nostrae,
1401 1840 1743 1892 obscuratam
1777 1836 2015 1891 declara-

434 1919 557 1985 mus
589 1928 904 1995 imaginem,
932 1938 987 1982 et
1024 1929 1077 1983 in
1119 1937 1363 1983 nostrum
1399 1927 1721 1998 principium
1756 1929 2017 1980 reforma~

434 2032 577 2073 mur.
624 2016 727 2071 Sed
767 2019 891 2086 quia
947 2037 964 2068 ‹
994 2018 1155 2072 corde
1198 2017 1438 2072 creditur
1477 2016 1544 2070 ad
1584 2016 1878 2086 justitiam,
1923 2016 2037 2070 ore

436 2116 617 2161 autem
641 2106 914 2162 confessio
943 2108 1003 2161 fit
1034 2108 1100 2163 ad
1140 2107 1370 2162 salutem
1400 2107 1578 2177 (Rom.
1598 2108 1688 2181 qv).
1726 2127 1743 2159 ι
1773 2107 2020 2176 sequitur

437 2200 671 2253 secanda
700 2215 897 2269 penna,
936 2200 1205 2254 cenfessio
1232 2198 1484 2254 videlicet
1506 2200 1636 2253 oris.
1672 2199 1810 2253 Ante
1838 2200 2023 2255 omnia

437 2292 732 2356 confessio,
768 2295 894 2347 dicit
942 2295 1244 2363 Scriptura,
1279 2294 1522 2362 nihilque
1564 2294 1672 2349 Deo
1694 2296 1902 2366 gratius
1938 2303 2020 2350 est

439 2390 600 2454 quam
633 2387 877 2442 confiteri
923 2398 977 2442 et
1009 2402 1263 2442 accusare
1310 2388 1450 2456 quod
1494 2387 1687 2443 fecisti.
1733 2389 1890 2442 Plena
1938 2396 2021 2443 est

440 2477 619 2531 omnis
649 2476 926 2548 Scriptura
960 2494 1112 2554 sacra
1144 2484 1306 2532 tanta:
1338 2477 1552 2533 virtutis
1578 2479 1905 2544 testimonio,
1934 2478 2018 2532 cui

438 2577 549 2623 tam
576 2567 787 2624 Veteris
817 2570 1150 2633 Testamenti
1191 2586 1353 2640 quam
1401 2568 1536 2625 Novi
1570 2581 1679 2626 tota
1723 2572 1890 2626 servit
1927 2587 2022 2625 au-

437 2659 693 2725 ctoritas;
725 2661 840 2715 istre
868 2661 1133 2730 siquidem
1158 2663 1276 2717 duae
1303 2663 1533 2717 virtutes
1563 2672 1708 2726 sunt,
1738 2675 1860 2733 qua:
1888 2662 2021 2716 mul-

441 2738 695 2825 ti‘plicem'
733 2752 1007 2807 cumulum
1060 2754 1324 2807 scelermn
1378 2764 1683 2808 nostrorum
1743 2764 1868 2810 ante
1928 2754 2021 2809 Dei

439 2842 628 2897 oculos
655 2841 1010 2898 abscomlunt.
1048 2843 1125 2898 De
1168 2844 1254 2899 his
1289 2844 1526 2899 dicitur:
1563 2864 1581 2895 ι
1613 2845 1740 2901 Duce
1773 2846 2026 2916 tegebant

441 2950 628 2989 eorum
643 2951 889 3006 corpora.
908 2957 925 2988 ‹
946 2936 1121 3002 Beati,
1143 2957 1159 2990 ι
1180 2938 1343 2995 enini,
1366 2958 1382 2983 ο
1399 2953 1626 3005 quorum
1644 2938 2024 2993 remissmsunt

445 3022 781 3093 iniquitates,
832 3035 887 3080 et
921 3041 1146 3096 quorum
1193 3034 1334 3079 tecta
1380 3035 1505 3080 sunt
1537 3036 1779 3096 peccata.
1826 3027 2024 3081 Beatus

444 3114 546 3179 vir,
596 3115 682 3171 cui
731 3130 836 3169 non
891 3116 1173 3185 imputavit
1219 3118 1480 3172 Dominus
1521 3129 1797 3186 peccatum
1849 3089 2097 3191 (hanc

445 3205 620 3272 xxxi).
655 3224 673 3256 ι
702 3203 1014 3275 Imputavit,
1043 3207 1203 3273 dixit,
1231 3224 1334 3264 non
1360 3207 1506 3263 fecit.
1535 3209 1635 3275 Qui
1660 3211 1802 3262 enim
1832 3225 2023 3278 pecca-

444 3308 557 3349 tum
582 3313 684 3350 non
720 3296 865 3362 fecit,
904 3313 1007 3352 non
1040 3308 1143 3363 est,
1176 3299 1278 3354 nisi
1316 3316 1476 3363 unus,
1505 3310 1559 3355 et
1590 3301 1675 3353 hic.
1707 3300 1876 3355 Filius
1907 3300 2023 3357 Dei.

445 3389 617 3446 Omne
662 3400 837 3445 autem
867 3393 1010 3462 quod
1057 3394 1169 3462 ipse
1216 3393 1370 3448 nobis
1412 3410 1529 3457 non,
1562 3393 1732 3465 279
1760 3394 2029 3463 imputare

446 3483 767 3549 decreverit,
806 3484 883 3538 sic
913 3495 1015 3549 est,
1048 3485 1200 3556 quasi
1235 3502 1339 3541 non
1389 3485 1571 3540 fuerit.
1604 3484 1785 3541 Tertia
1814 3486 1896 3539 ala
1918 3526 1921 3531 ν
1945 3481 2058 3540 ειδιΔ

444 3590 588 3655 spes.
638 3575 763 3631 Ilaec
808 3585 910 3641 est,
941 3594 1061 3648 qua:
1106 3578 1325 3648 fragiles
1373 3580 1584 3634 animos
1628 3579 1787 3649 erigit
1834 3578 1899 3633 ad
1939 3595 2030 3634 su-

445 3682 634 3735 perna,
661 3684 780 3739 quae
806 3670 1018 3724 tatdinm
1049 3671 1471 3740 exspectationis
1500 3670 1718 3742 Ievigat,
1750 3687 1870 3740 qure
1894 3686 2031 3739 pra:-

445 3756 611 3810 sumit
655 3758 720 3812 (le
752 3757 1124 3813 misericordia
1151 3758 1371 3828 judicis,
1418 3769 1471 3815 et
1506 3762 1555 3814 in
1589 3761 1784 3814 divinae
1814 3758 2031 3829 pietatis

443 3844 766 3912 obversatur
813 3851 1032 3921 palatio.
1067 3850 1269 3919 Quarta
1306 3860 1389 3906 est
1436 3854 1614 3906 timor.
1667 3851 1772 3906 Iste
1803 3860 1904 3914 est,
1937 3850 2029 3920 qui

447 3944 690 4001 succurit
716 3959 969 3998 corneam
995 3953 1202 3998 vestem
1235 3955 1476 3999 nostram
1504 3959 1625 3998 ossa
1654 3953 1949 4014 penetrans
1979 3951 2033 3996 et

450 4034 580 4108 ipsis
626 4049 682 4088 se
728 4034 1015 4088 infundens
1054 4034 1320 4090 medullis.
1362 4034 1507 4091 Offer
1544 4036 1818 4105 paululmn
1860 4035 2033 4088 oculis

449 4125 630 4179 cor'lis
664 4124 950 4193 imaginem
981 4123 1220 4190 Domini,
1253 4136 1307 4179 et
1346 4125 1488 4179 illius
1522 4125 1751 4189 Domini,
1783 4125 1871 4193 qui
1906 4124 2033 4178 fecit

451 4215 648 4271 ratium
699 4224 753 4269 et
798 4224 1019 4280 terram,
1049 4217 1140 4285 qui
1180 4225 1499 4286 potestatem
1551 4219 1715 4270 habet
1760 4232 1955 4284 corpus
1981 4226 2035 4270 et

454 4294 690 4359 animum
724 4305 939 4359 mittere
974 4306 1025 4358 in
1059 4307 1360 4374 gehennam
1391 4305 1605 4375 (Matth.
1641 4308 1728 4375 x);
1760 4306 1913 4373 Cujus
1942 4324 2035 4375 pa-

2028 474 2033 487 ι
2122 473 2138 505 ι
2171 455 2366 510 Discite
2403 471 2433 508 a
2476 470 2578 517 tne,
2613 454 2804 523 inquit,
2854 455 2980 523 quia
3026 455 3174 508 mitis
3218 469 3335 507 sum
3385 463 3442 508 et
3472 453 3699 508 hnmiiis

2110 545 2272 603 corde
2318 546 2531 618 (Matth.
2583 545 2680 615 χι).
2717 565 2735 597 ι
2787 544 2953 599 Sexta
2995 554 3079 599 cst
3124 544 3380 599 charitas.
3433 543 3564 598 Haec
3612 555 3696 597 εει

2110 638 2437 708 principium
2477 646 2531 691 ct
2578 636 2722 702 finis,
2773 636 3037 691 bonorum
3087 635 3345 698 clausula,
3396 634 3699 704 singularis

2111 735 2217 788 filia
2259 734 2454 788 Summi
2483 732 2665 803 Regis.
2697 729 3039 801 Superfluum
3070 742 3154 785 est
3195 746 3311 785 eam
3337 730 3525 785 verbis
3566 745 3701 799 pro-

2112 826 2395 879 lixioribus
2425 824 2827 887 commendare,
2856 822 2941 876 cui
2974 822 3162 876 alludit
3191 830 3301 875 tam
3347 820 3690 875 szeeularium

2111 932 2271 985 quam
2316 916 2618 970 divinarum
2662 908 2965 968 litterarum
3009 924 3119 968 tota
3166 915 3436 968 facundia.
3485 913 3565 967 De
3613 913 3713 966 his

2112 1007 2310 1060 dicitur
2337 1024 2358 1058 τ
2400 1026 2418 1057 ‹
2455 1006 2672 1060 Duabus
2714 1005 2815 1059 alis
2856 1005 3129 1059 volabant.
3162 1025 3179 1054 ι
3214 1002 3311 1058 IIis
3337 1004 3574 1073 geminis
3601 1002 3703 1057 alis

2112 1098 2188 1152 illi
2226 1098 2443 1167 pennati
2474 1094 2691 1150 evolant
2727 1096 2792 1148 ad
2825 1109 3081 1164 superna,
3111 1094 3177 1149 de
3218 1094 3414 1163 quibus
3447 1092 3653 1147 dicitur
3680 1112 3693 1145 :

2119 1209 2136 1239 ι
2188 1184 2409 1240 Frustra
2462 1184 2665 1252 iacitur
2724 1195 2840 1239 rete
2907 1196 3034 1239 ante
3080 1183 3279 1265 .ocnlos
3335 1192 3698 1253 pennatorum

2115 1277 2297 1348 (Prov.
2338 1276 2399 1348 ι).
2431 1296 2447 1327 ι
2484 1275 2636 1343 Quod
2676 1276 2719 1329 si
2769 1276 2885 1330 istis
2923 1262 3304 1337 volaverimus,
3342 1287 3445 1328 nec
3485 1262 3725 1327 defece-4

2116 1370 2306 1432 rimus,
2335 1369 2660 1438 quandoque
2700 1368 2865 1422 etiam
2906 1368 3099 1437 pennis
3127 1367 3440 1435 angelorum
3488 1364 3703 1419 volabi-

2118 1476 2235 1515 mus
2263 1471 2317 1515 et
2347 1460 2645 1515 videbimus
2676 1459 2823 1513 illum
2859 1459 2911 1512 in
2942 1458 3137 1513 decore
3170 1473 3288 1521 suo,
3319 1458 3411 1526 qui
3438 1465 3525 1511 est
3558 1454 3727 1510 Deus;

2115 1553 2431 1608 benedictus
2458 1553 2512 1606 in
2549 1551 2742 1606 saecula
2768 1550 3110 1606 saeculorum.
3141 1552 3334 1605 Amen.

2708 1683 3104 1745 OCTOBER.

2126 1782 2357 1843 XVIII.
2441 1784 2652 1844 Sermo
2689 1782 2762 1844 de
2796 1782 2860 1844 S.
2906 1783 3076 1842 Luca
3108 1780 3536 1859 Evangelista.

2119 1883 2416 1943 XXVIII.
2440 1884 2651 1943 Sermo
2682 1880 2754 1941 de
2779 1881 2847 1942 S.
2882 1880 3096 1941 Fidele
3126 1889 3421 1958 martyre.

2706 1996 2940 2057 SERMO
2979 1999 3113 2054 ΜΠ.

2298 2112 2365 2150 οε
2396 2114 2440 2150 s.
2476 2113 2607 2150 LUCA
2650 2109 3037 2149 svmcsusn.
3082 2092 3272 2162 (xxvnt
3301 2108 3498 2147 ocrea.

2192 2210 2324 2277 Quia
2353 2225 2447 2279 per
2476 2207 2845 2278 Evangelium,
2877 2205 3238 2268 dilectissimi,
3269 2206 3333 2258 de
3366 2204 3612 2260 tenebris
3641 2205 3723 2286 ιιι(

2123 2303 2293 2357 lucem
2330 2302 2584 2357 reduetus
2610 2311 2693 2357 est
2730 2302 2982 2366 mundus,
3014 2301 3206 2355 merito
3239 2284 3725 2378 evangelistarutm

2122 2393 2347 2462 gloriam
2380 2393 2619 2446 celebrat
2649 2391 2876 2462 populus
2898 2391 3257 2449 Christianus.
3290 2391 3398 2445 Sed
3426 2391 3577 2445 inter
3608 2405 3711 2445 cm-

2126 2493 2269 2538 teros
2297 2481 2357 2538 Β.
2394 2482 2591 2547 Lucas,
2620 2483 2706 2537 cui
2731 2496 2967 2552 praesens
3003 2480 3362 2535 famulaturus
3391 2491 3477 2535 est
3503 2496 3727 2546 sermo,

2124 2575 2248 2629 dum
2275 2575 2488 2647 gemina
2518 2574 2636 2645 styli
2666 2562 2899 2644 species,
2928 2582 2982 2629 et
3011 2574 3465 2649 evangelicanret
3497 2582 3723 2644 aposto—

2123 2666 2282 2721 licam
2315 2668 2551 2721 contexit
2585 2666 2889 2730 historiam,
2943 2675 3198 2737 tanquam
3247 2664 3481 2720 diversis
3518 2681 3719 2735 agrunr

2124 2759 2379 2814 Ecelesize
2410 2757 2655 2830 frugibus
2683 2759 2843 2817 ditat,
2874 2759 3015 2811 unde
3042 2757 3291 2811 videlicet
3323 2756 3556 2828 p0pulus
3587 2773 3713 2811 esu-

2125 2852 2270 2905 riens
2311 2850 2477 2914 vivat,
2525 2849 2662 2902 unde
2693 2865 2822 2920 grex
2856 2848 3057 2903 Christi
3102 2848 3329 2902 virentia
3376 2848 3571 2902 salutis
3618 2849 3717 2903 ali-

2126 2954 2302 2996 menta
2335 2941 2613 3011 decerpat.
2657 2940 2749 2995 liae
2781 2940 2938 3010 plane
2971 2949 3096 2995 sunt
3130 2939 3297 3010 280
3326 2939 3535 3010 fruges,
3580 2957 3727 3009 quas

2127 3031 2326 3101 Josrpli
2362 3031 2617 3085 fratribus
2647 3030 2875 3084 contulit
2919 3028 3076 3102 (Cen.
3106 3032 3273 3099 XLII);
3321 3029 3433 3083 haec
3456 3030 3715 3096 pecunia,

2132 3138 2292 3192 quam
2321 3122 2370 3174 in
2394 3136 2488 3176 ore
2513 3121 2653 3174 sacci
2685 3120 2938 3189 praecepit
2969 3120 3167 3188 imponi
3199 3117 3352 3188 (Gen.
3382 3120 3553 3187 κων).
3588 3117 3713 3175 Haec

2130 3215 2355 3285 pecunia
2410 3229 2554 3268 nunc
2611 3208 2661 3267 in
2701 3210 2961 3267 Ecclesia:
3013 3227 3197 3265 mensa
3253 3212 3610 3281 proponitur,
3661 3220 3717 3262 ut

2132 3322 2295 3361 usura
2339 3304 2680 3375 postmodum
2711 3320 2740 3357 a
2773 3303 3199 3373 negotiatoribus
3226 3302 3565 3371 requiratur.
3610 3300 3716 3355 Sed

2130 3404 2187 3451 et
2224 3395 2504 3466 Beniamin
2547 3396 2654 3450 hoc
2699 3396 2861 3450 etiam
2901 3411 3011 3465 prae
3047 3394 3261 3462 caeteris
3289 3394 3530 3459 additur,
3565 3404 3625 3447 ut
3664 3395 3717 3447 in

2131 3488 2288 3544 Sttt‘CO
2333 3487 2447 3557 ejus
2491 3489 2655 3542 etiam
2705 3490 2939 3559 scyphus
2973 3503 3095 3541 cum
3143 3488 3375 3557 pecunia
3422 3496 3729 3555 reponatur

2133 3578 2284 3649 (Cen.
2314 3580 2480 3647 xuv).
2513 3580 2682 3646 Quem
2727 3581 2872 3633 cnim
2909 3576 3109 3646 Ioseph
3142 3593 3239 3647 per
3276 3578 3600 3647 mysterium
3629 3578 3717 3631 in-

2106 3665 2298 3736 dicat,
2338 3670 2442 3726 nisi
2490 3670 2906 3740 Redemptorem
2954 3679 3221 3734 nostrum,
3266 3683 3429 3739 quem
3470 3683 3570 3722 suo
3604 3667 3717 3735 jam

2135 3774 2261 3818 tunc
2292 3761 2376 3815 ille
2402 3763 2659 3832 mysterio
2683 3761 3094 3831 praeﬁgurabat?
3115 3763 3206 3815 Ait
3225 3761 3370 3816 enim
3398 3759 3680 3831 Scriptura
3698 3774 3725 3814 τ

2138 3873 2156 3906 ι
2189 3853 2322 3921 Quia
2356 3857 2513 3906 vertit
2560 3870 2754 3906 nomen
2804 3852 2945 3906 illius
2977 3852 3209 3917 Pharao,
3249 3862 3304 3907 et
3350 3854 3568 3905 vocavit
3597 3866 3715 3904 eum

2134 3944 2313 4013 lingua
2356 3926 2673 4013 .Egyptiaca
2723 3942 3061 3996 Salvatorcm
3098 3941 3279 3995 mundi
3327 3938 3486 4013 (Gen.
3525 3940 3709 4009 114).!

2134 4035 2271 4101 Quid
2319 4050 2413 4104 per
2461 4034 2675 4096 fratres,
2715 4032 2817 4087 nisi
2850 4034 3021 4086 sancti
3067 4032 3418 4101 designantur
3452 4031 3729 4102 apostoli?

2136 4123 2273 4190 Quid
2302 4139 2398 4194 per
2428 4122 2729 4190 Benjamin,
2765 4124 2867 4177 nisi
2908 4121 3128 4188 Paulus,
3165 4123 3257 4191 qui
3295 4123 3361 4177 de
3395 4122 3542 4176 tribu
3580 4121 3717 4177 Ben-

2129 4218 2300 4289 jatnin
2328 4217 2590 4285 originem
2623 4216 2811 4270 duxit?

2206 4306 2404 4360 Omnes
2452 4322 2581 4376 ergo
2632 4306 2832 4361 fratres
2883 4306 3068 4376 fruges
3117 4304 3528 4378 praedicationis
3576 4305 3719 4360 accis

445 4396 700 4450 tientiam
742 4397 1068 4467 provocasti,
1121 4397 1491 4450 thesaurizans
1528 4397 1620 4450 tibi
1667 4401 1804 4450 iram
1852 4398 1902 4450 in
1948 4399 2033 4451 die
2066 4440 2110 4497 Β
2137 4400 2313 4470 piunt,
2360 4414 2479 4469 quae
2519 4413 2701 4452 serere
2743 4414 2837 4468 per
2867 4400 3122 4451 mundum
3167 4397 3426 4461 debeant,
3461 4405 3519 4450 et
3556 4411 3721 4465 pecu,

456 4490 550 4545 ira:
572 4500 623 4544 et
655 4488 1000 4543 revelationis
1022 4487 1153 4556 justi
1180 4487 1368 4557 judicii
1406 4489 1495 4541 Dei
1525 4487 1695 4558 (Rom.
1730 4488 1792 4558 ι).

525 4579 659 4634 Cum
690 4580 803 4633 hazc
846 4578 1041 4632 intuitur
1091 4578 1416 4649 diligentiori
1462 4578 1825 4650 prospexeris,
1872 4579 2034 4632 timor

453 4680 510 4725 et
539 4680 744 4723 tremor
769 4670 982 4724 venient
1014 4686 1176 4739 super
1220 4680 1292 4734 te,
1327 4680 1381 4724 et
1411 4669 1642 4724 formido
1675 4671 1865 4724 mortis
1894 4670 2033 4724 iule-

456 4761 655 4814 riorem
707 4760 976 4815 hominem
1033 4761 1260 4817 validius
1312 4763 1631 4817 intervertct
1680 4759 1852 4832 (Psal.
1898 4762 2030 4832 Liv).

454 4850 591 4917 Quia
626 4850 786 4920 igitur
815 4866 939 4921 spes
986 4853 1210 4906 multum
1248 4853 1521 4922 praesumit
1565 4861 1617 4906 et
1651 4853 1812 4906 timor
1842 4851 2033 4906 diffidit

458 4942 637 5000 nimis.
687 4952 975 5000 utrunntue
1019 4946 1244 5000 iungere
1272 4961 1377 4999 non
1425 4945 1674 5000 moreris.
1707 4955 1765 4998 ut
1809 4945 1858 4998 in
1892 4959 2037 4997 com-

2141 4491 2306 4552 niam,
2338 4504 2498 4557 quam
2530 4490 2595 4541 ad
2625 4504 2803 4541 risura:
2830 4488 3037 4542 lucrum
3067 4487 3120 4543 in
3154 4487 3275 4540 fidei
3303 4501 3494 4541 mensa
3527 4500 3722 4556 prepo-

2140 4588 2290 4633 naut.
2332 4576 2443 4632 Soli
2485 4594 2613 4632 vero
2643 4577 2922 4645 Benjamin
2960 4577 3124 4632 etiam
3170 4578 3408 4648 scyphus
3445 4576 3721 4645 adjicitur,

2140 4682 2197 4725 ut
2222 4688 2316 4741 per
2345 4671 2587 4734 Paulum,
2618 4687 2778 4740 quem
2825 4672 2910 4725 ille
2939 4671 3206 4741 signabat,
3242 4685 3348 4723 non
3385 4668 3723 4725 tabernaculi

2140 4764 2369 4833 cyathus
2389 4763 2660 4833 gentibus,
2690 4763 2781 4815 sed
2805 4761 3040 4831 amplum
3073 4770 3126 4815 et
3165 4760 3411 4830 patulum
3437 4760 3591 4813 verbi
3625 4775 3720 4828 po-

2139 4854 2318 4909 culum
2358 4855 2693 4922 propinetur.
2740 4852 2873 4907 Iliuc
2914 4860 2999 4906 est
3038 4853 3204 4914 enim,
3237 4850 3379 4919 quod
3427 4851 3549 4903 ait:
3606 4868 3623 4899 ‹
3655 4848 3724 4903 Os

2142 4955 2386 4998 nOstrnm
2430 4952 2580 5000 patet
2608 4942 2672 4996 ad
2707 4959 2823 5000 vos.
2850 4959 2884 4997 ο
2927 4942 3221 5000 Corinthii.
3247 4956 3341 4994 cor
3370 4949 3622 4995 nostrum
3652 4939 3721 4991 di-
