3978 5328
284 274 398 330 83⁵1

1655 272 1890 329 8811110
1922 273 2051 329 Llll.

3454 289 3560 345 803

284 369 524 424 ﬂumina
585 368 637 423 in
691 367 864 433 invio,
912 378 972 422 ut
1022 368 1206 422 darem
1250 375 1434 438 potum
1482 366 1679 437 populo
1729 381 1872 427 meo,
1908 372 1955 429 Α
1986 366 2185 431 listam,
2217 368 2354 420 sicut
2388 369 2727 436 promiserat,
2758 369 3012 439 loquitur,
3045 373 3136 427 sed
3166 374 3217 427 in
3255 374 3406 430 Pauli
3437 395 3568 449 apo-

294 463 474 514 electo
498 476 618 514 meo
649 459 781 530 (Isa.
810 466 984 537 XLIII).
1019 478 1036 513 ι
1073 460 1210 527 Quid
1240 460 1383 513 enim
1428 459 1596 513 l'estia
1636 458 1879 527 designat

298 552 442 619 agri,
492 550 593 604 nisi
645 550 999 620 gentilitatem
1054 550 1240 620 utique
1292 546 1518 601 rationis
1562 545 1879 616 expertem?

278 640 435 707 uQuid
482 656 579 708 per
619 641 903 704 dracones,
954 640 1053 692 nisi
1102 640 1390 709 malitiosi?
1434 638 1570 705 Quid
1613 654 1741 692 vero
1784 654 1879 707 per

294 728 656 789 struthiones,
684 730 772 797 qui
821 731 1039 797 pennati
1074 743 1217 791 sunt,
1250 730 1342 783 sed
1371 728 1549 781 volare
1580 737 1874 796 nequeunt,

294 821 399 873 ιιὶει
446 820 739 886 hypocrita:
786 819 1119 888 figurantur?
1166 819 1256 873 lle
1297 836 1425 889 ergo
1473 821 1661 872 bestia:
1709 819 1873 872 Deum

294 908 623 979 glorificant,
658 908 784 961 dum
822 908 1069 963 Christus
1099 911 1281 979 gentili
1326 910 1539 979 populo,
1574 910 1663 979 qui
1695 912 1870 963 deser-

294 1010 383 1052 tus
407 1008 602 1052 eratet
629 999 822 1062 invius,
852 1001 1199 1053 exoherantis
1252 1000 1523 1070 Evangelii
1564 1001 1723 1053 verba
1753 1016 1876 1069 pro-

293 1089 466 1156 pinat.

366 1181 617 1252 Scyphos
651 1182 832 1250 itaque
858 1182 1180 1254 evangelicae
1209 1182 1625 1257 prtetlieationis,
1658 1184 1708 1237 in
1743 1183 1874 1237 Ben-

282 1272 460 1343 jamin
490 1272 649 1325 datus
689 1283 771 1326 est
800 1272 990 1337 Paulo,
1020 1284 1077 1326 ut
1113 1274 1226 1342 ipse
1263 1274 1531 1328 desertum
1559 1274 1875 1345 gentilitatis

290 1372 604 1440 specialiter
629 1370 863 1436 excolat,
894 1382 947 1424 et
986 1372 1288 1426 auiditatem
1319 1371 1435 1439 ejus
1476 1372 1627 1441 largo
1672 1382 1872 1437 sanetae

288 1461 693 1528 praedicationis
726 1464 896 1516 imbre
930 1462 1211 1533 perfundat
1242 1480 1255 1514 :
1287 1463 1359 1515 De
1389 1478 1496 1530 quo
1526 1462 1734 1517 scilicet
1774 1464 1873 1516 im-

289 1549 388 1603 bre
421 1554 682 1619 scriptum
730 1563 850 1605 est:
897 1570 915 1601 ι
947 1552 1047 1617 Qui
1088 1552 1263 1620 operit
1300 1553 1494 1605 etelnm
1539 1552 1785 1609 nubibus,
1817 1561 1871 1605 et

274 1650 447 1707 parat
489 1650 645 1695 terra:
685 1642 921 1711 pluviam
971 1638 1142 1713 (Paul.
1186 1644 1388 1709 chvt).
1422 1662 1438 1692 ι
1475 1640 1627 1697 Unde
1670 1651 1723 1693 et
1758 1642 1868 1710 ipse

1982 457 2105 510 stoli
2143 457 2504 527 disputatione
2534 468 2799 513 versatur.
2837 456 3031 515 Verum
3060 463 3235 534 plane,
3265 483 3362 522 nec
3382 468 3570 538 posSu-

1981 562 2101 601 mus
2163 545 2395 601 diﬂiteri.
2464 546 2569 602 Sed
2624 566 2743 602 eum
2820 550 3009 607 beatus
3080 552 3251 610 Lucas
3328 557 3566 626 ejusdem

1980 635 2206 703 apostoli
2257 639 2562 693 individuus
2614 652 2795 696 co‘nes
2853 645 3119 698 exstiterit
3171 658 3334 717 atque
3390 650 3457 705 ab
3504 666 3571 706 eo

1978 725 2229 779 didicerit
2269 742 2430 782 omne
2469 731 2610 799 quod
2646 732 2881 800 scripsit,
2940 734 3029 787 ubi
3078 735 3393 807 dignitatem
3426 758 3567 810 pra:-

1978 817 2214 884 Ceptoris
2247 820 2618 886 exprimimus,
2646 821 2845 876 alumni
2865 840 3078 894 quoque
3105 831 3429 895 pra‘coninm
3458 848 3565 886 non

1985 915 2249 961 taetrmns.
2284 910 2347 962 lit
2387 912 2622 965 doctoris
2652 912 2768 966 laus
2813 918 3071 971 redundat
3120 919 3171 972 in
3222 920 3564 990 diseipulum,

1976 997 2101 1052 dum
2147 1003 2469 1069 evangelicze
2510 1005 2757 1060 veritatis
2796 1008 3095 1070 historiam.
3122 1028 3282 1082 qnam
3317 1015 3405 1069 ille
3448 1017 3567 1071 livi-

1975 1092 2121 1145 nitns
2179 1094 2389 1158 didicit,
2444 1096 2529 1150 hie
2578 1113 2641 1151 ex
2693 1099 2807 1168 ejus
2854 1116 2948 1155 ore
2996 1104 3299 1174 percipiens
3341 1105 3567 1162 lideliter

1975 1182 2217 1250 apicibus
2240 1185 2500 1240 exaravit.
2531 1186 2755 1253 Quantce.
2787 1205 2915 1258 ergo
2944 1191 3221 1262 dignitatis
3241 1207 3562 1268 quantthue

1974 1273 2043 1325 sit
2075 1274 2409 1328 excellentia:
2440 1277 2500 1329 B.
2546 1276 2742 1340 Lucas,
2772 1280 2821 1333 in
2853 1281 2951 1333 hoc
2982 1282 3185 1351 liquido
3213 1285 3565 1355 deprehendi-

1977 1371 2083 1426 tur,
2136 1356 2267 1433 quia
2313 1382 2433 1420 eum
2484 1366 2697 1424 Marcus
2745 1386 2772 1422 a
2827 1369 2986 1425 beato
3018 1372 3189 1427 Pedro
3219 1377 3463 1445 edoctus,
3510 1385 3566 1432 et

1976 1451 2256 1528 illaulla-ns
2306 1466 2466 1524 atque
2512 1457 2766 1525 Joannes,
2818 1463 2906 1529 qui
2954 1463 3300 1531 Evangelinm
3361 1469 3567 1523 deseri-

1973 1536 2218 1603 bsernut,
2246 1542 2619 1614 Redemptoris
2648 1551 2818 1602 nostri
2837 1561 2984 1621 gesta
3007 1553 3056 1605 in
3084 1563 3225 1608 terra
3255 1547 3563 1626 didicerint,

1978 1632 2077 1686 iste
2120 1634 2291 1698 solus,
2344 1644 2400 1688 ιιι
2444 1635 2514 1690 ita
2553 1638 2762 1708 loquar,
2807 1642 2908 1696 hoc
2951 1643 3295 1714 Evangelium
3324 1650 3565 1704 scribere

210 1718 213 1723 ‘
284 1733 508 1798 panius,
563 1735 654 1805 qui
705 1752 763 1790 se
810 1734 1110 1803 nmmum",
1156 1744 1209 1789 ω
1260 1735 1579 1804 ,ηηὲίδιγηιη
1628 1734 1866 1803 genuum
1904 1715 1943 1772 Β
1975 1724 2191 1787 meruit,
2243 1727 2382 1794 quod
2429 1742 2460 1781 e
2499 1728 2637 1784 caelo
2669 1731 2965 1795 descendit,
3024 1735 3149 1788 dum
3203 1739 3410 1793 scilicet
3459 1741 3560 1797 hoc

283 1840 408 1880 esse
452 1834 680 1879 testatur
732 1823 815 1895 (ll
862 1824 994 1878 Tim.
1039 1826 1109 1893 ι),
1162 1826 1237 1876 ait
1274 1825 1340 1876 ad
1382 1823 1643 1876 Galatas:
1681 1842 1699 1872 ι
1734 1821 1867 1877 Cum

282 1917 548 1971 vidissent
572 1918 714 1986 quod
760 1918 1024 1979 creditum
1056 1926 1139 1970 est
1170 1917 1298 1971 mihi
1344 1913 1690 1985 Evangeiium
1732 1931 1870 1984 prm-

206 2068 215 2069 i
274 1990 441 2081 potii,
473 2009 611 2061 sicut
642 2019 693 2083 et
723 2008 883 2062 Petro
923 2009 1372 2063 circumcisionis.
1414 2008 1513 2075 Qui
1545 2008 1688 2060 enim
1736 2021 1867 2076 ope-

282 2109 437 2153 ratus
462 2110 545 2154 est
576 2100 735 2154 Petro
768 2102 819 2152 in
861 2099 1219 2169 apostolalum
1266 2098 1717 2159 circnmcisionis,
1748 2114 1869 2167 ope-

270 2200 439 2261 a'atus
466 2202 549 2246 est
589 2200 642 2245 et
670 2192 796 2245 mihi
830 2192 974 2244 inter
997 2200 1184 2259 gentes
1206 2186 1350 2260 (Cal.
1379 2191 1459 2260 ιι).
1493 2210 1509 2240 ι
1548 2189 1645 2245 Ubi
1679 2199 1868 2245 notan-

285 2282 420 2335 dtttn
449 2292 655 2351 quanta
700 2283 839 2336 beati
876 2281 1025 2336 Pauli
1061 2283 1313 2353 dignitas,
1344 2291 1544 2352 quanta
1577 2282 1645 2335 sit
1674 2282 1862 2352 gloria.

279 2373 549 2447 Nmirnm
588 2375 678 2443 qui
716 2373 929 2428 beatum
963 2372 1205 2439 Petrum,
1238 2384 1293 2429 et
1337 2383 1564 2428 caeteros
1594 2371 1865 2442 apostolos

268 2466 460 2531 adhuc
504 2467 775 2535 passibilis
810 2482 873 2521 ac
932 2467 1177 2521 mortalis
1217 2467 1452 2531 edocuit,
1486 2467 1599 2535 ipse
1638 2465 1863 2520 Paulum

269 2556 385 2625 jam
413 2557 746 2627 glorificatus
766 2567 820 2612 et
858 2573 1019 2628 super
1043 2559 1262 2630 angelos
1287 2558 1558 2613 exaltatus
1585 2559 1860 2612 instruxit.

350 2645 608 2717 Magister
638 2647 1007 2717 apostolorum
1052 2649 1258 2703 exstitit
1290 2648 1558 2714 Christus,
1605 2664 1726 2702 eum
1768 2650 1864 2703 bo-

268 2736 487 2790 minnm
520 2737 826 2806 sub‘jaeeret
872 2734 1114 2805 injuriis;
1148 2737 1371 2792 Paulum
1402 2739 1596 2793 docere
1638 2752 1743 2792 non
1776 2738 1864 2792 de-

275 2826 530 2897 dignatus
552 2836 656 2890 est,
680 2843 803 2881 cum
823 2825 934 2895 jam
962 2828 1223 2880 virtutum
1245 2826 1545 2881 caelestium
1573 2827 1863 2884 vallarctur

266 2918 573 2987 obsequiis.
615 2917 748 2973 Cum
777 2918 897 2972 aliis
926 2915 1153 2989 degebat
1184 2919 1459 2988 apostolis,
1494 2919 1619 2972 dum
1664 2929 1861 2974 nostrze

275 3024 384 3061 mox
402 3008 627 3062 talitatis
670 3008 845 3064 adhuc
894 3008 1104 3062 infirma
1145 3007 1435 3078 perferret;
1483 3008 1707 3064 Paulum
1754 3011 1854 3065 sibi

1974 1813 2210 1885 Spiritus
2236 1827 2454 1871 sanctus
2486 1819 2648 1872 Paulo
2682 1823 2897 1877 cmlitus
2931 1826 3207 1891 revelavit,
3237 1840 3286 1897 et
3319 1840 3566 1898 postmo-

1970 1906 2096 1959 dum
2168 1922 2264 1976 per
2298 1910 2545 1963 eumdem
2615 1910 2857 1978 Paulum,
2931 1917 3084 1984 quasi
3145 1933 3240 1987 per
3299 1935 3562 1990 organum

1969 2012 2147 2062 suum,
2194 1997 2253 2051 Β.
2307 1998 2463 2054 Luca:
2509 2001 2760 2058 Christus
2808 2005 3058 2061 innotuit.
3119 2007 3254 2064 llinc
3297 2022 3382 2065 est
3417 2011 3561 2082 quod

1971 2085 2083 2154 ipse
2111 2086 2307 2141 Paulus
2333 2089 2455 2142 ait:
2505 2108 2523 2140 ι
2571 2090 2649 2144 Ad
2687 2096 3117 2163 experimentum
3142 2100 3384 2167 quzeritis
3419 2099 3557 2170 ejus,

1968 2174 2059 2245 qui
2099 2178 2149 2230 in
2178 2194 2262 2233 me
2288 2179 2523 2249 loquitur
2542 2182 2789 2237 Chrisns
2814 2183 2898 2254 (II
2928 2187 3049 2239 Cor.
3077 2192 3216 2257 xm).
3252 2210 3270 2242 ι

2040 2266 2113 2321 De
2134 2269 2271 2322 coelo
2292 2285 2421 2339 ergo
2443 2268 2691 2326 Christus
2714 2273 2765 2327 in
2790 2270 3012 2328 Paulum
3037 2288 3312 2347 gestorum
3336 2295 3557 2335 suorum

1967 2369 2305 2411 sacramenta
2330 2361 2585 2428 profudit,
2604 2364 2902 2433 eademque
2916 2380 3012 2433 per
3036 2366 3253 2419 ranlnm
3269 2368 3321 2421 in
3338 2369 3556 2438 Lucam,

1965 2445 2111 2498 velut
2138 2462 2301 2501 aurea
2326 2448 2500 2501 fistula
2523 2451 2813 2517 mediante,
2833 2454 3139 2515 transfodit.
3162 2466 3218 2508 ut
3248 2457 3372 2512 huic
3400 2458 3559 2514 beato

1964 2535 2084 2589 viro
2131 2550 2236 2589 non
2285 2537 2554 2592 immerito
2606 2555 2904 2610 congruere
2956 2541 3219 2608 videatur,
3275 2536 3563 2616 quod‘per

1962 2622 2158 2677 Isaiam
2183 2626 2413 2680 dicitur:
2446 2645 2463 2674 ο
2494 2627 2709 2683 Primus
2732 2631 2797 2683 ad
2822 2629 2953 2684 Sion
2980 2631 3143 2686 dicit:
3172 2634 3310 2688 Ecce
3332 2637 3558 2703 adsum;

1965 2723 2020 2767 et
2068 2710 2410 2770 Hierusalem
2477 2718 2861 2789 evangelistam
2912 2720 3052 2776 dabo
3114 2724 3269 2791 (lsa.
3318 2727 3461 2795 xu).
3536 2745 3556 2778 ι

1964 2802 2195 2873 Ideoque
2250 2820 2357 2859 non
2400 2822 2554 2875 casu,
2590 2810 2683 2863 sed
2739 2808 2973 2879 Spiritus
3018 2816 3191 2869 sancti
3247 2817 3562 2888 magisterio

1959 2891 2164 2948 factum
2212 2896 2313 2959 est,
2338 2906 2397 2951 ιιι
2438 2898 2631 2953 beatus
2672 2899 2975 2967 Matthaeus,
3024 2905 3173 2973 quia
3204 2920 3562 2966 eonversante

1958 2982 2020 3037 in
2066 2994 2209 3039 terra
2263 2987 2491 3042 Domino
2546 2989 2893 3061 Evangelium
2945 2994 3154 3062 didicit,
3204 3001 3560 3071 quadraginta

274 3099 602 3154 familiarem
657 3100 800 3162 fecit,
848 3102 1227 3166 eum,calcato
1267 3118 1330 3155 ac
1378 3112 1628 3171 potenter
1671 3060 2345 3171 eversae;generationes
2408 3082 2779 3171 em""_em"d°
2829 3081 3125 3138 άθδθθηδθί
3186 3085 3401 3155 mou"-
3462 3089 3549 3157 lli

266 3191 470 3243 mortis
498 3190 744 3257 imperio,
775 3199 1013 3260 paternae
1034 3191 1331 3259 majestatis
1359 3190 1495 3245 solio
1521 3190 1857 3260 prmsideret.

266 3278 412 3332 'lliuc
461 3289 543 3332 est
584 3282 725 3351 quod
772 3279 888 3333 ait:
944 3302 962 3330 ε
993 3278 1187 3333 Notum
1235 3281 1389 3334 vobis
1432 3279 1593 3344 facio,
1638 3280 1856 3347 fratres,

261 3368 435 3437 ,281
469 3367 839 3437 Evangelium,
889 3369 1032 3439 quod
1073 3370 1498 3440 erargelizatum
1548 3378 1632 3424 est
1676 3386 1704 3423 a
1751 3386 1856 3432 me,

272 3459 401 3526 quia
431 3475 536 3511 non
569 3467 651 3511 est
684 3460 982 3514 secundum
1025 3460 1318 3519 hominem,
1367 3475 1540 3531 neque
1585 3460 1727 3515 enim
1759 3476 1859 3532 ego

272 3548 341 3602 ab
374 3547 594 3601 homine
622 3550 801 3619 accepi
837 3549 989 3612 illud,
1019 3567 1192 3620 neque
1220 3551 1407 3615 didici,
1450 3551 1545 3605 sed
1586 3565 1681 3622 per
1707 3566 1860 3606 reve-

266 3630 532 3692 lationem
562 3636 689 3693 Jesn
717 3636 915 3693 Christi
954 3638 1098 3709 (Gal.
1126 3639 1188 3710 ι).
1223 3659 1241 3690 ι
1277 3639 1504 3709 Ideoque
1528 3636 1655 3694 licet
1683 3640 1855 3694 sancti

273 3729 506 3799 apostoli
562 3744 659 3798 per
700 3731 1010 3801 corporales
1053 3731 1276 3786 obtutus
1315 3741 1505 3786 cuncta
1560 3731 1858 3786 Salvatoris

183 3863 199 3876 .
270 3820 446 3872 nostri
475 3828 624 3889 gesta
649 3820 1045 3889 perspexerint,
1078 3821 1128 3874 in
1160 3820 1304 3875 nulla
1337 3831 1513 3874 tamen
1543 3820 1684 3875 beati
1706 3821 1853 3875 Pauli

270 3928 604 3984 prawessere
652 3913 917 3976 notitiam,
947 3914 1070 3966 dum
1104 3913 1245 3967 idem
1278 3914 1421 3967 hunc
1463 3913 1530 3967 de
1573 3914 1710 3968 coelo
1740 3930 1857 3969 ma-

270 4006 442 4074 gister
470 4004 729 4058 instruxit
756 4004 846 4073 qui
876 4012 1001 4058 ante
1038 4019 1159 4058 cum
1196 4002 1299 4058 illis
1337 4004 1390 4057 in
1429 4015 1569 4059 terra
1609 4018 1857 4073 corpora-

272 4098 395 4152 liter
424 4096 711 4151 habitavit.
744 4096 896 4151 Unde
923 4106 1005 4149 est
1047 4097 1189 4164 quod
1216 4096 1283 4149 ad
1312 4094 1621 4150 Corinthios
1651 4110 1747 4164 per
1778 4094 1856 4147 in-

272 4186 698 4256 tet-rogationem
729 4187 862 4241 dicit
888 4203 900 4240 :
957 4205 977 4236 ί
1013 4183 1148 4239 Num
1180 4199 1296 4239 sum
1330 4185 1638 4254 apostolus?
1666 4183 1855 4241 Nonne

267 4278 455 4332 Jesum
484 4277 771 4330 Dominum
818 4285 1062 4330 nostrum
1113 4275 1255 4329 vidi?
1284 4274 1635 4346 Nonue'opus
1675 4288 1851 4328 meum

260 4346 367 4422 vos
412 4368 548 4421 estis
580 4365 632 4420 in
659 4365 922 4420 Domino?
946 4364 998 4436 (Ι
1030 4363 1152 4419 Cor.
1178 4362 1321 4436 VIII.)
1354 4385 1371 4416 ι
1409 4364 1518 4419 Deo
1552 4365 1734 4434 itaque
1773 4379 1854 4418 re-

269 4459 506 4522 velante,
534 4458 600 4510 ad
645 4450 1119 4526 tantam'pervenit
1165 4457 1404 4512 scientiae
1439 4457 1849 4527 plenitudinem,

252 4558 436 4621 atque
462 4549 533 4602 ita
563 4549 854 4617 perductus
880 4556 964 4601 est
988 4548 1040 4602 in
1070 4562 1282 4603 omnem
1311 4548 1636 4617 evangelicae
1660 4548 1854 4618 regulae

266 4640 559 4696 veritatem
588 4645 664 4701 nt,
700 4652 820 4691 eum
856 4653 1046 4692 omnes
1079 4645 1446 4707 superessent,
1480 4638 1847 4707 apostolorum

268 4730 588 4802 magisterio
636 4744 741 4783 non
793 4739 994 4799 egeret.
1044 4727 1182 4782 Hinc
1221 4738 1302 4783 est
1335 4727 1477 4797 quod
1527 4729 1593 4781 ad
1634 4727 1854 4782 Galatas

264 4804 402 4877 ‘dicit
432 4838 445 4873 :
486 4839 502 4865 σ
535 4818 673 4873 Cum
701 4829 879 4873 autem
912 4818 1113 4889 placuit
1142 4820 1191 4874 ei
1221 4820 1307 4889 qui
1340 4833 1425 4873 me
1454 4817 1758 4889 segregavit
1786 4833 1851 4871 ex

269 4922 426 4967 utero
455 4912 650 4967 matris
678 4928 832 4977 mete,
871 4922 926 4966 et
952 4913 1161 4966 vocavit
1188 4928 1284 4983 per
1314 4911 1543 4981 gratiam
1589 4925 1764 4976 suam,
1796 4916 1855 4962 ut

270 5003 540 5058 revelaret
587 5000 783 5055 Filium
837 5018 991 5056 suum
1047 5002 1098 5056 in
1154 5018 1271 5068 me,
1326 5010 1383 5053 ut
1422 5003 1854 5073 evangebzarem

268 5092 414 5151 illum
461 5095 516 5148 in
559 5092 841 5162 gentibus.
886 5090 1143 5147 continuo
1185 5110 1288 5147 non
1328 5092 1575 5160 acquievi
1611 5097 1761 5150 carni
1802 5101 1857 5145 cl

262 5181 537 5234 sanguini.
570 5199 745 5234 neoue
773 5186 889 5234 veni
923 5182 1348 5234 Hierosolvmam
1381 5182 1448 5234 ad
1479 5192 1854 5234 antecesanres

1964 3164 2138 3220 Lucas
2169 3181 2298 3221 vero
2331 3169 2666 3239 septuaginta
2697 3181 2901 3240 septem
2930 3175 3312 3243 cognationum
3355 3183 3559 3249 gradus

1964 3258 2617 3322 ascendendo,describat
2643 3259 2913 3332 (Luam).
2938 3262 3044 3317 Per
3068 3266 3557 3338 quadragenarium

1964 3346 2163 3415 quippe
2212 3363 2500 3403 numerum
2551 3350 2705 3405 labor
2758 3355 3097 3422 exprimitur,
3149 3371 3256 3425 quo
3307 3359 3557 3416 videlicet

1960 3435 2215 3492 Christus
2268 3438 2321 3492 in
2379 3455 2609 3510 corpore
2655 3458 2776 3507 suo,
2823 3446 2965 3513 quod
3012 3457 3096 3501 est
3145 3448 3407 3516 Ecclesia,
3457 3467 3557 3522 per

1963 3529 2176 3584 diversa
2203 3532 2327 3585 vita:
2356 3531 2513 3602 hujus
2540 3543 2780 3603 tempora
2821 3535 3097 3607 fat'gatur.
3139 3538 3273 3595 lliac
3302 3545 3553 3613 estquod

1962 3621 2172 3693 Moyses
2213 3623 2409 3694 (Exod.
2433 3627 2582 3691 xxw)
2613 3635 2665 3681 et
2708 3627 2851 3681 Elias
2890 3644 2986 3698 per
3015 3632 3374 3702 quadraginta
3434 3637 3551 3691 dies

1962 3714 2348 3769 contiunavere
2390 3715 2655 3786 jejunium
2693 3717 2811 3789 (Ill
2870 3719 2996 3790 Reg.
3041 3722 3179 3791 XIX).
3228 3724 3333 3779 Sed
3361 3736 3415 3779 et
3441 3727 3553 3796 ipse

1961 3804 2221 3861 Dominus
2247 3808 2344 3861 sub
2374 3811 2559 3863 eodem
2585 3809 2751 3879 282
2773 3826 2998 3866 numero
3038 3815 3340 3870 abstnuita
3362 3834 3552 3888 peree-

1959 3896 2142 3966 ptione
2163 3898 2404 3952 ciborum
2420 3898 2633 3969 (Matth.
2651 3904 2743 3971 Iv).
2762 3899 2864 3955 Per
2882 3901 3099 3975 Moysen
3124 3905 3305 3975 itaque
3326 3908 3431 3972 lex,
3456 3924 3554 3978 per

1960 3993 2131 4047 Eliam
2157 3995 2459 4064 prephetia,
2487 4010 2583 4065 per
2604 3995 2878 4051 Christum
2908 4014 3034 4052 vero
3058 3999 3188 4054 Novi
3216 4000 3550 4058 Testamenti

1957 4093 2208 4151 patenter
2258 4072 2575 4155 intelligitur
2611 4087 2806 4155 gratia.
2863 4087 2968 4144 Per
3022 4088 3367 4146 atilictionem
3419 4107 3550 4164 ergo

1956 4176 2112 4249 legis,
2165 4180 2481 4248 prophetiae,
2514 4180 2691 4244 simul,
2747 4190 2801 4236 et
2846 4185 3053 4252 gratim,
3102 4183 3256 4239 labor
3309 4185 3550 4242 innuitur

1957 4269 2279 4324 nuiversdis
2325 4269 2598 4338 Ecclesiae,
2653 4287 2746 4341 per
2796 4273 3047 4328 universa
3099 4274 3342 4329 mortalis
3389 4274 3548 4345 hujus

1957 4359 2081 4413 vite
2129 4360 2323 4413 secula
2376 4359 2632 4429 fatigatas.
2688 4362 2822 4416 Hinc
2878 4373 2964 4416 est
3025 4363 3166 4432 quod
3229 4363 3322 4416 filii
3382 4365 3546 4420 Israel

1961 4453 2219 4506 terumnis
2270 4460 2433 4520 atque
2483 4450 2757 4505 laboribus
2815 4453 3036 4506 diutinte
3093 4453 3547 4522 peregrinationis

1963 4543 2159 4603 attriti,
2193 4550 2313 4610 post
2342 4538 2695 4610 quadraginta
2722 4555 2891 4595 annos
2927 4549 3126 4595 terram
3164 4553 3288 4594 sunt
3311 4545 3547 4611 promis-

1961 4633 2130 4685 siunis
2161 4631 2387 4701 ingressi
2410 4630 2546 4698 (los.
2587 4632 2685 4700 v.),
2718 4631 2843 4693 quia
2878 4632 3127 4686 videlicet
3152 4648 3340 4685 oumes
3359 4618 3548 4704 electi,

1961 4732 2082 4792 post
2109 4737 2384 4777 emensum
2414 4722 2570 4791 hujus
2599 4722 3050 4792 peregrinationis
3078 4739 3389 4790 excursum,
3420 4742 3553 4789 mox

1962 4812 2440 4880 litereditarlojnre
2473 4821 2671 4868 terram
2694 4812 2988 4868 viventium
3012 4813 3387 4885 possidebunt.

2036 4905 2137 4961 Per
2178 4919 2460 4959 numerum
2528 4920 2680 4975 ergo,
2731 4920 2890 4975 quem
2962 4903 3597 4990 Matthmus'fbrdinm.

1962 4996 2231 5065 susceptio
2287 4992 2571 5048 laboriosae
2616 4993 2964 5050 mortalitatis
3006 4971 3627 5075 nostrantperillu‘;

1962 5107 2112 5155 vero,
2141 5101 2300 5155 quem
2348 5084 2521 5140 Lucas
2566 5089 2769 5156 posuit,
2812 5082 3197 5147 indubitanter
3252 5084 3652 5171 exprimunt

1967 5180 2283 5234 mvsterinm
2316 5184 2510 5233 nostra:
2536 5174 2949 5234 redemntionis.
3006 5177 3119 5234 Per
3145 5181 3299 5234 illum
3330 5175 3662 5234 similia.-.
