3978 5328
389 290 512 349 '8u3

1012 287 1070 343 S.
1110 282 1313 340 PETRI
1353 280 1632 337 DAMIAM
1665 279 1815 337 OPP.
1857 276 2036 332 PARS
2065 275 2194 334 SEll
2237 277 2472 334 TOMUS
2503 278 2565 334 ll.
2589 309 2656 319 —-
2679 276 3064 336 SERMONES.

3577 280 3686 336 ΒΜ

406 407 575 464 voluit
621 403 754 474 (Isa.
797 401 954 472 Lm);
998 399 1112 469 ipse
1147 409 1249 465 est,
1307 396 1483 468 quiet
1521 393 1742 451 abstulit
1767 401 1987 463 peccata
2017 397 2062 452 Α
2093 400 2239 457 tem;
2300 393 2456 447 docet
2501 392 2622 457 iste,
2672 407 2832 462 quam
2883 393 3208 463 perdiderat,
3241 409 3398 449 ovem
3445 397 3688 466 scapulis

409 497 593 553 mundi
641 495 820 566 (Joan.
867 493 928 564 ι).
989 490 1445 561 Septuagenarius
1488 489 1686 559 quippe
1729 486 1992 555 septimus

409 603 687 651 numerus,
716 600 876 655 quem
907 583 1081 637 Lucas
1101 581 1300 651 posuit,
1326 580 1697 636 remissionem
1725 576 1995 643 significat

407 689 751 753 peccatorum
772 717 786 740 ,
820 676 962 730 sicut
995 674 1108 743 ipse
1155 672 1413 726 Dominus
1444 669 1638 731 innuit,
1682 682 1804 721 cum
1834 665 1993 720 Petro

407 770 672 841 quterenti
713 767 923 836 quoties
961 771 1144 818 essent
1204 759 1523 834 dimittenda
1556 756 1710 811 fratri
1749 764 1991 825 peccata,

408 859 721 932 respondit:
768 875 786 907 ‹
835 856 964 910 Dico
997 852 1090 906 tibi
1139 867 1244 905 non
1291 858 1497 903 tantum
1528 846 1749 916 septies,
1777 844 1872 899 sed
1901 858 1991 896 us-

407 969 514 1024 que
547 949 850 1021 septuagies
872 945 1070 1016 septies
1094 941 1309 1014 (Matth.
1343 939 1518 1010 xvtn).
1577 957 1595 988 ι
1639 935 1748 992 Nec
1775 935 1993 999 mirum,

409 1047 455 1102 si
483 1061 580 1116 per
609 1046 752 1099 hunc
783 1055 1086 1104 numerum,
1115 1037 1204 1106 qui
1236 1035 1303 1090 ab
1349 1031 1646 1088 undenario
1682 1038 1738 1084 et
1772 1029 1994 1084 denario

410 1135 692 1197 nascitur,
740 1133 990 1185 humanm
1045 1125 1327 1198 pravitatis
1389 1122 1610 1177 abolitio
1657 1120 1992 1189 designatur.

410 1224 752 1282 Undenarius
782 1222 977 1290 quippe
1003 1233 1260 1272 numerus
1291 1215 1345 1269 si
1359 1212 1559 1283 septies
1588 1209 1992 1278 multiplicatur,

409 1313 652 1383 profecto
680 1311 1019 1381 septuaginta
1049 1318 1254 1376 septem
1281 1319 1488 1360 summa
1520 1301 1838 1371 completur.
1888 1297 1997 1352 Sed

407 1403 668 1456 denarius
719 1401 810 1469 qui
863 1398 1139 1469 perfectus
1184 1404 1268 1449 est
1325 1407 1602 1455 numerus,
1671 1388 1995 1457 Decalogum

412 1489 1100 1562 signat.Perundenarium
1125 1488 1274 1548 vero,
1301 1485 1389 1554 qui
1415 1484 1556 1537 hunc
1581 1481 1994 1550 transgreditur,

410 1585 564 1655 quid,
589 1584 690 1639 uisi
715 1583 898 1653 legalis
925 1581 1300 1652 transgressio,
1334 1579 1596 1648 figuratur
1621 1577 1645 1630 ?

481 1674 614 1730 Cum
642 1690 768 1744 ergo
797 1674 848 1726 in
886 1681 995 1725 tota
1024 1671 1110 1725 illa
1139 1683 1351 1724 summa
1379 1667 1533 1738 legis,
1556 1664 1716 1720 simul
1743 1672 1797 1718 et
1820 1672 1997 1717 trans-

2096 485 2399 555 impositam
2447 485 2514 539 ad
2563 485 2703 540 ovile
2754 486 3029 556 proprium
3077 495 3418 540 revocantem
3460 487 3684 555 (Matth.

2095 591 2229 630 xvut
2255 592 2270 641 ;
2315 574 2442 628 Luc.
2499 575 2608 645 xv).
2644 575 2737 630 llle
2764 575 3010 645 perhibet
3039 579 3384 632 descendisse
3412 579 3686 632 medicum

2094 667 2161 721 ad
2206 676 2470 737 mgrotos;
2523 665 2722 720 fatetur
2771 667 2872 722 iste
2919 668 2986 722 ad
3035 665 3418 724 incolumitatis
3466 679 3690 724 acterna:

2095 757 2287 826 gaudia
2340 771 2522 810 secum
2572 771 2670 811 nos
2713 757 2990 812 reduxisse
3039 769 3282 814 sanatos.
3311 759 3567 815 Ostendit
3599 761 3691 815 ille

2095 847 2265 902 solum
2298 846 2642 918 Unigenitum
2686 863 2716 901 a
2767 849 2926 904 Patre
2965 850 3031 904 ad
3066 867 3162 906 nos
3194 853 3417 906 missum
3453 870 3467 916 ;
3527 858 3689 907 docet

2096 940 2200 995 iste
2228 941 2481 1009 quoniam
2533 945 2600 994 ad
2660 941 2940 997 emlestem
2997 945 3228 1012 patriam
3280 944 3689 998 multitudinem

2100 1031 2372 1085 transtulit
2397 1031 2714 1087 electorum.

2167 1122 2337 1178 Porro
2381 1125 2661 1194 utriusque
2699 1125 3046 1197 evangelista:
3085 1127 3442 1183 intentionem
3489 1144 3595 1182 una
3626 1127 3688 1181 Β.

2098 1211 2387 1280 Apostolus
2428 1214 2694 1269 sententia
2743 1217 3181 1284 comprehendit,
3213 1218 3402 1272 dicens
3435 1235 3448 1270 :
3485 1237 3504 1268 ι
3547 1217 3694 1271 Misit

2099 1305 2241 1359 Deus
2282 1304 2472 1358 Filium
2520 1321 2676 1359 suum
2709 1305 2761 1359 in
2787 1307 3192 1362 similitudinem
3242 1309 3427 1362 carnis
3455 1308 3689 1377 peccati,

2100 1406 2159 1450 ut
2188 1396 2254 1450 de
2279 1407 2500 1467 peccato
2543 1396 2829 1452 damnaret
2883 1409 3166 1467 peccatum
3211 1399 3262 1451 in
3315 1413 3484 1452 carne
3511 1396 3688 1466 (Rom.

2097 1486 2240 1555 vnt).
2281 1505 2300 1537 ι
2354 1485 2485 1540 Nam
2526 1493 2648 1542 etlm
2686 1487 2846 1542 dicit:
2887 1508 2904 1539 ι
2945 1489 3085 1543 Misit
3135 1482 3287 1544 Deus'
3307 1489 3501 1542 Filium
3531 1505 3689 1542 suum

2101 1579 2153 1634 in
2183 1579 2590 1635 similitudinem
2623 1581 2804 1635 carnis
2854 1583 3102 1651 peccati;
3153 1601 3172 1634 ι
3217 1582 3455 1637 ostendit
3500 1597 3694 1636 susce-

2101 1669 2340 1736 ptionem
2373 1669 2716 1724 mortalitatis
2739 1680 2959 1735 nostrae,
2992 1688 3153 1741 quam
3182 1671 3465 1725 Mattlneus
3506 1683 3696 1741 aperte

409 1765 707 1832 gressionis
739 1775 967 1832 uterqtte
1015 1776 1275 1816 numerus
1303 1757 1819 1828 comprehendatur,
1866 1751 1995 1822 quid
2025 1768 2072 1827 Β
2100 1758 2366 1822 declarat,
2423 1774 2544 1812 cum
2598 1759 2663 1811 ad
2704 1759 2978 1813 Abraham
3024 1761 3420 1823 descendendo,
3454 1760 3691 1828 quadra-

411 1857 630 1920 mirum,
688 1855 732 1909 si
777 1869 872 1924 per
903 1870 1022 1909 eam
1074 1852 1336 1906 scelerum
1369 1849 1616 1906 remissio
1643 1845 1999 1916 designetur?

411 1945 767 2014 Septenarius
808 1945 968 2014 plane
1010 1958 1289 2008 numerus,
1320 1942 1411 2012 qui
1435 1957 1597 2012 supra
1629 1941 1914 1995 Dominum
1945 1938 2000 1993 in

410 2037 657 2092 columba
705 2037 1006 2098 descendit,
1050 2049 1250 2090 nostrae
1303 2034 1587 2105 pravitatis
1641 2031 2001 2088 undenarium

411 2129 668 2183 abolevit.
719 2130 794 2183 De
823 2144 929 2198 quo
958 2127 1163 2182 scilicet
1193 2127 1584 2180 charismatum
1630 2138 1858 2178 numero
1906 2137 2002 2192 per

413 2219 608 2275 Isaiam
667 2219 902 2275 dicitdr:
951 2238 970 2270 ι
1016 2218 1342 2289 Requiescet
1392 2232 1554 2286 super
1601 2231 1725 2272 eum
1767 2213 2003 2284 Spiritus

413 2316 716 2386 sapientiae,
764 2324 820 2370 et
845 2314 1184 2380 intellectus;
1241 2313 1476 2385 Spiritus
1503 2311 1736 2377 consilii,
1765 2320 1820 2364 et
1841 2311 2004 2364 forti-

414 2406 646 2470 tudinis;
699 2406 932 2476 Spiritus
977 2406 1236 2465 scientiae.
1274 2415 1329 2459 et
1370 2405 1624 2474 pietatis;
1663 2412 1718 2457 et
1761 2401 2006 2472 implebit

411 2509 535 2550 eum
586 2495 789 2564 Spiritu
846 2495 1055 2551 timoris
1094 2495 1301 2549 Domini
1357 2492 1492 2560 (lsa.
1531 2493 1632 2562 χι).
1693 2511 1710 2542 ι
1756 2490 1908 2547 Unde
1943 2491 2002 2546 Β.

411 2585 607 2653 Lucas,
634 2597 692 2640 ut
715 2588 919 2656 expiari
945 2602 1044 2640 nos
1067 2601 1096 2639 a
1132 2586 1335 2640 nostris
1363 2583 1660 2640 sceleribus
1687 2598 1782 2653 per
1808 2582 2006 2636 adven-

415 2687 529 2730 tum
580 2678 752 2749 nostri
799 2676 1096 2731 Salvatoris
1125 2677 1399 2741 ostendat,
1437 2691 1546 2730 non
1587 2675 1654 2728 ab
1682 2672 2007 2743 evangelicae

414 2769 741 2825 narrationis
766 2770 1012 2834 exordio,
1033 2769 1125 2824 sed
1149 2786 1177 2822 a
1202 2769 1469 2840 baptismo
1499 2769 1780 2832 duntaxat,
1804 2764 2008 2821 (flliristi

415 2862 756 2932 cognationis
785 2862 1028 2916 ordinem
1079 2862 1314 2917 inchoat.
1369 2861 1520 2927 Quod
1569 2861 1734 2915 etiam
1779 2862 1834 2914 in
1869 2859 2008 2915 libro

383 2973 390 2976 ν
413 2952 688 3006 Ceneseos
710 2952 989 3006 evidenter
1017 2951 1342 3016 ostenditur,
1368 2951 1456 3004 ubi
1479 2950 1715 3006 Lamech
1742 2951 2006 3005 uxoribus

422 3043 538 3096 suis
576 3041 776 3095 dixisse
808 3050 1092 3094 narratur:
1136 3060 1153 3092 ι
1195 3041 1508 3111 Septuplum
1535 3039 1668 3094 ultio
1698 3041 1912 3096 dabitur
1942 3040 2009 3118 de

2101 1851 2246 1922 ginta
2278 1852 2652 1922 generationes
2681 1860 2984 1906 enumerat.
3015 1852 3149 1906 Cum
3201 1867 3332 1907 vero
3362 1853 3645 1922 subjungit
3679 1863 3694 1903 :

2107 1961 2126 1996 ‹
2163 1943 2231 1997 Ει
2282 1942 2349 1997 de
2403 1953 2627 2013 peccato
2674 1943 2950 1998 damnavit
3001 1953 3283 2014 peccatum
3339 1945 3394 1998 in
3440 1960 3628 2008 carne,
3671 1962 3692 1996 ο

2103 2034 2454 2090 abolitionem
2499 2034 2752 2104 perhibet
2785 2044 3155 2105 peccatorum,
3195 2051 3358 2106 quam
3389 2035 3570 2089 Lucas
3615 2034 3698 2087 in-

2102 2125 2414 2181 dubitanter
2435 2126 2710 2194 exprimit,
2734 2142 2854 2181 cum
2883 2127 3223 2198 septuaginta
3251 2136 3460 2196 septem
3492 2140 3699 2195 cogna-

2105 2218 2308 2272 tionum
2355 2216 2551 2271 lineam
2594 2219 2746 2272 texit.
2777 2217 2950 2285 Quam
2976 2213 3222 2272 videlicet
3255 2227 3546 2286 utramque
3575 2232 3702 2272 sen-

2105 2310 2329 2364 tentiam
2363 2309 2503 2364 idem
2535 2308 2733 2364 Paulus
2763 2326 2871 2364 uno
2917 2310 3046 2365 alibi
3075 2309 3342 2365 .versiculo
3374 2310 3699 2379 complexus

2103 2410 2215 2463 est,
2249 2401 2471 2456 dicens:
2520 2419 2538 2452 ι
2583 2400 2742 2456 Jesus
2786 2402 3034 2457 Christus
3084 2402 3313 2457 traditus
3355 2410 3440 2456 est
3476 2411 3702 2473 propter

2105 2490 2302 2545 delicta
2329 2501 2536 2555 nostra,
2581 2502 2638 2545 et
2677 2491 2975 2545 resurrexit
3015 2491 3700 2561 prapterjttstilicationem

2105 2591 2346 2637 nostram
2400 2582 2573 2654 (Rom.
2609 2583 2704 2655 tv).
2743 2602 2762 2635 ι
2799 2583 3089 2638 Descendit
3133 2583 3275 2636 enim
3331 2582 3588 2637 Christus
3645 2591 3705 2635 ut

2106 2687 2205 2726 nos
2231 2687 2262 2727 a
2307 2672 2543 2742 peccatis
2583 2675 2848 2742 eriperet:
2880 2671 3118 2726 surrexit
3165 2680 3341 2726 autem
3375 2680 3434 2726 ut
3464 2673 3702 2727 candore

2099 2763 2326 2834 j-ustitia:
2351 2763 2549 2817 nitidos
2578 2763 2877 2817 exhiberet.

2179 2855 2311 2920 Qua:
2343 2853 2599 2907 nimirum
2633 2855 2913 2923 utriusque
2943 2853 3088 2908 beati
3110 2852 3454 2924 evangelista:
3479 2854 3706 2909 diversi-

2110 2956 2193 3002 tas
2214 2948 2379 3001 etiam
2403 2947 2455 3000 in
2479 2947 2582 3003 hoc
2603 2948 2885 3002 evidenter
2912 2949 3234 3013 ostenditur,
3265 2949 3390 3017 quia
3415 2947 3705 3002 Matthzeus

2108 3053 2203 3108 per
2233 3037 2602 3104 Salomonem,
2649 3037 2702 3092 in
2749 3040 2903 3108 cujus
2932 3049 3106 3094 matre
3147 3036 3314 3094 David
3345 3054 3446 3108 per
3491 3039 3703 3092 adulte-

416 3131 572 3194 Cain,
595 3132 659 3184 de
682 3130 914 3184 Lamech
948 3146 1073 3184 vero
1099 3131 1400 3200 septuagies
1427 3131 1626 3200 septies
1657 3128 1809 3203 (Gen.
1843 3136 1940 3202 tv).
1977 3150 1997 3184 ι
2031 3133 2076 3194 C
2111 3133 2249 3184 rittm
2279 3131 2502 3196 corruit,
2538 3131 2832 3185 Dominica:
2858 3131 3226 3201 generationis
3252 3130 3450 3184 lineam
3476 3131 3704 3185 descen-

423 3219 568 3273 L‘ltio
608 3221 804 3290 quippe
841 3221 906 3273 de
953 3219 1183 3274 Lamech
1233 3221 1536 3290 septuagies
1579 3223 1780 3292 septies
1831 3224 2002 3278 danda

417 3312 636 3376 dicitur,
675 3312 800 3380 quia
846 3312 1186 3381 septuaginta
1223 3321 1424 3381 septem
1457 3313 1704 3368 homines
1728 3313 1794 3368 de
1829 3313 2001 3369 femo-

419 3401 568 3455 ribus
587 3399 702 3470 ejus
722 3402 1075 3472 perhibentur
1094 3401 1322 3471 egressi,
1337 3417 1422 3466 ac,
1447 3403 1788 3472 postmodum
1806 3403 2005 3460 diluvio

416 3499 660 3554 vorante,
690 3490 1000 3547 referuntur
1028 3491 1287 3560 absorpti.
1325 3492 1430 3547 Sed
1469 3493 1593 3562 quia
1617 3493 1853 3548 Lamech
1886 3509 2006 3563 per-

417 3583 648 3647 cutiens,
697 3584 810 3636 sive
837 3597 1124 3652 percussus
1159 3569 1501 3655 exprimitur,
1547 3583 1679 3656 quid
1710 3600 1808 3654 per
1839 3585 2002 3647 hunc,

417 3676 520 3730 nisi
571 3676 777 3746 primus
825 3691 1022 3745 parens
1075 3675 1294 3730 humani
1339 3677 1552 3745 generis
1588 3675 1870 3746 figuratur,
1908 3677 1999 3746 qui

417 3767 675 3821 nimirum
707 3766 912 3836 peccati
952 3767 1138 3830 telmn,
1185 3781 1292 3835 quo
1330 3767 1537 3836 primus
1577 3767 1688 3836 ipse
1719 3783 2006 3836 percussus

420 3858 646 3922 interiit,
701 3859 954 3912 universo
980 3873 1192 3928 quoque
1221 3859 1404 3927 generi
1438 3874 1774 3913 successurae
1822 3870 2007 3927 poste-

418 3949 596 4002 ritatis
652 3947 903 4002 inﬂixit?
953 3947 1028 4003 De
1079 3949 1179 4002 hoc
1226 3961 1357 4017 ergo
1414 3947 1648 4004 Lamech
1701 3950 2007 4019 septuagies

419 4041 617 4109 septies
645 4039 778 4093 ultio
806 4040 929 4094 data
964 4047 1066 4103 est,
1115 4039 1242 4108 quia
1282 4048 1585 4108 peccatum,
1634 4041 1774 4110 quod
1802 4040 2008 4110 primus

421 4130 582 4182 homo
599 4130 872 4183 contraxit
895 4145 988 4197 per
1016 4128 1360 4198 septuaginta
1397 4139 1600 4198 septem
1632 4132 2008 4200 generationes

422 4219 473 4271 in
505 4218 744 4272 humano
771 4234 967 4288 genere
1005 4217 1189 4287 viguit.
1228 4217 1407 4286 Usque
1441 4219 1603 4288 283
1644 4221 1709 4272 ad
1735 4219 2005 4275 Christum

419 4308 685 4377 siquidem
725 4318 1003 4378 peccatum
1049 4303 1310 4374 originale
1358 4307 1674 4374 permansit,
1709 4310 1849 4376 quod
1900 4311 2009 4378 ipse

420 4416 515 4472 per
545 4401 796 4472 baptismi
847 4400 927 4453 sui
982 4397 1144 4468 (unde
1191 4397 1370 4451 Lucas
1417 4397 1622 4468 incipit)
1670 4411 2004 4454 sacratuenia

2107 3222 2281 3276 dendo
2311 3222 2596 3292 producit;
2654 3220 2829 3277 Lucas
2853 3231 3034 3276 autem
3060 3237 3158 3290 per
3186 3220 3395 3275 Nathan
3428 3222 3700 3283 ascendit,

2106 3331 2204 3386 per
2232 3315 2385 3384 cujus
2412 3314 2662 3369 videlicet
2682 3314 3018 3384 acquivocum
3046 3315 3365 3383 prophetam
3396 3313 3502 3368 hoc
3527 3312 3701 3380 ipsmn

2107 3405 2347 3475 ejusdem
2376 3405 2546 3459 David
2579 3412 2861 3474 peccatum
2907 3402 3168 3458 Dominus
3208 3401 3468 3471 expiavit,
3515 3410 3573 3456 et
3626 3401 3708 3455 sic

2107 3498 2261 3569 qttasi
2312 3497 2520 3567 lapsum
2567 3497 2859 3552 miseratus
2912 3495 3108 3552 erexit.
3162 3495 3254 3549 llle
3301 3494 3486 3564 itaque
3542 3493 3703 3546 ducet

2111 3589 2203 3643 Dei
2237 3587 2439 3644 Filium
2477 3587 2543 3641 ad
2585 3603 2684 3642 nos
2713 3587 2993 3642 humiliter
3023 3585 3387 3648 inclinatum;
3431 3584 3536 3638 iste
3574 3598 3690 3652 pm-

2110 3679 2321 3734 nuutiat
2353 3678 2639 3752 nobiscum
2664 3679 2823 3732 simul
2850 3694 2973 3733 cum
3009 3675 3318 3746 triumphali
3342 3675 3512 3745 gloria
3545 3674 3695 3729 coeli-

2111 3777 2196 3822 tus
2225 3767 2540 3822 exaltatum.
2569 3767 2853 3822 Descendit
2881 3768 3024 3822 enim
3064 3766 3314 3821 Christus
3342 3765 3406 3818 ad
3430 3763 3701 3832 jacentes,

2110 3868 2283 3913 uteos
2311 3874 2494 3912 secum
2536 3858 2796 3928 provehat
2820 3859 2872 3912 itt
2913 3867 3061 3913 astra
3104 3858 3357 3912 victores.
3389 3855 3544 3911 Unde
3593 3872 3697 3910 non
3763 3855 3770 3863 '

2110 3953 2228 4007 sine
2270 3952 2452 4006 divino
2502 3951 2702 4007 factum
2733 3953 2994 4023 praesagio
3040 3953 3280 4008 creditur
3321 3954 3465 4020 quod
3509 3953 3700 4005 beatus

2111 4043 2200 4097 hic
2261 4041 2586 4112 evangelista
2644 4041 2734 4096 tali
2795 4041 3055 4097 vocabulo
3106 4050 3470 4110 nuncupatur.
3528 4041 3701 4095 Lucas

2109 4133 2254 4188 enim
2286 4131 2569 4202 llebraice,
2592 4135 2699 4204 ipse
2725 4149 3039 4204 consurgens
3072 4132 3184 4187 sive
3215 4133 3440 4189 elevans.
3469 4133 3702 4186 vertitur

2110 4225 2162 4278 in
2203 4223 2475 4280 Latinttm.

2181 4311 2293 4367 l'loc
2334 4313 2496 4383 igitur
2543 4313 2595 4368 in
2647 4313 2865 4384 proprio
2901 4312 3116 4367 nomine
3147 4311 3382 4382 praetulit
3409 4313 3554 4381 quod
3590 4312 3702 4382 ipse

2111 4404 2455 4472 postmodum
2515 4403 2581 4457 (le
2641 4404 2922 4466 Salvatore
2972 4401 3314 4473 conocripsit.
3368 4402 3702 4472 Redemptor

421 4492 636 4546 delevit.
692 4491 792 4546 Ubi
827 4490 1071 4544 videlicet
1097 4489 1162 4543 de
1191 4488 1282 4542 illo
1307 4488 1534 4544 dicitur:
1591 4507 1609 4539 ι
1662 4489 1800 4545 Ecce
1828 4493 2011 4560 Agnus
2042 4472 2088 4531 ί)
2113 4496 2256 4548 enim
2311 4505 2495 4548 noster
2540 4504 2597 4548 et
2641 4494 2753 4564 ipse
2810 4497 2875 4548 de
2931 4504 3104 4548 morte
3141 4472 3400 4558 surrexit,
3425 4503 3482 4547 et
3509 4508 3611 4548 nos
3639 4493 3702 4546 al

423 4581 540 4646 liei,
578 4583 668 4650 qui
695 4580 830 4634 tollit
852 4590 1066 4648 peccata
1101 4580 1284 4634 mundi
1316 4580 1494 4650 (Joun.
1528 4584 1586 4650 ι).
1625 4601 1642 4632 ι

493 4671 896 4740 Redetnptionts
954 4685 1083 4740 ergo
1157 4680 1357 4724 nostra:
1435 4674 1716 4725 materiam
1779 4682 2005 4742 uterque

423 4773 642 4817 sanctus
666 4763 994 4830 evangelista
1043 4764 1119 4817 sic
1164 4764 1396 4819 invicem
1438 4765 1701 4830 dividunt,
1733 4775 1788 4821 et
1816 4783 2003 4822 narra-

428 4855 589 4908 tionis
643 4863 852 4924 partem
895 4855 994 4910 sibi
1046 4858 1278 4925 quisque
1329 4872 1620 4924 congruam
1681 4867 1903 4912 sumunt
1951 4869 2008 4912 ut

426 4943 713 5000 Matthzeus
757 4962 853 5015 per
905 4949 1311 5017 generationum
1370 4946 1565 5004 lineam
1615 4949 2006 5015 descendendo,

426 5038 702 5092 Christum
730 5039 796 5091 ad
828 5054 923 5093 nos
947 5051 1264 5109 peccatores
1289 5041 1354 5096 de
1387 5042 1544 5096 caelis
1567 5042 1850 5096 advenisse
1890 5057 2008 5109 per-

429 5128 649 5193 hibeat;
702 5128 876 5183 Lucas
907 5141 1084 5186 autem
1123 5148 1152 5185 a
1204 5142 1541 5187 sacramento
1581 5134 1920 5201 baptismatis
1945 5134 2010 5188 ad

429 5231 636 5292 patrem
683 5237 852 5290 usque
890 5225 1274 5291 conscendens,
1305 5225 1534 5279 traxisse
1581 5239 1680 5278 nos
1729 5240 1911 5279 secum
1943 5224 2010 5278 ad

2112 4587 2352 4640 coelestia
2392 4586 2634 4641 viventes
2683 4587 2748 4639 de
2793 4586 3022 4639 :nortuis
3050 4585 3298 4639 elevavit.
3340 4583 3496 4639 Unde
3521 4593 3576 4637 et
3609 4597 3703 4651 per

2110 4677 2420 4746 Apostolum
2444 4676 2642 4732 dicitur
2669 4676 2692 4730 ?
2718 4695 2734 4727 ι
2770 4676 2870 4743 Qui
2912 4691 3007 4730 nos
3033 4675 3506 4738 conresuscitavit,
3537 4671 3702 4744 285

2109 4775 2163 4821 et
2192 4769 2485 4822 consedere
2513 4766 2635 4821 fecit
2665 4781 2848 4820 Secum
2888 4765 2938 4818 in
2963 4762 3273 4819 coelestibus
3303 4762 3519 4832 (Ephes.
3544 4769 3628 4830 tt).
3676 4780 3692 4810 ι

2114 4855 2232 4925 lpse
2287 4857 2466 4924 itaque
2518 4855 2889 4926 principaliter
2928 4869 3275 4924 consurgens,
3328 4853 3442 4907 sive
3482 4851 3698 4904 elevans

2115 4947 2334 5011 dicitur,
2368 4945 2620 5015 quoniam
2647 4947 2712 4998 ad
2743 4947 2844 5000 hoc
2888 4947 2954 4999 de
3000 4954 3173 4999 morte
3207 4943 3468 5007 surrexit,
3513 4949 3572 4995 ut
3604 4955 3698 4995 nos

2117 5037 2170 5090 itt
2222 5047 2391 5090 morte
2433 5045 2732 5105 prostratos
2783 5037 3054 5106 erigeret:
3111 5035 3178 5088 ad
3222 5035 3323 5087 hoc
3370 5034 3617 5088 ascendit
3643 5033 3693 5086 in

2115 5128 2333 5190 cmlum,
2371 5137 2431 5182 ut
2472 5143 2654 5181 secum
2688 5143 2786 5182 nos
2812 5127 2878 5181 ad
2907 5127 3148 5181 cmlestia
3187 5124 3512 5178 sublevaret.
3548 5123 3695 5190 Quod

2118 5205 2278 5291 igitur
2319 5219 2382 5274 B.
2420 5220 2592 5274 Lucas
2615 5223 2679 5274 de
2704 5220 2920 5276 Christo
2945 5217 3232 5274 scribendo
3257 5217 3552 5286 perhibuit,
3599 5216 3694 5267 hoc
