3978 5328
277 258 385 314 805

1756 253 1987 312 SERMO
2026 254 2132 309 LIII

3443 264 3546 322 806

274 370 389 424 Deo
425 368 569 422 Patri
611 381 705 438 per
735 365 1082 421 Mediatorem
1134 367 1225 422 Dei
1255 376 1310 422 et
1361 369 1636 425 hominum
1663 384 1856 424 recon-
1887 376 1936 432 Α
1959 377 2043 421 est
2091 367 2234 421 enim
2277 367 2410 438 (Isa.
2446 368 2616 438 xxix).
2653 389 2672 423 ι
2709 369 2841 436 Quis
2859 371 3009 426 .enim
3039 381 3122 426 est
3169 373 3306 429 liber
3347 377 3434 433 ille
3467 379 3544 434 si-

276 459 550 512 ciliamur.
598 455 657 510 lu
688 457 956 526 baptismo
985 456 1168 526 itaque
1193 465 1276 512 est
1302 468 1496 513 nostra:
1523 460 1860 514 ascensionis

275 548 516 610 initium,
543 557 597 600 et
637 547 715 602 sic
744 549 810 600 ad
840 547 1006 600 Deum
1033 562 1063 600 a
1097 548 1401 604 viventibus
1427 551 1737 619 pervenitur
1762 564 1860 618 per

272 640 406 694 boni
437 639 616 707 operis
648 638 1061 693 incrementum.

345 727 457 783 Nec
493 729 931 798 praetereundum
971 730 1097 798 quia
1131 747 1256 784 cum
1299 730 1628 800 Redemptor
1673 741 1859 788 noster

273 836 441 876 verus
473 823 658 890 utique
683 823 753 877 sit
781 839 870 876 rex
909 833 963 876 et
997 827 1273 891 sacerdos,
1312 828 1452 881 sicut
1492 829 1550 881 Β.
1579 828 1859 885 Matthzeus

276 911 485 977 regiam
515 909 632 978 ejus
677 913 848 965 texuit
903 913 1256 971 describenda
1298 918 1648 984 progeniem;
1704 920 1783 973 sic
1827 934 1859 973 e

272 999 490 1054 diverso
515 998 689 1054 Lucas
718 1003 1101 1058 sacerdotalem
1142 1005 1343 1059 indicat
1373 1023 1469 1076 per
1493 1023 1706 1062 omnem
1739 1019 1854 1064 tex-

273 1097 390 1143 tutn
423 1091 506 1144 sui
535 1090 824 1147 voluminis
850 1093 1186 1163 dignitatem.
1217 1097 1272 1150 lu
1299 1100 1621 1153 sacerdotali
1661 1103 1856 1172 quippe

267 1180 593 1250 plerumque
614 1193 863 1237 versatur
889 1185 1082 1250 ofﬁcio,
1121 1196 1176 1241 et
1199 1189 1324 1242 dum
1354 1189 1564 1244 diversa
1593 1191 1854 1248 Dominici

266 1277 454 1344 operis
480 1285 629 1344 gesta
678 1279 968 1345 percurrit,
1001 1281 1068 1335 ab
1107 1281 1192 1336 his
1225 1291 1404 1336 tamen
1430 1299 1550 1352 qua»
1577 1285 1643 1337 ad
1676 1300 1856 1340 sacer-

266 1363 794 1434 dotiumpertinent,
823 1383 929 1423 non
961 1369 1183 1423 recedit.
1227 1369 1385 1425 Modo
1413 1373 1555 1426 enim
1587 1375 1853 1429 sacerdoti

265 1455 578 1524 delegatum
627 1467 812 1512 narrat
836 1458 1093 1525 ofﬁcium,
1142 1463 1298 1516 modo
1332 1464 1666 1532 progeniem,
1697 1467 1853 1520 modo

264 1543 462 1608 vicem,
512 1547 672 1599 modo
712 1548 1055 1613 sacriﬁcium,
1105 1551 1263 1604 modo
1311 1552 1550 1606 nominat
1575 1553 1850 1622 templum,

263 1643 320 1687 et
360 1649 481 1687 cum
513 1635 739 1704 plurima
788 1637 931 1690 intra
979 1654 1148 1694 sacra:
1192 1640 1431 1696 historia:
1462 1644 1654 1698 seriem
1698 1661 1848 1699 com-

1960 467 2174 526 gnatus,
2203 459 2304 512 nisi
2327 470 2574 514 sanctum
2603 461 2950 532 Evangelium
2977 465 3218 534 mysticis
3255 467 3540 536 ﬁguratum

1958 549 2246 603 sententiis
2277 550 2609 615 obvolutum,
2642 560 2698 605 et
2725 554 2792 605 ab
2821 553 3068 608 humanae
3111 557 3308 611 mentis
3348 559 3542 614 intelli-

1957 639 2137 708 gentia
2167 641 2349 708 procul
2378 658 2576 695 arcana
2598 644 2830 712 quadam
2854 643 3220 712 profunditate
3244 651 3543 704 remotum?

1957 727 2059 783 Hic
2082 730 2323 798 profecto
2348 730 2484 784 liber
2509 732 2595 785 ille
2617 742 2720 797 est,
2745 733 2812 788 de
2834 749 2940 803 quo
2965 734 3200 791 Joannes
3229 739 3300 792 ait
3327 757 3340 792 :
3371 757 3390 790 ι
3421 741 3540 795 Vidi

1959 817 2011 872 in
2043 819 2262 872 dextera
2297 821 2536 875 sedentis
2574 837 2734 891 supra
2769 822 3021 878 thronum
3055 825 3248 879 librum
3276 828 3537 897 scriptum

1957 910 2122 974 intus,
2151 922 2204 965 et
2229 912 2380 975 foris,
2414 915 2686 983 signatum
2718 913 2908 984 sigillis
2935 925 3140 985 septem
3172 918 3354 988 (Apoc.
3392 926 3469 990 v).
3511 938 3532 972 ι

1956 999 2085 1066 Qua:
2137 1010 2264 1054 sunt
2311 1012 2490 1056 autem
2537 1003 2710 1073 sigilla
2738 1043 2754 1068 ,
2801 1005 2997 1073 quibus
3033 1006 3168 1061 liber
3195 1009 3538 1078 evangelicus

1955 1093 2272 1162 obsignatus
2300 1094 2517 1161 dicitur,
2551 1095 2653 1149 nisi
2676 1105 2882 1164 septem
2913 1097 3004 1151 illa
3031 1111 3391 1168 sacramenta,
3418 1104 3538 1173 qui-

1954 1181 2057 1237 bus
2083 1185 2268 1253 utique
2306 1194 2450 1240 totus
2488 1187 2946 1243 ordo—Dominicae
2981 1190 3396 1259 dispensationis
3431 1197 3536 1249 itu-

1955 1272 2172 1341 pletur?
2208 1275 2455 1330 videlicet
2481 1276 2780 1330 incarnatio
2810 1279 3041 1340 Domini,
3075 1282 3326 1334 uativitas
3347 1323 3361 1346 ,
3409 1299 3538 1352 pas-

1953 1364 2054 1428 sio,
2088 1367 2439 1430 resurrectio,
2466 1368 2530 1420 ad
2561 1367 2728 1422 cmlos
2751 1370 3017 1432 ascensio,
3040 1372 3231 1426 deinde
3249 1375 3534 1442 judicium.

1952 1465 2226 1523 postremo
2259 1460 2524 1526 regnum?
2554 1459 2649 1513 llis
2677 1461 2860 1529 itaque
2887 1462 3076 1528 sigillis
3100 1464 3237 1517 liber
3269 1469 3538 1538 evangeli-

1953 1561 2051 1599 cus
2079 1546 2150 1599 ita
2178 1547 2423 1616 signatus
2449 1558 2550 1614 est,
2587 1560 2644 1603 ut
2669 1551 2768 1604 nisi
2794 1567 2914 1605 eum
2940 1552 3188 1609 Christus
3211 1557 3532 1624 aperuisset,

1953 1634 2176 1706 cuilbet
2201 1637 2422 1690 omnino
2457 1647 2641 1705 patere
2675 1655 2779 1693 non
2811 1650 3017 1709 posset.
3061 1642 3212 1697 Unde
3258 1644 3534 1716 subjuugi-

262 1724 587 1790 prehendat,
619 1725 917 1781 intentione
963 1736 1164 1795 tamen,
1215 1745 1318 1798 qua
1349 1742 1608 1800 cmperat,
1662 1749 1847 1802 prose-

1954 1732 2080 1776 tur:
2116 1743 2133 1772 ι
2173 1725 2312 1779 Ecce
2357 1726 2486 1780 vicit
2529 1726 2610 1781 leo
2653 1727 2719 1782 de
2763 1729 2902 1782 tribu
2953 1728 3124 1795 Juda,
3160 1732 3310 1786 radix
3340 1734 3530 1813 David,

264 1815 466 1884 queudi
502 1818 790 1872 sacerdotii
833 1829 1163 1888 perseverat.
1211 1819 1344 1875 Nam
1382 1823 1497 1893 ipso
1525 1839 1635 1878 sua:
1663 1842 1850 1880 narra-

262 1905 434 1960 tionis
462 1907 614 1962 initio
634 1908 713 1965 sic
734 1923 962 1964 exorsus
995 1920 1100 1975 est,
1125 1912 1347 1967 dicens:
1384 1932 1403 1964 ι
1439 1914 1560 1968 Fuit
1584 1916 1636 1968 in
1659 1915 1850 1972 diebus

261 1994 496 2050 Herodis
522 1997 665 2066 regis
685 1995 883 2051 Judam
904 1999 1406 2068 sacerdosquidam,
1421 2004 1635 2058 nomine
1647 2005 1850 2059 Zacha-

261 2083 393 2148 rias,
436 2087 501 2140 de
544 2089 660 2141 vice
699 2087 859 2152 Abia,
911 2098 966 2143 et
992 2105 1126 2143 uxor
1164 2091 1310 2146 illius
1335 2093 1402 2147 de
1432 2093 1641 2148 ﬁliabus
1668 2096 1848 2151 Aaron

262 2177 420 2244 (Luc.
453 2178 515 2246 I).
562 2197 580 2230 ι
613 2179 814 2234 Deinde
849 2181 1020 2249 ipsum
1055 2182 1388 2237 sacerdotem
1430 2186 1494 2238 ad
1527 2187 1847 2268 adolendum

256 2277 388 2322 ante
435 2269 609 2324 altare
643 2271 972 2325 sacriﬁcium
1001 2274 1215 2326 statuit.
1255 2275 1601 2329 Postmodqu
1634 2293 1848 2347 quoque

257 2361 326 2413 ad
355 2360 596 2428 ejusdem
626 2363 924 2417 sacerdotis
952 2363 1169 2418 domum
1207 2364 1429 2420 Mariam
1473 2369 1731 2439 virginem
1763 2371 1846 2424 di-

255 2452 408 2522 rigit.
465 2451 591 2506 Tria
642 2468 857 2524 quoque
903 2456 1114 2510 cantica
1167 2456 1221 2510 in
1275 2456 1521 2512 Ecclesia
1580 2462 1846 2515 cantanda

258 2543 543 2607 describit,
592 2545 735 2614 quod
785 2547 988 2600 nullum
1019 2548 1471 2618 evangelistarum
1505 2560 1699 2618 printer
1723 2571 1844 2607 eum

259 2632 456 2688 fecisse
488 2637 802 2703 reperitur:
851 2653 1016 2690 unum
1056 2637 1262 2693 scilicet
1309 2639 1600 2703 Zachariaz,
1653 2658 1849 2697 secun-

252 2725 386 2776 dum
439 2722 646 2789 Mariae,
693 2727 907 2780 tertium
957 2727 1228 2784 Simeonis
1257 2728 1408 2799 (Luc.
1456 2746 1471 2784 ι
1504 2741 1559 2785 et
1595 2733 1674 2800 ιι).
1705 2731 1848 2800 Qua-

259 2815 568 2885 dragesimo
603 2832 730 2871 vero
777 2818 862 2872 die
914 2827 1195 2888 postquam
1236 2829 1395 2874 natus
1427 2829 1530 2885 est,
1564 2822 1844 2879 Dominum

256 2919 384 2958 cum
430 2907 744 2960 mulieribus
775 2906 828 2960 in
879 2908 1075 2977 templo
1121 2919 1307 2963 narrat
1351 2913 1608 2967 oblatum.
1649 2914 1847 2971 Deinde

258 2994 600 3049 duodennem
642 2996 693 3049 in
747 2997 934 3050 eodem
993 2998 1190 3068 templo
1239 3000 1379 3055 inter
1419 3003 1669 3058 doctores
1719 3019 1850 3059 con-

256 3085 438 3138 stituit
472 3084 813 3139 residentem.
848 3086 1106 3142 Parentes
1140 3104 1353 3160 quoque
1409 3093 1617 3146 Domini
1665 3105 1848 3148 narrat

252 3189 361 3246 per
383 3176 622 3245 singulos
648 3192 820 3232 annos
850 3177 900 3231 in
929 3179 1269 3235 solemnitate
1297 3183 1537 3250 paschali
1587 3186 1849 3240 orationis

257 3268 434 3334 gratia
460 3267 794 3322 Hierusalem
824 3271 1116 3324 ascendere
1137 3272 1344 3326 solitos.
1377 3274 1654 3330 Postremo
1672 3276 1847 3330 Evan-

255 3358 457 3426 gelium
513 3373 668 3412 suum
731 3360 832 3414 hoc
885 3361 1001 3414 sine
1049 3361 1342 3426 concludit,
1386 3372 1442 3415 ut
1470 3365 1646 3418 dicat:
1684 3383 1702 3415 ‹
1741 3365 1844 3435 Ipsi

260 3449 551 3502 adorantes
588 3449 813 3519 regressi
842 3459 963 3504 sunt
999 3451 1050 3504 in
1096 3450 1429 3506 Hierusalem
1477 3470 1598 3508 cum
1649 3456 1846 3524 gaudio

253 3554 480 3608 magno,
502 3549 558 3593 et
575 3549 730 3593 erant
751 3556 965 3610 semper
987 3542 1040 3594 in
1065 3541 1263 3612 templo
1279 3543 1582 3602 laudantes.
1605 3554 1660 3598 et
1682 3545 1844 3600 bene-

253 3627 504 3683 dicentes
535 3630 698 3684 Deum
737 3629 887 3699 (Luc.
924 3631 1094 3701 χειν).
1134 3651 1152 3684 ι

333 3718 487 3772 Unde
514 3719 575 3772 ﬁt
615 3729 674 3772 ut
704 3719 766 3773 Β,
807 3719 984 3776 Lucas
1016 3721 1167 3775 vituli
1192 3722 1426 3791 speciem
1452 3729 1629 3778 teneat
1658 3764 1672 3789 ,
1709 3723 1846 3779 sicut

255 3821 314 3865 et
364 3811 613 3866 Ezechiel
665 3815 922 3881 propheta
971 3813 1188 3882 (Ezeclt.
1236 3814 1276 3874 ι)
1307 3823 1357 3869 et
1405 3817 1643 3869 Joannes
1671 3815 1846 3869 Evan-

253 3903 454 3974 gelista
505 3904 688 3974 (Apoc.
733 3906 832 3976 tv)
875 3921 934 3960 sc
974 3906 1171 3961 vidisse
1212 3907 1586 3976 pronuntiant.
1637 3906 1845 3964 Vitulus

257 3995 528 4064 siquidem
561 3996 614 4050 in
654 3996 851 4067 templo
880 3997 1089 4052 solebat
1115 3997 1318 4052 offerri.
1369 3997 1436 4051 Et
1460 3998 1597 4052 bene
1629 3997 1842 4065 vitulus,

259 4086 390 4154 quia
436 4099 604 4140 saeue
647 4085 843 4156 linguae
892 4102 1107 4142 vomere
1135 4088 1314 4143 cordis
1356 4087 1527 4142 nostri
1558 4102 1685 4141 arva
1717 4103 1844 4158 pro—

260 4175 458 4241 sulcat,
497 4192 668 4246 eaque
715 4178 1006 4248 evangelici
1055 4180 1279 4234 seminis
1304 4179 1450 4249 jactu
1497 4179 1648 4234 vitali
1692 4179 1846 4249 fruge

260 4267 539 4324 fecundat.
566 4268 662 4324 Vel
692 4277 840 4324 certe
873 4270 1072 4325 idcirco
1104 4270 1164 4324 Β.
1190 4270 1364 4326 Lucas
1389 4271 1537 4326 vituli
1562 4272 1846 4342 praetendit

259 4358 575 4428 imaginem,
607 4358 730 4428 quia
761 4360 886 4414 dum
910 4361 1274 4430 evangelicam
1307 4372 1467 4432 atque
1492 4363 1842 4433 apostolicam

261 4448 524 4503 describit
549 4448 851 4514 historiam,
880 4450 1063 4505 hostes
1087 4449 1287 4506 Christi
1319 4462 1482 4522 atque
1507 4453 1842 4509 adversarios

257 4555 403 4594 verae
420 4539 568 4604 ﬁdei,
593 4549 847 4610 tanquam
864 4540 1070 4596 duobus
1089 4541 1344 4596 cornibus
1357 4543 1604 4608 ventilat,
1622 4559 1841 4614 eosque,

245 4646 330 4688 .ne
381 4645 564 4684 aream
591 4629 872 4686 catholicae
924 4631 1178 4685 Ecclesiae
1213 4632 1623 4702 depOpulentur,
1678 4650 1846 4704 expu-

259 4731 408 4791 gnat.
459 4721 556 4776 llis
602 4721 785 4790 itaque
824 4721 1078 4777 cornibus
1125 4722 1499 4790 prmmunitur,
1551 4723 1746 4792 quibus
1794 4733 1846 4779 et

265 4809 471 4866 ludzeos
496 4811 656 4864 feriat
683 4826 787 4865 non
817 4813 1120 4877 credentes,
1173 4821 1226 4866 et
1263 4811 1546 4871 haereticos
1573 4812 1700 4867 hinc
1725 4813 1849 4870 inde

258 4905 544 4959 concludat
570 4918 600 4956 a
631 4903 809 4972 regula
837 4918 976 4959 verae
999 4903 1120 4958 ﬁdei
1143 4903 1496 4958 declinantes.

327 4993 492 5064 285
531 4991 766 5062 Scripsit
799 4992 979 5063 itaque
1006 4992 1068 5045 Β.
1095 4991 1268 5046 Lucas
1298 4992 1661 5062 apostolorum
1688 4995 1842 5054 labo-

261 5101 361 5151 res,
392 5094 447 5141 et
482 5093 644 5139 actus
666 5123 680 5146 ,
725 5084 916 5153 quibus
954 5092 1009 5138 et
1037 5083 1151 5152 ipse
1179 5083 1544 5137 collaborator
1580 5083 1841 5143 interfuit.

258 5176 485 5246 Scripsit
511 5185 569 5229 et
595 5173 938 5245 Evangelium
962 5215 976 5240 ,
1005 5174 1147 5244 quod
1179 5175 1328 5243 quasi
1358 5173 1626 5243 signatum
1659 5179 1838 5252 magni

253 5268 490 5306 tlmaonri
522 5265 734 5306 nnmlue
763 5267 827 5306 ι1ρ
851 5267 988 5306 nmln
1017 5266 1250 5306 nnrvnnit
1305 5262 1402 5306 Cui
1430 5263 1673 5306 vilinlinm
1707 5270 1834 5306 illml

1868 4407 1918 4466 D

1953 1815 2164 1882 aperire
2195 1816 2425 1878 librum,
2476 1827 2530 1870 et
2581 1816 2789 1873 solvere
2836 1829 3039 1888 septem
3090 1823 3365 1891 signacula
3417 1823 3532 1891 ejus

1952 1904 2133 1974 (Apoc.
2168 1907 2244 1974 v).
2280 1926 2297 1957 ι
2331 1907 2386 1960 In
2414 1907 2640 1963 Actibus
2671 1925 2798 1964 vero
2828 1911 3190 1979 apostolorum
3220 1914 3346 1968 dum
3374 1916 3528 1982 quasi

1951 1995 2147 2048 nudam
2174 2005 2361 2048 narrat
2385 1997 2685 2061 historiam,
2710 1999 3106 2066 quodammodo
3132 2004 3403 2058 nascentis
3433 2004 3530 2058 Ec-

1950 2085 2128 2140 clesia:
2159 2097 2400 2142 teneram
2431 2089 2595 2143 Iactat
2626 2089 2926 2144 infantiam.

2021 2177 2128 2231 Sed
2155 2177 2198 2230 si
2224 2178 2512 2248 diligenter
2556 2181 2884 2236 attendimus
2913 2183 3036 2252 quia
3069 2185 3305 2239 medicus
3327 2195 3409 2241 est
3441 2187 3530 2241 ille

1950 2270 2042 2340 qui
2072 2270 2281 2335 scribit,
2315 2272 2391 2324 nil
2420 2271 2564 2326 aliud
2593 2273 2644 2327 in
2677 2273 2767 2328 illa
2798 2275 3096 2344 reperimus
3124 2278 3342 2332 historia
3363 2319 3376 2339 .
3425 2280 3528 2335 nisi

1950 2361 2216 2415 duntaxat
2258 2362 2561 2416 animarutn
2608 2363 2974 2434 languentium
3027 2352 3368 2423 medicinam.
3413 2368 3529 2423 Hu-

1951 2466 2122 2505 mana:
2147 2453 2342 2522 quippe
2368 2455 2784 2518 conversationi,
2810 2455 2962 2524 quasi
2991 2459 3278 2523 quamdam
3308 2459 3532 2513 rectitu-

1949 2541 2091 2598 dinis
2121 2543 2314 2597 lineam
2342 2545 2547 2609 tendit,
2582 2553 2636 2598 et
2664 2559 2758 2614 per
2796 2561 2915 2600 eam
2941 2562 3038 2599 nos
3073 2547 3216 2602 velut
3246 2563 3340 2617 pcr
3367 2550 3524 2604 semi-

1951 2643 2058 2689 tam
2089 2633 2300 2704 dirigit;
2335 2635 2558 2691 utsicut
2608 2636 2934 2706 primitivam
2981 2637 3275 2692 Ecclesiam
3329 2639 3528 2694 vixisse

1947 2725 2350 2793 perpendimus,
2377 2726 2429 2779 in
2458 2737 2718 2794 quantum
2751 2725 2978 2781 facultas
3019 2730 3288 2798 suppetit,
3331 2739 3388 2785 et
3424 2731 3526 2799 ipsi

1951 2811 2131 2866 vivere
2163 2813 2495 2876 studeamus,
2524 2823 2791 2882 quatenus
2821 2815 3007 2869 eadem
3034 2819 3238 2886 puritas
3259 2857 3273 2882 ,
3313 2833 3434 2886 qua:
3460 2819 3528 2872 de

1948 2899 2158 2970 origine
2183 2899 2348 2955 fontis
2378 2912 2624 2967 emanat,
2671 2903 2834 2957 etiam
2875 2919 2972 2973 per
3003 2906 3223 2959 declivia
3255 2907 3528 2961 nihilomi-

1953 3007 2054 3046 nus
2078 3003 2348 3063 postrema
2379 2995 2665 3057 decurrat,
2704 3006 2759 3049 et
2783 2996 2959 3066 qualis
2986 2997 3212 3052 oriendo
3253 2998 3528 3067 progredi-

1875 3059 1918 3120 ο
1953 3091 2074 3148 tur,
2125 3085 2246 3138 talis
2280 3086 2330 3138 in
2365 3086 2471 3141 ﬁne
2513 3097 2781 3141 servetur.
2835 3087 2981 3142 Unus
3010 3097 3095 3142 est
3132 3087 3276 3140 enim
3307 3088 3418 3156 ipse
3463 3089 3529 3143 de

1948 3184 2182 3243 quatuor
2210 3175 2519 3231 fluminibus
2548 3177 2819 3246 paradisi,
2851 3179 2939 3246 qui
2984 3178 3233 3232 videlicet
3276 3179 3529 3233 uberibus

1947 3266 2205 3320 doctrinte
2231 3282 2340 3322 suae
2373 3268 2590 3323 ﬂuentis
2621 3270 2931 3322 universam
2972 3270 3155 3322 mundi
3189 3269 3527 3324 latitudinem

1949 3355 2214 3422 irrigavit.
2243 3355 2319 3409 De
2341 3357 2538 3425 quibus
2569 3356 2823 3411 videlicet
2862 3358 3017 3426 aquis
3045 3373 3141 3424 per
3170 3357 3362 3411 Isaiam
3387 3357 3527 3412 dici-

1949 3455 2072 3498 tur:
2107 3464 2124 3496 ι
2158 3445 2354 3500 Scissa:
2384 3456 2512 3500 sunt
2535 3447 2590 3501 in
2613 3447 2830 3501 deserto
2853 3463 3027 3516 aquae,
3076 3457 3129 3500 et
3172 3457 3440 3502 torrentes
3471 3449 3527 3502 in

1946 3535 2261 3600 solitudine,
2290 3547 2344 3590 et
2373 3551 2492 3605 qua:
2522 3548 2639 3590 erat
2661 3538 2813 3590 arida
2848 3537 2900 3590 in
2928 3547 3211 3605 stagnum,
3253 3547 3310 3590 et
3338 3537 3528 3592 sitiens

1948 3627 1999 3681 in
2028 3627 2205 3681 fontes
2238 3643 2500 3698 aquarum
2531 3628 2666 3699 (Ira.
2693 3629 2876 3700 xxxv).
2916 3648 2935 3679 ›

2020 3717 2379 3773 Rccurramus
2409 3720 2608 3788 itaque,
2655 3720 3023 3785 dilectissimi,
3055 3720 3120 3774 ad
3165 3721 3526 3776 innocentiam

1944 3810 2233 3879 primitivze
2275 3810 2558 3869 Ecclesitc.
2599 3819 2656 3864 ut
2683 3810 2978 3874 discamus,
3010 3820 3064 3865 et
3089 3826 3336 3880 possessa
3367 3809 3528 3865 relin-

1943 3915 2132 3968 quere,
2169 3910 2222 3956 et
2249 3901 2300 3954 in
2333 3901 2494 3972 regia:
2529 3901 2861 3971 paupertatis
2887 3901 3233 3972 simplicitate
3267 3902 3524 3973 gaudere.

1947 3988 2062 4043 Non
2092 3992 2143 4044 in
2169 3990 2276 4044 ima
2300 4006 2397 4045 nos
2420 4001 2650 4044 terrena:
2671 3990 2986 4046 substantiae
3009 3992 3216 4061 pondus
3237 3993 3524 4063 deprimat,

1944 4081 2086 4151 quod
2116 4082 2182 4136 ad
2215 4097 2462 4151 superna:
2495 4081 2831 4136 Hierusalem
2877 4082 3102 4151 gloriam
3135 4082 3248 4136 Rex
3292 4084 3529 4138 caelestis

1944 4172 2154 4226 invitat.
2188 4171 2294 4227 Nos
2333 4188 2439 4227 non
2485 4172 2553 4226 ab
2589 4174 2690 4227 hoc
2737 4183 2940 4228 temere
2979 4175 3211 4228 carnalis
3263 4173 3529 4229 illecebras

1945 4263 2190 4316 retrahat
2215 4263 2542 4318 lenocinium
2563 4304 2577 4325 ,
2605 4263 2803 4333 quibus
2831 4265 3016 4334 utique
3051 4280 3148 4334 per
3177 4264 3529 4334 prtecedontis

1945 4356 2114 4408 nostri
2156 4356 2535 4425 Redemptoris
2574 4356 2852 4410 introitum
2901 4365 3048 4424 patet
3089 4357 3211 4411 aula
3242 4357 3523 4410 ccelorum.

1944 4443 2078 4499 Nam
2112 4447 2236 4499 dum
2261 4447 2626 4514 generationis
2655 4445 2770 4514 ejus
2788 4447 2920 4500 ordo
2941 4445 3010 4500 ab
3029 4447 3330 4501 humilitate
3353 4446 3528 4514 bapti-

1945 4536 2133 4589 smatis
2175 4537 2242 4590 ad
2290 4536 2504 4590 Patrem
2538 4551 2707 4605 usque
2749 4537 3084 4605 producitur,
3129 4535 3297 4604 liquet
3337 4534 3526 4604 procul

1947 4626 2128 4688 dubio,
2152 4626 2278 4695 quia
2299 4627 2490 4695 patria:
2508 4626 2748 4681 caelestis
2773 4628 3075 4696 ingressum
3097 4641 3155 4678 se
3177 4624 3528 4694 sequentibus

1949 4715 2248 4785 pollicetur,
2279 4725 2335 4769 et
2362 4731 2468 4785 quo
2495 4717 2645 4784 prior
2670 4716 2932 4775 introivit,
2959 4715 3060 4769 sibi
3089 4715 3529 4769 ministrantibus

1949 4807 2093 4863 viam
2122 4808 2336 4863 stravit.
2368 4825 2387 4857 ι
2424 4807 2580 4870 Volo,
2610 4808 2782 4876 inquit
2815 4807 3006 4868 Pater,
3042 4815 3102 4862 ut
3135 4808 3223 4861 ubi
3254 4821 3352 4876 ego
3385 4821 3529 4872 sum,

1951 4897 2068 4959 illic
2095 4901 2167 4955 sit
2192 4905 2245 4951 et
2271 4899 2517 4951 minister
2543 4911 2693 4950 meus
2723 4893 2904 4965 (Joan;
2942 4898 3076 4972 xu);
3119 4920 3136 4950 ι
3181 4907 3239 4952 ιιι
3273 4897 3536 4955 nimirum

1951 4992 2022 5048 ad
2046 4996 2208 5061 caput
2230 5001 2287 5039 se
2309 4986 2549 5040 membra
2575 4985 2848 5054 colligant,
2874 4996 2928 5041 et
2956 4988 3123 5056 (sicut
3151 4989 3340 5043 eodem
3368 5004 3541 5057 spon-

1950 5084 2124 5152 dente
2153 5078 2495 5150 promittitur)
2527 5076 2615 5129 ubi
2644 5077 2807 5131 fuerit
2846 5093 3043 5147 corpus
3085 5090 3143 5135 et
3183 5080 3376 5149 aquila:
3411 5097 3548 5139 con.

1945 5179 2249 5254 gregmlllll‘
2279 5167 2487 5238 (Matth.
2520 5165 2666 5234 xxrv)

2030 5260 2206 5306 «an
2245 5275 2260 5305 σ
2305 5257 2565 5306 Adeamus
2611 5269 2738 5306 ergo
2775 5271 2894 5306 cum
2948 5256 3143 5306 ﬁducia
3181 5258 3244 5306 ad
3285 5257 3546 5306 thronum
