  <div class='ocr_page' id='page_1' title='image "/cluster/home/n/w/nwhite01/storage/ocr_20150623/144/hvd.32044010574010/409.png"; bbox 0 0 3978 5328; ppageno 0'>
   <div class='ocr_carea' id='block_1_1' title="bbox 473 349 627 414">
    <p class='ocr_par' dir='ltr' id='par_1_1' title="bbox 473 349 627 414">
     <span class='ocr_line' id='line_1_1' title="bbox 473 349 627 414; baseline -0.006 -9"><span class='ocrx_word' id='word_1_1' title='bbox 473 349 585 405; x_wconf 80' lang='lat'><strong>807‘</strong></span> <span class='ocrx_word' id='word_1_2' title='bbox 617 370 627 414; x_wconf 67' lang='grc' dir='ltr'><strong>ς</strong></span> 
     </span>
    </p>
   </div>
   <div class='ocr_carea' id='block_1_2' title="bbox 1115 341 3202 401">
    <p class='ocr_par' dir='ltr' id='par_1_2' title="bbox 1115 341 3202 401">
     <span class='ocr_line' id='line_1_2' title="bbox 1115 341 3202 401; baseline 0 -1"><span class='ocrx_word' id='word_1_3' title='bbox 1115 341 1175 400; x_wconf 87' lang='lat' dir='ltr'><strong>S.</strong></span> <span class='ocrx_word' id='word_1_4' title='bbox 1214 344 1418 401; x_wconf 82' lang='lat' dir='ltr'><strong>PETRI</strong></span> <span class='ocrx_word' id='word_1_5' title='bbox 1464 343 1742 401; x_wconf 73' lang='lat' dir='ltr'><strong>DAMIANI</strong></span> <span class='ocrx_word' id='word_1_6' title='bbox 1781 342 1931 398; x_wconf 85' lang='lat' dir='ltr'><strong>OPP.</strong></span> <span class='ocrx_word' id='word_1_7' title='bbox 1969 342 2147 396; x_wconf 71' lang='lat' dir='ltr'><strong>PARS</strong></span> <span class='ocrx_word' id='word_1_8' title='bbox 2183 343 2311 399; x_wconf 86' lang='lat' dir='ltr'><strong>SEU</strong></span> <span class='ocrx_word' id='word_1_9' title='bbox 2352 344 2589 400; x_wconf 70' lang='lat' dir='ltr'><strong>&#39;l&#39;OMlJS</strong></span> <span class='ocrx_word' id='word_1_10' title='bbox 2620 345 2682 399; x_wconf 89' lang='lat' dir='ltr'><strong>ll.</strong></span> <span class='ocrx_word' id='word_1_11' title='bbox 2723 376 2792 385; x_wconf 92' lang='lat'><strong>-—</strong></span> <span class='ocrx_word' id='word_1_12' title='bbox 2819 345 3202 401; x_wconf 67' lang='lat' dir='ltr'><strong>SERMONES.</strong></span> 
     </span>
    </p>
   </div>
   <div class='ocr_carea' id='block_1_3' title="bbox 3641 349 3747 406">
    <p class='ocr_par' dir='ltr' id='par_1_3' title="bbox 3641 349 3747 406">
     <span class='ocr_line' id='line_1_3' title="bbox 3641 349 3747 406; baseline -0.028 0"><span class='ocrx_word' id='word_1_13' title='bbox 3641 349 3747 406; x_wconf 69' lang='grc' dir='ltr'><strong>ως</strong></span> 
     </span>
    </p>
   </div>
   <div class='ocr_carea' id='block_1_4' title="bbox 467 457 3747 532">
    <p class='ocr_par' dir='ltr' id='par_1_4' title="bbox 467 457 3747 532">
     <span class='ocr_line' id='line_1_4' title="bbox 467 457 3747 532; baseline 0.001 -15"><span class='ocrx_word' id='word_1_14' title='bbox 467 463 621 527; x_wconf 73' lang='lat' dir='ltr'><strong>caelis</strong></span> <span class='ocrx_word' id='word_1_15' title='bbox 657 459 842 532; x_wconf 81' lang='lat' dir='ltr'><strong>(Hebr.</strong></span> <span class='ocrx_word' id='word_1_16' title='bbox 877 458 1021 528; x_wconf 79' lang='lat' dir='ltr'><strong>vttt),</strong></span> <span class='ocrx_word' id='word_1_17' title='bbox 1054 467 1371 513; x_wconf 82' lang='lat' dir='ltr'><strong>sanctorum</strong></span> <span class='ocrx_word' id='word_1_18' title='bbox 1417 458 1664 515; x_wconf 70' lang='lat' dir='ltr'><strong>minister</strong></span> <span class='ocrx_word' id='word_1_19' title='bbox 1686 497 1701 522; x_wconf 91' lang='lat'><strong>,</strong></span> <span class='ocrx_word' id='word_1_20' title='bbox 1736 466 1791 512; x_wconf 90' lang='lat' dir='ltr'><strong>ct</strong></span> <span class='ocrx_word' id='word_1_21' title='bbox 1826 457 1936 510; x_wconf 89' lang='lat' dir='ltr'><strong>veri</strong></span> <span class='ocrx_word' id='word_1_22' title='bbox 1972 468 2048 511; x_wconf 89' lang='lat' dir='ltr'><strong>ta-</strong></span> <span class='ocrx_word' id='word_1_23' title='bbox 2078 463 2121 520; x_wconf 77' lang='grc' dir='ltr'><strong>Α</strong></span> <span class='ocrx_word' id='word_1_24' title='bbox 2152 466 2205 511; x_wconf 82' lang='lat' dir='ltr'><strong>et</strong></span> <span class='ocrx_word' id='word_1_25' title='bbox 2249 468 2538 527; x_wconf 84' lang='lat' dir='ltr'><strong>antequam</strong></span> <span class='ocrx_word' id='word_1_26' title='bbox 2586 461 2829 529; x_wconf 85' lang='lat' dir='ltr'><strong>martyrii</strong></span> <span class='ocrx_word' id='word_1_27' title='bbox 2880 463 3099 515; x_wconf 62' lang='lat' dir='ltr'><strong>occasio</strong></span> <span class='ocrx_word' id='word_1_28' title='bbox 3148 464 3478 531; x_wconf 72' lang='lat' dir='ltr'><strong>pra-beretm‘</strong></span> <span class='ocrx_word' id='word_1_29' title='bbox 3504 506 3518 524; x_wconf 91' lang='lat'><strong>.</strong></span> <span class='ocrx_word' id='word_1_30' title='bbox 3576 467 3747 520; x_wconf 85' lang='lat' dir='ltr'><strong>vitam</strong></span> 
     </span>
    </p>
   </div>
   <div class='ocr_carea' id='block_1_5' title="bbox 469 547 2051 619">
    <p class='ocr_par' dir='ltr' id='par_1_5' title="bbox 469 547 2051 619">
     <span class='ocr_line' id='line_1_5' title="bbox 469 547 2051 619; baseline -0.005 -12"><span class='ocrx_word' id='word_1_31' title='bbox 469 550 772 614; x_wconf 84' lang='lat' dir='ltr'><strong>bernaculi,</strong></span> <span class='ocrx_word' id='word_1_32' title='bbox 804 549 947 619; x_wconf 88' lang='lat' dir='ltr'><strong>quod</strong></span> <span class='ocrx_word' id='word_1_33' title='bbox 974 550 1101 611; x_wconf 68' lang='lat' dir='ltr'><strong>lixit</strong></span> <span class='ocrx_word' id='word_1_34' title='bbox 1127 550 1291 614; x_wconf 88' lang='lat' dir='ltr'><strong>Deus,</strong></span> <span class='ocrx_word' id='word_1_35' title='bbox 1334 558 1392 602; x_wconf 86' lang='lat' dir='ltr'><strong>et</strong></span> <span class='ocrx_word' id='word_1_36' title='bbox 1435 563 1540 602; x_wconf 87' lang='lat' dir='ltr'><strong>non</strong></span> <span class='ocrx_word' id='word_1_37' title='bbox 1579 549 1758 603; x_wconf 88' lang='lat' dir='ltr'><strong>homo.</strong></span> <span class='ocrx_word' id='word_1_38' title='bbox 1790 547 1920 602; x_wconf 90' lang='lat' dir='ltr'><strong>llluc</strong></span> <span class='ocrx_word' id='word_1_39' title='bbox 1950 548 2051 601; x_wconf 88' lang='lat' dir='ltr'><strong>ita-</strong></span> 
     </span>
    </p>
   </div>
   <div class='ocr_carea' id='block_1_6' title="bbox 468 638 2054 713">
    <p class='ocr_par' dir='ltr' id='par_1_6' title="bbox 468 638 2054 713">
     <span class='ocr_line' id='line_1_6' title="bbox 468 638 2054 713; baseline -0.005 -16"><span class='ocrx_word' id='word_1_40' title='bbox 468 658 575 713; x_wconf 88' lang='lat' dir='ltr'><strong>que</strong></span> <span class='ocrx_word' id='word_1_41' title='bbox 599 654 660 697; x_wconf 75' lang='lat' dir='ltr'><strong>se</strong></span> <span class='ocrx_word' id='word_1_42' title='bbox 682 641 793 709; x_wconf 81' lang='lat' dir='ltr'><strong>jam</strong></span> <span class='ocrx_word' id='word_1_43' title='bbox 823 648 1010 694; x_wconf 87' lang='lat' dir='ltr'><strong>uoster</strong></span> <span class='ocrx_word' id='word_1_44' title='bbox 1026 640 1253 709; x_wconf 82' lang='lat' dir='ltr'><strong>spiritus</strong></span> <span class='ocrx_word' id='word_1_45' title='bbox 1272 639 1495 708; x_wconf 82' lang='lat' dir='ltr'><strong>dirigat,</strong></span> <span class='ocrx_word' id='word_1_46' title='bbox 1526 638 1651 693; x_wconf 91' lang='lat' dir='ltr'><strong>illuc</strong></span> <span class='ocrx_word' id='word_1_47' title='bbox 1679 639 1911 707; x_wconf 73' lang='lat' dir='ltr'><strong>diruptis</strong></span> <span class='ocrx_word' id='word_1_48' title='bbox 1940 645 2054 691; x_wconf 82' lang='lat' dir='ltr'><strong>ter-</strong></span> 
     </span>
    </p>
   </div>
   <div class='ocr_carea' id='block_1_7' title="bbox 470 727 2056 801">
    <p class='ocr_par' dir='ltr' id='par_1_7' title="bbox 470 727 2056 801">
     <span class='ocr_line' id='line_1_7' title="bbox 470 727 2056 801; baseline -0.006 -13"><span class='ocrx_word' id='word_1_49' title='bbox 470 749 617 789; x_wconf 76' lang='lat' dir='ltr'><strong>rente</strong></span> <span class='ocrx_word' id='word_1_50' title='bbox 646 730 1101 801; x_wconf 83' lang='lat' dir='ltr'><strong>concupiscentiae</strong></span> <span class='ocrx_word' id='word_1_51' title='bbox 1126 728 1359 784; x_wconf 78' lang='lat' dir='ltr'><strong>vinculis</strong></span> <span class='ocrx_word' id='word_1_52' title='bbox 1379 736 1675 785; x_wconf 68' lang='lat' dir='ltr'><strong>testuantcr</strong></span> <span class='ocrx_word' id='word_1_53' title='bbox 1693 727 1907 782; x_wconf 80' lang='lat' dir='ltr'><strong>evolare</strong></span> <span class='ocrx_word' id='word_1_54' title='bbox 1928 742 2056 781; x_wconf 80' lang='lat' dir='ltr'><strong>con-</strong></span> 
     </span>
    </p>
   </div>
   <div class='ocr_carea' id='block_1_8' title="bbox 471 819 2056 889">
    <p class='ocr_par' dir='ltr' id='par_1_8' title="bbox 471 819 2056 889">
     <span class='ocr_line' id='line_1_8' title="bbox 471 819 2056 889; baseline -0.003 -14"><span class='ocrx_word' id='word_1_55' title='bbox 471 822 691 885; x_wconf 79' lang='lat' dir='ltr'><strong>tendat;</strong></span> <span class='ocrx_word' id='word_1_56' title='bbox 720 832 777 876; x_wconf 91' lang='lat' dir='ltr'><strong>et</strong></span> <span class='ocrx_word' id='word_1_57' title='bbox 803 820 890 874; x_wconf 91' lang='lat' dir='ltr'><strong>ubi</strong></span> <span class='ocrx_word' id='word_1_58' title='bbox 921 828 1085 889; x_wconf 88' lang='lat' dir='ltr'><strong>caput</strong></span> <span class='ocrx_word' id='word_1_59' title='bbox 1107 819 1348 874; x_wconf 79' lang='lat' dir='ltr'><strong>eminere</strong></span> <span class='ocrx_word' id='word_1_60' title='bbox 1373 819 1712 881; x_wconf 80' lang='lat' dir='ltr'><strong>considerat,</strong></span> <span class='ocrx_word' id='word_1_61' title='bbox 1757 834 1814 870; x_wconf 87' lang='lat' dir='ltr'><strong>se</strong></span> <span class='ocrx_word' id='word_1_62' title='bbox 1843 831 2056 886; x_wconf 85' lang='lat' dir='ltr'><strong>quoque</strong></span> 
     </span>
    </p>
   </div>
   <div class='ocr_carea' id='block_1_9' title="bbox 466 895 2051 977">
    <p class='ocr_par' dir='ltr' id='par_1_9' title="bbox 466 895 2051 977">
     <span class='ocr_line' id='line_1_9' title="bbox 466 895 2051 977; baseline -0.006 -8"><span class='ocrx_word' id='word_1_63' title='bbox 466 924 780 969; x_wconf 82' lang='lat' dir='ltr'><strong>secuturum</strong></span> <span class='ocrx_word' id='word_1_64' title='bbox 808 925 932 965; x_wconf 87' lang='lat' dir='ltr'><strong>esse</strong></span> <span class='ocrx_word' id='word_1_65' title='bbox 956 910 1213 965; x_wconf 80' lang='lat' dir='ltr'><strong>conﬁdat.</strong></span> <span class='ocrx_word' id='word_1_66' title='bbox 1259 910 1335 962; x_wconf 87' lang='lat' dir='ltr'><strong>De</strong></span> <span class='ocrx_word' id='word_1_67' title='bbox 1378 923 1487 977; x_wconf 89' lang='lat' dir='ltr'><strong>quo</strong></span> <span class='ocrx_word' id='word_1_68' title='bbox 1532 895 1783 962; x_wconf 74' lang='lat' dir='ltr'><strong>videlicet</strong></span> <span class='ocrx_word' id='word_1_69' title='bbox 1811 908 2051 961; x_wconf 88' lang='lat' dir='ltr'><strong>dicitur:</strong></span> 
     </span>
    </p>
   </div>
   <div class='ocr_carea' id='block_1_10' title="bbox 475 997 2059 1065">
    <p class='ocr_par' dir='ltr' id='par_1_10' title="bbox 475 997 2059 1065">
     <span class='ocr_line' id='line_1_10' title="bbox 475 997 2059 1065; baseline -0.004 -10"><span class='ocrx_word' id='word_1_70' title='bbox 475 1023 498 1055; x_wconf 73' lang='grc' dir='ltr'><strong><em>ο</em></strong></span> <span class='ocrx_word' id='word_1_71' title='bbox 532 1004 648 1058; x_wconf 85' lang='lat' dir='ltr'><strong>Non</strong></span> <span class='ocrx_word' id='word_1_72' title='bbox 680 1003 734 1056; x_wconf 85' lang='lat' dir='ltr'><strong>in</strong></span> <span class='ocrx_word' id='word_1_73' title='bbox 770 1000 1081 1061; x_wconf 82' lang='lat' dir='ltr'><strong>manufacta</strong></span> <span class='ocrx_word' id='word_1_74' title='bbox 1110 1009 1296 1054; x_wconf 83' lang='lat' dir='ltr'><strong>sancta</strong></span> <span class='ocrx_word' id='word_1_75' title='bbox 1322 998 1477 1053; x_wconf 85' lang='lat' dir='ltr'><strong>Josus</strong></span> <span class='ocrx_word' id='word_1_76' title='bbox 1506 999 1751 1053; x_wconf 88' lang='lat' dir='ltr'><strong>introivit</strong></span> <span class='ocrx_word' id='word_1_77' title='bbox 1784 997 2059 1065; x_wconf 82' lang='lat' dir='ltr'><strong>exempla-</strong></span> 
     </span>
    </p>
   </div>
   <div class='ocr_carea' id='block_1_11' title="bbox 469 1090 2058 1160">
    <p class='ocr_par' dir='ltr' id='par_1_11' title="bbox 469 1090 2058 1160">
     <span class='ocr_line' id='line_1_11' title="bbox 469 1090 2058 1160; baseline -0.004 -11"><span class='ocrx_word' id='word_1_78' title='bbox 469 1097 550 1149; x_wconf 93' lang='lat' dir='ltr'><strong>ria</strong></span> <span class='ocrx_word' id='word_1_79' title='bbox 582 1108 849 1152; x_wconf 86' lang='lat' dir='ltr'><strong>verorum.</strong></span> <span class='ocrx_word' id='word_1_80' title='bbox 884 1093 976 1146; x_wconf 89' lang='lat' dir='ltr'><strong>sed</strong></span> <span class='ocrx_word' id='word_1_81' title='bbox 1004 1092 1058 1145; x_wconf 79' lang='lat' dir='ltr'><strong>in</strong></span> <span class='ocrx_word' id='word_1_82' title='bbox 1091 1091 1273 1160; x_wconf 85' lang='lat' dir='ltr'><strong>ipsum</strong></span> <span class='ocrx_word' id='word_1_83' title='bbox 1295 1090 1510 1151; x_wconf 71' lang='lat' dir='ltr'><strong>omium,</strong></span> <span class='ocrx_word' id='word_1_84' title='bbox 1541 1097 1599 1143; x_wconf 90' lang='lat' dir='ltr'><strong>ut</strong></span> <span class='ocrx_word' id='word_1_85' title='bbox 1623 1097 1881 1159; x_wconf 89' lang='lat' dir='ltr'><strong>appareat</strong></span> <span class='ocrx_word' id='word_1_86' title='bbox 1915 1102 2058 1142; x_wconf 86' lang='lat' dir='ltr'><strong>nunc</strong></span> 
     </span>
    </p>
   </div>
   <div class='ocr_carea' id='block_1_12' title="bbox 469 1180 2058 1256">
    <p class='ocr_par' dir='ltr' id='par_1_12' title="bbox 469 1180 2058 1256">
     <span class='ocr_line' id='line_1_12' title="bbox 469 1180 2058 1256; baseline -0.004 -17"><span class='ocrx_word' id='word_1_87' title='bbox 469 1187 639 1243; x_wconf 77' lang='lat' dir='ltr'><strong>vultui</strong></span> <span class='ocrx_word' id='word_1_88' title='bbox 675 1187 764 1240; x_wconf 90' lang='lat' dir='ltr'><strong>Dei</strong></span> <span class='ocrx_word' id='word_1_89' title='bbox 796 1200 895 1256; x_wconf 91' lang='lat' dir='ltr'><strong>pro</strong></span> <span class='ocrx_word' id='word_1_90' title='bbox 925 1185 1080 1239; x_wconf 88' lang='lat' dir='ltr'><strong>nobis</strong></span> <span class='ocrx_word' id='word_1_91' title='bbox 1107 1182 1294 1251; x_wconf 80' lang='lat' dir='ltr'><strong>(Hebr.</strong></span> <span class='ocrx_word' id='word_1_92' title='bbox 1326 1183 1423 1253; x_wconf 77' lang='lat' dir='ltr'><strong>ix).</strong></span> <span class='ocrx_word' id='word_1_93' title='bbox 1458 1200 1476 1235; x_wconf 78' lang='grc' dir='ltr'><strong>ι</strong></span> <span class='ocrx_word' id='word_1_94' title='bbox 1503 1182 1615 1236; x_wconf 83' lang='lat' dir='ltr'><strong>Illic</strong></span> <span class='ocrx_word' id='word_1_95' title='bbox 1640 1196 1770 1250; x_wconf 88' lang='lat' dir='ltr'><strong>ergo</strong></span> <span class='ocrx_word' id='word_1_96' title='bbox 1797 1180 2058 1235; x_wconf 81' lang='lat' dir='ltr'><strong>habemus</strong></span> 
     </span>
    </p>
   </div>
   <div class='ocr_carea' id='block_1_13' title="bbox 469 1270 2060 1351">
    <p class='ocr_par' dir='ltr' id='par_1_13' title="bbox 469 1270 2060 1351">
     <span class='ocr_line' id='line_1_13' title="bbox 469 1270 2060 1351; baseline -0.003 -21"><span class='ocrx_word' id='word_1_97' title='bbox 469 1276 799 1351; x_wconf 83' lang='lat' dir='ltr'><strong>pontificem,</strong></span> <span class='ocrx_word' id='word_1_98' title='bbox 849 1276 940 1344; x_wconf 85' lang='lat' dir='ltr'><strong>qui</strong></span> <span class='ocrx_word' id='word_1_99' title='bbox 974 1273 1239 1342; x_wconf 87' lang='lat' dir='ltr'><strong>justiticat</strong></span> <span class='ocrx_word' id='word_1_100' title='bbox 1278 1283 1626 1343; x_wconf 88' lang='lat' dir='ltr'><strong>peccatores;</strong></span> <span class='ocrx_word' id='word_1_101' title='bbox 1658 1272 1766 1326; x_wconf 91' lang='lat' dir='ltr'><strong>illic</strong></span> <span class='ocrx_word' id='word_1_102' title='bbox 1798 1270 2060 1325; x_wconf 82' lang='lat' dir='ltr'><strong>habemus</strong></span> 
     </span>
    </p>
   </div>
   <div class='ocr_carea' id='block_1_14' title="bbox 470 1364 2058 1441">
    <p class='ocr_par' dir='ltr' id='par_1_14' title="bbox 470 1364 2058 1441">
     <span class='ocr_line' id='line_1_14' title="bbox 470 1364 2058 1441; baseline -0.004 -18"><span class='ocrx_word' id='word_1_103' title='bbox 470 1377 527 1424; x_wconf 88' lang='lat' dir='ltr'><strong>et</strong></span> <span class='ocrx_word' id='word_1_104' title='bbox 556 1383 759 1441; x_wconf 81' lang='lat' dir='ltr'><strong>regem,</strong></span> <span class='ocrx_word' id='word_1_105' title='bbox 786 1368 878 1438; x_wconf 90' lang='lat' dir='ltr'><strong>qui</strong></span> <span class='ocrx_word' id='word_1_106' title='bbox 904 1376 1132 1422; x_wconf 85' lang='lat' dir='ltr'><strong>coronat</strong></span> <span class='ocrx_word' id='word_1_107' title='bbox 1166 1374 1286 1435; x_wconf 89' lang='lat' dir='ltr'><strong>post</strong></span> <span class='ocrx_word' id='word_1_108' title='bbox 1314 1365 1597 1421; x_wconf 81' lang='lat' dir='ltr'><strong>victoriam</strong></span> <span class='ocrx_word' id='word_1_109' title='bbox 1641 1364 2058 1434; x_wconf 82' lang='lat' dir='ltr'><strong>triumphantes.</strong></span> 
     </span>
    </p>
   </div>
   <div class='ocr_carea' id='block_1_15' title="bbox 473 1453 2062 1531">
    <p class='ocr_par' dir='ltr' id='par_1_15' title="bbox 473 1453 2062 1531">
     <span class='ocr_line' id='line_1_15' title="bbox 473 1453 2062 1531; baseline -0.003 -20"><span class='ocrx_word' id='word_1_110' title='bbox 473 1460 565 1525; x_wconf 81' lang='lat' dir='ltr'><strong>qui</strong></span> <span class='ocrx_word' id='word_1_111' title='bbox 598 1458 852 1531; x_wconf 86' lang='lat' dir='ltr'><strong>nimirum</strong></span> <span class='ocrx_word' id='word_1_112' title='bbox 879 1456 944 1510; x_wconf 90' lang='lat' dir='ltr'><strong>ad</strong></span> <span class='ocrx_word' id='word_1_113' title='bbox 972 1457 1073 1509; x_wconf 90' lang='lat' dir='ltr'><strong>hoc</strong></span> <span class='ocrx_word' id='word_1_114' title='bbox 1101 1455 1349 1524; x_wconf 80' lang='lat' dir='ltr'><strong>dignatus</strong></span> <span class='ocrx_word' id='word_1_115' title='bbox 1389 1462 1473 1509; x_wconf 89' lang='lat' dir='ltr'><strong>est</strong></span> <span class='ocrx_word' id='word_1_116' title='bbox 1507 1456 1573 1508; x_wconf 89' lang='lat' dir='ltr'><strong>de</strong></span> <span class='ocrx_word' id='word_1_117' title='bbox 1603 1454 1829 1508; x_wconf 87' lang='lat' dir='ltr'><strong>summis</strong></span> <span class='ocrx_word' id='word_1_118' title='bbox 1861 1453 1927 1506; x_wconf 91' lang='lat' dir='ltr'><strong>ad</strong></span> <span class='ocrx_word' id='word_1_119' title='bbox 1955 1454 2062 1507; x_wconf 87' lang='lat' dir='ltr'><strong>ima</strong></span> 
     </span>
    </p>
   </div>
   <div class='ocr_carea' id='block_1_16' title="bbox 474 1545 2063 1614">
    <p class='ocr_par' dir='ltr' id='par_1_16' title="bbox 474 1545 2063 1614">
     <span class='ocr_line' id='line_1_16' title="bbox 474 1545 2063 1614; baseline -0.004 -10"><span class='ocrx_word' id='word_1_120' title='bbox 474 1562 658 1605; x_wconf 81' lang='lat' dir='ltr'><strong>nostra</strong></span> <span class='ocrx_word' id='word_1_121' title='bbox 682 1548 1031 1607; x_wconf 82' lang='lat' dir='ltr'><strong>descendere,</strong></span> <span class='ocrx_word' id='word_1_122' title='bbox 1071 1556 1129 1600; x_wconf 90' lang='lat' dir='ltr'><strong>ut</strong></span> <span class='ocrx_word' id='word_1_123' title='bbox 1159 1562 1257 1601; x_wconf 89' lang='lat' dir='ltr'><strong>nos</strong></span> <span class='ocrx_word' id='word_1_124' title='bbox 1284 1560 1468 1601; x_wconf 85' lang='lat' dir='ltr'><strong>secum</strong></span> <span class='ocrx_word' id='word_1_125' title='bbox 1496 1547 1564 1601; x_wconf 86' lang='lat' dir='ltr'><strong>ab</strong></span> <span class='ocrx_word' id='word_1_126' title='bbox 1592 1545 1792 1599; x_wconf 86' lang='lat' dir='ltr'><strong>infimis</strong></span> <span class='ocrx_word' id='word_1_127' title='bbox 1826 1545 1894 1600; x_wconf 90' lang='lat' dir='ltr'><strong>ad</strong></span> <span class='ocrx_word' id='word_1_128' title='bbox 1938 1559 2063 1614; x_wconf 81' lang='lat' dir='ltr'><strong>pro-</strong></span> 
     </span>
    </p>
   </div>
   <div class='ocr_carea' id='block_1_17' title="bbox 476 1635 2062 1709">
    <p class='ocr_par' dir='ltr' id='par_1_17' title="bbox 476 1635 2062 1709">
     <span class='ocr_line' id='line_1_17' title="bbox 476 1635 2062 1709; baseline -0.004 -15"><span class='ocrx_word' id='word_1_129' title='bbox 476 1640 595 1709; x_wconf 88' lang='lat' dir='ltr'><strong>pria</strong></span> <span class='ocrx_word' id='word_1_130' title='bbox 625 1638 954 1701; x_wconf 86' lang='lat' dir='ltr'><strong>sublevaret,</strong></span> <span class='ocrx_word' id='word_1_131' title='bbox 983 1636 1137 1691; x_wconf 82' lang='lat' dir='ltr'><strong>Jesus</strong></span> <span class='ocrx_word' id='word_1_132' title='bbox 1163 1637 1410 1691; x_wconf 82' lang='lat' dir='ltr'><strong>Christus</strong></span> <span class='ocrx_word' id='word_1_133' title='bbox 1443 1637 1700 1692; x_wconf 89' lang='lat' dir='ltr'><strong>Dominus</strong></span> <span class='ocrx_word' id='word_1_134' title='bbox 1733 1645 1944 1701; x_wconf 86' lang='lat' dir='ltr'><strong>noster,</strong></span> <span class='ocrx_word' id='word_1_135' title='bbox 1970 1635 2062 1707; x_wconf 88' lang='lat' dir='ltr'><strong>qui</strong></span> 
     </span>
    </p>
   </div>
   <div class='ocr_carea' id='block_1_18' title="bbox 475 1728 2062 1799">
    <p class='ocr_par' dir='ltr' id='par_1_18' title="bbox 475 1728 2062 1799">
     <span class='ocr_line' id='line_1_18' title="bbox 475 1728 2062 1799; baseline -0.003 -15"><span class='ocrx_word' id='word_1_136' title='bbox 475 1746 596 1784; x_wconf 80' lang='lat' dir='ltr'><strong>eum</strong></span> <span class='ocrx_word' id='word_1_137' title='bbox 630 1729 742 1784; x_wconf 87' lang='lat' dir='ltr'><strong>Deo</strong></span> <span class='ocrx_word' id='word_1_138' title='bbox 766 1728 925 1783; x_wconf 84' lang='lat' dir='ltr'><strong>Patre</strong></span> <span class='ocrx_word' id='word_1_139' title='bbox 955 1737 1009 1784; x_wconf 90' lang='lat' dir='ltr'><strong>et</strong></span> <span class='ocrx_word' id='word_1_140' title='bbox 1035 1728 1238 1799; x_wconf 84' lang='lat' dir='ltr'><strong>Spiritu</strong></span> <span class='ocrx_word' id='word_1_141' title='bbox 1269 1741 1458 1783; x_wconf 88' lang='lat' dir='ltr'><strong>sancto</strong></span> <span class='ocrx_word' id='word_1_142' title='bbox 1501 1729 1634 1782; x_wconf 89' lang='lat' dir='ltr'><strong>vivit</strong></span> <span class='ocrx_word' id='word_1_143' title='bbox 1677 1737 1733 1783; x_wconf 90' lang='lat' dir='ltr'><strong>et</strong></span> <span class='ocrx_word' id='word_1_144' title='bbox 1776 1737 1967 1798; x_wconf 82' lang='lat' dir='ltr'><strong>regnat</strong></span> <span class='ocrx_word' id='word_1_145' title='bbox 2009 1729 2062 1781; x_wconf 90' lang='lat' dir='ltr'><strong>in</strong></span> 
     </span>
    </p>
   </div>
   <div class='ocr_carea' id='block_1_19' title="bbox 475 1819 1259 1890">
    <p class='ocr_par' dir='ltr' id='par_1_19' title="bbox 475 1819 1259 1890">
     <span class='ocr_line' id='line_1_19' title="bbox 475 1819 1259 1890; baseline -0.004 -17"><span class='ocrx_word' id='word_1_146' title='bbox 475 1820 666 1890; x_wconf 66' lang='lat' dir='ltr'><strong>sreettla</strong></span> <span class='ocrx_word' id='word_1_147' title='bbox 697 1819 1034 1871; x_wconf 59' lang='lat' dir='ltr'><strong>saeculorum.</strong></span> <span class='ocrx_word' id='word_1_148' title='bbox 1067 1820 1259 1872; x_wconf 87' lang='lat' dir='ltr'><strong>Amen.</strong></span> 
     </span>
    </p>
   </div>
   <div class='ocr_carea' id='block_1_20' title="bbox 1071 1906 1472 1963">
    <p class='ocr_par' dir='ltr' id='par_1_20' title="bbox 1071 1906 1472 1963">
     <span class='ocr_line' id='line_1_20' title="bbox 1071 1906 1472 1963; baseline 0.005 -3"><span class='ocrx_word' id='word_1_149' title='bbox 1071 1906 1304 1963; x_wconf 76' lang='lat' dir='ltr'><strong>SERth</strong></span> <span class='ocrx_word' id='word_1_150' title='bbox 1342 1906 1472 1962; x_wconf 82' lang='lat' dir='ltr'><strong>LIV.</strong></span> 
     </span>
    </p>
   </div>
   <div class='ocr_carea' id='block_1_21' title="bbox 492 1996 1957 2069">
    <p class='ocr_par' dir='ltr' id='par_1_21' title="bbox 492 1996 1957 2069">
     <span class='ocr_line' id='line_1_21' title="bbox 492 1996 1957 2069; baseline -0.002 -16"><span class='ocrx_word' id='word_1_151' title='bbox 492 2024 493 2027; x_wconf 53' lang='grc' dir='ltr'><strong>η</strong></span> <span class='ocrx_word' id='word_1_152' title='bbox 582 2014 647 2053; x_wconf 75' lang='lat' dir='ltr'><strong>ne</strong></span> <span class='ocrx_word' id='word_1_153' title='bbox 684 2015 885 2055; x_wconf 54' lang='grc' dir='ltr'><strong>δικετο</strong></span> <span class='ocrx_word' id='word_1_154' title='bbox 925 2015 1113 2054; x_wconf 71' lang='grc' dir='ltr'><strong>πιυειε</strong></span> <span class='ocrx_word' id='word_1_155' title='bbox 1148 2014 1421 2054; x_wconf 69' lang='lat' dir='ltr'><strong>manus.</strong></span> <span class='ocrx_word' id='word_1_156' title='bbox 1476 1997 1668 2069; x_wconf 79' lang='lat' dir='ltr'><strong>(xxvttt</strong></span> <span class='ocrx_word' id='word_1_157' title='bbox 1705 1996 1957 2066; x_wconf 72' lang='lat' dir='ltr'><strong>ocroea.)</strong></span> 
     </span>
    </p>
   </div>
   <div class='ocr_carea' id='block_1_22' title="bbox 488 2088 2067 2159">
    <p class='ocr_par' dir='ltr' id='par_1_22' title="bbox 488 2088 2067 2159">
     <span class='ocr_line' id='line_1_22' title="bbox 488 2088 2067 2159; baseline -0.003 -13"><span class='ocrx_word' id='word_1_158' title='bbox 488 2114 497 2119; x_wconf 84' lang='grc'>·</span> <span class='ocrx_word' id='word_1_159' title='bbox 551 2092 756 2157; x_wconf 81' lang='lat' dir='ltr'><strong>Nostis,</strong></span> <span class='ocrx_word' id='word_1_160' title='bbox 782 2092 980 2159; x_wconf 87' lang='lat' dir='ltr'><strong>fratres</strong></span> <span class='ocrx_word' id='word_1_161' title='bbox 998 2093 1302 2146; x_wconf 87' lang='lat' dir='ltr'><strong>charissimi</strong></span> <span class='ocrx_word' id='word_1_162' title='bbox 1323 2131 1338 2156; x_wconf 95' lang='lat'><strong>,</strong></span> <span class='ocrx_word' id='word_1_163' title='bbox 1370 2091 1498 2159; x_wconf 87' lang='lat' dir='ltr'><strong>quia</strong></span> <span class='ocrx_word' id='word_1_164' title='bbox 1524 2091 1729 2145; x_wconf 92' lang='lat' dir='ltr'><strong>idcirco</strong></span> <span class='ocrx_word' id='word_1_165' title='bbox 1749 2090 1817 2144; x_wconf 91' lang='lat' dir='ltr'><strong>ad</strong></span> <span class='ocrx_word' id='word_1_166' title='bbox 1841 2088 2067 2143; x_wconf 82' lang='lat' dir='ltr'><strong>audien-</strong></span> 
     </span>
    </p>
   </div>
   <div class='ocr_carea' id='block_1_23' title="bbox 479 2177 2067 2253">
    <p class='ocr_par' dir='ltr' id='par_1_23' title="bbox 479 2177 2067 2253">
     <span class='ocr_line' id='line_1_23' title="bbox 479 2177 2067 2253; baseline -0.003 -18"><span class='ocrx_word' id='word_1_167' title='bbox 479 2184 576 2237; x_wconf 89' lang='lat' dir='ltr'><strong>das</strong></span> <span class='ocrx_word' id='word_1_168' title='bbox 607 2192 906 2253; x_wconf 82' lang='lat' dir='ltr'><strong>martyrum</strong></span> <span class='ocrx_word' id='word_1_169' title='bbox 932 2181 1136 2236; x_wconf 86' lang='lat' dir='ltr'><strong>Christi</strong></span> <span class='ocrx_word' id='word_1_170' title='bbox 1170 2183 1427 2237; x_wconf 83' lang='lat' dir='ltr'><strong>victorias</strong></span> <span class='ocrx_word' id='word_1_171' title='bbox 1467 2180 1781 2250; x_wconf 88' lang='lat' dir='ltr'><strong>frequenter</strong></span> <span class='ocrx_word' id='word_1_172' title='bbox 1811 2193 1875 2232; x_wconf 76' lang='lat' dir='ltr'><strong>ex</strong></span> <span class='ocrx_word' id='word_1_173' title='bbox 1907 2177 2067 2233; x_wconf 84' lang='lat' dir='ltr'><strong>insti-</strong></span> 
     </span>
    </p>
   </div>
   <div class='ocr_carea' id='block_1_24' title="bbox 481 2274 2066 2335">
    <p class='ocr_par' dir='ltr' id='par_1_24' title="bbox 481 2274 2066 2335">
     <span class='ocr_line' id='line_1_24' title="bbox 481 2274 2066 2335; baseline -0.003 -8"><span class='ocrx_word' id='word_1_174' title='bbox 481 2276 688 2330; x_wconf 87' lang='lat' dir='ltr'><strong>tutione</strong></span> <span class='ocrx_word' id='word_1_175' title='bbox 730 2274 1100 2330; x_wconf 87' lang='lat' dir='ltr'><strong>ecclesiastica</strong></span> <span class='ocrx_word' id='word_1_176' title='bbox 1146 2275 1535 2335; x_wconf 86' lang='lat' dir='ltr'><strong>convenimus,</strong></span> <span class='ocrx_word' id='word_1_177' title='bbox 1585 2281 1646 2325; x_wconf 89' lang='lat' dir='ltr'><strong>ut</strong></span> <span class='ocrx_word' id='word_1_178' title='bbox 1694 2274 1821 2325; x_wconf 88' lang='lat' dir='ltr'><strong>dum</strong></span> <span class='ocrx_word' id='word_1_179' title='bbox 1877 2283 2066 2325; x_wconf 89' lang='lat' dir='ltr'><strong>eorum</strong></span> 
     </span>
    </p>
   </div>
   <div class='ocr_carea' id='block_1_25' title="bbox 480 2360 2066 2434">
    <p class='ocr_par' dir='ltr' id='par_1_25' title="bbox 480 2360 2066 2434">
     <span class='ocr_line' id='line_1_25' title="bbox 480 2360 2066 2434; baseline -0.003 -15"><span class='ocrx_word' id='word_1_180' title='bbox 480 2366 648 2434; x_wconf 79' lang='lat' dir='ltr'><strong>gestis</strong></span> <span class='ocrx_word' id='word_1_181' title='bbox 680 2365 1019 2428; x_wconf 90' lang='lat' dir='ltr'><strong>instruimur,</strong></span> <span class='ocrx_word' id='word_1_182' title='bbox 1044 2365 1110 2417; x_wconf 91' lang='lat' dir='ltr'><strong>ad</strong></span> <span class='ocrx_word' id='word_1_183' title='bbox 1136 2378 1373 2419; x_wconf 89' lang='lat' dir='ltr'><strong>amorem</strong></span> <span class='ocrx_word' id='word_1_184' title='bbox 1394 2362 1634 2417; x_wconf 76' lang='lat' dir='ltr'><strong>crelestis</strong></span> <span class='ocrx_word' id='word_1_185' title='bbox 1661 2360 1847 2431; x_wconf 80' lang='lat' dir='ltr'><strong>patriae</strong></span> <span class='ocrx_word' id='word_1_186' title='bbox 1868 2398 1882 2423; x_wconf 90' lang='lat'><strong>,</strong></span> <span class='ocrx_word' id='word_1_187' title='bbox 1905 2373 2066 2429; x_wconf 88' lang='lat' dir='ltr'><strong>quam</strong></span> 
     </span>
    </p>
   </div>
   <div class='ocr_carea' id='block_1_26' title="bbox 482 2451 2072 2523">
    <p class='ocr_par' dir='ltr' id='par_1_26' title="bbox 482 2451 2072 2523">
     <span class='ocr_line' id='line_1_26' title="bbox 482 2451 2072 2523; baseline -0.001 -18"><span class='ocrx_word' id='word_1_188' title='bbox 482 2454 710 2508; x_wconf 81' lang='lat' dir='ltr'><strong>viriliter</strong></span> <span class='ocrx_word' id='word_1_189' title='bbox 736 2454 1078 2508; x_wconf 88' lang='lat' dir='ltr'><strong>decertantes</strong></span> <span class='ocrx_word' id='word_1_190' title='bbox 1107 2454 1284 2523; x_wconf 87' lang='lat' dir='ltr'><strong>adepti</strong></span> <span class='ocrx_word' id='word_1_191' title='bbox 1311 2463 1453 2517; x_wconf 88' lang='lat' dir='ltr'><strong>sunt,</strong></span> <span class='ocrx_word' id='word_1_192' title='bbox 1486 2453 1782 2507; x_wconf 79' lang='lat' dir='ltr'><strong>ferventius</strong></span> <span class='ocrx_word' id='word_1_193' title='bbox 1809 2451 2072 2506; x_wconf 83' lang='lat' dir='ltr'><strong>accenda-</strong></span> 
     </span>
    </p>
   </div>
   <div class='ocr_carea' id='block_1_27' title="bbox 484 2543 2071 2614">
    <p class='ocr_par' dir='ltr' id='par_1_27' title="bbox 484 2543 2071 2614">
     <span class='ocr_line' id='line_1_27' title="bbox 484 2543 2071 2614; baseline -0.001 -16"><span class='ocrx_word' id='word_1_194' title='bbox 484 2557 637 2610; x_wconf 85' lang='lat' dir='ltr'><strong>ntur;</strong></span> <span class='ocrx_word' id='word_1_195' title='bbox 668 2544 903 2612; x_wconf 89' lang='lat' dir='ltr'><strong>dumque</strong></span> <span class='ocrx_word' id='word_1_196' title='bbox 940 2544 1058 2598; x_wconf 89' lang='lat' dir='ltr'><strong>illos</strong></span> <span class='ocrx_word' id='word_1_197' title='bbox 1096 2545 1398 2598; x_wconf 88' lang='lat' dir='ltr'><strong>audivimus</strong></span> <span class='ocrx_word' id='word_1_198' title='bbox 1428 2544 1607 2599; x_wconf 84' lang='lat' dir='ltr'><strong>edicta</strong></span> <span class='ocrx_word' id='word_1_199' title='bbox 1643 2558 1860 2614; x_wconf 89' lang='lat' dir='ltr'><strong>regum,</strong></span> <span class='ocrx_word' id='word_1_200' title='bbox 1894 2543 2071 2597; x_wconf 87' lang='lat' dir='ltr'><strong>minas</strong></span> 
     </span>
    </p>
   </div>
   <div class='ocr_carea' id='block_1_28' title="bbox 486 2632 2075 2704">
    <p class='ocr_par' dir='ltr' id='par_1_28' title="bbox 486 2632 2075 2704">
     <span class='ocr_line' id='line_1_28' title="bbox 486 2632 2075 2704; baseline -0.003 -16"><span class='ocrx_word' id='word_1_201' title='bbox 486 2633 823 2704; x_wconf 82' lang='lat' dir='ltr'><strong>principum,</strong></span> <span class='ocrx_word' id='word_1_202' title='bbox 873 2633 1163 2687; x_wconf 84' lang='lat' dir='ltr'><strong>tribunalia</strong></span> <span class='ocrx_word' id='word_1_203' title='bbox 1198 2632 1439 2701; x_wconf 90' lang='lat' dir='ltr'><strong>judicum</strong></span> <span class='ocrx_word' id='word_1_204' title='bbox 1492 2640 1936 2695; x_wconf 85' lang='lat' dir='ltr'><strong>contemnentes,</strong></span> <span class='ocrx_word' id='word_1_205' title='bbox 1996 2638 2075 2689; x_wconf 85' lang='lat' dir='ltr'><strong>tot</strong></span> 
     </span>
    </p>
   </div>
   <div class='ocr_carea' id='block_1_29' title="bbox 481 2721 2073 2793">
    <p class='ocr_par' dir='ltr' id='par_1_29' title="bbox 481 2721 2073 2793">
     <span class='ocr_line' id='line_1_29' title="bbox 481 2721 2073 2793; baseline -0.003 -16"><span class='ocrx_word' id='word_1_206' title='bbox 481 2723 873 2793; x_wconf 74' lang='lat' dir='ltr'><strong>suppliciorum</strong></span> <span class='ocrx_word' id='word_1_207' title='bbox 918 2737 1118 2793; x_wconf 80' lang='lat' dir='ltr'><strong>genera</strong></span> <span class='ocrx_word' id='word_1_208' title='bbox 1163 2724 1497 2792; x_wconf 83' lang='lat' dir='ltr'><strong>percurrisse</strong></span> <span class='ocrx_word' id='word_1_209' title='bbox 1520 2761 1536 2787; x_wconf 93' lang='lat'><strong>,</strong></span> <span class='ocrx_word' id='word_1_210' title='bbox 1574 2722 1774 2791; x_wconf 82' lang='lat' dir='ltr'><strong>pudeat</strong></span> <span class='ocrx_word' id='word_1_211' title='bbox 1811 2721 2073 2790; x_wconf 74' lang='lat' dir='ltr'><strong>ingenuos</strong></span> 
     </span>
    </p>
   </div>
   <div class='ocr_carea' id='block_1_30' title="bbox 483 2802 2095 2871">
    <p class='ocr_par' dir='ltr' id='par_1_30' title="bbox 483 2802 2095 2871">
     <span class='ocr_line' id='line_1_30' title="bbox 483 2802 2095 2871; baseline -0.006 0"><span class='ocrx_word' id='word_1_212' title='bbox 483 2815 724 2871; x_wconf 88' lang='lat' dir='ltr'><strong>lldelium</strong></span> <span class='ocrx_word' id='word_1_213' title='bbox 765 2815 980 2871; x_wconf 88' lang='lat' dir='ltr'><strong>animos</strong></span> <span class='ocrx_word' id='word_1_214' title='bbox 1016 2817 1207 2869; x_wconf 89' lang='lat' dir='ltr'><strong>saltem</strong></span> <span class='ocrx_word' id='word_1_215' title='bbox 1249 2814 1433 2868; x_wconf 90' lang='lat' dir='ltr'><strong>carnis</strong></span> <span class='ocrx_word' id='word_1_216' title='bbox 1462 2828 1573 2871; x_wconf 81' lang='lat' dir='ltr'><strong>suae</strong></span> <span class='ocrx_word' id='word_1_217' title='bbox 1603 2812 1748 2867; x_wconf 81' lang='lat' dir='ltr'><strong>vitiis</strong></span> <span class='ocrx_word' id='word_1_218' title='bbox 1777 2825 1883 2865; x_wconf 90' lang='lat' dir='ltr'><strong>non</strong></span> <span class='ocrx_word' id='word_1_219' title='bbox 1928 2802 2095 2866; x_wconf 23' lang='lat' dir='ltr'><strong>obsi-‘</strong></span> 
     </span>
    </p>
   </div>
   <div class='ocr_carea' id='block_1_31' title="bbox 485 2900 2074 2975">
    <p class='ocr_par' dir='ltr' id='par_1_31' title="bbox 485 2900 2074 2975">
     <span class='ocr_line' id='line_1_31' title="bbox 485 2900 2074 2975; baseline -0.003 -16"><span class='ocrx_word' id='word_1_220' title='bbox 485 2914 653 2960; x_wconf 80' lang='lat' dir='ltr'><strong>atere.</strong></span> <span class='ocrx_word' id='word_1_221' title='bbox 686 2905 999 2960; x_wconf 83' lang='lat' dir='ltr'><strong>Pudendum</strong></span> <span class='ocrx_word' id='word_1_222' title='bbox 1028 2920 1259 2975; x_wconf 87' lang='lat' dir='ltr'><strong>namque</strong></span> <span class='ocrx_word' id='word_1_223' title='bbox 1294 2913 1379 2959; x_wconf 90' lang='lat' dir='ltr'><strong>est</strong></span> <span class='ocrx_word' id='word_1_224' title='bbox 1405 2905 1484 2958; x_wconf 87' lang='lat' dir='ltr'><strong>sic</strong></span> <span class='ocrx_word' id='word_1_225' title='bbox 1513 2903 1833 2958; x_wconf 85' lang='lat' dir='ltr'><strong>bellatorum</strong></span> <span class='ocrx_word' id='word_1_226' title='bbox 1873 2900 2074 2957; x_wconf 81' lang='lat' dir='ltr'><strong>Christi</strong></span> 
     </span>
    </p>
   </div>
   <div class='ocr_carea' id='block_1_32' title="bbox 484 2994 2070 3065">
    <p class='ocr_par' dir='ltr' id='par_1_32' title="bbox 484 2994 2070 3065">
     <span class='ocr_line' id='line_1_32' title="bbox 484 2994 2070 3065; baseline 0 -17"><span class='ocrx_word' id='word_1_227' title='bbox 484 3005 731 3065; x_wconf 85' lang='lat' dir='ltr'><strong>spectare</strong></span> <span class='ocrx_word' id='word_1_228' title='bbox 755 2997 1031 3062; x_wconf 89' lang='lat' dir='ltr'><strong>victorias,</strong></span> <span class='ocrx_word' id='word_1_229' title='bbox 1053 3006 1113 3050; x_wconf 92' lang='lat' dir='ltr'><strong>ut</strong></span> <span class='ocrx_word' id='word_1_230' title='bbox 1139 2998 1265 3050; x_wconf 91' lang='lat' dir='ltr'><strong>dum</strong></span> <span class='ocrx_word' id='word_1_231' title='bbox 1294 2997 1429 3051; x_wconf 90' lang='lat' dir='ltr'><strong>alios</strong></span> <span class='ocrx_word' id='word_1_232' title='bbox 1459 2996 1876 3065; x_wconf 90' lang='lat' dir='ltr'><strong>triumphalibus</strong></span> <span class='ocrx_word' id='word_1_233' title='bbox 1897 2994 2070 3049; x_wconf 86' lang='lat' dir='ltr'><strong>titulis</strong></span> 
     </span>
    </p>
   </div>
   <div class='ocr_carea' id='block_1_33' title="bbox 487 3086 2073 3156">
    <p class='ocr_par' dir='ltr' id='par_1_33' title="bbox 487 3086 2073 3156">
     <span class='ocr_line' id='line_1_33' title="bbox 487 3086 2073 3156; baseline -0.003 -16"><span class='ocrx_word' id='word_1_234' title='bbox 487 3087 796 3156; x_wconf 84' lang='lat' dir='ltr'><strong>insignitos,</strong></span> <span class='ocrx_word' id='word_1_235' title='bbox 820 3087 988 3156; x_wconf 89' lang='lat' dir='ltr'><strong>spolia</strong></span> <span class='ocrx_word' id='word_1_236' title='bbox 1014 3104 1076 3142; x_wconf 77' lang='lat' dir='ltr'><strong>ex</strong></span> <span class='ocrx_word' id='word_1_237' title='bbox 1108 3087 1356 3142; x_wconf 84' lang='lat' dir='ltr'><strong>hostibus</strong></span> <span class='ocrx_word' id='word_1_238' title='bbox 1386 3094 1661 3155; x_wconf 71' lang='lat' dir='ltr'><strong>reportat‘e</strong></span> <span class='ocrx_word' id='word_1_239' title='bbox 1688 3086 2073 3154; x_wconf 89' lang='lat' dir='ltr'><strong>conspicimus,</strong></span> 
     </span>
    </p>
   </div>
   <div class='ocr_carea' id='block_1_34' title="bbox 2156 553 3751 624">
    <p class='ocr_par' dir='ltr' id='par_1_34' title="bbox 2156 553 3751 624">
     <span class='ocr_line' id='line_1_34' title="bbox 2156 553 3751 624; baseline 0.005 -20"><span class='ocrx_word' id='word_1_240' title='bbox 2156 553 2417 620; x_wconf 78' lang='lat' dir='ltr'><strong>martyrio</strong></span> <span class='ocrx_word' id='word_1_241' title='bbox 2442 553 2659 622; x_wconf 80' lang='lat' dir='ltr'><strong>dignam</strong></span> <span class='ocrx_word' id='word_1_242' title='bbox 2688 553 2904 607; x_wconf 77' lang='lat' dir='ltr'><strong>duxisse</strong></span> <span class='ocrx_word' id='word_1_243' title='bbox 2929 556 3292 624; x_wconf 81' lang='lat' dir='ltr'><strong>cognoscitur.</strong></span> <span class='ocrx_word' id='word_1_244' title='bbox 3318 556 3454 610; x_wconf 84' lang='lat' dir='ltr'><strong>Nam</strong></span> <span class='ocrx_word' id='word_1_245' title='bbox 3478 574 3610 611; x_wconf 78' lang='lat' dir='ltr'><strong>cum</strong></span> <span class='ocrx_word' id='word_1_246' title='bbox 3634 556 3751 611; x_wconf 75' lang='lat' dir='ltr'><strong>cla-</strong></span> 
     </span>
    </p>
   </div>
   <div class='ocr_carea' id='block_1_35' title="bbox 2155 642 3751 708">
    <p class='ocr_par' dir='ltr' id='par_1_35' title="bbox 2155 642 3751 708">
     <span class='ocr_line' id='line_1_35' title="bbox 2155 642 3751 708; baseline 0.004 -12"><span class='ocrx_word' id='word_1_247' title='bbox 2155 642 2512 697; x_wconf 85' lang='lat' dir='ltr'><strong>ris.natalium</strong></span> <span class='ocrx_word' id='word_1_248' title='bbox 2546 643 2716 699; x_wconf 87' lang='lat' dir='ltr'><strong>titulis</strong></span> <span class='ocrx_word' id='word_1_249' title='bbox 2740 643 3041 708; x_wconf 86' lang='lat' dir='ltr'><strong>fulciretur,</strong></span> <span class='ocrx_word' id='word_1_250' title='bbox 3070 654 3123 697; x_wconf 88' lang='lat' dir='ltr'><strong>et</strong></span> <span class='ocrx_word' id='word_1_251' title='bbox 3147 646 3415 700; x_wconf 80' lang='lat' dir='ltr'><strong>arridente</strong></span> <span class='ocrx_word' id='word_1_252' title='bbox 3443 663 3628 701; x_wconf 80' lang='lat' dir='ltr'><strong>rerum</strong></span> <span class='ocrx_word' id='word_1_253' title='bbox 3654 662 3751 703; x_wconf 79' lang='lat' dir='ltr'><strong>eo-</strong></span> 
     </span>
    </p>
   </div>
   <div class='ocr_carea' id='block_1_36' title="bbox 2156 733 3750 807">
    <p class='ocr_par' dir='ltr' id='par_1_36' title="bbox 2156 733 3750 807">
     <span class='ocr_line' id='line_1_36' title="bbox 2156 733 3750 807; baseline 0.004 -22"><span class='ocrx_word' id='word_1_254' title='bbox 2156 736 2279 802; x_wconf 88' lang='lat' dir='ltr'><strong>pia,</strong></span> <span class='ocrx_word' id='word_1_255' title='bbox 2317 734 2457 787; x_wconf 84' lang='lat' dir='ltr'><strong>viam</strong></span> <span class='ocrx_word' id='word_1_256' title='bbox 2508 733 2688 787; x_wconf 87' lang='lat' dir='ltr'><strong>mundi</strong></span> <span class='ocrx_word' id='word_1_257' title='bbox 2726 743 2908 802; x_wconf 88' lang='lat' dir='ltr'><strong>posset</strong></span> <span class='ocrx_word' id='word_1_258' title='bbox 2952 750 3058 788; x_wconf 78' lang='lat' dir='ltr'><strong>non</strong></span> <span class='ocrx_word' id='word_1_259' title='bbox 3102 736 3424 803; x_wconf 81' lang='lat' dir='ltr'><strong>ingloriosus</strong></span> <span class='ocrx_word' id='word_1_260' title='bbox 3473 739 3750 807; x_wconf 85' lang='lat' dir='ltr'><strong>arripere,</strong></span> 
     </span>
    </p>
   </div>
   <div class='ocr_carea' id='block_1_37' title="bbox 2156 825 3750 898">
    <p class='ocr_par' dir='ltr' id='par_1_37' title="bbox 2156 825 3750 898">
     <span class='ocr_line' id='line_1_37' title="bbox 2156 825 3750 898; baseline 0.004 -20"><span class='ocrx_word' id='word_1_261' title='bbox 2156 831 2341 893; x_wconf 81' lang='lat' dir='ltr'><strong>Spreto</strong></span> <span class='ocrx_word' id='word_1_262' title='bbox 2368 835 2677 893; x_wconf 87' lang='lat' dir='ltr'><strong>maguatum</strong></span> <span class='ocrx_word' id='word_1_263' title='bbox 2719 825 3085 894; x_wconf 87' lang='lat' dir='ltr'><strong>quorumlibet</strong></span> <span class='ocrx_word' id='word_1_264' title='bbox 3129 830 3431 895; x_wconf 87' lang='lat' dir='ltr'><strong>patrocinio</strong></span> <span class='ocrx_word' id='word_1_265' title='bbox 3451 869 3465 893; x_wconf 92' lang='lat'><strong>,</strong></span> <span class='ocrx_word' id='word_1_266' title='bbox 3494 830 3750 898; x_wconf 86' lang='lat' dir='ltr'><strong>religioso</strong></span> 
     </span>
    </p>
   </div>
   <div class='ocr_carea' id='block_1_38' title="bbox 2157 914 3754 987">
    <p class='ocr_par' dir='ltr' id='par_1_38' title="bbox 2157 914 3754 987">
     <span class='ocr_line' id='line_1_38' title="bbox 2157 914 3754 987; baseline 0.004 -20"><span class='ocrx_word' id='word_1_267' title='bbox 2157 914 2383 967; x_wconf 88' lang='lat' dir='ltr'><strong>devotus</strong></span> <span class='ocrx_word' id='word_1_268' title='bbox 2410 914 2664 983; x_wconf 88' lang='lat' dir='ltr'><strong>episcopo</strong></span> <span class='ocrx_word' id='word_1_269' title='bbox 2705 914 2896 967; x_wconf 85' lang='lat' dir='ltr'><strong>maluit</strong></span> <span class='ocrx_word' id='word_1_270' title='bbox 2940 915 3218 970; x_wconf 81' lang='lat' dir='ltr'><strong>adfuerere</strong></span> <span class='ocrx_word' id='word_1_271' title='bbox 3245 956 3259 980; x_wconf 93' lang='lat'><strong>,</strong></span> <span class='ocrx_word' id='word_1_272' title='bbox 3308 926 3363 969; x_wconf 81' lang='grc' dir='ltr'><strong>ιιι</strong></span> <span class='ocrx_word' id='word_1_273' title='bbox 3393 932 3454 971; x_wconf 89' lang='lat' dir='ltr'><strong>se</strong></span> <span class='ocrx_word' id='word_1_274' title='bbox 3495 927 3754 987; x_wconf 88' lang='lat' dir='ltr'><strong>patenter</strong></span> 
     </span>
    </p>
   </div>
   <div class='ocr_carea' id='block_1_39' title="bbox 2157 1002 3753 1072">
    <p class='ocr_par' dir='ltr' id='par_1_39' title="bbox 2157 1002 3753 1072">
     <span class='ocr_line' id='line_1_39' title="bbox 2157 1002 3753 1072; baseline 0.004 -16"><span class='ocrx_word' id='word_1_275' title='bbox 2157 1003 2490 1067; x_wconf 77' lang='lat' dir='ltr'><strong>ostenderet,</strong></span> <span class='ocrx_word' id='word_1_276' title='bbox 2533 1018 2641 1057; x_wconf 93' lang='lat' dir='ltr'><strong>non</strong></span> <span class='ocrx_word' id='word_1_277' title='bbox 2680 1003 2747 1057; x_wconf 90' lang='lat' dir='ltr'><strong>ad</strong></span> <span class='ocrx_word' id='word_1_278' title='bbox 2791 1002 3059 1072; x_wconf 76' lang='lat' dir='ltr'><strong>gratiam,</strong></span> <span class='ocrx_word' id='word_1_279' title='bbox 3106 1004 3190 1058; x_wconf 89' lang='lat' dir='ltr'><strong>vel</strong></span> <span class='ocrx_word' id='word_1_280' title='bbox 3220 1006 3436 1060; x_wconf 81' lang='lat' dir='ltr'><strong>divitias</strong></span> <span class='ocrx_word' id='word_1_281' title='bbox 3486 1008 3753 1062; x_wconf 77' lang='lat' dir='ltr'><strong>anhelare</strong></span> 
     </span>
    </p>
   </div>
   <div class='ocr_carea' id='block_1_40' title="bbox 2157 1096 3752 1169">
    <p class='ocr_par' dir='ltr' id='par_1_40' title="bbox 2157 1096 3752 1169">
     <span class='ocr_line' id='line_1_40' title="bbox 2157 1096 3752 1169; baseline 0.004 -20"><span class='ocrx_word' id='word_1_282' title='bbox 2157 1096 2412 1165; x_wconf 90' lang='lat' dir='ltr'><strong>potentis,</strong></span> <span class='ocrx_word' id='word_1_283' title='bbox 2445 1096 2539 1149; x_wconf 90' lang='lat' dir='ltr'><strong>sed</strong></span> <span class='ocrx_word' id='word_1_284' title='bbox 2568 1096 2996 1150; x_wconf 81' lang='lat' dir='ltr'><strong>benedictionem</strong></span> <span class='ocrx_word' id='word_1_285' title='bbox 3036 1098 3214 1165; x_wconf 89' lang='lat' dir='ltr'><strong>potius</strong></span> <span class='ocrx_word' id='word_1_286' title='bbox 3250 1098 3454 1169; x_wconf 81' lang='lat' dir='ltr'><strong>eligere</strong></span> <span class='ocrx_word' id='word_1_287' title='bbox 3496 1101 3752 1155; x_wconf 72' lang='lat' dir='ltr'><strong>sacerdo~</strong></span> 
     </span>
    </p>
   </div>
   <div class='ocr_carea' id='block_1_41' title="bbox 2161 1186 3752 1257">
    <p class='ocr_par' dir='ltr' id='par_1_41' title="bbox 2161 1186 3752 1257">
     <span class='ocr_line' id='line_1_41' title="bbox 2161 1186 3752 1257; baseline 0.004 -19"><span class='ocrx_word' id='word_1_288' title='bbox 2161 1186 2251 1241; x_wconf 88' lang='lat' dir='ltr'><strong>tis.</strong></span> <span class='ocrx_word' id='word_1_289' title='bbox 2287 1186 2421 1241; x_wconf 89' lang='lat' dir='ltr'><strong>Cum</strong></span> <span class='ocrx_word' id='word_1_290' title='bbox 2450 1200 2558 1254; x_wconf 92' lang='lat' dir='ltr'><strong>quo</strong></span> <span class='ocrx_word' id='word_1_291' title='bbox 2582 1186 2838 1240; x_wconf 83' lang='lat' dir='ltr'><strong>videlicet</strong></span> <span class='ocrx_word' id='word_1_292' title='bbox 2877 1202 2982 1241; x_wconf 90' lang='lat' dir='ltr'><strong>non</strong></span> <span class='ocrx_word' id='word_1_293' title='bbox 3019 1188 3087 1241; x_wconf 88' lang='lat' dir='ltr'><strong>ad</strong></span> <span class='ocrx_word' id='word_1_294' title='bbox 3123 1186 3417 1257; x_wconf 81' lang='lat' dir='ltr'><strong>litigiorum</strong></span> <span class='ocrx_word' id='word_1_295' title='bbox 3449 1189 3752 1245; x_wconf 75' lang='lat' dir='ltr'><strong>forensium</strong></span> 
     </span>
    </p>
   </div>
   <div class='ocr_carea' id='block_1_42' title="bbox 2155 1275 3753 1347">
    <p class='ocr_par' dir='ltr' id='par_1_42' title="bbox 2155 1275 3753 1347">
     <span class='ocr_line' id='line_1_42' title="bbox 2155 1275 3753 1347; baseline 0.003 -19"><span class='ocrx_word' id='word_1_296' title='bbox 2155 1275 2353 1345; x_wconf 80' lang='lat' dir='ltr'><strong>jurgia,</strong></span> <span class='ocrx_word' id='word_1_297' title='bbox 2392 1291 2499 1330; x_wconf 85' lang='lat' dir='ltr'><strong>non</strong></span> <span class='ocrx_word' id='word_1_298' title='bbox 2533 1277 2598 1330; x_wconf 90' lang='lat' dir='ltr'><strong>ad</strong></span> <span class='ocrx_word' id='word_1_299' title='bbox 2648 1276 2980 1347; x_wconf 63' lang='lat' dir='ltr'><strong>praestigiosa</strong></span> <span class='ocrx_word' id='word_1_300' title='bbox 3010 1278 3264 1347; x_wconf 84' lang='lat' dir='ltr'><strong>figmenta</strong></span> <span class='ocrx_word' id='word_1_301' title='bbox 3304 1294 3623 1347; x_wconf 85' lang='lat' dir='ltr'><strong>scenarum,</strong></span> <span class='ocrx_word' id='word_1_302' title='bbox 3647 1297 3753 1335; x_wconf 84' lang='lat' dir='ltr'><strong>non</strong></span> 
     </span>
    </p>
   </div>
   <div class='ocr_carea' id='block_1_43' title="bbox 2162 1366 3752 1439">
    <p class='ocr_par' dir='ltr' id='par_1_43' title="bbox 2162 1366 3752 1439">
     <span class='ocr_line' id='line_1_43' title="bbox 2162 1366 3752 1439; baseline 0.003 -19"><span class='ocrx_word' id='word_1_303' title='bbox 2162 1367 2228 1420; x_wconf 88' lang='lat' dir='ltr'><strong>ad</strong></span> <span class='ocrx_word' id='word_1_304' title='bbox 2279 1366 2557 1421; x_wconf 88' lang='lat' dir='ltr'><strong>theatralia</strong></span> <span class='ocrx_word' id='word_1_305' title='bbox 2603 1368 2821 1437; x_wconf 87' lang='lat' dir='ltr'><strong>dignum</strong></span> <span class='ocrx_word' id='word_1_306' title='bbox 2871 1368 3023 1421; x_wconf 76' lang='lat' dir='ltr'><strong>duxit</strong></span> <span class='ocrx_word' id='word_1_307' title='bbox 3067 1383 3374 1423; x_wconf 88' lang='lat' dir='ltr'><strong>commeare</strong></span> <span class='ocrx_word' id='word_1_308' title='bbox 3414 1371 3752 1439; x_wconf 78' lang='lat' dir='ltr'><strong>spectacula,</strong></span> 
     </span>
    </p>
   </div>
   <div class='ocr_carea' id='block_1_44' title="bbox 2162 1459 3756 1529">
    <p class='ocr_par' dir='ltr' id='par_1_44' title="bbox 2162 1459 3756 1529">
     <span class='ocr_line' id='line_1_44' title="bbox 2162 1459 3756 1529; baseline 0.001 -16"><span class='ocrx_word' id='word_1_309' title='bbox 2162 1459 2255 1513; x_wconf 87' lang='lat' dir='ltr'><strong>sed</strong></span> <span class='ocrx_word' id='word_1_310' title='bbox 2289 1469 2587 1527; x_wconf 86' lang='lat' dir='ltr'><strong>martyrum</strong></span> <span class='ocrx_word' id='word_1_311' title='bbox 2616 1459 2795 1526; x_wconf 86' lang='lat' dir='ltr'><strong>potius</strong></span> <span class='ocrx_word' id='word_1_312' title='bbox 2821 1474 3071 1512; x_wconf 86' lang='lat' dir='ltr'><strong>carceres</strong></span> <span class='ocrx_word' id='word_1_313' title='bbox 3099 1460 3373 1513; x_wconf 87' lang='lat' dir='ltr'><strong>visitabat.</strong></span> <span class='ocrx_word' id='word_1_314' title='bbox 3413 1461 3479 1514; x_wconf 82' lang='lat' dir='ltr'><strong>Et</strong></span> <span class='ocrx_word' id='word_1_315' title='bbox 3508 1462 3640 1529; x_wconf 76' lang='lat' dir='ltr'><strong>quia</strong></span> <span class='ocrx_word' id='word_1_316' title='bbox 3664 1463 3756 1515; x_wconf 79' lang='lat' dir='ltr'><strong>de-</strong></span> 
     </span>
    </p>
   </div>
   <div class='ocr_carea' id='block_1_45' title="bbox 2163 1547 3756 1621">
    <p class='ocr_par' dir='ltr' id='par_1_45' title="bbox 2163 1547 3756 1621">
     <span class='ocr_line' id='line_1_45' title="bbox 2163 1547 3756 1621; baseline 0.004 -21"><span class='ocrx_word' id='word_1_317' title='bbox 2163 1560 2321 1603; x_wconf 85' lang='lat' dir='ltr'><strong>votus</strong></span> <span class='ocrx_word' id='word_1_318' title='bbox 2346 1549 2677 1619; x_wconf 84' lang='lat' dir='ltr'><strong>martyribus</strong></span> <span class='ocrx_word' id='word_1_319' title='bbox 2699 1547 2820 1612; x_wconf 90' lang='lat' dir='ltr'><strong>fuit,</strong></span> <span class='ocrx_word' id='word_1_320' title='bbox 2842 1551 3165 1617; x_wconf 75' lang='lat' dir='ltr'><strong>quandoque</strong></span> <span class='ocrx_word' id='word_1_321' title='bbox 3188 1560 3395 1603; x_wconf 76' lang='lat' dir='ltr'><strong>martvr</strong></span> <span class='ocrx_word' id='word_1_322' title='bbox 3417 1552 3537 1604; x_wconf 75' lang='lat' dir='ltr'><strong>ficri</strong></span> <span class='ocrx_word' id='word_1_323' title='bbox 3561 1561 3618 1606; x_wconf 86' lang='lat' dir='ltr'><strong>et</strong></span> <span class='ocrx_word' id='word_1_324' title='bbox 3643 1553 3756 1621; x_wconf 78' lang='lat' dir='ltr'><strong>ipso</strong></span> 
     </span>
    </p>
   </div>
   <div class='ocr_carea' id='block_1_46' title="bbox 2164 1641 2483 1711">
    <p class='ocr_par' dir='ltr' id='par_1_46' title="bbox 2164 1641 2483 1711">
     <span class='ocr_line' id='line_1_46' title="bbox 2164 1641 2483 1711; baseline -0.003 -17"><span class='ocrx_word' id='word_1_325' title='bbox 2164 1641 2483 1711; x_wconf 87' lang='lat' dir='ltr'><strong>promeruit.</strong></span> 
     </span>
    </p>
   </div>
   <div class='ocr_carea' id='block_1_47' title="bbox 2238 1729 3753 1803">
    <p class='ocr_par' dir='ltr' id='par_1_47' title="bbox 2238 1729 3753 1803">
     <span class='ocr_line' id='line_1_47' title="bbox 2238 1729 3753 1803; baseline 0.004 -19"><span class='ocrx_word' id='word_1_326' title='bbox 2238 1729 2329 1785; x_wconf 89' lang='lat' dir='ltr'><strong>Sic</strong></span> <span class='ocrx_word' id='word_1_327' title='bbox 2383 1731 2511 1784; x_wconf 90' lang='lat' dir='ltr'><strong>olim</strong></span> <span class='ocrx_word' id='word_1_328' title='bbox 2563 1731 2904 1801; x_wconf 88' lang='lat' dir='ltr'><strong>dispensator</strong></span> <span class='ocrx_word' id='word_1_329' title='bbox 2941 1731 3027 1786; x_wconf 91' lang='lat' dir='ltr'><strong>ille</strong></span> <span class='ocrx_word' id='word_1_330' title='bbox 3062 1733 3253 1787; x_wconf 89' lang='lat' dir='ltr'><strong>domus</strong></span> <span class='ocrx_word' id='word_1_331' title='bbox 3304 1734 3467 1803; x_wconf 61' lang='lat' dir='ltr'><strong>regiae</strong></span> <span class='ocrx_word' id='word_1_332' title='bbox 3515 1734 3753 1799; x_wconf 73' lang='lat' dir='ltr'><strong>Abdias,</strong></span> 
     </span>
    </p>
   </div>
   <div class='ocr_carea' id='block_1_48' title="bbox 2089 1808 3755 1893">
    <p class='ocr_par' dir='ltr' id='par_1_48' title="bbox 2089 1808 3755 1893">
     <span class='ocr_line' id='line_1_48' title="bbox 2089 1808 3755 1893; baseline 0.005 -24"><span class='ocrx_word' id='word_1_333' title='bbox 2089 1808 2137 1869; x_wconf 84' lang='grc' dir='ltr'><strong>Β</strong></span> <span class='ocrx_word' id='word_1_334' title='bbox 2165 1822 2287 1891; x_wconf 87' lang='lat' dir='ltr'><strong>quia</strong></span> <span class='ocrx_word' id='word_1_335' title='bbox 2319 1821 2611 1890; x_wconf 87' lang='lat' dir='ltr'><strong>pr0phetas</strong></span> <span class='ocrx_word' id='word_1_336' title='bbox 2644 1810 2860 1877; x_wconf 84' lang='lat' dir='ltr'><strong>centum</strong></span> <span class='ocrx_word' id='word_1_337' title='bbox 2894 1822 2944 1875; x_wconf 90' lang='lat' dir='ltr'><strong>in</strong></span> <span class='ocrx_word' id='word_1_338' title='bbox 2971 1821 3237 1892; x_wconf 87' lang='lat' dir='ltr'><strong>specubus</strong></span> <span class='ocrx_word' id='word_1_339' title='bbox 3271 1823 3624 1879; x_wconf 77' lang='lat' dir='ltr'><strong>absconditos</strong></span> <span class='ocrx_word' id='word_1_340' title='bbox 3658 1841 3755 1893; x_wconf 80' lang='lat' dir='ltr'><strong>pa-</strong></span> 
     </span>
    </p>
   </div>
   <div class='ocr_carea' id='block_1_49' title="bbox 2166 1911 3760 1983">
    <p class='ocr_par' dir='ltr' id='par_1_49' title="bbox 2166 1911 3760 1983">
     <span class='ocr_line' id='line_1_49' title="bbox 2166 1911 3760 1983; baseline 0.003 -19"><span class='ocrx_word' id='word_1_341' title='bbox 2166 1912 2262 1977; x_wconf 87' lang='lat' dir='ltr'><strong>vit,</strong></span> <span class='ocrx_word' id='word_1_342' title='bbox 2294 1911 2661 1981; x_wconf 86' lang='lat' dir='ltr'><strong>prophetalem</strong></span> <span class='ocrx_word' id='word_1_343' title='bbox 2689 1913 2922 1983; x_wconf 90' lang='lat' dir='ltr'><strong>gratiam</strong></span> <span class='ocrx_word' id='word_1_344' title='bbox 2966 1921 3022 1964; x_wconf 90' lang='lat' dir='ltr'><strong>et</strong></span> <span class='ocrx_word' id='word_1_345' title='bbox 3061 1913 3175 1980; x_wconf 85' lang='lat' dir='ltr'><strong>ipse</strong></span> <span class='ocrx_word' id='word_1_346' title='bbox 3219 1914 3566 1981; x_wconf 84' lang='lat' dir='ltr'><strong>postmodum</strong></span> <span class='ocrx_word' id='word_1_347' title='bbox 3597 1916 3760 1983; x_wconf 81' lang='lat' dir='ltr'><strong>digne</strong></span> 
     </span>
    </p>
   </div>
   <div class='ocr_carea' id='block_1_50' title="bbox 2168 2001 3760 2073">
    <p class='ocr_par' dir='ltr' id='par_1_50' title="bbox 2168 2001 3760 2073">
     <span class='ocr_line' id='line_1_50' title="bbox 2168 2001 3760 2073; baseline 0.003 -18"><span class='ocrx_word' id='word_1_348' title='bbox 2168 2011 2573 2066; x_wconf 85' lang='lat' dir='ltr'><strong>remuneratus,</strong></span> <span class='ocrx_word' id='word_1_349' title='bbox 2607 2004 2814 2071; x_wconf 86' lang='lat' dir='ltr'><strong>accepit</strong></span> <span class='ocrx_word' id='word_1_350' title='bbox 2843 2002 2963 2071; x_wconf 89' lang='grc'><em>(111</em></span> <span class='ocrx_word' id='word_1_351' title='bbox 2995 2001 3119 2072; x_wconf 83' lang='lat' dir='ltr'><strong>Reg.</strong></span> <span class='ocrx_word' id='word_1_352' title='bbox 3150 2003 3327 2072; x_wconf 74' lang='lat' dir='ltr'><strong>nni).</strong></span> <span class='ocrx_word' id='word_1_353' title='bbox 3377 2004 3442 2058; x_wconf 77' lang='lat' dir='ltr'><strong>Et</strong></span> <span class='ocrx_word' id='word_1_354' title='bbox 3488 2005 3581 2073; x_wconf 89' lang='lat' dir='ltr'><strong>qui</strong></span> <span class='ocrx_word' id='word_1_355' title='bbox 3628 2014 3760 2059; x_wconf 83' lang='lat' dir='ltr'><strong>tunc</strong></span> 
     </span>
    </p>
   </div>
   <div class='ocr_carea' id='block_1_51' title="bbox 2168 2092 3758 2164">
    <p class='ocr_par' dir='ltr' id='par_1_51' title="bbox 2168 2092 3758 2164">
     <span class='ocr_line' id='line_1_51' title="bbox 2168 2092 3758 2164; baseline -0.002 -16"><span class='ocrx_word' id='word_1_356' title='bbox 2168 2109 2309 2164; x_wconf 87' lang='lat' dir='ltr'><strong>pane</strong></span> <span class='ocrx_word' id='word_1_357' title='bbox 2349 2093 2508 2147; x_wconf 86' lang='lat' dir='ltr'><strong>simul</strong></span> <span class='ocrx_word' id='word_1_358' title='bbox 2531 2104 2588 2149; x_wconf 90' lang='lat' dir='ltr'><strong>et</strong></span> <span class='ocrx_word' id='word_1_359' title='bbox 2610 2110 2750 2162; x_wconf 89' lang='lat' dir='ltr'><strong>aqua</strong></span> <span class='ocrx_word' id='word_1_360' title='bbox 2785 2092 3168 2163; x_wconf 89' lang='lat' dir='ltr'><strong>prophetarum</strong></span> <span class='ocrx_word' id='word_1_361' title='bbox 3203 2095 3336 2147; x_wconf 87' lang='lat' dir='ltr'><strong>aluit</strong></span> <span class='ocrx_word' id='word_1_362' title='bbox 3359 2095 3463 2162; x_wconf 72' lang='lat' dir='ltr'><strong>pia:</strong></span> <span class='ocrx_word' id='word_1_363' title='bbox 3496 2095 3758 2149; x_wconf 83' lang='lat' dir='ltr'><strong>sedulita-</strong></span> 
     </span>
    </p>
   </div>
   <div class='ocr_carea' id='block_1_52' title="bbox 2170 2184 3757 2253">
    <p class='ocr_par' dir='ltr' id='par_1_52' title="bbox 2170 2184 3757 2253">
     <span class='ocr_line' id='line_1_52' title="bbox 2170 2184 3757 2253; baseline -0.003 -10"><span class='ocrx_word' id='word_1_364' title='bbox 2170 2190 2240 2243; x_wconf 85' lang='lat' dir='ltr'><strong>tis</strong></span> <span class='ocrx_word' id='word_1_365' title='bbox 2276 2186 2576 2240; x_wconf 89' lang='lat' dir='ltr'><strong>ministerio</strong></span> <span class='ocrx_word' id='word_1_366' title='bbox 2603 2184 2836 2247; x_wconf 91' lang='lat' dir='ltr'><strong>turbam,</strong></span> <span class='ocrx_word' id='word_1_367' title='bbox 2870 2199 3013 2238; x_wconf 87' lang='lat' dir='ltr'><strong>nunc</strong></span> <span class='ocrx_word' id='word_1_368' title='bbox 3045 2185 3339 2253; x_wconf 67' lang='lat' dir='ltr'><strong>prophetizc</strong></span> <span class='ocrx_word' id='word_1_369' title='bbox 3361 2200 3474 2239; x_wconf 70' lang='lat' dir='ltr'><strong>suae</strong></span> <span class='ocrx_word' id='word_1_370' title='bbox 3496 2184 3757 2250; x_wconf 84' lang='lat' dir='ltr'><strong>oraculis,</strong></span> 
     </span>
    </p>
   </div>
   <div class='ocr_carea' id='block_1_53' title="bbox 2170 2273 3763 2340">
    <p class='ocr_par' dir='ltr' id='par_1_53' title="bbox 2170 2273 3763 2340">
     <span class='ocr_line' id='line_1_53' title="bbox 2170 2273 3763 2340; baseline -0.003 -9"><span class='ocrx_word' id='word_1_371' title='bbox 2170 2275 2478 2331; x_wconf 84' lang='lat' dir='ltr'><strong>ccelestibus</strong></span> <span class='ocrx_word' id='word_1_372' title='bbox 2504 2274 2753 2328; x_wconf 86' lang='lat' dir='ltr'><strong>videlicet</strong></span> <span class='ocrx_word' id='word_1_373' title='bbox 2781 2273 3073 2340; x_wconf 88' lang='lat' dir='ltr'><strong>alimentis,</strong></span> <span class='ocrx_word' id='word_1_374' title='bbox 3100 2274 3412 2327; x_wconf 87' lang='lat' dir='ltr'><strong>universam</strong></span> <span class='ocrx_word' id='word_1_375' title='bbox 3440 2283 3681 2335; x_wconf 86' lang='lat' dir='ltr'><strong>recreat,</strong></span> <span class='ocrx_word' id='word_1_376' title='bbox 3704 2285 3763 2328; x_wconf 87' lang='lat' dir='ltr'><strong>et</strong></span> 
     </span>
    </p>
   </div>
   <div class='ocr_carea' id='block_1_54' title="bbox 2170 2362 3759 2438">
    <p class='ocr_par' dir='ltr' id='par_1_54' title="bbox 2170 2362 3759 2438">
     <span class='ocr_line' id='line_1_54' title="bbox 2170 2362 3759 2438; baseline -0.003 -17"><span class='ocrx_word' id='word_1_377' title='bbox 2170 2368 2348 2438; x_wconf 89' lang='lat' dir='ltr'><strong>pascit</strong></span> <span class='ocrx_word' id='word_1_378' title='bbox 2375 2366 2696 2421; x_wconf 77' lang='lat' dir='ltr'><strong>Ecclesium.</strong></span> <span class='ocrx_word' id='word_1_379' title='bbox 2728 2365 2820 2419; x_wconf 89' lang='lat' dir='ltr'><strong>Sic</strong></span> <span class='ocrx_word' id='word_1_380' title='bbox 2851 2362 3035 2429; x_wconf 83' lang='lat' dir='ltr'><strong>Josue,</strong></span> <span class='ocrx_word' id='word_1_381' title='bbox 3060 2365 3151 2433; x_wconf 86' lang='lat' dir='ltr'><strong>qui</strong></span> <span class='ocrx_word' id='word_1_382' title='bbox 3177 2364 3341 2433; x_wconf 79' lang='lat' dir='ltr'><strong>Moysi</strong></span> <span class='ocrx_word' id='word_1_383' title='bbox 3370 2405 3384 2431; x_wconf 91' lang='lat'><strong>,</strong></span> <span class='ocrx_word' id='word_1_384' title='bbox 3426 2366 3645 2419; x_wconf 88' lang='lat' dir='ltr'><strong>ductori</strong></span> <span class='ocrx_word' id='word_1_385' title='bbox 3677 2366 3759 2417; x_wconf 83' lang='lat' dir='ltr'><strong>vi-</strong></span> 
     </span>
    </p>
   </div>
   <div class='ocr_carea' id='block_1_55' title="bbox 2171 2453 3760 2524">
    <p class='ocr_par' dir='ltr' id='par_1_55' title="bbox 2171 2453 3760 2524">
     <span class='ocr_line' id='line_1_55' title="bbox 2171 2453 3760 2524; baseline -0.004 -12"><span class='ocrx_word' id='word_1_386' title='bbox 2171 2457 2364 2513; x_wconf 86' lang='lat' dir='ltr'><strong>delicet</strong></span> <span class='ocrx_word' id='word_1_387' title='bbox 2392 2455 2697 2509; x_wconf 64' lang='lat' dir='ltr'><strong>Israeliticae</strong></span> <span class='ocrx_word' id='word_1_388' title='bbox 2722 2453 2926 2524; x_wconf 84' lang='lat' dir='ltr'><strong>plebis,</strong></span> <span class='ocrx_word' id='word_1_389' title='bbox 2955 2454 3269 2524; x_wconf 83' lang='lat' dir='ltr'><strong>obsequium</strong></span> <span class='ocrx_word' id='word_1_390' title='bbox 3314 2453 3616 2508; x_wconf 77' lang='lat' dir='ltr'><strong>famulatus</strong></span> <span class='ocrx_word' id='word_1_391' title='bbox 3656 2456 3760 2508; x_wconf 81' lang='lat' dir='ltr'><strong>im-</strong></span> 
     </span>
    </p>
   </div>
   <div class='ocr_carea' id='block_1_56' title="bbox 2171 2545 3762 2619">
    <p class='ocr_par' dir='ltr' id='par_1_56' title="bbox 2171 2545 3762 2619">
     <span class='ocr_line' id='line_1_56' title="bbox 2171 2545 3762 2619; baseline -0.001 -17"><span class='ocrx_word' id='word_1_392' title='bbox 2171 2549 2378 2619; x_wconf 85' lang='lat' dir='ltr'><strong>pendit,</strong></span> <span class='ocrx_word' id='word_1_393' title='bbox 2411 2547 2583 2601; x_wconf 89' lang='lat' dir='ltr'><strong>eidem</strong></span> <span class='ocrx_word' id='word_1_394' title='bbox 2615 2547 2951 2616; x_wconf 86' lang='lat' dir='ltr'><strong>postmodum</strong></span> <span class='ocrx_word' id='word_1_395' title='bbox 2981 2546 3144 2615; x_wconf 89' lang='lat' dir='ltr'><strong>plebi,</strong></span> <span class='ocrx_word' id='word_1_396' title='bbox 3174 2555 3230 2600; x_wconf 89' lang='lat' dir='ltr'><strong>et</strong></span> <span class='ocrx_word' id='word_1_397' title='bbox 3254 2545 3604 2601; x_wconf 81' lang='lat' dir='ltr'><strong>laudabiliter</strong></span> <span class='ocrx_word' id='word_1_398' title='bbox 3627 2561 3762 2615; x_wconf 70' lang='lat' dir='ltr'><strong>pra:-</strong></span> 
     </span>
    </p>
   </div>
   <div class='ocr_carea' id='block_1_57' title="bbox 2174 2635 3761 2705">
    <p class='ocr_par' dir='ltr' id='par_1_57' title="bbox 2174 2635 3761 2705">
     <span class='ocr_line' id='line_1_57' title="bbox 2174 2635 3761 2705; baseline -0.002 -15"><span class='ocrx_word' id='word_1_399' title='bbox 2174 2637 2293 2703; x_wconf 89' lang='lat' dir='ltr'><strong>fuit,</strong></span> <span class='ocrx_word' id='word_1_400' title='bbox 2324 2646 2379 2691; x_wconf 92' lang='lat' dir='ltr'><strong>et</strong></span> <span class='ocrx_word' id='word_1_401' title='bbox 2412 2637 2477 2690; x_wconf 81' lang='lat' dir='ltr'><strong>de</strong></span> <span class='ocrx_word' id='word_1_402' title='bbox 2502 2636 2621 2705; x_wconf 85' lang='lat' dir='ltr'><strong>ejus</strong></span> <span class='ocrx_word' id='word_1_403' title='bbox 2644 2635 2970 2690; x_wconf 85' lang='lat' dir='ltr'><strong>adversariis</strong></span> <span class='ocrx_word' id='word_1_404' title='bbox 2994 2649 3117 2688; x_wconf 90' lang='lat' dir='ltr'><strong>cum</strong></span> <span class='ocrx_word' id='word_1_405' title='bbox 3145 2649 3337 2704; x_wconf 73' lang='lat' dir='ltr'><strong>magna</strong></span> <span class='ocrx_word' id='word_1_406' title='bbox 3363 2635 3539 2702; x_wconf 80' lang='lat' dir='ltr'><strong>gloria</strong></span> <span class='ocrx_word' id='word_1_407' title='bbox 3565 2635 3761 2689; x_wconf 79' lang='lat' dir='ltr'><strong>trium-</strong></span> 
     </span>
    </p>
   </div>
   <div class='ocr_carea' id='block_1_58' title="bbox 2172 2724 3765 2798">
    <p class='ocr_par' dir='ltr' id='par_1_58' title="bbox 2172 2724 3765 2798">
     <span class='ocr_line' id='line_1_58' title="bbox 2172 2724 3765 2798; baseline -0.001 -17"><span class='ocrx_word' id='word_1_408' title='bbox 2172 2729 2362 2798; x_wconf 86' lang='lat' dir='ltr'><strong>phavit</strong></span> <span class='ocrx_word' id='word_1_409' title='bbox 2389 2728 2524 2798; x_wconf 75' lang='lat' dir='ltr'><strong>(los.</strong></span> <span class='ocrx_word' id='word_1_410' title='bbox 2556 2729 2617 2797; x_wconf 89' lang='lat' dir='ltr'><strong>t).</strong></span> <span class='ocrx_word' id='word_1_411' title='bbox 2661 2727 2800 2793; x_wconf 84' lang='lat' dir='ltr'><strong>Quid</strong></span> <span class='ocrx_word' id='word_1_412' title='bbox 2844 2725 3078 2779; x_wconf 84' lang='lat' dir='ltr'><strong>Eliseum</strong></span> <span class='ocrx_word' id='word_1_413' title='bbox 3118 2726 3370 2789; x_wconf 85' lang='lat' dir='ltr'><strong>referam,</strong></span> <span class='ocrx_word' id='word_1_414' title='bbox 3408 2724 3504 2794; x_wconf 76' lang='lat' dir='ltr'><strong>qui</strong></span> <span class='ocrx_word' id='word_1_415' title='bbox 3540 2725 3670 2779; x_wconf 87' lang='lat' dir='ltr'><strong>dum</strong></span> <span class='ocrx_word' id='word_1_416' title='bbox 3697 2725 3765 2779; x_wconf 70' lang='lat' dir='ltr'><strong>ab</strong></span> 
     </span>
    </p>
   </div>
   <div class='ocr_carea' id='block_1_59' title="bbox 2170 2814 3767 2886">
    <p class='ocr_par' dir='ltr' id='par_1_59' title="bbox 2170 2814 3767 2886">
     <span class='ocr_line' id='line_1_59' title="bbox 2170 2814 3767 2886; baseline -0.002 -14"><span class='ocrx_word' id='word_1_417' title='bbox 2170 2819 2288 2874; x_wconf 81' lang='lat' dir='ltr'><strong>Elia</strong></span> <span class='ocrx_word' id='word_1_418' title='bbox 2312 2817 2555 2886; x_wconf 74' lang='lat' dir='ltr'><strong>separari</strong></span> <span class='ocrx_word' id='word_1_419' title='bbox 2582 2832 2683 2870; x_wconf 90' lang='lat' dir='ltr'><strong>nec</strong></span> <span class='ocrx_word' id='word_1_420' title='bbox 2703 2814 2769 2870; x_wconf 87' lang='lat' dir='ltr'><strong>ad</strong></span> <span class='ocrx_word' id='word_1_421' title='bbox 2797 2823 3126 2869; x_wconf 86' lang='lat' dir='ltr'><strong>momentum</strong></span> <span class='ocrx_word' id='word_1_422' title='bbox 3150 2815 3375 2883; x_wconf 82' lang='lat' dir='ltr'><strong>patitur,</strong></span> <span class='ocrx_word' id='word_1_423' title='bbox 3397 2815 3519 2882; x_wconf 84' lang='lat' dir='ltr'><strong>ejus</strong></span> <span class='ocrx_word' id='word_1_424' title='bbox 3536 2814 3767 2869; x_wconf 82' lang='lat' dir='ltr'><strong>subinde</strong></span> 
     </span>
    </p>
   </div>
   <div class='ocr_carea' id='block_1_60' title="bbox 2172 2904 3764 2981">
    <p class='ocr_par' dir='ltr' id='par_1_60' title="bbox 2172 2904 3764 2981">
     <span class='ocr_line' id='line_1_60' title="bbox 2172 2904 3764 2981; baseline -0.004 -16"><span class='ocrx_word' id='word_1_425' title='bbox 2172 2911 2425 2981; x_wconf 84' lang='lat' dir='ltr'><strong>spiritum</strong></span> <span class='ocrx_word' id='word_1_426' title='bbox 2465 2909 2731 2977; x_wconf 87' lang='lat' dir='ltr'><strong>duplicem</strong></span> <span class='ocrx_word' id='word_1_427' title='bbox 2772 2906 3144 2975; x_wconf 82' lang='lat' dir='ltr'><strong>promeretur?</strong></span> <span class='ocrx_word' id='word_1_428' title='bbox 3188 2904 3241 2974; x_wconf 89' lang='grc'><strong>(1</strong></span> <span class='ocrx_word' id='word_1_429' title='bbox 3260 2904 3295 2955; x_wconf 79' lang='grc' dir='ltr'><em>γ</em></span> <span class='ocrx_word' id='word_1_430' title='bbox 3328 2905 3455 2975; x_wconf 82' lang='lat' dir='ltr'><strong>Reg.</strong></span> <span class='ocrx_word' id='word_1_431' title='bbox 3491 2906 3579 2975; x_wconf 90' lang='grc' dir='ltr'>ιι.)</span> <span class='ocrx_word' id='word_1_432' title='bbox 3611 2906 3689 2960; x_wconf 79' lang='lat' dir='ltr'><strong>Ac</strong></span> <span class='ocrx_word' id='word_1_433' title='bbox 3721 2906 3764 2959; x_wconf 81' lang='lat' dir='ltr'><strong>si</strong></span> 
     </span>
    </p>
   </div>
   <div class='ocr_carea' id='block_1_61' title="bbox 2169 2995 3761 3070">
    <p class='ocr_par' dir='ltr' id='par_1_61' title="bbox 2169 2995 3761 3070">
     <span class='ocr_line' id='line_1_61' title="bbox 2169 2995 3761 3070; baseline -0.004 -16"><span class='ocrx_word' id='word_1_434' title='bbox 2169 3000 2283 3070; x_wconf 86' lang='lat' dir='ltr'><strong>jam</strong></span> <span class='ocrx_word' id='word_1_435' title='bbox 2341 3010 2469 3055; x_wconf 88' lang='lat' dir='ltr'><strong>tunc</strong></span> <span class='ocrx_word' id='word_1_436' title='bbox 2533 2998 2791 3053; x_wconf 90' lang='lat' dir='ltr'><strong>Dominus</strong></span> <span class='ocrx_word' id='word_1_437' title='bbox 2844 2996 2971 3050; x_wconf 88' lang='lat' dir='ltr'><strong>illud</strong></span> <span class='ocrx_word' id='word_1_438' title='bbox 3019 2995 3389 3065; x_wconf 81' lang='lat' dir='ltr'><strong>evangelicum</strong></span> <span class='ocrx_word' id='word_1_439' title='bbox 3443 2995 3761 3049; x_wconf 85' lang='lat' dir='ltr'><strong>intonaret:</strong></span> 
     </span>
    </p>
   </div>
   <div class='ocr_carea' id='block_1_62' title="bbox 2183 3085 3768 3157">
    <p class='ocr_par' dir='ltr' id='par_1_62' title="bbox 2183 3085 3768 3157">
     <span class='ocr_line' id='line_1_62' title="bbox 2183 3085 3768 3157; baseline -0.003 -15"><span class='ocrx_word' id='word_1_440' title='bbox 2183 3111 2200 3142; x_wconf 74' lang='grc' dir='ltr'><strong>ι</strong></span> <span class='ocrx_word' id='word_1_441' title='bbox 2235 3091 2334 3156; x_wconf 84' lang='lat' dir='ltr'><strong>Qui</strong></span> <span class='ocrx_word' id='word_1_442' title='bbox 2362 3089 2554 3157; x_wconf 78' lang='lat' dir='ltr'><strong>recipit</strong></span> <span class='ocrx_word' id='word_1_443' title='bbox 2581 3088 2897 3156; x_wconf 87' lang='lat' dir='ltr'><strong>prophetam</strong></span> <span class='ocrx_word' id='word_1_444' title='bbox 2937 3086 2992 3138; x_wconf 86' lang='lat' dir='ltr'><strong>in</strong></span> <span class='ocrx_word' id='word_1_445' title='bbox 3042 3085 3261 3139; x_wconf 88' lang='lat' dir='ltr'><strong>nomine</strong></span> <span class='ocrx_word' id='word_1_446' title='bbox 3286 3085 3600 3155; x_wconf 55' lang='lat' dir='ltr'><strong>propheta,</strong></span> <span class='ocrx_word' id='word_1_447' title='bbox 3628 3100 3768 3139; x_wconf 87' lang='lat' dir='ltr'><strong>mer-</strong></span> 
     </span>
    </p>
   </div>
   <div class='ocr_carea' id='block_1_63' title="bbox 488 3174 3329 3250">
    <p class='ocr_par' dir='ltr' id='par_1_63' title="bbox 488 3174 3329 3250">
     <span class='ocr_line' id='line_1_63' title="bbox 488 3174 3329 3250; baseline 0 -23"><span class='ocrx_word' id='word_1_448' title='bbox 488 3176 588 3244; x_wconf 83' lang='lat' dir='ltr'><strong>tpsi</strong></span> <span class='ocrx_word' id='word_1_449' title='bbox 625 3176 677 3227; x_wconf 89' lang='lat' dir='ltr'><strong>in</strong></span> <span class='ocrx_word' id='word_1_450' title='bbox 708 3190 840 3244; x_wconf 86' lang='lat' dir='ltr'><strong>pace</strong></span> <span class='ocrx_word' id='word_1_451' title='bbox 869 3176 1160 3231; x_wconf 87' lang='lat' dir='ltr'><strong>domestica</strong></span> <span class='ocrx_word' id='word_1_452' title='bbox 1185 3176 1596 3245; x_wconf 85' lang='lat' dir='ltr'><strong>subrepentibus</strong></span> <span class='ocrx_word' id='word_1_453' title='bbox 1619 3176 1779 3235; x_wconf 86' lang='lat' dir='ltr'><strong>vitiis,</strong></span> <span class='ocrx_word' id='word_1_454' title='bbox 1808 3175 1952 3229; x_wconf 86' lang='lat' dir='ltr'><strong>velut</strong></span> <span class='ocrx_word' id='word_1_455' title='bbox 1988 3175 2072 3226; x_wconf 74' lang='lat' dir='ltr'><strong>in-</strong></span> <span class='ocrx_word' id='word_1_456' title='bbox 2097 3175 2141 3236; x_wconf 67' lang='grc' dir='ltr'><strong>Β</strong></span> <span class='ocrx_word' id='word_1_457' title='bbox 2173 3185 2356 3237; x_wconf 54' lang='lat' dir='ltr'><strong>cedem</strong></span> <span class='ocrx_word' id='word_1_458' title='bbox 2391 3181 2664 3250; x_wconf 71' lang='lat' dir='ltr'><strong>propheta:</strong></span> <span class='ocrx_word' id='word_1_459' title='bbox 2693 3178 2920 3246; x_wconf 84' lang='lat' dir='ltr'><strong>accipiet</strong></span> <span class='ocrx_word' id='word_1_460' title='bbox 2949 3174 3166 3247; x_wconf 74' lang='lat' dir='ltr'><strong>(Matth.</strong></span> <span class='ocrx_word' id='word_1_461' title='bbox 3193 3176 3268 3244; x_wconf 76' lang='grc' dir='ltr'>ιι).</span> <span class='ocrx_word' id='word_1_462' title='bbox 3310 3193 3329 3224; x_wconf 78' lang='grc' dir='ltr'><strong>ι</strong></span> 
     </span>
    </p>
   </div>
   <div class='ocr_carea' id='block_1_64' title="bbox 486 3267 2074 3324">
    <p class='ocr_par' dir='ltr' id='par_1_64' title="bbox 486 3267 2074 3324">
     <span class='ocr_line' id='line_1_64' title="bbox 486 3267 2074 3324; baseline -0.002 -2"><span class='ocrx_word' id='word_1_463' title='bbox 486 3284 515 3322; x_wconf 87' lang='lat' dir='ltr'><strong>s</strong></span> <span class='ocrx_word' id='word_1_464' title='bbox 539 3267 808 3322; x_wconf 87' lang='lat' dir='ltr'><strong>diantibus</strong></span> <span class='ocrx_word' id='word_1_465' title='bbox 825 3269 1150 3323; x_wconf 88' lang='lat' dir='ltr'><strong>adversariis</strong></span> <span class='ocrx_word' id='word_1_466' title='bbox 1166 3270 1438 3322; x_wconf 88' lang='lat' dir='ltr'><strong>enerviter</strong></span> <span class='ocrx_word' id='word_1_467' title='bbox 1452 3269 1888 3324; x_wconf 89' lang='lat' dir='ltr'><strong>succumbamus.</strong></span> <span class='ocrx_word' id='word_1_468' title='bbox 1905 3268 2074 3322; x_wconf 78' lang='lat' dir='ltr'><strong>Porro</strong></span> 
     </span>
    </p>
   </div>
   <div class='ocr_carea' id='block_1_65' title="bbox 487 3358 2076 3430">
    <p class='ocr_par' dir='ltr' id='par_1_65' title="bbox 487 3358 2076 3430">
     <span class='ocr_line' id='line_1_65' title="bbox 487 3358 2076 3430; baseline 0.001 -20"><span class='ocrx_word' id='word_1_469' title='bbox 487 3368 669 3417; x_wconf 85' lang='lat' dir='ltr'><strong>autem</strong></span> <span class='ocrx_word' id='word_1_470' title='bbox 710 3359 850 3413; x_wconf 85' lang='lat' dir='ltr'><strong>beati</strong></span> <span class='ocrx_word' id='word_1_471' title='bbox 901 3369 1206 3430; x_wconf 88' lang='lat' dir='ltr'><strong>martyres,</strong></span> <span class='ocrx_word' id='word_1_472' title='bbox 1253 3367 1306 3412; x_wconf 91' lang='lat' dir='ltr'><strong>et</strong></span> <span class='ocrx_word' id='word_1_473' title='bbox 1349 3368 1640 3428; x_wconf 86' lang='lat' dir='ltr'><strong>antequam</strong></span> <span class='ocrx_word' id='word_1_474' title='bbox 1690 3358 1744 3413; x_wconf 92' lang='lat' dir='ltr'><strong>in</strong></span> <span class='ocrx_word' id='word_1_475' title='bbox 1778 3358 2076 3413; x_wconf 71' lang='lat' dir='ltr'><strong>certamie</strong></span> 
     </span>
    </p>
   </div>
   <div class='ocr_carea' id='block_1_66' title="bbox 488 3452 2071 3522">
    <p class='ocr_par' dir='ltr' id='par_1_66' title="bbox 488 3452 2071 3522">
     <span class='ocr_line' id='line_1_66' title="bbox 488 3452 2071 3522; baseline -0.001 -17"><span class='ocrx_word' id='word_1_476' title='bbox 488 3453 803 3522; x_wconf 84' lang='lat' dir='ltr'><strong>sanguinem</strong></span> <span class='ocrx_word' id='word_1_477' title='bbox 858 3453 1170 3518; x_wconf 86' lang='lat' dir='ltr'><strong>funderent,</strong></span> <span class='ocrx_word' id='word_1_478' title='bbox 1218 3454 1446 3508; x_wconf 87' lang='lat' dir='ltr'><strong>diversis</strong></span> <span class='ocrx_word' id='word_1_479' title='bbox 1484 3452 1716 3507; x_wconf 84' lang='lat' dir='ltr'><strong>ﬂoruere</strong></span> <span class='ocrx_word' id='word_1_480' title='bbox 1764 3452 2071 3506; x_wconf 62' lang='lat' dir='ltr'><strong>virtutibus.</strong></span> 
     </span>
    </p>
   </div>
   <div class='ocr_carea' id='block_1_67' title="bbox 489 3543 2075 3619">
    <p class='ocr_par' dir='ltr' id='par_1_67' title="bbox 489 3543 2075 3619">
     <span class='ocr_line' id='line_1_67' title="bbox 489 3543 2075 3619; baseline -0.002 -21"><span class='ocrx_word' id='word_1_481' title='bbox 489 3543 657 3600; x_wconf 85' lang='lat' dir='ltr'><strong>Nobis</strong></span> <span class='ocrx_word' id='word_1_482' title='bbox 683 3552 882 3610; x_wconf 89' lang='lat' dir='ltr'><strong>autem,</strong></span> <span class='ocrx_word' id='word_1_483' title='bbox 902 3561 1026 3615; x_wconf 83' lang='lat' dir='ltr'><strong>quia</strong></span> <span class='ocrx_word' id='word_1_484' title='bbox 1048 3560 1151 3619; x_wconf 89' lang='lat' dir='ltr'><strong>pro</strong></span> <span class='ocrx_word' id='word_1_485' title='bbox 1176 3544 1488 3599; x_wconf 90' lang='lat' dir='ltr'><strong>defensione</strong></span> <span class='ocrx_word' id='word_1_486' title='bbox 1516 3545 1636 3599; x_wconf 65' lang='lat' dir='ltr'><strong>ﬁdei</strong></span> <span class='ocrx_word' id='word_1_487' title='bbox 1660 3544 1795 3598; x_wconf 89' lang='lat' dir='ltr'><strong>mori</strong></span> <span class='ocrx_word' id='word_1_488' title='bbox 1820 3560 1925 3597; x_wconf 91' lang='lat' dir='ltr'><strong>non</strong></span> <span class='ocrx_word' id='word_1_489' title='bbox 1952 3558 2075 3612; x_wconf 86' lang='lat' dir='ltr'><strong>pos-</strong></span> 
     </span>
    </p>
   </div>
   <div class='ocr_carea' id='block_1_68' title="bbox 488 3634 2072 3700">
    <p class='ocr_par' dir='ltr' id='par_1_68' title="bbox 488 3634 2072 3700">
     <span class='ocr_line' id='line_1_68' title="bbox 488 3634 2072 3700; baseline -0.001 -14"><span class='ocrx_word' id='word_1_490' title='bbox 488 3647 701 3698; x_wconf 82' lang='lat' dir='ltr'><strong>sumus,</strong></span> <span class='ocrx_word' id='word_1_491' title='bbox 752 3643 1121 3689; x_wconf 87' lang='lat' dir='ltr'><strong>consummata</strong></span> <span class='ocrx_word' id='word_1_492' title='bbox 1170 3635 1393 3688; x_wconf 77' lang='lat' dir='ltr'><strong>victoria</strong></span> <span class='ocrx_word' id='word_1_493' title='bbox 1440 3644 1541 3700; x_wconf 86' lang='lat' dir='ltr'><strong>est,</strong></span> <span class='ocrx_word' id='word_1_494' title='bbox 1589 3635 1633 3687; x_wconf 90' lang='lat' dir='ltr'><strong>si</strong></span> <span class='ocrx_word' id='word_1_495' title='bbox 1681 3634 1732 3687; x_wconf 90' lang='lat' dir='ltr'><strong>in</strong></span> <span class='ocrx_word' id='word_1_496' title='bbox 1764 3642 2072 3688; x_wconf 85' lang='lat' dir='ltr'><strong>sanctarum</strong></span> 
     </span>
    </p>
   </div>
   <div class='ocr_carea' id='block_1_69' title="bbox 489 3723 2075 3788">
    <p class='ocr_par' dir='ltr' id='par_1_69' title="bbox 489 3723 2075 3788">
     <span class='ocr_line' id='line_1_69' title="bbox 489 3723 2075 3788; baseline -0.001 -11"><span class='ocrx_word' id='word_1_497' title='bbox 489 3726 908 3780; x_wconf 80' lang='lat' dir='ltr'><strong>conversatione</strong></span> <span class='ocrx_word' id='word_1_498' title='bbox 958 3726 1218 3781; x_wconf 84' lang='lat' dir='ltr'><strong>virtutum</strong></span> <span class='ocrx_word' id='word_1_499' title='bbox 1249 3728 1431 3780; x_wconf 86' lang='lat' dir='ltr'><strong>vivere</strong></span> <span class='ocrx_word' id='word_1_500' title='bbox 1462 3727 1776 3778; x_wconf 87' lang='lat' dir='ltr'><strong>studcanms</strong></span> <span class='ocrx_word' id='word_1_501' title='bbox 1799 3764 1812 3788; x_wconf 91' lang='lat'><strong>,</strong></span> <span class='ocrx_word' id='word_1_502' title='bbox 1856 3733 1915 3776; x_wconf 90' lang='lat' dir='ltr'><strong>ut</strong></span> <span class='ocrx_word' id='word_1_503' title='bbox 1952 3723 2075 3776; x_wconf 89' lang='lat' dir='ltr'><strong>inde</strong></span> 
     </span>
    </p>
   </div>
   <div class='ocr_carea' id='block_1_70' title="bbox 490 3812 2074 3884">
    <p class='ocr_par' dir='ltr' id='par_1_70' title="bbox 490 3812 2074 3884">
     <span class='ocr_line' id='line_1_70' title="bbox 490 3812 2074 3884; baseline -0.003 -17"><span class='ocrx_word' id='word_1_504' title='bbox 490 3829 592 3868; x_wconf 89' lang='lat' dir='ltr'><strong>nos</strong></span> <span class='ocrx_word' id='word_1_505' title='bbox 622 3814 867 3884; x_wconf 88' lang='lat' dir='ltr'><strong>protinus</strong></span> <span class='ocrx_word' id='word_1_506' title='bbox 892 3813 1284 3868; x_wconf 80' lang='lat' dir='ltr'><strong>transferantur</strong></span> <span class='ocrx_word' id='word_1_507' title='bbox 1310 3814 1376 3867; x_wconf 88' lang='lat' dir='ltr'><strong>ad</strong></span> <span class='ocrx_word' id='word_1_508' title='bbox 1410 3829 1658 3883; x_wconf 78' lang='lat' dir='ltr'><strong>regnum,</strong></span> <span class='ocrx_word' id='word_1_509' title='bbox 1692 3814 1833 3865; x_wconf 88' lang='lat' dir='ltr'><strong>unde</strong></span> <span class='ocrx_word' id='word_1_510' title='bbox 1858 3812 1931 3864; x_wconf 91' lang='lat' dir='ltr'><strong>illi</strong></span> <span class='ocrx_word' id='word_1_511' title='bbox 1962 3826 2074 3864; x_wconf 85' lang='lat' dir='ltr'><strong>tne-</strong></span> 
     </span>
    </p>
   </div>
   <div class='ocr_carea' id='block_1_71' title="bbox 488 3903 2073 3979">
    <p class='ocr_par' dir='ltr' id='par_1_71' title="bbox 488 3903 2073 3979">
     <span class='ocr_line' id='line_1_71' title="bbox 488 3903 2073 3979; baseline -0.002 -21"><span class='ocrx_word' id='word_1_512' title='bbox 488 3919 651 3979; x_wconf 84' lang='lat' dir='ltr'><strong>ruere</strong></span> <span class='ocrx_word' id='word_1_513' title='bbox 678 3907 1017 3976; x_wconf 82' lang='lat' dir='ltr'><strong>martyrium.</strong></span> <span class='ocrx_word' id='word_1_514' title='bbox 1045 3908 1119 3959; x_wconf 80' lang='lat' dir='ltr'><strong>Ex</strong></span> <span class='ocrx_word' id='word_1_515' title='bbox 1151 3906 1273 3960; x_wconf 70' lang='lat' dir='ltr'><strong>vitae</strong></span> <span class='ocrx_word' id='word_1_516' title='bbox 1297 3906 1497 3975; x_wconf 87' lang='lat' dir='ltr'><strong>quippe</strong></span> <span class='ocrx_word' id='word_1_517' title='bbox 1520 3905 1750 3967; x_wconf 86' lang='lat' dir='ltr'><strong>meritis,</strong></span> <span class='ocrx_word' id='word_1_518' title='bbox 1780 3904 1975 3971; x_wconf 83' lang='lat' dir='ltr'><strong>quibus</strong></span> <span class='ocrx_word' id='word_1_519' title='bbox 2000 3903 2073 3955; x_wconf 87' lang='lat' dir='ltr'><strong>illi</strong></span> 
     </span>
    </p>
   </div>
   <div class='ocr_carea' id='block_1_72' title="bbox 487 3995 2074 4066">
    <p class='ocr_par' dir='ltr' id='par_1_72' title="bbox 487 3995 2074 4066">
     <span class='ocr_line' id='line_1_72' title="bbox 487 3995 2074 4066; baseline -0.001 -16"><span class='ocrx_word' id='word_1_520' title='bbox 487 3999 736 4052; x_wconf 87' lang='lat' dir='ltr'><strong>obtinere</strong></span> <span class='ocrx_word' id='word_1_521' title='bbox 780 4008 1092 4054; x_wconf 88' lang='lat' dir='ltr'><strong>meruerunt</strong></span> <span class='ocrx_word' id='word_1_522' title='bbox 1137 3998 1218 4053; x_wconf 90' lang='lat' dir='ltr'><strong>sui</strong></span> <span class='ocrx_word' id='word_1_523' title='bbox 1264 3998 1581 4053; x_wconf 87' lang='lat' dir='ltr'><strong>certaminis</strong></span> <span class='ocrx_word' id='word_1_524' title='bbox 1630 3996 1905 4066; x_wconf 81' lang='lat' dir='ltr'><strong>palmam,</strong></span> <span class='ocrx_word' id='word_1_525' title='bbox 1952 3995 2074 4048; x_wconf 86' lang='lat' dir='ltr'><strong>inde</strong></span> 
     </span>
    </p>
   </div>
   <div class='ocr_carea' id='block_1_73' title="bbox 490 4088 2074 4160">
    <p class='ocr_par' dir='ltr' id='par_1_73' title="bbox 490 4088 2074 4160">
     <span class='ocr_line' id='line_1_73' title="bbox 490 4088 2074 4160; baseline 0 -19"><span class='ocrx_word' id='word_1_526' title='bbox 490 4104 592 4142; x_wconf 69' lang='lat' dir='ltr'><strong>tios</strong></span> <span class='ocrx_word' id='word_1_527' title='bbox 615 4088 817 4158; x_wconf 85' lang='lat' dir='ltr'><strong>absque</strong></span> <span class='ocrx_word' id='word_1_528' title='bbox 859 4090 966 4144; x_wconf 91' lang='lat' dir='ltr'><strong>ullo</strong></span> <span class='ocrx_word' id='word_1_529' title='bbox 1000 4091 1392 4160; x_wconf 85' lang='lat' dir='ltr'><strong>persecutionis</strong></span> <span class='ocrx_word' id='word_1_530' title='bbox 1420 4091 1699 4146; x_wconf 88' lang='lat' dir='ltr'><strong>obstaculo</strong></span> <span class='ocrx_word' id='word_1_531' title='bbox 1728 4088 2074 4159; x_wconf 87' lang='lat' dir='ltr'><strong>perducimur</strong></span> 
     </span>
    </p>
   </div>
   <div class='ocr_carea' id='block_1_74' title="bbox 486 4179 871 4233">
    <p class='ocr_par' dir='ltr' id='par_1_74' title="bbox 486 4179 871 4233">
     <span class='ocr_line' id='line_1_74' title="bbox 486 4179 871 4233; baseline 0.003 -2"><span class='ocrx_word' id='word_1_532' title='bbox 486 4179 564 4233; x_wconf 83' lang='lat' dir='ltr'><strong>ad</strong></span> <span class='ocrx_word' id='word_1_533' title='bbox 591 4193 871 4232; x_wconf 87' lang='lat' dir='ltr'><strong>coronam.</strong></span> 
     </span>
    </p>
   </div>
   <div class='ocr_carea' id='block_1_75' title="bbox 510 4271 2074 4345">
    <p class='ocr_par' dir='ltr' id='par_1_75' title="bbox 510 4271 2074 4345">
     <span class='ocr_line' id='line_1_75' title="bbox 510 4271 2074 4345; baseline 0.004 -22"><span class='ocrx_word' id='word_1_534' title='bbox 510 4290 511 4295; x_wconf 48' lang='grc' dir='ltr'><strong>η</strong></span> <span class='ocrx_word' id='word_1_535' title='bbox 565 4271 725 4326; x_wconf 84' lang='lat' dir='ltr'><strong>Aliud</strong></span> <span class='ocrx_word' id='word_1_536' title='bbox 755 4272 920 4341; x_wconf 77' lang='lat' dir='ltr'><strong>igitur</strong></span> <span class='ocrx_word' id='word_1_537' title='bbox 949 4272 1002 4325; x_wconf 88' lang='lat' dir='ltr'><strong>in</strong></span> <span class='ocrx_word' id='word_1_538' title='bbox 1032 4274 1235 4328; x_wconf 83' lang='lat' dir='ltr'><strong>sanctis</strong></span> <span class='ocrx_word' id='word_1_539' title='bbox 1263 4274 1595 4345; x_wconf 82' lang='lat' dir='ltr'><strong>martyribus</strong></span> <span class='ocrx_word' id='word_1_540' title='bbox 1622 4274 1957 4328; x_wconf 86' lang='lat' dir='ltr'><strong>solummodo</strong></span> <span class='ocrx_word' id='word_1_541' title='bbox 1984 4289 2074 4329; x_wconf 86' lang='lat' dir='ltr'><strong>ve-</strong></span> 
     </span>
    </p>
   </div>
   <div class='ocr_carea' id='block_1_76' title="bbox 486 4362 2070 4430">
    <p class='ocr_par' dir='ltr' id='par_1_76' title="bbox 486 4362 2070 4430">
     <span class='ocr_line' id='line_1_76' title="bbox 486 4362 2070 4430; baseline 0.001 -15"><span class='ocrx_word' id='word_1_542' title='bbox 486 4362 676 4417; x_wconf 61' lang='lat' dir='ltr'><strong>nerari</strong></span> <span class='ocrx_word' id='word_1_543' title='bbox 735 4372 792 4416; x_wconf 88' lang='lat' dir='ltr'><strong>et</strong></span> <span class='ocrx_word' id='word_1_544' title='bbox 856 4363 1111 4416; x_wconf 89' lang='lat' dir='ltr'><strong>admirari</strong></span> <span class='ocrx_word' id='word_1_545' title='bbox 1157 4364 1433 4430; x_wconf 87' lang='lat' dir='ltr'><strong>debemus,</strong></span> <span class='ocrx_word' id='word_1_546' title='bbox 1470 4364 1613 4419; x_wconf 89' lang='lat' dir='ltr'><strong>aliud</strong></span> <span class='ocrx_word' id='word_1_547' title='bbox 1641 4364 2070 4418; x_wconf 39' lang='lat' dir='ltr'><strong>etiam&#39;imitari.</strong></span> 
     </span>
    </p>
   </div>
   <div class='ocr_carea' id='block_1_77' title="bbox 490 4450 2071 4525">
    <p class='ocr_par' dir='ltr' id='par_1_77' title="bbox 490 4450 2071 4525">
     <span class='ocr_line' id='line_1_77' title="bbox 490 4450 2071 4525; baseline 0.002 -22"><span class='ocrx_word' id='word_1_548' title='bbox 490 4451 846 4507; x_wconf 80' lang='lat' dir='ltr'><strong>-Admiremur</strong></span> <span class='ocrx_word' id='word_1_549' title='bbox 888 4450 1099 4507; x_wconf 88' lang='lat' dir='ltr'><strong>scilicet</strong></span> <span class='ocrx_word' id='word_1_550' title='bbox 1122 4461 1434 4508; x_wconf 91' lang='lat' dir='ltr'><strong>constanter</strong></span> <span class='ocrx_word' id='word_1_551' title='bbox 1474 4463 1528 4507; x_wconf 89' lang='lat' dir='ltr'><strong>et</strong></span> <span class='ocrx_word' id='word_1_552' title='bbox 1569 4454 1802 4525; x_wconf 76' lang='lat' dir='ltr'><strong>ingenue</strong></span> <span class='ocrx_word' id='word_1_553' title='bbox 1837 4454 2071 4507; x_wconf 86' lang='lat' dir='ltr'><strong>morien-</strong></span> 
     </span>
    </p>
   </div>
   <div class='ocr_carea' id='block_1_78' title="bbox 2247 3264 3766 3341">
    <p class='ocr_par' dir='ltr' id='par_1_78' title="bbox 2247 3264 3766 3341">
     <span class='ocr_line' id='line_1_78' title="bbox 2247 3264 3766 3341; baseline -0.006 -15"><span class='ocrx_word' id='word_1_554' title='bbox 2247 3274 2536 3326; x_wconf 73' lang='lat' dir='ltr'><strong>Euimvero</strong></span> <span class='ocrx_word' id='word_1_555' title='bbox 2584 3285 2682 3323; x_wconf 85' lang='lat' dir='ltr'><strong>nec</strong></span> <span class='ocrx_word' id='word_1_556' title='bbox 2707 3268 2882 3322; x_wconf 88' lang='lat' dir='ltr'><strong>solum</strong></span> <span class='ocrx_word' id='word_1_557' title='bbox 2928 3266 3134 3320; x_wconf 81' lang='lat' dir='ltr'><strong>sanctis</strong></span> <span class='ocrx_word' id='word_1_558' title='bbox 3188 3264 3524 3341; x_wconf 73' lang='lat' dir='ltr'><strong>martyribus</strong></span> <span class='ocrx_word' id='word_1_559' title='bbox 3575 3265 3766 3321; x_wconf 81' lang='lat' dir='ltr'><strong>beatus</strong></span> 
     </span>
    </p>
   </div>
   <div class='ocr_carea' id='block_1_79' title="bbox 2170 3358 3766 3429">
    <p class='ocr_par' dir='ltr' id='par_1_79' title="bbox 2170 3358 3766 3429">
     <span class='ocr_line' id='line_1_79' title="bbox 2170 3358 3766 3429; baseline -0.005 -9"><span class='ocrx_word' id='word_1_560' title='bbox 2170 3367 2282 3421; x_wconf 86' lang='lat' dir='ltr'><strong>iste</strong></span> <span class='ocrx_word' id='word_1_561' title='bbox 2330 3364 2528 3418; x_wconf 79' lang='lat' dir='ltr'><strong>Fidelis</strong></span> <span class='ocrx_word' id='word_1_562' title='bbox 2568 3361 2802 3416; x_wconf 79' lang='lat' dir='ltr'><strong>ofﬁcium</strong></span> <span class='ocrx_word' id='word_1_563' title='bbox 2846 3361 2946 3429; x_wconf 70' lang='lat' dir='ltr'><strong>pitu</strong></span> <span class='ocrx_word' id='word_1_564' title='bbox 2983 3358 3304 3413; x_wconf 84' lang='lat' dir='ltr'><strong>humilitatis</strong></span> <span class='ocrx_word' id='word_1_565' title='bbox 3344 3358 3639 3419; x_wconf 75' lang='lat' dir='ltr'><strong>exhibuit,</strong></span> <span class='ocrx_word' id='word_1_566' title='bbox 3674 3358 3766 3412; x_wconf 84' lang='lat' dir='ltr'><strong>sed</strong></span> 
     </span>
    </p>
   </div>
   <div class='ocr_carea' id='block_1_80' title="bbox 2175 3448 3767 3527">
    <p class='ocr_par' dir='ltr' id='par_1_80' title="bbox 2175 3448 3767 3527">
     <span class='ocr_line' id='line_1_80' title="bbox 2175 3448 3767 3527; baseline -0.007 -15"><span class='ocrx_word' id='word_1_567' title='bbox 2175 3456 2506 3527; x_wconf 70' lang='lat' dir='ltr'><strong>diligentiam</strong></span> <span class='ocrx_word' id='word_1_568' title='bbox 2531 3468 2687 3507; x_wconf 90' lang='lat' dir='ltr'><strong>suam</strong></span> <span class='ocrx_word' id='word_1_569' title='bbox 2715 3452 2780 3506; x_wconf 86' lang='lat' dir='ltr'><strong>ad</strong></span> <span class='ocrx_word' id='word_1_570' title='bbox 2806 3450 3096 3504; x_wconf 89' lang='lat' dir='ltr'><strong>lucrandos</strong></span> <span class='ocrx_word' id='word_1_571' title='bbox 3117 3449 3283 3502; x_wconf 84' lang='lat' dir='ltr'><strong>etiam</strong></span> <span class='ocrx_word' id='word_1_572' title='bbox 3311 3464 3426 3510; x_wconf 87' lang='lat' dir='ltr'><strong>eos,</strong></span> <span class='ocrx_word' id='word_1_573' title='bbox 3472 3451 3567 3517; x_wconf 89' lang='lat' dir='ltr'><strong>qui</strong></span> <span class='ocrx_word' id='word_1_574' title='bbox 3600 3448 3767 3502; x_wconf 87' lang='lat' dir='ltr'><strong>idolo-</strong></span> 
     </span>
    </p>
   </div>
   <div class='ocr_carea' id='block_1_81' title="bbox 2178 3539 3767 3607">
    <p class='ocr_par' dir='ltr' id='par_1_81' title="bbox 2178 3539 3767 3607">
     <span class='ocr_line' id='line_1_81' title="bbox 2178 3539 3767 3607; baseline -0.006 -6"><span class='ocrx_word' id='word_1_575' title='bbox 2178 3564 2295 3601; x_wconf 87' lang='lat' dir='ltr'><strong>rum</strong></span> <span class='ocrx_word' id='word_1_576' title='bbox 2333 3545 2612 3600; x_wconf 81' lang='lat' dir='ltr'><strong>errorihus</strong></span> <span class='ocrx_word' id='word_1_577' title='bbox 2667 3542 3020 3603; x_wconf 86' lang='lat' dir='ltr'><strong>tenebantur,</strong></span> <span class='ocrx_word' id='word_1_578' title='bbox 3050 3540 3315 3594; x_wconf 76' lang='lat' dir='ltr'><strong>extendit.</strong></span> <span class='ocrx_word' id='word_1_579' title='bbox 3354 3539 3421 3594; x_wconf 85' lang='lat' dir='ltr'><strong>Et</strong></span> <span class='ocrx_word' id='word_1_580' title='bbox 3466 3542 3613 3594; x_wconf 82' lang='lat' dir='ltr'><strong>sicut</strong></span> <span class='ocrx_word' id='word_1_581' title='bbox 3657 3540 3767 3607; x_wconf 83' lang='lat' dir='ltr'><strong>ipse</strong></span> 
     </span>
    </p>
   </div>
   <div class='ocr_carea' id='block_1_82' title="bbox 2174 3629 3765 3709">
    <p class='ocr_par' dir='ltr' id='par_1_82' title="bbox 2174 3629 3765 3709">
     <span class='ocr_line' id='line_1_82' title="bbox 2174 3629 3765 3709; baseline -0.006 -17"><span class='ocrx_word' id='word_1_582' title='bbox 2174 3640 2408 3709; x_wconf 84' lang='lat' dir='ltr'><strong>propriis</strong></span> <span class='ocrx_word' id='word_1_583' title='bbox 2449 3629 2661 3689; x_wconf 83' lang='lat' dir='ltr'><strong>videtur</strong></span> <span class='ocrx_word' id='word_1_584' title='bbox 2704 3633 2886 3688; x_wconf 85' lang='lat' dir='ltr'><strong>verbis</strong></span> <span class='ocrx_word' id='word_1_585' title='bbox 2931 3646 3204 3695; x_wconf 86' lang='lat' dir='ltr'><strong>asserere,</strong></span> <span class='ocrx_word' id='word_1_586' title='bbox 3249 3631 3377 3683; x_wconf 89' lang='lat' dir='ltr'><strong>dum</strong></span> <span class='ocrx_word' id='word_1_587' title='bbox 3413 3631 3469 3683; x_wconf 88' lang='lat' dir='ltr'><strong>in</strong></span> <span class='ocrx_word' id='word_1_588' title='bbox 3520 3630 3765 3684; x_wconf 61' lang='lat' dir='ltr'><strong>saeculari</strong></span> 
     </span>
    </p>
   </div>
   <div class='ocr_carea' id='block_1_83' title="bbox 2177 3722 3762 3793">
    <p class='ocr_par' dir='ltr' id='par_1_83' title="bbox 2177 3722 3762 3793">
     <span class='ocr_line' id='line_1_83' title="bbox 2177 3722 3762 3793; baseline -0.004 -11"><span class='ocrx_word' id='word_1_589' title='bbox 2177 3730 2364 3782; x_wconf 77' lang='lat' dir='ltr'><strong>titiittia</strong></span> <span class='ocrx_word' id='word_1_590' title='bbox 2410 3736 2753 3787; x_wconf 84' lang='lat' dir='ltr'><strong>versaretur,</strong></span> <span class='ocrx_word' id='word_1_591' title='bbox 2804 3724 2974 3793; x_wconf 82' lang='lat' dir='ltr'><strong>magis</strong></span> <span class='ocrx_word' id='word_1_592' title='bbox 3021 3722 3204 3777; x_wconf 82' lang='lat' dir='ltr'><strong>divino</strong></span> <span class='ocrx_word' id='word_1_593' title='bbox 3236 3723 3464 3791; x_wconf 87' lang='lat' dir='ltr'><strong>parebat</strong></span> <span class='ocrx_word' id='word_1_594' title='bbox 3504 3722 3762 3791; x_wconf 87' lang='lat' dir='ltr'><strong>imperio,</strong></span> 
     </span>
    </p>
   </div>
   <div class='ocr_carea' id='block_1_84' title="bbox 2172 3814 3765 3888">
    <p class='ocr_par' dir='ltr' id='par_1_84' title="bbox 2172 3814 3765 3888">
     <span class='ocr_line' id='line_1_84' title="bbox 2172 3814 3765 3888; baseline -0.004 -14"><span class='ocrx_word' id='word_1_595' title='bbox 2172 3834 2332 3888; x_wconf 84' lang='lat' dir='ltr'><strong>quam</strong></span> <span class='ocrx_word' id='word_1_596' title='bbox 2366 3828 2607 3882; x_wconf 86' lang='lat' dir='ltr'><strong>terreno,</strong></span> <span class='ocrx_word' id='word_1_597' title='bbox 2636 3818 2772 3870; x_wconf 87' lang='lat' dir='ltr'><strong>adeo</strong></span> <span class='ocrx_word' id='word_1_598' title='bbox 2800 3826 2857 3869; x_wconf 89' lang='lat' dir='ltr'><strong>ut</strong></span> <span class='ocrx_word' id='word_1_599' title='bbox 2888 3814 3173 3869; x_wconf 87' lang='lat' dir='ltr'><strong>nonnullos</strong></span> <span class='ocrx_word' id='word_1_600' title='bbox 3216 3830 3245 3868; x_wconf 89' lang='lat' dir='ltr'><strong>a</strong></span> <span class='ocrx_word' id='word_1_601' title='bbox 3283 3815 3507 3885; x_wconf 82' lang='lat' dir='ltr'><strong>profana</strong></span> <span class='ocrx_word' id='word_1_602' title='bbox 3545 3814 3765 3869; x_wconf 84' lang='lat' dir='ltr'><strong>idolola—</strong></span> 
     </span>
    </p>
   </div>
   <div class='ocr_carea' id='block_1_85' title="bbox 2174 3908 3763 3978">
    <p class='ocr_par' dir='ltr' id='par_1_85' title="bbox 2174 3908 3763 3978">
     <span class='ocr_line' id='line_1_85' title="bbox 2174 3908 3763 3978; baseline -0.003 -13"><span class='ocrx_word' id='word_1_603' title='bbox 2174 3913 2292 3965; x_wconf 71' lang='lat' dir='ltr'><strong>trite</strong></span> <span class='ocrx_word' id='word_1_604' title='bbox 2336 3912 2545 3964; x_wconf 87' lang='lat' dir='ltr'><strong>cultura</strong></span> <span class='ocrx_word' id='word_1_605' title='bbox 2594 3918 2988 3978; x_wconf 80' lang='lat' dir='ltr'><strong>compesceret,</strong></span> <span class='ocrx_word' id='word_1_606' title='bbox 3029 3919 3083 3963; x_wconf 90' lang='lat' dir='ltr'><strong>et</strong></span> <span class='ocrx_word' id='word_1_607' title='bbox 3115 3908 3183 3962; x_wconf 82' lang='lat' dir='ltr'><strong>ad</strong></span> <span class='ocrx_word' id='word_1_608' title='bbox 3228 3909 3342 3962; x_wconf 90' lang='lat' dir='ltr'><strong>veri</strong></span> <span class='ocrx_word' id='word_1_609' title='bbox 3388 3908 3483 3963; x_wconf 88' lang='lat' dir='ltr'><strong>Dei</strong></span> <span class='ocrx_word' id='word_1_610' title='bbox 3516 3910 3763 3962; x_wconf 85' lang='lat' dir='ltr'><strong>notitiam</strong></span> 
     </span>
    </p>
   </div>
   <div class='ocr_carea' id='block_1_86' title="bbox 2168 3999 3765 4068">
    <p class='ocr_par' dir='ltr' id='par_1_86' title="bbox 2168 3999 3765 4068">
     <span class='ocr_line' id='line_1_86' title="bbox 2168 3999 3765 4068; baseline -0.002 -12"><span class='ocrx_word' id='word_1_611' title='bbox 2168 4000 2468 4056; x_wconf 81' lang='lat' dir='ltr'><strong>salutiferis</strong></span> <span class='ocrx_word' id='word_1_612' title='bbox 2488 4000 2944 4054; x_wconf 86' lang='lat' dir='ltr'><strong>admonitionibus</strong></span> <span class='ocrx_word' id='word_1_613' title='bbox 2966 4001 3277 4053; x_wconf 86' lang='lat' dir='ltr'><strong>advocaret.</strong></span> <span class='ocrx_word' id='word_1_614' title='bbox 3299 3999 3633 4053; x_wconf 77' lang='lat' dir='ltr'><strong>Militaribus</strong></span> <span class='ocrx_word' id='word_1_615' title='bbox 3654 4001 3765 4068; x_wconf 81' lang='lat' dir='ltr'><strong>qui-</strong></span> 
     </span>
    </p>
   </div>
   <div class='ocr_carea' id='block_1_87' title="bbox 2172 4090 3764 4163">
    <p class='ocr_par' dir='ltr' id='par_1_87' title="bbox 2172 4090 3764 4163">
     <span class='ocr_line' id='line_1_87' title="bbox 2172 4090 3764 4163; baseline -0.003 -14"><span class='ocrx_word' id='word_1_616' title='bbox 2172 4095 2298 4149; x_wconf 81' lang='lat' dir='ltr'><strong>dem</strong></span> <span class='ocrx_word' id='word_1_617' title='bbox 2325 4092 2521 4147; x_wconf 86' lang='lat' dir='ltr'><strong>castris</strong></span> <span class='ocrx_word' id='word_1_618' title='bbox 2548 4093 2688 4146; x_wconf 90' lang='lat' dir='ltr'><strong>inter</strong></span> <span class='ocrx_word' id='word_1_619' title='bbox 2708 4100 2849 4155; x_wconf 88' lang='lat' dir='ltr'><strong>erat,</strong></span> <span class='ocrx_word' id='word_1_620' title='bbox 2881 4092 2973 4145; x_wconf 90' lang='lat' dir='ltr'><strong>sed</strong></span> <span class='ocrx_word' id='word_1_621' title='bbox 3000 4090 3236 4146; x_wconf 82' lang='lat' dir='ltr'><strong>caelestis</strong></span> <span class='ocrx_word' id='word_1_622' title='bbox 3262 4091 3465 4146; x_wconf 70' lang='lat' dir='ltr'><strong>militia:</strong></span> <span class='ocrx_word' id='word_1_623' title='bbox 3490 4092 3648 4163; x_wconf 85' lang='lat' dir='ltr'><strong>signa</strong></span> <span class='ocrx_word' id='word_1_624' title='bbox 3673 4107 3764 4162; x_wconf 79' lang='lat' dir='ltr'><strong>ge-</strong></span> 
     </span>
    </p>
   </div>
   <div class='ocr_carea' id='block_1_88' title="bbox 2174 4182 3764 4251">
    <p class='ocr_par' dir='ltr' id='par_1_88' title="bbox 2174 4182 3764 4251">
     <span class='ocr_line' id='line_1_88' title="bbox 2174 4182 3764 4251; baseline -0.001 -13"><span class='ocrx_word' id='word_1_625' title='bbox 2174 4185 2348 4239; x_wconf 86' lang='lat' dir='ltr'><strong>rebat.</strong></span> <span class='ocrx_word' id='word_1_626' title='bbox 2380 4184 2724 4238; x_wconf 84' lang='lat' dir='ltr'><strong>Armatorum</strong></span> <span class='ocrx_word' id='word_1_627' title='bbox 2757 4183 2990 4251; x_wconf 88' lang='lat' dir='ltr'><strong>denique</strong></span> <span class='ocrx_word' id='word_1_628' title='bbox 3035 4182 3319 4237; x_wconf 87' lang='lat' dir='ltr'><strong>videbatur</strong></span> <span class='ocrx_word' id='word_1_629' title='bbox 3360 4183 3554 4237; x_wconf 86' lang='lat' dir='ltr'><strong>cuneis</strong></span> <span class='ocrx_word' id='word_1_630' title='bbox 3598 4184 3764 4236; x_wconf 80' lang='lat' dir='ltr'><strong>admi-</strong></span> 
     </span>
    </p>
   </div>
   <div class='ocr_carea' id='block_1_89' title="bbox 2175 4274 3763 4345">
    <p class='ocr_par' dir='ltr' id='par_1_89' title="bbox 2175 4274 3763 4345">
     <span class='ocr_line' id='line_1_89' title="bbox 2175 4274 3763 4345; baseline -0.003 -13"><span class='ocrx_word' id='word_1_631' title='bbox 2175 4277 2337 4343; x_wconf 86' lang='lat' dir='ltr'><strong>sceri,</strong></span> <span class='ocrx_word' id='word_1_632' title='bbox 2368 4276 2461 4330; x_wconf 86' lang='lat' dir='ltr'><strong>sed</strong></span> <span class='ocrx_word' id='word_1_633' title='bbox 2494 4290 2592 4345; x_wconf 87' lang='lat' dir='ltr'><strong>pro</strong></span> <span class='ocrx_word' id='word_1_634' title='bbox 2621 4274 2931 4329; x_wconf 73' lang='lat' dir='ltr'><strong>cmlestibus</strong></span> <span class='ocrx_word' id='word_1_635' title='bbox 2959 4274 3158 4328; x_wconf 88' lang='lat' dir='ltr'><strong>castris</strong></span> <span class='ocrx_word' id='word_1_636' title='bbox 3185 4274 3397 4343; x_wconf 78' lang='lat' dir='ltr'><strong>sociare</strong></span> <span class='ocrx_word' id='word_1_637' title='bbox 3432 4275 3536 4328; x_wconf 87' lang='lat' dir='ltr'><strong>sibi</strong></span> <span class='ocrx_word' id='word_1_638' title='bbox 3580 4275 3763 4329; x_wconf 62' lang='lat' dir='ltr'><strong>aliena</strong></span> 
     </span>
    </p>
   </div>
   <div class='ocr_carea' id='block_1_90' title="bbox 2174 4364 3761 4438">
    <p class='ocr_par' dir='ltr' id='par_1_90' title="bbox 2174 4364 3761 4438">
     <span class='ocr_line' id='line_1_90' title="bbox 2174 4364 3761 4438; baseline -0.002 -16"><span class='ocrx_word' id='word_1_639' title='bbox 2174 4368 2531 4438; x_wconf 86' lang='lat' dir='ltr'><strong>professionis</strong></span> <span class='ocrx_word' id='word_1_640' title='bbox 2576 4366 2778 4421; x_wconf 88' lang='lat' dir='ltr'><strong>milites</strong></span> <span class='ocrx_word' id='word_1_641' title='bbox 2801 4365 3098 4437; x_wconf 81' lang='lat' dir='ltr'><strong>satagebat.</strong></span> <span class='ocrx_word' id='word_1_642' title='bbox 3134 4364 3342 4430; x_wconf 84' lang='lat' dir='ltr'><strong>Quibus</strong></span> <span class='ocrx_word' id='word_1_643' title='bbox 3369 4365 3631 4418; x_wconf 85' lang='lat' dir='ltr'><strong>nimirum</strong></span> <span class='ocrx_word' id='word_1_644' title='bbox 3660 4381 3761 4419; x_wconf 87' lang='lat' dir='ltr'><strong>non</strong></span> 
     </span>
    </p>
   </div>
   <div class='ocr_carea' id='block_1_91' title="bbox 2130 4453 3763 4525">
    <p class='ocr_par' dir='ltr' id='par_1_91' title="bbox 2130 4453 3763 4525">
     <span class='ocr_line' id='line_1_91' title="bbox 2130 4453 3763 4525; baseline -0.003 -12"><span class='ocrx_word' id='word_1_645' title='bbox 2130 4510 2137 4513; x_wconf 52' lang='grc' dir='ltr'><em>η</em></span> <span class='ocrx_word' id='word_1_646' title='bbox 2178 4469 2411 4513; x_wconf 73' lang='lat' dir='ltr'><strong>terrena:</strong></span> <span class='ocrx_word' id='word_1_647' title='bbox 2462 4457 2669 4513; x_wconf 71' lang='lat' dir='ltr'><strong>militia:</strong></span> <span class='ocrx_word' id='word_1_648' title='bbox 2712 4456 2989 4519; x_wconf 81' lang='lat' dir='ltr'><strong>balteum,</strong></span> <span class='ocrx_word' id='word_1_649' title='bbox 3045 4469 3152 4507; x_wconf 88' lang='lat' dir='ltr'><strong>non</strong></span> <span class='ocrx_word' id='word_1_650' title='bbox 3201 4453 3515 4523; x_wconf 86' lang='lat' dir='ltr'><strong>temporalis</strong></span> <span class='ocrx_word' id='word_1_651' title='bbox 3563 4456 3763 4525; x_wconf 78' lang='lat' dir='ltr'><strong>stipen-</strong></span> 
     </span>
    </p>
   </div>
   <div class='ocr_carea' id='block_1_92' title="bbox 412 4531 3760 4631">
    <p class='ocr_par' dir='ltr' id='par_1_92' title="bbox 412 4531 3760 4631">
     <span class='ocr_line' id='line_1_92' title="bbox 412 4531 3760 4631; baseline 0.002 -36"><span class='ocrx_word' id='word_1_652' title='bbox 412 4622 417 4631; x_wconf 17' lang='grc' dir='ltr'><strong>λ</strong></span> <span class='ocrx_word' id='word_1_653' title='bbox 484 4552 601 4607; x_wconf 62' lang='grc' dir='ltr'><strong>ως,</strong></span> <span class='ocrx_word' id='word_1_654' title='bbox 623 4542 898 4597; x_wconf 88' lang='lat' dir='ltr'><strong>imitemur</strong></span> <span class='ocrx_word' id='word_1_655' title='bbox 924 4544 1151 4597; x_wconf 89' lang='lat' dir='ltr'><strong>honesta</strong></span> <span class='ocrx_word' id='word_1_656' title='bbox 1195 4558 1405 4598; x_wconf 88' lang='lat' dir='ltr'><strong>morum</strong></span> <span class='ocrx_word' id='word_1_657' title='bbox 1448 4544 1863 4600; x_wconf 86' lang='lat' dir='ltr'><strong>conversatione</strong></span> <span class='ocrx_word' id='word_1_658' title='bbox 1887 4544 2076 4599; x_wconf 83' lang='lat' dir='ltr'><strong>viven-</strong></span> <span class='ocrx_word' id='word_1_659' title='bbox 2106 4531 2154 4590; x_wconf 83' lang='grc' dir='ltr'><strong>Ῑ)</strong></span> <span class='ocrx_word' id='word_1_660' title='bbox 2180 4550 2251 4605; x_wconf 88' lang='lat' dir='ltr'><strong>dii</strong></span> <span class='ocrx_word' id='word_1_661' title='bbox 2279 4549 2591 4603; x_wconf 85' lang='lat' dir='ltr'><strong>donativum</strong></span> <span class='ocrx_word' id='word_1_662' title='bbox 2623 4588 2636 4611; x_wconf 92' lang='lat'><strong>,</strong></span> <span class='ocrx_word' id='word_1_663' title='bbox 2681 4548 2775 4602; x_wconf 87' lang='lat' dir='ltr'><strong>sed</strong></span> <span class='ocrx_word' id='word_1_664' title='bbox 2804 4547 3044 4602; x_wconf 83' lang='lat' dir='ltr'><strong>caelestis</strong></span> <span class='ocrx_word' id='word_1_665' title='bbox 3074 4546 3425 4615; x_wconf 77' lang='lat' dir='ltr'><strong>promittebat</strong></span> <span class='ocrx_word' id='word_1_666' title='bbox 3451 4546 3627 4600; x_wconf 82' lang='lat' dir='ltr'><strong>curiae</strong></span> <span class='ocrx_word' id='word_1_667' title='bbox 3650 4560 3760 4600; x_wconf 72' lang='grc' dir='ltr'>ιιιιιι-</span> 
     </span>
    </p>
   </div>
   <div class='ocr_carea' id='block_1_93' title="bbox 498 4634 2076 4708">
    <p class='ocr_par' dir='ltr' id='par_1_93' title="bbox 498 4634 2076 4708">
     <span class='ocr_line' id='line_1_93' title="bbox 498 4634 2076 4708; baseline 0.004 -21"><span class='ocrx_word' id='word_1_668' title='bbox 498 4644 598 4688; x_wconf 89' lang='lat' dir='ltr'><strong>tes.</strong></span> <span class='ocrx_word' id='word_1_669' title='bbox 624 4634 958 4689; x_wconf 82' lang='lat' dir='ltr'><strong>Veneremur</strong></span> <span class='ocrx_word' id='word_1_670' title='bbox 999 4635 1051 4688; x_wconf 90' lang='lat' dir='ltr'><strong>in</strong></span> <span class='ocrx_word' id='word_1_671' title='bbox 1096 4636 1231 4698; x_wconf 89' lang='lat' dir='ltr'><strong>illis,</strong></span> <span class='ocrx_word' id='word_1_672' title='bbox 1273 4637 1413 4706; x_wconf 87' lang='lat' dir='ltr'><strong>quod</strong></span> <span class='ocrx_word' id='word_1_673' title='bbox 1439 4653 1634 4707; x_wconf 90' lang='lat' dir='ltr'><strong>corpus</strong></span> <span class='ocrx_word' id='word_1_674' title='bbox 1662 4653 1819 4693; x_wconf 86' lang='lat' dir='ltr'><strong>suum</strong></span> <span class='ocrx_word' id='word_1_675' title='bbox 1845 4654 1941 4708; x_wconf 91' lang='lat' dir='ltr'><strong>pro</strong></span> <span class='ocrx_word' id='word_1_676' title='bbox 1971 4637 2076 4693; x_wconf 87' lang='lat' dir='ltr'><strong>fide</strong></span> 
     </span>
    </p>
   </div>
   <div class='ocr_carea' id='block_1_94' title="bbox 485 4726 2073 4798">
    <p class='ocr_par' dir='ltr' id='par_1_94' title="bbox 485 4726 2073 4798">
     <span class='ocr_line' id='line_1_94' title="bbox 485 4726 2073 4798; baseline 0.003 -21"><span class='ocrx_word' id='word_1_677' title='bbox 485 4726 724 4781; x_wconf 78' lang='lat' dir='ltr'><strong>diversis</strong></span> <span class='ocrx_word' id='word_1_678' title='bbox 749 4727 1019 4782; x_wconf 86' lang='lat' dir='ltr'><strong>tradidere</strong></span> <span class='ocrx_word' id='word_1_679' title='bbox 1045 4727 1353 4798; x_wconf 84' lang='lat' dir='ltr'><strong>suppliciis;</strong></span> <span class='ocrx_word' id='word_1_680' title='bbox 1379 4730 1656 4785; x_wconf 85' lang='lat' dir='ltr'><strong>imitemur</strong></span> <span class='ocrx_word' id='word_1_681' title='bbox 1689 4739 1867 4784; x_wconf 88' lang='lat' dir='ltr'><strong>autem</strong></span> <span class='ocrx_word' id='word_1_682' title='bbox 1890 4772 1904 4793; x_wconf 93' lang='lat'><strong>,</strong></span> <span class='ocrx_word' id='word_1_683' title='bbox 1933 4731 2073 4798; x_wconf 89' lang='lat' dir='ltr'><strong>quod</strong></span> 
     </span>
    </p>
   </div>
   <div class='ocr_carea' id='block_1_95' title="bbox 484 4821 2077 4887">
    <p class='ocr_par' dir='ltr' id='par_1_95' title="bbox 484 4821 2077 4887">
     <span class='ocr_line' id='line_1_95' title="bbox 484 4821 2077 4887; baseline 0.002 -16"><span class='ocrx_word' id='word_1_684' title='bbox 484 4832 718 4874; x_wconf 72' lang='lat' dir='ltr'><strong>‘carnem</strong></span> <span class='ocrx_word' id='word_1_685' title='bbox 742 4835 892 4874; x_wconf 88' lang='lat' dir='ltr'><strong>suam</strong></span> <span class='ocrx_word' id='word_1_686' title='bbox 918 4829 1046 4874; x_wconf 86' lang='lat' dir='ltr'><strong>ante</strong></span> <span class='ocrx_word' id='word_1_687' title='bbox 1069 4821 1453 4876; x_wconf 79' lang='lat' dir='ltr'><strong>cruciﬁxerunt</strong></span> <span class='ocrx_word' id='word_1_688' title='bbox 1476 4838 1598 4876; x_wconf 91' lang='lat' dir='ltr'><strong>cum</strong></span> <span class='ocrx_word' id='word_1_689' title='bbox 1627 4823 1771 4877; x_wconf 88' lang='lat' dir='ltr'><strong>vitiis</strong></span> <span class='ocrx_word' id='word_1_690' title='bbox 1794 4863 1808 4887; x_wconf 92' lang='lat'><strong>,</strong></span> <span class='ocrx_word' id='word_1_691' title='bbox 1856 4832 1910 4877; x_wconf 92' lang='lat' dir='ltr'><strong>et</strong></span> <span class='ocrx_word' id='word_1_692' title='bbox 1948 4837 2077 4877; x_wconf 85' lang='lat' dir='ltr'><strong>con-</strong></span> 
     </span>
    </p>
   </div>
   <div class='ocr_carea' id='block_1_96' title="bbox 489 4908 2077 4979">
    <p class='ocr_par' dir='ltr' id='par_1_96' title="bbox 489 4908 2077 4979">
     <span class='ocr_line' id='line_1_96' title="bbox 489 4908 2077 4979; baseline 0.002 -17"><span class='ocrx_word' id='word_1_693' title='bbox 489 4910 868 4978; x_wconf 68' lang='lat' dir='ltr'><strong>cupiscentiis.</strong></span> <span class='ocrx_word' id='word_1_694' title='bbox 900 4909 1246 4979; x_wconf 70' lang='lat' dir='ltr'><strong>Admiremur</strong></span> <span class='ocrx_word' id='word_1_695' title='bbox 1273 4908 1391 4967; x_wconf 89' lang='lat' dir='ltr'><strong>illos</strong></span> <span class='ocrx_word' id='word_1_696' title='bbox 1415 4913 1644 4967; x_wconf 83' lang='lat' dir='ltr'><strong>viriliter</strong></span> <span class='ocrx_word' id='word_1_697' title='bbox 1672 4913 1982 4974; x_wconf 88' lang='lat' dir='ltr'><strong>morientes,</strong></span> <span class='ocrx_word' id='word_1_698' title='bbox 2011 4928 2077 4965; x_wconf 90' lang='lat' dir='ltr'><strong>ne</strong></span> 
     </span>
    </p>
   </div>
   <div class='ocr_carea' id='block_1_97' title="bbox 499 5003 2077 5074">
    <p class='ocr_par' dir='ltr' id='par_1_97' title="bbox 499 5003 2077 5074">
     <span class='ocr_line' id='line_1_97' title="bbox 499 5003 2077 5074; baseline 0.003 -19"><span class='ocrx_word' id='word_1_699' title='bbox 499 5003 664 5057; x_wconf 91' lang='lat' dir='ltr'><strong>vitam</strong></span> <span class='ocrx_word' id='word_1_700' title='bbox 689 5003 791 5072; x_wconf 91' lang='lat' dir='ltr'><strong>ipsi</strong></span> <span class='ocrx_word' id='word_1_701' title='bbox 818 5014 1103 5074; x_wconf 84' lang='lat' dir='ltr'><strong>negarent,</strong></span> <span class='ocrx_word' id='word_1_702' title='bbox 1143 5006 1236 5061; x_wconf 84' lang='lat' dir='ltr'><strong>sed</strong></span> <span class='ocrx_word' id='word_1_703' title='bbox 1262 5014 1318 5060; x_wconf 90' lang='lat' dir='ltr'><strong>et</strong></span> <span class='ocrx_word' id='word_1_704' title='bbox 1348 5005 1626 5061; x_wconf 89' lang='lat' dir='ltr'><strong>imitemur</strong></span> <span class='ocrx_word' id='word_1_705' title='bbox 1663 5018 1761 5074; x_wconf 90' lang='lat' dir='ltr'><strong>per</strong></span> <span class='ocrx_word' id='word_1_706' title='bbox 1794 5005 2077 5059; x_wconf 88' lang='lat' dir='ltr'><strong>eharitatis</strong></span> 
     </span>
    </p>
   </div>
   <div class='ocr_carea' id='block_1_98' title="bbox 500 5096 2080 5138">
    <p class='ocr_par' dir='ltr' id='par_1_98' title="bbox 500 5096 2080 5138">
     <span class='ocr_line' id='line_1_98' title="bbox 500 5096 2080 5138; baseline 0 0"><span class='ocrx_word' id='word_1_707' title='bbox 500 5096 673 5138; x_wconf 56' lang='lat' dir='ltr'><strong>malum</strong></span> <span class='ocrx_word' id='word_1_708' title='bbox 709 5098 910 5138; x_wconf 62' lang='lat' dir='ltr'><strong>semotis</strong></span> <span class='ocrx_word' id='word_1_709' title='bbox 929 5099 1394 5138; x_wconf 68' lang='lat' dir='ltr'><strong>pvhnrtntinnihnc</strong></span> <span class='ocrx_word' id='word_1_710' title='bbox 1416 5099 1721 5138; x_wconf 70' lang='lat' dir='ltr'><strong>incictmuna</strong></span> <span class='ocrx_word' id='word_1_711' title='bbox 1797 5106 1849 5138; x_wconf 89' lang='lat' dir='ltr'><strong>nt</strong></span> <span class='ocrx_word' id='word_1_712' title='bbox 1895 5099 1958 5138; x_wconf 77' lang='lat' dir='ltr'><strong>ml</strong></span> <span class='ocrx_word' id='word_1_713' title='bbox 1998 5098 2080 5138; x_wconf 70' lang='grc' dir='ltr'><strong>νὶ-</strong></span> 
     </span>
    </p>
   </div>
   <div class='ocr_carea' id='block_1_99' title="bbox 2176 4661 2454 4714">
    <p class='ocr_par' dir='ltr' id='par_1_99' title="bbox 2176 4661 2454 4714">
     <span class='ocr_line' id='line_1_99' title="bbox 2176 4661 2454 4714; baseline -0.018 -14"><span class='ocrx_word' id='word_1_714' title='bbox 2176 4661 2454 4714; x_wconf 83' lang='lat' dir='ltr'><strong>metptum.</strong></span> 
     </span>
    </p>
   </div>
   <div class='ocr_carea' id='block_1_100' title="bbox 2248 4731 3759 4805">
    <p class='ocr_par' dir='ltr' id='par_1_100' title="bbox 2248 4731 3759 4805">
     <span class='ocr_line' id='line_1_100' title="bbox 2248 4731 3759 4805; baseline -0.004 -15"><span class='ocrx_word' id='word_1_715' title='bbox 2248 4738 2359 4790; x_wconf 86' lang='lat' dir='ltr'><strong>Sub</strong></span> <span class='ocrx_word' id='word_1_716' title='bbox 2389 4745 2628 4791; x_wconf 80' lang='lat' dir='ltr'><strong>terrenae</strong></span> <span class='ocrx_word' id='word_1_717' title='bbox 2660 4736 2840 4805; x_wconf 77' lang='lat' dir='ltr'><strong>itaque</strong></span> <span class='ocrx_word' id='word_1_718' title='bbox 2868 4734 3076 4789; x_wconf 83' lang='lat' dir='ltr'><strong>militiae</strong></span> <span class='ocrx_word' id='word_1_719' title='bbox 3103 4731 3385 4802; x_wconf 87' lang='lat' dir='ltr'><strong>chlamyde</strong></span> <span class='ocrx_word' id='word_1_720' title='bbox 3422 4747 3525 4801; x_wconf 87' lang='lat' dir='ltr'><strong>pro</strong></span> <span class='ocrx_word' id='word_1_721' title='bbox 3571 4731 3759 4787; x_wconf 74' lang='lat' dir='ltr'><strong>castris</strong></span> 
     </span>
    </p>
   </div>
   <div class='ocr_carea' id='block_1_101' title="bbox 2177 4824 3755 4893">
    <p class='ocr_par' dir='ltr' id='par_1_101' title="bbox 2177 4824 3755 4893">
     <span class='ocr_line' id='line_1_101' title="bbox 2177 4824 3755 4893; baseline -0.003 -10"><span class='ocrx_word' id='word_1_722' title='bbox 2177 4829 2489 4884; x_wconf 74' lang='lat' dir='ltr'><strong>ctelestilms</strong></span> <span class='ocrx_word' id='word_1_723' title='bbox 2510 4829 2717 4889; x_wconf 86' lang='lat' dir='ltr'><strong>stabat,</strong></span> <span class='ocrx_word' id='word_1_724' title='bbox 2754 4838 2809 4880; x_wconf 92' lang='lat' dir='ltr'><strong>ut</strong></span> <span class='ocrx_word' id='word_1_725' title='bbox 2845 4829 2909 4881; x_wconf 90' lang='lat' dir='ltr'><strong>de</strong></span> <span class='ocrx_word' id='word_1_726' title='bbox 2946 4837 3159 4881; x_wconf 88' lang='lat' dir='ltr'><strong>terrena</strong></span> <span class='ocrx_word' id='word_1_727' title='bbox 3192 4824 3504 4893; x_wconf 83' lang='lat' dir='ltr'><strong>transfugas</strong></span> <span class='ocrx_word' id='word_1_728' title='bbox 3540 4824 3755 4885; x_wconf 80' lang='lat' dir='ltr'><strong>faceret,</strong></span> 
     </span>
    </p>
   </div>
   <div class='ocr_carea' id='block_1_102' title="bbox 2178 4914 3756 4987">
    <p class='ocr_par' dir='ltr' id='par_1_102' title="bbox 2178 4914 3756 4987">
     <span class='ocr_line' id='line_1_102' title="bbox 2178 4914 3756 4987; baseline -0.004 -16"><span class='ocrx_word' id='word_1_729' title='bbox 2178 4920 2374 4987; x_wconf 66' lang='lat' dir='ltr'><strong>quibus</strong></span> <span class='ocrx_word' id='word_1_730' title='bbox 2420 4935 2702 4971; x_wconf 65' lang='lat' dir='ltr'><strong>numerurm</strong></span> <span class='ocrx_word' id='word_1_731' title='bbox 2744 4917 2978 4972; x_wconf 71' lang='lat' dir='ltr'><strong>cwlestis</strong></span> <span class='ocrx_word' id='word_1_732' title='bbox 3014 4917 3218 4969; x_wconf 67' lang='lat' dir='ltr'><strong>militiae</strong></span> <span class='ocrx_word' id='word_1_733' title='bbox 3244 4924 3487 4983; x_wconf 69' lang='lat' dir='ltr'><strong>augt-ret.</strong></span> <span class='ocrx_word' id='word_1_734' title='bbox 3538 4914 3673 4969; x_wconf 76' lang='lat' dir='ltr'><strong>Huic</strong></span> <span class='ocrx_word' id='word_1_735' title='bbox 3708 4925 3756 4967; x_wconf 89' lang='lat' dir='ltr'><strong>ct</strong></span> 
     </span>
    </p>
   </div>
   <div class='ocr_carea' id='block_1_103' title="bbox 2189 5006 3753 5077">
    <p class='ocr_par' dir='ltr' id='par_1_103' title="bbox 2189 5006 3753 5077">
     <span class='ocr_line' id='line_1_103' title="bbox 2189 5006 3753 5077; baseline -0.004 -13"><span class='ocrx_word' id='word_1_736' title='bbox 2189 5010 2354 5064; x_wconf 87' lang='lat' dir='ltr'><strong>David</strong></span> <span class='ocrx_word' id='word_1_737' title='bbox 2380 5010 2554 5063; x_wconf 86' lang='lat' dir='ltr'><strong>simile</strong></span> <span class='ocrx_word' id='word_1_738' title='bbox 2584 5009 2712 5077; x_wconf 89' lang='lat' dir='ltr'><strong>quid</strong></span> <span class='ocrx_word' id='word_1_739' title='bbox 2742 5007 2932 5061; x_wconf 82' lang='lat' dir='ltr'><strong>fecisse</strong></span> <span class='ocrx_word' id='word_1_740' title='bbox 2957 5007 3329 5077; x_wconf 80' lang='lat' dir='ltr'><strong>cognovimus,</strong></span> <span class='ocrx_word' id='word_1_741' title='bbox 3359 5006 3611 5060; x_wconf 78' lang='lat' dir='ltr'><strong>videlicet</strong></span> <span class='ocrx_word' id='word_1_742' title='bbox 3638 5018 3753 5061; x_wconf 76' lang='lat' dir='ltr'><strong>eum</strong></span> 
     </span>
    </p>
   </div>
   <div class='ocr_carea' id='block_1_104' title="bbox 2185 5097 3751 5138">
    <p class='ocr_par' dir='ltr' id='par_1_104' title="bbox 2185 5097 3751 5138">
     <span class='ocr_line' id='line_1_104' title="bbox 2185 5097 3751 5138; baseline 0 0"><span class='ocrx_word' id='word_1_743' title='bbox 2185 5100 2322 5138; x_wconf 59' lang='lat' dir='ltr'><strong>omni</strong></span> <span class='ocrx_word' id='word_1_744' title='bbox 2350 5099 2513 5138; x_wconf 66' lang='lat' dir='ltr'><strong>Ar-Itic</strong></span> <span class='ocrx_word' id='word_1_745' title='bbox 2544 5114 2722 5138; x_wconf 67' lang='lat' dir='ltr'><strong>ranam</strong></span> <span class='ocrx_word' id='word_1_746' title='bbox 2753 5098 2891 5138; x_wconf 68' lang='grc' dir='ltr'>Ιῖριιιι</span> <span class='ocrx_word' id='word_1_747' title='bbox 2938 5097 3154 5138; x_wconf 51' lang='lat' dir='ltr'><strong>guttis-In</strong></span> <span class='ocrx_word' id='word_1_748' title='bbox 3187 5097 3396 5138; x_wconf 67' lang='grc' dir='ltr'>ΐιισίρηι</span> <span class='ocrx_word' id='word_1_749' title='bbox 3434 5105 3751 5138; x_wconf 63' lang='lat' dir='ltr'><strong>mni-aretur-</strong></span> 
     </span>
    </p>
   </div>
  </div>
