3978 5328
200 211 300 267 809

1633 210 1864 269 Sl-IRMU
1905 213 2035 268 LIV.

3364 227 3472 286 δίε)

201 333 281 374 ret
305 320 516 374 Aclus:
551 337 570 372 t
607 336 660 375 in
687 335 847 392 quem
878 320 1080 376 irruisti
1115 319 1308 376 hodie?
1337 341 1354 374 ι
1391 321 1576 394 (lReg.
1618 323 1773 390 xvn.)
1805 330 1852 387 Α
1881 323 2027 376 cuitu
2085 337 2203 392 ejus
2265 331 2556 396 tempestas
2618 328 2792 384 valida
2860 329 3033 401 (Psal.
3089 351 3219 404 xix;
3270 338 3468 401 Matth.

199 410 473 465 fatebatur
501 410 590 466 ille
619 426 678 466 se
708 421 896 466 contra
931 413 1210 467 meridiem
1253 411 1414 479 Juda,
1456 413 1542 467 vel
1589 424 1778 467 contra

196 501 449 572 regiones
496 500 662 557 Israel
709 502 1000 558 insiluisse.
1040 501 1206 557 David
1246 502 1431 572 itaque
1465 501 1778 572 alienigena:

197 592 344 661 regi,
390 593 548 662 quasi
592 593 844 649 devotum
885 609 945 648 se
981 603 1205 660 urgente
1245 595 1600 658 necessitate,
1638 609 1776 662 prte-

193 679 420 747 buerat;
450 683 545 738 sed
570 698 635 738 ex
665 681 892 752 profano
913 680 1029 750 ejus
1064 682 1258 752 pooulo
1285 691 1494 752 strages
1520 681 1778 751 plurimas

193 772 575 828 coacervabat.
608 773 805 828 Beatus
833 788 964 828 vero
990 772 1188 827 Fidelis
1218 775 1320 828 sub
1347 773 1622 827 saecularis
1651 787 1778 841 pro-

192 860 430 918 fessione
459 864 666 919 militia:
711 865 764 918 in
808 865 1087 934 procinctu
1115 875 1420 920 castrorum
1450 865 1777 931 caelestium,

189 952 514 1010 desudabat.
575 955 865 1025 Propterea
919 955 1121 1009 mundo
1174 956 1282 1009 imo
1334 956 1560 1025 principi
1621 955 1778 1025 hujus

188 1045 400 1109 mundi,
431 1045 516 1100 cui
553 1046 732 1115 specie
764 1055 920 1100 tenus
949 1046 1155 1100 servire
1183 1045 1496 1108 videbatur,
1527 1044 1775 1108 illudens,

187 1149 454 1205 sequaces
471 1151 752 1207 quousque
778 1136 1057 1207 satagebat
1082 1137 1420 1202 abstrahere,
1444 1136 1779 1207 potiorisque

185 1225 398 1280 militize
426 1228 660 1282 ctetibus
687 1242 998 1298 aggregare.

255 1312 352 1368 Ille
382 1314 548 1382 igitur
578 1315 721 1370 ferro
752 1318 1002 1372 nationes
1036 1318 1352 1372 barbaricas
1381 1319 1774 1383 obtruncalat;

185 1406 290 1459 iste
310 1406 491 1477 gladio
515 1407 772 1478 Spiritus,
793 1410 936 1479 quod
957 1419 1037 1464 est
1055 1411 1288 1464 Verbum
1317 1411 1407 1464 Dei
1433 1411 1648 1481 (Ep/tes.
1678 1414 1774 1483 vt),

182 1513 210 1548 a
240 1498 448 1551 carnali
479 1499 586 1552 vita
612 1499 893 1565 inconditi,
926 1509 981 1554 et
1006 1516 1194 1554 revera
1223 1501 1492 1556 barbarici
1520 1503 1658 1558 ritus
1680 1503 1779 1558 lio-

182 1589 361 1642 mines
388 1589 689 1644 occidebat.
719 1590 813 1645 Ille
838 1592 1174 1646 diversorum
1223 1601 1426 1648 turmas
1460 1594 1774 1648 animalium

182 1683 390 1751 rapuit;
429 1683 517 1737 hic
539 1683 726 1739 brutos
752 1683 999 1738 homines
1024 1684 1091 1738 ad
1123 1683 1378 1739 Ecclesia:
1403 1685 1696 1750 stabulum,
1720 1695 1775 1739 et
1808 1696 1847 1754 Β

179 1773 532 1843 capessendae
588 1773 814 1828 rationis
868 1773 1122 1844 pabulum
1162 1775 1328 1830 vitale
1371 1776 1642 1846 perduxit.
1679 1777 1772 1832 llle

178 1864 464 1919 consultus
491 1865 584 1920 Dei
611 1879 670 1920 se
698 1864 895 1936 populo
923 1866 1228 1920 testabatur
1256 1867 1530 1922 exstitisse
1552 1877 1771 1922 contra-

178 1955 351 2020 rium,
382 1955 484 2011 iste
508 1957 669 2010 etiam
695 1956 835 2026 parti
864 1956 1105 2011 ﬁdelium
1132 1957 1532 2026 quodammodo
1561 1973 1620 2013 se
1646 1975 1772 2028 per-

179 2043 405 2099 bibebat
423 2044 712 2111 obsistere,
731 2045 856 2100 dum
885 2046 1196 2100 saecularem
1222 2047 1470 2101 militiam
1496 2048 1770 2102 videretur

177 2151 304 2191 cum
340 2135 647 2193 inﬁdelibus
693 2135 959 2206 bajnlare.
1009 2136 1229 2192 Militari
1281 2154 1515 2208 namque
1560 2139 1769 2209 profeso

178 2229 332 2284 sione
356 2230 805 2299 superﬁcietenus
833 2229 1117 2285 videbatur
1142 2245 1409 2295 asserere,
1431 2232 1574 2300 quod
1600 2231 1768 2287 hrere-

177 2321 406 2378 ditatem
447 2321 575 2389 Dei,
623 2323 775 2394 cujus
806 2323 919 2393 ipse
947 2338 1073 2392 pars
1102 2334 1243 2387 erat,
1272 2323 1502 2379 diversis
1529 2323 1768 2379 moribus

174 2412 328 2468 velut
368 2413 691 2484 quibusdam
734 2413 949 2484 gladiis,
980 2423 1334 2483 oppugnaret.
1366 2415 1456 2469 Sic
1485 2415 1765 2480 nimirum,

176 2501 257 2557 sic
310 2512 500 2558 sancta
534 2501 684 2557 fraus
732 2503 957 2557 liberius
1007 2504 1358 2574 procedebat,
1395 2503 1521 2557 dum
1555 2503 1622 2569 is,
1678 2504 1764 2558 cui

176 2595 417 2664 suspicio
443 2595 653 2660 deerat,
677 2595 1024 2665 acquirendis
1047 2596 1264 2650 Christo
1289 2595 1531 2650 fidelibus
1558 2595 1767 2650 insis:e-

175 2691 288 2745 bat.
317 2689 631 2746 Videbimus
670 2691 868 2762 igitur,
913 2691 1038 2760 quia
1070 2689 1130 2743 Β.
1162 2690 1363 2745 Fidelis
1403 2690 1469 2745 ad
1506 2705 1763 2746 coronam

176 2783 447 2854 martyrii,
479 2783 676 2838 merito
704 2783 1039 2852 praacedente
1070 2782 1349 2851 pertinuit,
1373 2782 1465 2852 qui
1491 2783 1766 2838 lucrandis

176 2875 466 2931 animabus
491 2890 621 2930 verc
646 2875 930 2930 charitatis
965 2876 1142 2930 studio
1181 2883 1237 2932 et
1270 2883 1397 2931 ante
1442 2875 1763 2946 martyrium

175 2966 481 3022 desudavit.
513 2967 676 3035 Quasi
700 2968 844 3022 enim
861 2968 1002 3022 bona
1030 2976 1194 3034 terra,
1219 2979 1275 3024 et
1297 2967 1448 3023 ferax
1475 2970 1626 3040 prius
1642 2985 1764 3040 ger-

175 3073 300 3113 men
326 3059 500 3113 sancti
531 3059 712 3129 Operis
732 3059 985 3129 protulit,
1015 3069 1071 3114 et
1101 3061 1180 3115 sic
1205 3061 1400 3116 deinde
1426 3061 1765 3132 triumphalis
1793 3059 1838 3122 C

174 3150 362 3225 gloriae
383 3151 563 3205 lumen
585 3153 816 3221 excepit.
851 3151 988 3207 Hinc
1011 3161 1094 3207 est
1119 3153 1261 3208 enim
1282 3193 1297 3219 ,
1337 3155 1481 3224 quod
1521 3155 1575 3208 in
1608 3153 1766 3222 hujus

174 3239 364 3296 mundi
390 3242 689 3310 primordio
718 3243 871 3312 prius
908 3252 1048 3297 terra
1082 3245 1388 3312 germinare
1427 3247 1761 3317 pratcipitur,

170 3331 423 3400 sequenti
453 3346 584 3386 vero
613 3331 699 3386 die
728 3333 1016 3388 luminaria
1066 3334 1119 3388 in
1166 3333 1304 3389 ctelo
1333 3334 1469 3390 fiunt
1506 3334 1657 3408 (Gen.
1685 3339 1758 3406 ι);

172 3422 302 3492 quia
332 3436 555 3478 necesse
580 3431 685 3487 est,
718 3438 815 3478 nos
860 3424 1036 3492 primo
1077 3432 1279 3479 sancta:
1325 3426 1654 3495 operationis
1684 3429 1762 3479 vi-

175 3511 314 3566 tales
336 3510 547 3568 frnctus
573 3511 790 3575 aﬁ‘erre,
828 3522 886 3566 ut
928 3513 995 3569 ad
1037 3513 1510 3584 contemplandum
1538 3530 1762 3570 summa:

171 3603 422 3658 veritatis
457 3603 676 3669 lumen,
729 3603 1004 3658 valeamus
1053 3606 1394 3674 postmodum
1451 3606 1756 3675 pervenire.

173 3693 403 3750 Domum
433 3708 628 3765 nempe
656 3711 808 3750 suam
837 3710 999 3764 supra
1047 3697 1258 3750 lirmam
1305 3705 1512 3766 petram
1545 3697 1594 3750 in
1628 3711 1758 3766 pace

171 3787 538 3854 fundaverat,
584 3790 724 3843 unde
776 3786 1116 3859 poStmodum
1149 3789 1274 3843 dum
1315 3791 1459 3844 venti
1493 3791 1756 3845 minarum

169 3878 437 3946 furerent,
467 3880 594 3934 dum
628 3881 827 3936 diversi
854 3882 1237 3952 suppliciorum
1265 3880 1462 3936 ﬁuctus
1492 3883 1754 3954 impinge-

169 3980 313 4036 rent,
343 3971 635 4026 immobilis
658 3974 1008 4042 permanebat
1028 3969 1242 4042 (Matth.
1268 3971 1387 4041 vn).
1410 3971 1751 4051 Etotanquam

168 4061 322 4115 radix
368 4062 570 4132 egregii
603 4061 779 4116 trunci
821 4062 987 4116 robur
1013 4062 1162 4132 prius
1207 4061 1258 4115 in
1297 4063 1511 4117 occulto
1556 4077 1754 4117 conce-

165 4161 341 4220 perat,
364 4168 472 4222 quo
494 4153 625 4207 fulta
648 4155 986 4222 postmodum
1013 4154 1193 4208 adulta
1221 4169 1375 4225 seges
1397 4155 1542 4210 auris
1565 4155 1750 4225 impel-

163 4242 400 4298 ientibus
425 4259 530 4298 non
561 4245 808 4299 cadebat.
837 4245 894 4300 ln
928 4259 1062 4315 pace
1090 4245 1254 4316 igitur
1285 4262 1350 4301 ex
1390 4247 1528 4302 bona
1559 4261 1747 4317 Opera-

164 4334 309 4389 tione
356 4336 697 4406 promeruit,
749 4337 892 4406 quod
952 4337 1184 4392 invictus
1230 4338 1284 4392 in
1350 4339 1744 4407 persecutionis

1880 413 2072 482 κει-ιι).
2098 432 2114 463 ι
2146 412 2314 469 Porro
2345 417 2398 470 in
2428 425 2599 472 morte
2629 417 2838 474 Domini
2867 421 3130 479 elementa
3162 429 3371 485 turbata
3397 432 3470 486 Ie-

1879 512 2098 572 guntur.
2126 504 2293 576 289
2321 505 2547 573 Quanta:
2573 523 2701 580 ergo
2732 510 3010 578 dignitatis
3053 524 3156 581 est,
3190 533 3466 592 quamque

1880 593 2077 645 nobilis
2107 594 2318 666 insigne
2341 595 2620 667 triumphi,
2649 597 2715 653 ad
2739 599 2910 655 instar
2940 602 3230 663 Dominica:
3252 616 3464 679 mortis,

1878 681 2040 735 etiam
2070 683 2124 737 in
2155 683 2512 742 decollatione
2541 691 2794 762 martyris
2822 690 3084 749 elementa
3115 694 3284 754 fuisse
3308 717 3462 758 com-

1879 773 2067 826 mota?
2117 782 2176 827 nt
2226 788 2291 828 ex
2344 775 2523 846 aliqua
2576 787 2730 848 parte
2779 781 2968 836 mortis
3019 782 3134 851 ejus
3187 790 3467 847 moriendo

1879 869 2088 918 teneret
2130 861 2358 918 formam
2385 904 2400 930 ,
2429 866 2584 936 cujus
2614 868 2852 926 imitatus
2895 881 2980 927 est
3009 875 3238 934 vivendo
3267 880 3471 938 doctri-

1878 964 2023 1004 nam.

1947 1081 2082 1138 Illud
2107 1083 2270 1140 etiam
2300 1088 2791 1160 parvipendendnm
2814 1109 2918 1150 non
2941 1105 3045 1164 est,
3069 1103 3210 1170 quod
3238 1104 3458 1175 quidam

1877 1187 1944 1227 ex
1977 1179 2417 1244 persecutoribus
2461 1199 2490 1235 a
2521 1184 2788 1239 daemonio
2833 1189 3152 1255 perhibetur
3178 1205 3462 1268 arreptus,

1878 1267 1969 1335 qui
2001 1269 2255 1324 nimirum
2304 1288 2426 1327 cum
2472 1276 2818 1344 promitteret
2863 1281 3153 1350 sepultura:
3177 1299 3237 1340 se
3266 1301 3463 1358 corpus

1879 1361 2136 1429 martyris
2180 1376 2304 1416 cum
2337 1379 2531 1434 magna
2584 1369 2887 1424 reverentia
2935 1373 3282 1441 traditurum,
3323 1379 3369 1433 si
3398 1394 3466 1435 eo

1879 1446 2272 1506 interveniente
2297 1465 2600 1510 mereretur
2629 1473 2657 1511 a
2683 1459 2949 1516 daemonio
2974 1461 3216 1530 liberari,
3251 1483 3374 1524 mox
3403 1479 3466 1524 ut

1877 1536 2110 1591 cadaver
2145 1543 2402 1612 martyris
2448 1545 2652 1613 tetigit,
2705 1546 2914 1603 daemon
2953 1549 3235 1609 abscessit.
3266 1556 3324 1612 In
3358 1559 3465 1614 hoc

1878 1626 2043 1681 etiam
2071 1629 2312 1699 ejusdem
2343 1634 2515 1688 nostri
2546 1635 2922 1707 Redemptoris
2943 1645 3222 1714 perspicue
3246 1648 3463 1706 videtur

1876 1718 2202 1787 exemplum.
2233 1719 2509 1791 Siquidem
2537 1739 2602 1779 ex
2628 1726 2758 1796 ipsis
2783 1734 3219 1798 persecutoribus
3243 1736 3457 1794 Domini

1873 1810 2181 1880 quicunque
2203 1818 2518 1885 mysterium
2541 1824 2872 1877 sacrosancti
2897 1829 3139 1896 corporis
3159 1830 3276 1900 ejus
3296 1833 3463 1887 attin-

1873 1913 2000 1969 gere
2024 1914 2371 1970 meruerunt,
2401 1922 2431 1960 a
2465 1909 2771 1966 dtemonum
2797 1913 2928 1985 jngo
2959 1916 3118 1973 soluti
3149 1929 3307 1990 sunt,
3340 1923 3460 1993 ipso

1875 1993 2140 2062 redempti
2194 1999 2490 2068 sanguine,
2538 2017 2699 2070 quem
2769 2003 3045 2064 fuderunt.
3090 2010 3265 2082 Atque
3314 2023 3374 2068 ut
3404 2015 3460 2071 iu

1873 2085 2135 2152 martyrio
2165 2101 2265 2142 suo
2290 2102 2482 2145 servus
2507 2093 2815 2161 passionem
2858 2097 3069 2154 Domini
3099 2102 3183 2157 sui
3209 2104 3457 2160 videatur

1870 2179 2022 2246 quasi
2046 2179 2400 2251 pedissequus
2422 2183 2641 2251 imitari,
2665 2187 2788 2242 dum
2807 2190 3090 2248 carniﬁces
3111 2195 3460 2268 principisuo

1869 2269 2150 2337 miracula,
2175 2287 2293 2343 quae
2315 2289 2413 2344 per
2431 2276 2647 2331 beatum
2664 2290 2954 2350 martyrem
2975 2294 3193 2340 ostensa
3216 2287 3458 2355 fuerant,

1869 2363 2216 2429 nuntiarent;
2246 2367 2499 2436 cuiquam
2530 2369 2654 2425 talia
2685 2371 2888 2428 referre
2915 2377 3138 2432 omnino
3157 2379 3454 2449 prohibuit,

1868 2463 2236 2524 perpetuoque
2281 2459 2460 2513 celare
2505 2463 2728 2518 territus
2776 2465 3081 2536 imperavit.
3132 2470 3266 2537 Quis
3304 2474 3452 2528 enim

1869 2542 1973 2596 hoc
1998 2545 2244 2611 audiens,
2273 2563 2380 2603 non
2413 2549 2545 2605 illud
2573 2553 2821 2621 protinus
2848 2557 2914 2610 ad
2946 2561 3264 2616 memoriam
3296 2577 3456 2620 revo—

1867 2645 1974 2701 cet,
2005 2641 2148 2707 quod
2177 2641 2450 2712 principes
2477 2647 2818 2702 sacerdotum
2859 2649 3050 2707 dixere
3093 2654 3409 2712 custodibus
3436 2675 3450 2710 :

1872 2744 1890 2777 t
1928 2726 2124 2794 Dicite,
2161 2730 2363 2800 inquit,
2391 2735 2518 2803 quia
2546 2736 2791 2807 discipuli
2826 2738 2946 2807 ejus
2976 2751 3135 2797 noctu
3167 2757 3454 2812 venerunt,

1865 2825 1922 2872 et
1950 2819 2114 2874 furati
2145 2831 2270 2876 sunt
2295 2839 2421 2878 eum
2442 2865 2456 2889 ,
2505 2827 2656 2881 vobis
2685 2829 3109 2898 dormientibus;
3141 2843 3196 2889 et
3224 2837 3267 2891 si
3296 2839 3453 2890 audi-

1868 2918 1980 2964 tum
2011 2910 2172 2967 fuerit
2204 2929 2234 2967 a
2258 2917 2510 2983 praeside,
2541 2932 2636 2971 nos
2663 2919 3008 2976 suadebimus
3031 2923 3112 2988 ei,
3140 2934 3194 2980 et
3229 2941 3452 2981 securos

1870 3015 1967 3054 vos
1992 2999 2250 3057 faciemus
2277 3003 2493 3074 (Matth.
2518 3007 2730 3076 xxvnt).
2755 3026 2774 3057 ι
2807 3007 2894 3062 lsti
2923 3011 3188 3079 siquidem
3219 3015 3452 3070 docuere

1869 3092 2156 3158 custodes,
2206 3103 2264 3146 ut
2315 3095 2658 3150 mendacium
2711 3099 3007 3168 fingerent;
3061 3102 3148 3156 ille
3194 3107 3451 3176 praecepit

1867 3180 2200 3249 oﬁicialibus,
2231 3195 2292 3240 ut
2312 3188 2595 3241 veritatem
2618 3189 2835 3245 silentio
2858 3194 3272 3262 supprimerent.
3305 3197 3450 3254 Utri-

1864 3287 1970 3342 que
2001 3275 2254 3329 nimirum
2300 3277 2545 3332 veritatis
2574 3287 2700 3333 sunt
2729 3279 2966 3346 inimici,
3002 3284 3128 3338 dum
3171 3295 3265 3340 aut
3293 3303 3444 3343 com-

1865 3378 2047 3423 menta
2094 3369 2320 3424 fallaciae
2363 3372 2611 3442 nequiter
2653 3372 2956 3443 fabricant,
3004 3385 3100 3432 aut
3153 3380 3441 3438 veritatem

1863 3460 2080 3515 silentio
2109 3459 2461 3531 malignitatis
2480 3463 2774 3521 occultant.
3382 3469 3384 3472 ’

1931 3593 2039 3649 Nos
2069 3603 2282 3658 autem,
2329 3594 2524 3650 fratres
2555 3597 2895 3666 charissimi,
2944 3601 3035 3671 qui
3083 3611 3190 3658 tam
3236 3607 3439 3680 egregii

1860 3689 2215 3742 constantiam
2263 3689 2586 3758 pratljatoris
2628 3692 2962 3759 audivimus,
3009 3696 3101 3766 qui
3139 3705 3303 3753 tanta:
3331 3701 3445 3755 vir~

1861 3778 1990 3832 tutis
2020 3778 2247 3848 insignia
2277 3789 2527 3848 tanquam
2561 3781 2737 3850 posita
2777 3783 2876 3836 sub
2921 3785 3091 3840 oculis
3130 3786 3438 3854 intuemur,

1857 3886 1909 3926 et
1940 3872 2041 3941 ipsi
2075 3873 2300 3926 virtutes
2322 3873 2523 3928 habere
2549 3889 2672 3928 cum
2703 3873 2797 3929 Dei
2827 3877 3209 3944 omnipotentis
3235 3881 3438 3936 auxilio

1855 3966 2185 4019 stndeamus.
2209 3963 2415 4020 Pudeat
2443 3967 2542 4021 sub
2570 3967 2794 4038 ignavia:
2819 3976 3035 4037 torpore
3064 3969 3435 4042 languescere,

1854 4057 1977 4127 quia
2008 4056 2142 4111 alios
2171 4058 2444 4112 cernimus
2479 4074 2600 4112 cum
2637 4067 2781 4113 tanta
2810 4060 2876 4114 ad
2917 4061 3113 4116 cmlum
3141 4063 3308 4133 gloria
3337 4080 3435 4136 pe-

1853 4158 2086 4202 netrare.
2134 4147 2427 4203 lncalescat
2475 4165 2628 4205 mens
2667 4158 2850 4206 nostra
2883 4151 2951 4207 ad
2982 4169 3210 4224 agonem
3256 4165 3437 4212 certa-

1851 4237 2040 4302 minis;
2066 4247 2120 4293 et
2144 4239 2190 4293 si
2217 4255 2322 4293 non
2344 4239 2492 4292 timet
2516 4241 2776 4295 audacter
2793 4257 2913 4298 cum
2942 4243 3096 4298 hoste
3120 4244 3433 4316 conﬂigere.

1849 4341 1954 4382 non
2010 4327 2218 4382 dubitet
2261 4327 2396 4383 duce
2437 4327 2688 4394 Christo,
2739 4328 2952 4384 facilem
2994 4331 3093 4384 sibi
3147 4333 3430 4392 victoriam

161 4425 336 4480 stadio
363 4466 378 4488 ,
433 4437 488 4480 et
537 4426 933 4496 imperterritus
959 4427 1127 4482 stetit.
1167 4426 1478 4482 Elaboravit
1508 4428 1559 4482 in
1608 4431 1743 4497 otio,

1867 4419 2153 4472 irovenire.
2203 4417 2269 4472 Et
2314 4419 2530 4488 quidem
2577 4420 2731 4474 nobis
2781 4421 2958 4473 minor
2981 4429 3064 4476 est
3091 4423 3259 4488 labor,
3303 4439 3426 4480 cum

159 4514 303 4580 quod
333 4515 610 4586 superavit
637 4516 690 4568 in
720 4515 876 4570 bello.
901 4515 1044 4570 intra
1073 4517 1222 4587 patis
1251 4519 1451 4573 mmnia
1473 4520 1745 4589 conquisi-

159 4602 258 4665 vit,
288 4605 432 4672 quod
463 4604 517 4659 in
543 4620 734 4674 eampo
761 4607 933 4662 victor
964 4607 1214 4662 obtinuit.

226 4692 376 4748 Inter
397 4704 594 4748 caetera
623 4704 802 4751 autem
831 4696 1147 4751 meritorum
1170 4697 1285 4766 ejus
1313 4699 1543 4769 insignia
1565 4741 1580 4766 ,
1607 4699 1736 4755 illud

157 4791 372 4851 quantae
397 4783 582 4854 gloriae
615 4792 719 4850 est,
751 4787 893 4856 quod
916 4785 1104 4842 beatus
1131 4788 1240 4853 hic,
1271 4798 1323 4844 et
1351 4790 1738 4847 invictissimus

157 4882 384 4946 martyr,
416 4891 544 4930 mox
571 4883 630 4929 ut
653 4878 828 4947 capite
856 4893 1029 4933 caesus
1054 4888 1156 4944 est,
1183 4882 1396 4936 turbida
1423 4890 1734 4951 tempestas,

156 4976 209 5022 et
233 4968 395 5023 nimia
421 4968 731 5024 coruscatio
751 4970 949 5025 dicitur
971 4972 1295 5029 emersisse?
1328 4971 1442 5027 Hoc
1465 4975 1735 5043 siquidem

156 5059 339 5118 divinae
361 5061 469 5120 fuit
496 5061 768 5130 aequitatis
785 5063 1073 5134 judicium,
1103 5071 1162 5117 ut
1187 5079 1286 5134 per
1311 5064 1417 5119 hoc
1450 5066 1735 5127 manifesta

151 5151 505 5217 claresceret,
531 5151 677 5220 quod
707 5153 795 5222 qui
839 5161 1131 5224 martyrem
1167 5168 1325 5208 suum
1359 5153 1650 5223 recipiebat
1681 5158 1734 5214 in

149 5245 327 5315 gloria,
357 5255 606 5303 tortores
635 5244 749 5313 ejus
771 5245 930 5317 digne
960 5245 1194 5301 terrebat
1221 5249 1272 5304 in
1302 5247 1400 5300 ira.

1850 4519 2028 4566 tamen
2061 4525 2347 4566 commune
2394 4510 2464 4565 sit
2513 4511 2814 4578 praemium.
2864 4512 2996 4579 Quis
3035 4515 3180 4600 enim
3220 4517 3428 4571 nesciat

1845 4601 2342 4671 incomparabiliter
2368 4615 2487 4655 esse
2517 4598 2782 4656 difﬁcilius
2810 4602 2984 4673 gladio
3007 4598 3272 4661 cervicem
3292 4608 3427 4663 sub-

1842 4695 1993 4763 dere,
2018 4710 2179 4764 quam
2207 4693 2343 4764 gulae
2366 4693 2651 4749 illecebras
2671 4695 2968 4750 cohibere?
2989 4695 3120 4764 Quis
3146 4713 3253 4754 non
3276 4698 3429 4754 malit

1840 4796 2073 4844 testuare
2117 4786 2428 4846 laboribus.
2478 4786 2563 4840 vel
2607 4786 2848 4841 nuditate
2893 4785 3216 4858 frigescere,
3263 4802 3426 4858 quam

1843 4877 2180 4933 flammarum
2227 4877 2522 4932 furentium
2555 4877 2800 4933 incendia
2831 4877 3136 4936 sustinere?
3161 4877 3291 4947 Quis
3319 4895 3428 4936 non

1843 4971 2014 5025 levius
2045 4980 2261 5027 censeat
2289 4968 2518 5033 esurire,
2551 4979 2604 5024 et
2634 4969 2786 5024 sitire
2807 5011 2821 5034 ,
2845 4984 3008 5037 quam
3049 4972 3162 5027 radi
3189 4971 3428 5038 ungulis.

1843 5063 1922 5116 vel
1958 5063 2248 5119 bestiarum
2290 5061 2560 5117 morsibus
2589 5062 2760 5116 tradi?
2797 5062 2878 5116 An
2927 5078 3033 5118 non
3069 5062 3428 5135 periculosius

1840 5163 1944 5215 est.
1976 5155 2027 5208 in
2056 5153 2268 5224 publico
2293 5151 2551 5205 micantia
2581 5151 2921 5207 frementium
2951 5168 3138 5224 regum
3172 5151 3429 5207 mandata

1839 5251 2207 5307 contemnere,
2239 5255 2401 5311 quam
2431 5237 2668 5297 latenter
2700 5241 2752 5297 in
2792 5249 2977 5297 mente
3004 5241 3185 5313 pravis
3212 5241 3426 5308 cegita-
