3978 5328
567 148 663 227 sit

1142 172 1196 226 S.
1243 170 1442 226 PETRI
1486 172 1766 226 DAMIANI
1797 166 1943 227 ΟΓΡ.
1985 171 2162 227 PARS
2203 173 2330 230 SEU
2377 176 2610 234 TOMUS
2649 177 2711 232 ll.
2751 206 2821 218 -ο
2857 177 3238 234 εειιιιυχες.

3711 181 3816 237 8ίέ

565 291 743 348 stadio
779 280 977 345 imitari
1026 289 1376 360 negligimus,
1426 297 1482 343 ut
1526 297 1804 345 consortes
1856 291 1908 344 in
1957 290 2131 360 patria
2161 292 2406 353 Acietas
2449 295 2855 365 prophetarum,
2913 279 3176 366 gloriosus
3230 296 3598 367 apostolorum
3646 297 3811 368 291

565 384 859 441 victoribus
882 384 1116 437 existere
1145 381 1443 437 valeamus.

633 476 940 545 Pugaemus
972 474 1152 544 igitur,
1179 473 1376 527 fratres
1403 473 1530 539 mei,
1554 481 1607 527 et
1636 471 2005 528 infestantium
2037 488 2134 528 nos

563 569 814 624 vitiorum
861 565 1142 622 illecebras
1183 574 1462 634 amputare
1501 580 1785 629 curemus;
1826 579 1929 618 non
1967 565 2131 630 enim,

554 660 612 730 ju
624 675 648 711 κ
659 668 709 711 ta
729 654 876 710 Pauli
895 670 1076 709 vocem
1095 671 1107 718 ;
1127 669 1410 724 possumus
1425 653 1511 708 hic
1524 655 1756 724 gaudere
1771 655 1835 707 de
1847 653 2062 717 sarculo,
2078 662 2132 706 et

561 749 669 802 illic
683 759 904 818 regnare
927 762 1046 800 cum
1059 744 1294 799 Christo.
1309 743 1471 814 290
1486 743 1546 797 Et
1559 743 1774 812 quidem
1790 744 1974 796 beatos
1988 755 2133 794 mar-

563 848 710 908 tyres
737 851 857 891 cum
885 834 1140 888 membris
1173 832 1370 886 diaboli
1412 832 1694 885 dimicasse
1722 829 2130 899 cognoscimus;

561 944 661 983 nos
688 935 865 982 autem
894 940 1016 980 cum
1049 923 1166 994 ipso
1208 923 1515 990 iniquorum
1542 922 1716 991 capite
1748 919 2134 974 inftcilerabilis

557 1033 750 1090 pugnae
788 1017 1056 1072 luctamen
1111 1015 1392 1071 habemus.
1453 1013 1528 1067 llli
1569 1013 1815 1066 vicerunt
1867 1025 1988 1063 eum
2037 1023 2135 1079 per

560 1110 798 1164 membra
840 1122 934 1161 sua
979 1105 1287 1160 immaniter
1336 1103 1673 1162 satvientem;
1726 1116 1822 1156 nos
1867 1113 2128 1169 superare

559 1199 896 1266 principimur
953 1196 1052 1251 sub
1103 1195 1413 1249 insidiarum
1468 1192 1747 1247 fraudibus
1800 1192 2126 1246 latitantem.

563 1288 803 1357 Utroque
832 1286 989 1341 modo
1031 1284 1358 1354 triumphum
1389 1286 1454 1338 de
1489 1284 1577 1338 illo
1620 1283 1881 1354 gloriosus
1928 1291 2132 1352 martyr

559 1379 759 1434 Fidelis
777 1376 1028 1440 obtinuit,
1051 1376 1143 1446 qui
1167 1385 1226 1430 et
1253 1376 1302 1429 in
1329 1390 1458 1444 pace
1485 1390 1580 1446 per
1605 1373 1978 1428 mdiﬁcationis
2003 1385 2129 1442 gra-

557 1471 686 1525 tiam
715 1471 783 1522 ah
827 1469 944 1538 ejus
986 1466 1202 1522 vinculo
1252 1465 1541 1521 nonnullos
1584 1465 1817 1536 eripuit,
1867 1472 1920 1518 et
1953 1462 2132 1518 oblato

555 1558 948 1631 persecutionis
987 1556 1214 1611 articulo
1234 1596 1248 1621 ,
1282 1556 1645 1611 blandientem
1677 1553 2046 1618 nihilominus,
2076 1561 2133 1606 et

554 1661 848 1707 terrentem
885 1666 982 1721 per
1005 1665 1098 1704 sua
1130 1649 1368 1703 membra
1393 1648 1735 1716 contempsit.
1769 1647 1948 1701 Victus
1979 1644 2126 1712 vicit,
2157 1659 2205 1720 Β
2235 1648 2426 1703 ﬁlebor
2456 1649 2526 1702 illi
2559 1651 2628 1704 ibi
2665 1667 2678 1702 ε

553 1741 796 1808 deiectus
824 1738 1088 1805 ascendit,
1135 1739 1410 1806 proprium
1457 1746 1620 1806 caput
1663 1736 1840 1806 gladio
1870 1733 2128 1806 subdidit,

551 1839 607 1883 et
635 1830 901 1884 cervicem
929 1826 1125 1882 diaboli
1153 1837 1422 1896 perpetuae
1453 1827 1692 1881 victoriae
1719 1827 1853 1896 pede
1879 1825 2127 1880 calcavit.

551 1921 704 1975 Nune
735 1919 921 1990 procul
942 1919 1106 1972 dubio
1133 1918 1272 1972 inter
1293 1918 1490 1988 ignitos
1520 1931 1763 1986 superna:
1797 1914 2130 1971 Hierusalem

553 2011 759 2080 lapides
801 2011 1042 2074 emicat,
1079 2019 1132 2061 et
1171 2023 1297 2062 eum
1337 2007 1646 2076 purpuratis
1675 2005 2132 2081 commilitonibus

553 2102 866 2172 imperatori
895 2115 992 2154 suo
1021 2099 1259 2154 caelestis
1293 2099 1586 2154 harmoniae
1615 2113 1837 2154 carmen
1875 2098 2128 2153 alternat.

552 2191 714 2247 Felici
742 2191 995 2246 nimirum
1040 2190 1366 2245 commercio
1404 2187 1649 2260 fragilem
1682 2189 1928 2259 corporis
1977 2187 2128 2244 exuit

553 2284 813 2356 tunicam,
859 2289 915 2338 et
969 2281 1251 2337 candidam
1308 2280 1727 2336 immortalitatis
1780 2281 2005 2350 adeptus
2047 2288 2132 2337 est

550 2374 767 2428 stolam.
801 2371 974 2442 Caput
1019 2371 1317 2427 decollatus
1361 2370 1576 2436 amisit,
1618 2380 1674 2426 et
1717 2371 1954 2440 pretioso
1983 2386 2128 2425 nune

552 2465 728 2535 lapide
760 2471 1049 2520 coronatus
1075 2461 1292 2517 incedit.
1321 2461 1413 2516 Ille
1437 2461 1632 2532 quippe
1671 2475 1793 2516 eum
1820 2471 2130 2517 retnunerat

553 2559 607 2610 iu
638 2557 972 2625 teternajam
1019 2555 1201 2624 quiete
1237 2553 1522 2619 victorem,
1571 2554 1664 2622 qui
1707 2562 1762 2608 et
1808 2553 1950 2607 inter
1991 2551 2128 2606 bella

551 2650 750 2705 dudum
776 2656 1088 2717 protexerat
1116 2647 1482 2701 decertantem
1500 2683 1516 2710 ,
1563 2642 1722 2698 Jesus
1749 2642 1997 2698 Christus
2028 2641 2130 2698 Do-

553 2742 732 2797 minus
763 2749 966 2804 noster,
993 2739 1084 2809 qui
1133 2755 1256 2792 cum
1282 2737 1443 2792 Patre
1465 2745 1513 2791 et
1549 2735 1752 2806 Spiritu
1783 2744 1972 2791 sancto
1998 2735 2132 2789 vivit

551 2843 606 2886 ct
635 2840 826 2899 regnat
849 2831 899 2884 i;i
933 2830 1126 2884 sarcula
1163 2826 1503 2882 smculorttm.
1530 2827 1722 2880 Amen.

1111 3003 1573 3065 NOVEMBER.

552 3108 600 3167 1.
787 3105 1066 3168 Romilio
1099 3103 1170 3163 de
1197 3102 1477 3163 omnibus
1509 3101 1762 3162 sanctis.

550 3207 664 3301 XI.
791 3209 998 3266 Sermo
1037 3202 1108 3263 de
1136 3203 1203 3264 S.
1235 3201 1515 3262 Marti'no
1561 3200 1847 3279 episcopo
1881 3206 1932 3258 et
1965 3216 2124 3259 con-

628 3299 878 3367 fossore.

555 3383 604 3444 Χ
625 3384 761 3444 XX.
799 3384 1009 3443 Sermo
1039 3380 1071 3439 I
1101 3380 1173 3438 de
1200 3379 1264 3440 5.
1300 3377 1542 3438 Andrea
1573 3375 1884 3456 apostolo.

629 3483 838 3542 Sermo
870 3480 941 3538 ll
979 3477 1049 3538 de:
1079 3481 1304 3540 eodem.

740 3682 760 3698 ’
798 3690 1019 3732 ιιοιιιιιΑ
1057 3689 1110 3729 IN
1151 3687 1316 3728 FESTO
1353 3685 1557 3726 οιιΝιωι
1593 3684 1927 3726 δΑΝετοκυιι.

623 3768 678 3822 ln
705 3767 794 3821 illo
834 3775 1112 3836 tempore:
1148 3780 1168 3814 ι
1203 3761 1404 3816 Videris
1450 3759 1607 3815 Jesus
1657 3758 1840 3812 turbas
1880 3755 2123 3811 asrendit

553 3859 606 3912 in
639 3863 916 3910 montem:
956 3862 1009 3908 et
1055 3867 1179 3908 cum
1232 3850 1460 3905 sedisset
1501 3855 1845 3904 accesserunt
1889 3846 1956 3900 ad
1999 3860 2122 3899 eum

553 3943 796 4012 discipuli
845 3929 979 4012 ejus.
1037 3960 1054 3993 ι
1106 3941 1172 3996 Et
1219 3940 1444 4009 reliqua.
1502 3937 1671 3993 llodie
1721 3937 1837 3992 dies
1883 3937 2125 3992 serenior

555 4033 742 4087 arrisit
768 4031 941 4092 nobis,
974 4041 1026 4085 et
1053 4029 1131 4084 sol
1159 4029 1315 4084 solito
1347 4025 1574 4082 lucidior
1598 4027 1758 4081 terris
1783 4025 1976 4081 illuxit.
2006 4023 2124 4080 Non

552 4124 696 4178 enim
726 4137 886 4186 unus,
913 4121 1005 4175 sed
1034 4119 1268 4174 universi
1300 4119 1472 4172 sancti
1511 4117 1850 4172 sanctiﬁeant
1884 4133 1998 4172 eam
2024 4159 2038 4182 ,
2073 4124 2127 4172 et

549 4213 929 4286 splendoribus
991 4209 1255 4265 irradiant
1305 4206 1606 4262 luminosis.
1658 4206 1980 4275 Spectabilis
2035 4205 2124 4260 illa

551 4306 812 4364 caelorum
838 4301 1174 4364 soletnnitas,
1198 4314 1316 4370 quae
1347 4313 1451 4352 non
1476 4297 1689 4362 annuis,
1719 4296 1809 4351 sed
1832 4297 2122 4362 continuis,

2235 385 2453 449 chorus,
2485 401 2752 457 purpurea
2783 397 3077 459 martyrum
3111 389 3419 453 multitudo,
3450 401 3811 459 congregatio

2233 475 2423 529 ﬂorida
2451 476 2847 543 confessorum,
2879 479 3107 534 candida
3136 480 3398 549 virginum
3450 491 3630 535 turma
3652 525 3664 544 ,
3700 498 3818 536 tuo-

2234 565 2530 618 nachornm
2566 581 2821 620 numerus
2855 568 3115 622 inﬁnitus.
3147 567 3307 623 Sedet
3333 569 3385 622 in
3412 571 3595 623 medio
3626 571 3812 625 Domi-

2236 653 2410 706 tninus
2438 655 2722 720 virtutum,
2754 665 2808 710 et
2834 657 2899 710 de
2932 656 3202 710 refusione
3233 657 3416 727 gloria:
3441 673 3554 711 sure
3582 659 3842 712 inebriat'

2234 741 2504 796 intuentes
2535 761 2547 796 :
2588 763 2604 793 ι
2639 743 3055 798 lnebriabuntnr
3080 761 3332 816 namque,
3373 747 3450 800 ait
3498 746 3772 816 Propheta
3799 788 3812 810 ,

2236 834 2303 888 ab
2331 836 2577 890 ubertate
2601 837 2791 891 domus
2825 847 2930 891 tuae
2961 837 3132 909 (Psal.
3179 839 3366 910 xxxv).
3406 860 3426 892 ι
3463 840 3541 895 lbi
3589 857 3692 910 pax
3725 859 3813 895 se-

2233 940 2361 979 cura
2387 967 2399 988 ,
2450 927 2661 994 requies
2704 929 3057 996 voluptuosa,
3089 929 3195 982 vita
3227 941 3504 1000 perpetua,
3541 933 3809 1002 sapientia

2235 1016 2451 1078 utentis,
2483 1016 2695 1084 agilitas
2722 1018 2985 1084 corporis,
3015 1019 3195 1072 cordis
3229 1019 3573 1074 illummatio.
3605 1040 3624 1072 ι
3662 1021 3810 1076 Beati

2233 1104 2324 1173 qui
2358 1106 2600 1160 habitant
2625 1108 2675 1160 in
2705 1109 2863 1162 domo
2893 1119 3004 1174 tua,
3034 1111 3256 1164 Domine
3288 1110 3461 1181 (Prol.
3494 1114 3751 1182 Lxxxrtt).
3790 1135 3806 1164 ι

2237 1193 2387 1248 Sicut
2416 1195 2709 1250 lmtantium
2757 1199 2995 1253 omnium
3028 1201 3291 1256 habitatio
3324 1212 3406 1256 est
3445 1205 3499 1256 itt
3549 1215 3601 1258 te
3638 1203 3810 1269 (l’snl.

2233 1288 2470 1359 Lxxxvt).
2503 1289 2693 1344 civitas
2722 1290 2814 1345 Dei
2849 1310 2862 1344 :
2907 1301 2962 1346 et
2989 1292 3039 1347 in
3070 1292 3261 1360 plateis
3288 1295 3391 1348 tuis
3438 1311 3543 1350 vox
3575 1298 3812 1350 exsulta-

2235 1379 2397 1432 tionis
2435 1380 2764 1435 dulcioribus
2802 1381 3034 1436 modulis
3057 1383 3348 1436 intonatur.
3378 1403 3395 1434 ‹
3427 1383 3611 1450 Quare
3647 1388 3813 1439 tristis

2233 1482 2312 1533 es,
2332 1469 2506 1523 anima
2533 1485 2674 1538 mea,
2692 1479 2745 1524 et
2769 1486 2936 1539 quare
2955 1472 3244 1526 conturbas
3266 1474 3388 1527 me?
3405 1473 3579 1544 Spera
3604 1477 3658 1528 in
3687 1477 3808 1539 Deo,

2234 1560 2483 1628 quoniam
2508 1559 2681 1614 adhuc
2701 1561 3000 1616 confitebor
3023 1562 3096 1615 illi
3123 1563 3294 1633 (Psal.
3319 1579 3426 1628 xu,
3446 1567 3606 1634 XLII).
3635 1586 3654 1616 ι
3674 1566 3808 1620 Con-

2723 1667 2846 1704 nam
2893 1652 2980 1706 hic
3031 1651 3294 1717 stadium,
3329 1653 3437 1709 illic
3479 1657 3807 1724 praemium;

2231 1740 2318 1794 hic
2359 1754 2557 1811 pugna,
2589 1741 2658 1795 ibi
2695 1757 2913 1797 corona.
2942 1741 3150 1798 Vanum
3191 1754 3275 1798 est
3312 1755 3438 1800 ante
3477 1746 3657 1801 lucem
3700 1763 3810 1801 sur-

2229 1844 2376 1899 gere.
2406 1829 2742 1884 lndurandus
2779 1840 2859 1885 est
2885 1831 3130 1898 animus,
3163 1843 3217 1887 et
3248 1849 3278 1886 a
3306 1834 3694 1890 blandimentis
3722 1853 3800 1889 vo-

2233 1919 2492 1988 luptatum
2524 1921 2708 1990 procul
2738 1921 3153 1988 abstrahendus,
3177 1935 3231 1980 et
3252 1926 3536 1995 utriusque
3559 1929 3808 1982 substan-

2233 2010 2317 2064 tia-
2339 2011 2563 2064 materia
2589 2013 2948 2082 repurgando,
2966 2013 3008 2068 si
3032 2015 3098 2068 ad
3118 2015 3363 2084 proprios
3382 2027 3538 2071 ortus
3560 2018 3806 2071 volumus

2230 2097 2739 2155 evolat-e.Atttatida
2788 2111 2870 2156 est
2919 2102 3132 2157 interim
3183 2105 3415 2158 tenuitas
3452 2108 3806 2175 paupertatis,

2231 2203 2408 2242 sermo
2438 2190 2845 2260 suspendendus
2871 2193 3125 2256 amarior,
3155 2192 3318 2246 elatio
3344 2191 3622 2262 fugienda,
3652 2198 3809 2247 susti.

2231 2281 2391 2334 nendi
2412 2281 2642 2342 Eabores,
2666 2297 2786 2336 cum
2809 2282 2951 2338 vitiis
2969 2284 3446 2354 congrediendum,
3469 2283 3808 2338 climinandaa

2233 2371 2436 2424 divitiae
2459 2371 2765 2426 sa'culares.

2302 2461 2415 2516 Hoc
2443 2472 2542 2527 ρετ,
2587 2463 2729 2535 quod
2764 2463 2852 2518 ille
2898 2479 3120 2534 pauper,
3148 2474 3201 2518 et
3225 2465 3416 2519 unicus
3441 2463 3623 2536 (Psal.
3655 2475 3803 2533 ηις)

2231 2553 2285 2609 in
2334 2555 2595 2612 hodierna
2645 2555 2817 2610 sancti
2867 2555 3139 2625 Evangelii
3193 2555 3421 2611 lectione
3444 2557 3805 2626 paupettbus,

2230 2662 2365 2716 quos
2396 2647 2461 2701 de
2504 2647 2686 2700 mundi
2735 2657 3052 2716 paupertate
3082 2658 3403 2712 vocaverat,
3447 2648 3526 2701 ait
3559 2665 3574 2700 :
3608 2668 3625 2698 ι
3662 2647 3804 2700 Beati

2231 2752 2496 2806 pauperes
2538 2737 2730 2806 spiritu
2773 2736 2984 2806 (Matth.
3017 2738 3090 2808 v).
3128 2757 3145 2790 ι
3179 2737 3303 2792 llam
3333 2747 3458 2791 sunt
3510 2749 3670 2802 octo,
3705 2740 3804 2792 into

2230 2837 2437 2895 septem
2479 2825 2836 2882 beatitudines
2864 2865 2880 2889 ,
2929 2829 3054 2894 quia
3101 2835 3291 2880 octava
3336 2827 3528 2881 eadem
3589 2843 3709 2894 qua:
3755 2834 3804 2878 it

2233 2919 2423 2985 prima.
2457 2915 2774 2971 Felicissimi
2803 2915 3020 2986 gradus,
3048 2917 3240 2986 quibus
3261 2917 3368 2970 itur
3393 2917 3460 2969 ad
3495 2917 3801 2978 hominum,

2148 3009 2198 3073 ε
2229 3021 2362 3076 quos
2411 3021 2600 3060 omnes
2658 3007 2712 3059 iu
2761 3021 2990 3076 persona
3056 3022 3153 3060 sua
3209 3007 3358 3076 prius
3405 3007 3653 3060 ascendit
3714 3006 3800 3072 qui

2223 3101 2468 3156 ascendit
2499 3101 2552 3154 in
2587 3108 2843 3165 montem,
2869 3109 2923 3154 et
2955 3100 3163 3170 aperuit
3193 3114 3255 3154 os
3282 3115 3436 3153 suum
3457 3140 3472 3163 ,
3505 3108 3566 3154 ut
3589 3101 3800 3153 doceret

2224 3191 2517 3261 discipulos
2560 3206 2706 3246 suos.
2754 3191 3029 3260 Denique,
3077 3191 3198 3259 quis
3225 3191 3516 3260 pauperior
3557 3190 3666 3251 illo,
3711 3189 3797 3256 qui

2225 3300 2329 3337 non
2392 3284 2578 3337 habuit
2632 3282 2723 3336 ubi
2755 3292 2918 3350 caput
2970 3297 3124 3335 suum
3175 3281 3465 3335 reclinaret
3502 3281 3658 3349 (Luc.
3688 3279 3802 3347 IX)?

2224 3375 2356 3440 Quis
2407 3373 2498 3427 illo
2551 3372 2764 3435 mitior,
2809 3369 2900 3441 qui
2949 3371 3097 3426 mitis
3139 3380 3222 3426 est
3274 3380 3328 3424 et
3371 3370 3589 3424 humilis
3643 3370 3801 3422 corde

2225 3466 2439 3534 (Manli.
2467 3465 2578 3534 xl)?
2618 3462 2718 3530 Qui
2748 3463 2939 3518 videns
2961 3462 3234 3518 civitatem
3264 3459 3410 3516 ﬂevit
3445 3475 3614 3528 super
3657 3458 3800 3512 illam

2223 3556 2376 3624 (Luc.
2405 3555 2540 3626 xu),
2564 3554 2706 3608 ﬂevit
2733 3551 3561 3624 Lazarumann.xt)justitiatn
3592 3550 3793 3611 docuit,

2216 3648 2479 3720 justitiam
2507 3647 2651 3711 fecit,
2679 3647 2730 3700 in
2767 3643 2921 3713 cuius
2949 3659 3045 3701 ore
3077 3660 3183 3698 non
3231 3653 3313 3699 est
3365 3644 3618 3697 inventus
3648 3640 3799 3696 dolus

2225 3739 2358 3810 (Ita.
2379 3744 2495 3807 LIII)
2517 3738 2648 3806 Quis
2677 3737 2766 3792 illo
2785 3736 3206 3798 tnisericordior,
3231 3734 3320 3803 qui
3347 3733 3631 3787 mulierem
3651 3732 3800 3785 atul—

2223 3839 2393 3886 teram
2446 3830 2730 3884 liberavit?
2775 3828 3146 3883 Peccatricem
3189 3827 3404 3881 sanavit
3453 3834 3664 3894 septem
3695 3825 3798 3876 «ιπ-

2224 3921 2470 3990 tnonibus
2510 3920 2861 3975 cumulatam.
2893 3917 3024 3985 Quis
3073 3915 3322 3970 mundior
3351 3915 3462 3979 illo,
3491 3915 3586 3983 qui
3611 3928 3796 3983 pecca-

2224 4023 2338 4067 tum
2369 4027 2473 4066 non
2504 4012 2628 4066 fecit
2653 4009 2739 4082 τυ
2775 4010 2915 4065 Patr.
2962 4008 3051 4078 tt.)
3084 4008 3377 4062 Paciﬁeate
3407 4009 3578 4070 venit,
3607 4015 3662 4060 et
3682 4019 3794 4072 quae

2225 4105 2278 4160 in
2305 4103 2474 4166 caelis,
2509 4112 2562 4157 et
2587 4117 2704 4172 qua:
2728 4103 2780 4156 in
2825 4101 3014 4167 terris;
3043 4114 3232 4170 pacem
3275 4098 3492 4166 reliquit
3523 4095 3794 4165 discipulis

2225 4195 2338 4251 suis
2372 4193 2555 4265 (Joan.
2595 4193 2730 4264 XIV),
2766 4191 3201 4263 persecutionem
3245 4203 3344 4257 pro
3373 4187 3588 4257 justitia
3613 4200 3794 4256 passus

2223 4298 2328 4352 est,
2361 4286 2661 4356 ﬂagellatus
2690 4285 2741 4338 in
2768 4297 2956 4348 carne,
2996 4295 3285 4349 suspensus
3317 4280 3368 4331 in
3397 4292 3584 4341 cruce,
3630 4284 3793 4328 morte

551 4397 782 4469 gaudiis,
816 4392 1149 4456 inclarescit;
1174 4362 1264 4445 ubi
1288 4389 1464 4443 lumen
1494 4387 1700 4442 videtur
1730 4387 1782 4440 in
1813 4385 2030 4451 lumine,
2069 4396 2124 4441 et
2151 4362 2206 4425 Ῑ)
2232 4389 2479 4448 turpat‘us
2507 4377 2658 4448 (Lar.
2678 4373 2977 4443 χχιιι).ριιί
3006 4370 3285 4442 ὀίςίιεεθίιι
3308 4369 3532 4423 Christo
3561 4379 3791 4427 manere,

552 4488 831 4543 Trinitatis
863 4483 1162 4540 substantia
1204 4481 1379 4535 beatis
1414 4477 1600 4543 oculis,
1631 4477 1786 4533 oculo
1812 4477 1878 4531 ad
1904 4477 2117 4532 oculum

549 4581 813 4650 apcr’tur.
868 4575 942 4630 lbi
989 4572 1334 4642 cognoscitur
1378 4569 1679 4640 gignentis,
1718 4568 2015 4639 genitique,
2067 4575 2122 4622 et

542 4667 891 4740 procedentis
919 4666 1058 4720 ratio
1090 4664 1436 4732 sempiterna,
1475 4677 1593 4731 qua)
1624 4661 1710 4715 hic
1751 4661 1893 4715 credi
1925 4657 2118 4730 potest,

551 4757 931 4830 comprehendi
965 4772 1067 4810 non
1091 4764 1285 4827 potest.
1315 4753 1425 4808 Illic
1456 4754 1636 4822 regina
1659 4752 1923 4821 virginum
1954 4751 2119 4823 virgi-

553 4837 712 4904 nibus
762 4849 1060 4903 inunmcris
1103 4849 1357 4902 comitata
1387 4887 1401 4910 ,
1451 4847 1755 4899 mansiones
1789 4846 2124 4914 perambulat

553 4943 899 5014 angelorum,
933 4955 983 5002 et
1011 4946 1255 5014 utrisque
1299 4944 1509 4999 naturis
1547 4942 1770 5013 gloriam
1807 4940 1924 5010 ejus
1953 4943 2122 4998 admi-

555 5037 798 5091 rantibus
827 5037 954 5092 dicit
990 5055 1001 5088 :
1037 5029 1174 5104 Quid
1227 5051 1311 5090 me
1340 5033 1718 5088 admiremini?
1745 5032 1992 5087 Divinum
2039 5041 2122 5086 est

555 5126 867 5196 ttiysterium
898 5127 998 5180 hoc
1023 5125 1163 5193 quod
1184 5124 1427 5189 cernitis,
1459 5123 1694 5177 divinum
1725 5120 1982 5190 profecto,
2012 5136 2119 5175 non

557 5223 882 5283 humanum,
925 5233 1025 5273 nec
1067 5219 1319 5273 humanis
1351 5230 1584 5283 unquam
1634 5215 1933 5268 tutionibus
1973 5227 2121 5266 com-

599 5326 618 5328 ..
655 5308 874 5328 1.------μ
953 5307 1022 5328 Il:

1054 5317 1367 5328 _--_...A_o.--.n
1398 5313 1703 5328 --ιι-ηἰΑ-.--ωι
1739 5313 2003 5328 ..-Λ-Αὶιιιη

2225 4471 2423 4534 debet,
2475 4469 2612 4523 sicut
2672 4467 2759 4522 ille
2827 4464 3159 4528 ambulavit,
3228 4470 3281 4516 et
3346 4463 3462 4529 ipse
3521 4459 3791 4514 ambulare

2226 4559 2276 4631 (Ι
2305 4559 2464 4614 Joan.
2504 4561 2585 4626 tt).
2615 4559 2783 4612 Canta
2811 4573 2941 4627 ergo
2976 4555 3242 4609 canticum
3274 4553 3564 4622 graduum,
3597 4561 3654 4605 ct
3681 4566 3794 4620 gra-

2225 4652 2388 4708 datiut
2417 4665 2573 4706 ascen
2593 4651 2674 4713 le,
2710 4665 2806 4703 nec
2837 4661 3174 4718 praepropero
3201 4645 3338 4699 saltu
3385 4642 3624 4710 aliquem
3666 4657 3793 4709 pra-

2225 4740 2496 4804 termitte;
2546 4741 2692 4808 quia,
2741 4740 2834 4806 qui
2881 4735 3167 4792 otTenderit
3212 4733 3266 4788 in
3319 4745 3463 4792 uno,
3502 4730 3679 4782 tactus
3715 4735 3792 4781 est

2226 4834 2467 4891 omnium
2495 4847 2620 4886 reus
2651 4831 2788 4900 (Jac.
2823 4832 2904 4897 ιι).

2294 4923 2382 4978 Sis
2407 4937 2534 4992 ergo
2560 4935 2762 4990 pauper
2806 4918 3019 4987 spiritu,
3046 4929 3148 4970 nec
3187 4921 3342 4983 putes
3383 4911 3533 4966 hunc
3562 4907 3786 4978 primum

2223 5013 2448 5084 gradum
2477 5011 2669 5066 leviter
2711 5008 3102 5077 attingendum,
3133 5017 3252 5062 cum
3300 4999 3484 5054 mutue
3530 4995 3780 5052 sollicitu-

2226 5105 2386 5169 diuis,
2415 5103 2484 5160 sit
2511 5101 2787 5160 mundum,
2807 5107 2859 5152 et
2880 5096 3145 5151 mundana
3173 5091 3498 5159 relinquere,
3530 5097 3588 5141 et
3610 5101 3640 5139 a
3666 5099 3785 5138 con-

2225 5194 2596 5250 suetudiuario
2623 5203 2783 5248 cursu
2804 5203 2918 5252 cor,
2943 5201 3137 5255 corpus
3163 5194 3215 5237 et
3248 5181 3486 5235 studium
3515 5186 3786 5230 revocare.

2225 5285 2326 5328 nni
2355 5283 2496 5328 enim
2527 5294 2728 5328 nanner
2752 5285 2836 5328 est
2865 5276 3085 5328 suiritu.
3120 5272 3321 5326 vilitate
3347 5266 3550 5328 gaudet
3572 5305 3584 5328 ,
3615 5260 3784 5316 humi-
