3978 5328
183 421 292 475 8ιῦ

1645 408 1876 464 SlilUll)
1908 406 2018 461 LV.

3324 391 3427 452 8H

180 528 394 596 litibus,
416 524 760 582 detractoriis
788 522 1128 578 sermonibus
1166 520 1512 592 jucundatur,
1545 522 1757 574 evolan-
1787 533 1832 585 Α
1865 531 1967 569 non
1993 513 2327 569 defendimus
2366 511 2665 576 dimissam,
2697 512 2763 565 ad
2808 521 3004 567 metam
3034 525 3226 566 cursus
3251 513 3431 581 porri.

180 621 313 676 dum
335 629 422 674 est
443 619 509 672 ad
531 616 748 672 secundi
771 615 972 686 gradus
994 613 1400 680 sublimitatem,
1423 620 1482 666 ut
1505 613 1752 666 sitmitis.

180 710 332 764 Ilitis
361 717 476 775 est,
516 708 608 778 qui
639 707 770 762 nulli
802 706 980 762 reddit
1009 705 1207 777 malum
1238 720 1336 776 pro
1377 705 1537 759 malo.
1572 703 1756 759 La-sns

179 799 400 854 veniam
429 797 599 868 petit,
648 804 705 850 et
734 795 1005 851 benefacit
1035 795 1370 849 lzedentibus.
1402 793 1512 847 Nec
1544 794 1755 862 plenam

175 888 352 956 jactet
378 885 656 940 victoriam
680 924 695 948 ,
745 884 987 952 quisquis
1028 883 1170 936 hunc
1202 882 1446 935 fortassis
1492 881 1753 945 ascendit,

179 992 307 1032 cum
335 976 406 1029 sit
433 974 580 1028 omni
612 973 969 1043 lacrymarum
1012 971 1158 1024 fonte
1189 971 1566 1041 plangendum,
1613 971 1756 1040 quod

181 1068 519 1130 tandiuluto,
536 1075 588 1121 et
613 1066 774 1136 292
799 1065 954 1118 lateri
972 1063 1380 1118 subearaonis
1409 1064 1754 1118 servierimus

179 1164 491 1227 potestate;
534 1163 589 1210 et
626 1156 746 1208 ideo
768 1153 946 1217 beati,
973 1152 1062 1222 qui
1112 1152 1317 1222 lugent.
1360 1152 1752 1207 Luctusautem

177 1255 492 1302 sanctorum
521 1261 625 1300 non
653 1253 732 1299 est
763 1244 827 1298 de
855 1243 1210 1298 diminutione
1238 1259 1440 1308 rerum,
1471 1244 1535 1297 de
1562 1258 1753 1313 corpo-

176 1354 298 1394 rum
324 1337 656 1401 inlirmitate,
688 1335 754 1389 de
783 1334 1064 1388 ferocitate
1090 1334 1418 1388 sublimioris
1443 1338 1750 1402 potestat's;

175 1428 365 1500 lugent
387 1429 530 1484 enim
560 1436 803 1498 peccata,
828 1426 912 1481 vel
937 1427 1177 1497 propria,
1201 1426 1284 1480 vel
1309 1426 1507 1490 aliena,
1540 1427 1750 1482 ruinam

174 1518 403 1582 mundi,
455 1518 837 1572 detrimentum
883 1515 1044 1581 fidei,
1091 1524 1457 1586 contemptum
1481 1515 1704 1585 justitia:
1731 1555 1747 1582 ,

174 1609 563 1664 abundantiam
599 1607 922 1678 iniquitatis,
953 1607 1269 1662 dilationem
1296 1608 1466 1677 regni.

247 1697 361 1753 Nec
404 1698 494 1754 hic
535 1697 1012 1752 consummationis
1065 1699 1330 1753 terminus
1373 1698 1748 1767 imponendos,

173 1804 300 1844 eum
339 1787 580 1858 perfecta
609 1788 823 1856 justitia
858 1789 932 1842 sit
967 1787 1194 1858 diligere
1245 1788 1550 1858 proximum
1611 1791 1748 1843 sicut

1861 607 2029 676 genda
2054 614 2136 658 est
2166 603 2408 668 dextera,
2439 611 2497 656 ut
2522 616 2619 671 pro
2639 601 2847 670 justitia
2876 618 2980 657 non
3005 601 3176 658 solum
3217 605 3429 669 uestra,

1861 694 1952 747 sed
1981 704 2034 747 et
2063 692 2284 747 alterius
2309 692 2740 762 persecutionem
2783 693 3081 762 patiamur,
3127 702 3182 749 et
3208 695 3437 750 resista-

1860 797 1978 836 nms
2008 797 2174 850 usque
2204 783 2270 836 ad
2301 782 2648 852 sanguinem,
2683 783 2768 839 vel
2798 798 2968 854 usque
2995 784 3062 839 ad
3089 793 3337 840 mortem.
3363 786 3432 841 Et

1858 871 1958 925 hoc
1985 881 2087 937 est,
2120 873 2262 941 quod
2291 871 2638 942 subsequitur
2665 891 2678 927 :
2717 891 2736 925 ‹
2771 873 2942 938 Beati,
2974 874 3065 943 qui
3105 876 3432 945 persecutioc

1858 982 1978 1020 nem
2005 967 2286 1036 patiuntur
2311 977 2528 1038 prepter
2547 966 2836 1036 justitiam.
2872 987 2890 1019 ι
2935 967 3064 1022 Post
3105 969 3219 1024 haec
3251 978 3432 1024 autem

1855 1057 2018 1127 quid?
2044 1057 2142 1112 Hic
2170 1058 2510 1112 adhaeremus
2538 1057 2794 1122 Domino,
2837 1065 2890 1113 et
2916 1073 3055 1114 unus
3083 1072 3206 1114 cum
3232 1071 3298 1114 eo
3321 1059 3434 1130 spi-

1856 1148 1992 1200 ritus
2018 1147 2298 1202 efﬁcimur.
2347 1147 2447 1202 llic
2499 1147 2856 1216 disrumpitur
2902 1149 3104 1214 nubes,
3135 1159 3188 1204 et
3235 1148 3436 1205 transit

1855 1236 2052 1289 oratio.
2101 1236 2198 1290 llic
2247 1236 2483 1291 revelata
2532 1237 2670 1290 facie
2731 1237 2958 1306 gloriam
3008 1237 3214 1292 Domini
3268 1238 3428 1310 293

1854 1321 2213 1390 speculamur.
2259 1322 2354 1378 llic
2389 1322 2618 1377 dulcedo
2652 1323 2894 1392 spiritus,
2946 1323 3122 1376 cordis
3167 1324 3427 1386 suavitas,

1846 1412 2094 1482 jubilatio
2136 1414 2352 1468 mentis.
2403 1414 2598 1468 Beatus
2629 1414 2908 1484 jpopulus,
2943 1413 3036 1483 qui
3089 1414 3190 1468 scit
3229 1411 3432 1479 jubila-

1854 1505 2057 1558 tionem
2093 1502 2265 1575 (Psal.
2311 1504 2597 1574 Lxxxvin).

1926 1594 2214 1649 Videamus
2253 1595 2296 1649 si
2328 1594 2466 1649 forte
2511 1596 2688 1664 aliqua
2729 1594 2997 1649 sermonis
3040 1595 3428 1663 consequentia

1851 1684 2212 1740 beatitudines
2236 1685 2369 1739 istas
2392 1695 2598 1754 septem
2621 1686 2776 1739 donis
2809 1684 2864 1738 S.
2901 1684 3138 1753 Spiritus
3161 1685 3429 1752 possimus

1852 1774 2150 1844 assignare.
2193 1772 2576 1843 Paupertatem
2604 1774 2827 1844 spiritus
2863 1782 3086 1844 generat
3116 1774 3279 1828 timor
3309 1773 3425 1834 Dei,

174 1881 446 1950 seipsum;
495 1887 550 1933 et
598 1877 716 1946 ejus
763 1892 1018 1934 excessus
1068 1878 1236 1933 libera
1280 1879 1647 1944 discretione,
1697 1888 1745 1933 et

1853 1865 1943 1934 qui
1975 1865 2165 1934 pungit
2193 1864 2452 1928 animam,
2475 1873 2530 1918 et
2554 1865 2872 1934 sanguinem
2893 1863 3056 1926 elicit.
3082 1872 3137 1917 et
3159 1864 3302 1934 cogit
3325 1878 3428 1918 nos

174 1969 410 2024 discreta
439 1969 760 2038 redarguere
783 1967 1052 2024 libertate.
1083 1968 1185 2036 Qui
1207 1968 1350 2023 enim
1374 1984 1470 2038 pro
1499 1984 1747 2039 persona,

173 2077 336 2132 quam
365 2060 524 2131 gerit,
557 2075 662 2114 non
696 2061 896 2114 resistit
925 2060 1296 2130 peccantibus,
1343 2061 1407 2114 de
1437 2076 1534 2114 suo
1571 2076 1630 2114 se
1657 2076 1752 2113 no-

173 2151 314 2204 verit
341 2150 559 2205 silentio
583 2166 703 2204 esse
733 2150 1120 2205 damnandum.
1166 2149 1349 2204 Esurit
1377 2165 1528 2220 ergo,
1557 2158 1612 2204 et
1638 2150 1753 2206 sitit

168 2239 470 2309 justitiam,
523 2241 615 2309 qui
658 2240 786 2294 vitia
836 2240 1106 2306 destruit,
1169 2241 1433 2295 construit
1480 2241 1749 2306 virtutes;

173 2330 390 2385 sobrius
419 2329 542 2393 sibi,
576 2327 754 2397 justus
795 2330 1077 2398 proximo,
1111 2329 1230 2399 pius
1260 2330 1386 2384 Deo.
1432 2329 1598 2399 Cujus
1641 2331 1754 2384 ani-

173 2435 320 2476 mam
343 2423 455 2477 urit
484 2423 632 2479 zelus
662 2425 854 2480 domus
884 2425 1000 2490 Dei,
1049 2426 1139 2496 qui
1185 2435 1368 2481 cantat
1395 2442 1515 2481 cum
1551 2427 1700 2496 justo
1732 2443 1746 2480 :

179 2529 198 2563 ι
229 2511 531 2570 Tabescere
579 2531 666 2571 me
715 2515 844 2571 fecit
891 2517 1038 2572 zelus
1083 2525 1226 2584 tuus,
1273 2517 1399 2586 quia
1429 2517 1580 2572 obliti
1625 2525 1753 2572 sunt

173 2607 337 2660 verba
365 2614 456 2660 tua
484 2607 687 2663 inimici
714 2609 839 2663 mei.
877 2629 896 2661 ι

243 2695 351 2751 Sed
394 2697 519 2765 quia
566 2700 858 2753 secundum
893 2716 1079 2754 vocem
1128 2702 1380 2764 oratoris,
1433 2703 1750 2770 plerumque

173 2802 442 2842 summum
451 2787 542 2856 jus
565 2788 768 2843 malitia
791 2798 962 2854 est,et
984 2791 1595 2860 inconsideratajustitia
1617 2807 1752 2860 prae-

171 2876 416 2944 cipitium
454 2878 705 2946 parturit,
738 2879 858 2934 ideo
887 2881 1129 2949 sequitur
1159 2898 1172 2932 ς
1212 2898 1228 2930 ‹
1264 2880 1410 2934 Beati
1444 2881 1752 2933 misericor-

170 2966 283 3020 des.
329 2986 349 3018 ι
388 2965 757 3024 Misericordia
789 2979 873 3024 est
902 2971 1205 3040 speciosum
1259 2972 1507 3026 humana:
1543 2981 1748 3027 natura:

167 3065 574 3122 ornamentum,
620 3059 772 3129 cujus
799 3076 993 3130 expers
1025 3061 1163 3115 male
1209 3062 1532 3132 degenerat,
1573 3072 1628 3118 et
1654 3065 1750 3118 lio-

167 3148 371 3201 minem
407 3147 680 3202 diflitetur.
711 3150 803 3203 Est
844 3159 1020 3204 autem
1052 3165 1175 3205 vera
1208 3152 1599 3217 misericordia,
1625 3169 1744 3207 cum

1855 1973 2098 2027 qumrere
2127 1957 2469 2011 medicinam.
2501 1955 2544 2008 A
2595 1955 2787 2008 timore
2819 1963 2932 2016 tuo,
2962 1953 3211 2018 Domine,
3233 1967 3424 2016 conce-

1853 2050 2028 2118 pimus
2081 2057 2136 2102 et
2183 2047 2573 2117 parturivimus
2603 2086 2616 2110 ,
2657 2045 2906 2115 spiritum
2964 2043 3156 2098 salutis
3199 2041 3425 2097 fecimus

1852 2157 2016 2212 super
2051 2149 2274 2206 terram,
2315 2140 2418 2194 hoc
2468 2147 2570 2203 est,
2621 2137 2870 2206 spiritum
2903 2129 3252 2206 paupertatis,
3296 2134 3426 2190 dicit

1853 2231 2017 2287 Isaias
2063 2233 2322 2302 propheta
2369 2228 2503 2301 (Ira.
2532 2229 2705 2299 xxvi),
2758 2227 2868 2281 imo
2903 2226 3208 2296 perlsaiam
3239 2225 3423 2279 Domi-

1853 2343 1974 2382 nus.
2006 2326 2103 2382 llic
2133 2327 2262 2382 facit
2305 2341 2402 2381 nos
2435 2326 2701 2380 mundana
2737 2323 2815 2379 vel
2853 2324 3177 2394 relinquere,
3210 2321 3294 2377 vel
3317 2337 3423 2376 non

1851 2422 2260 2492 concupiscere,
2309 2421 2491 2476 clavus
2529 2420 2738 2473 clavum
2793 2418 3088 2489 expellens,
3133 2425 3187 2470 et
3223 2415 3426 2485 pertin-

1850 2531 1981 2586 gens
2002 2529 2173 2584 usque
2207 2514 2273 2568 ad
2323 2513 2638 2567 divisionem
2672 2510 2864 2564 animat
2895 2519 2948 2563 et
2979 2508 3220 2577 spiritus.
3243 2506 3423 2560 Pietas

1851 2615 2029 2660 autem
2062 2605 2219 2658 miles
2243 2603 2390 2668 facit,
2424 2604 2550 2656 dum
2577 2618 2673 2656 nos
2700 2599 2924 2656 dulciori
2963 2598 3150 2668 spiritu
3176 2595 3424 2668 superfu-

1850 2711 1940 2751 sos
1991 2695 2058 2748 ad
2105 2691 2535 2747 mansuetudinis
2591 2690 2885 2744 thalamum
2951 2687 3264 2742 introducit.
3317 2685 3420 2753 Qui

1849 2786 1992 2841 enim
2032 2782 2239 2840 efferati
2273 2796 2396 2837 sunt
2423 2781 2697 2851 superbia,
2725 2779 2981 2836 sublimes
3003 2779 3056 2832 in
3087 2777 3259 2832 oculis
3281 2777 3418 2838 suis,

1850 2879 2103 2932 ardentes
2149 2875 2370 2938 invidia,
2437 2872 2666 2927 invicem
2721 2871 3050 2935 mordentes,
3091 2876 3145 2923 et
3190 2868 3419 2923 invicem

1849 2967 2178 3037 consumpti,
2209 2965 2479 3036 quomodo
2527 2963 2850 3034 mitigatoria
2881 2969 3104 3031 possunt
3133 2961 3279 3014 indui
3310 2961 3422 3031 pie-

1848 3068 1958 3114 tate
1980 3059 2003 3112 ?
2024 3059 2190 3113 Porro
2220 3055 2446 3111 scientia
2477 3053 2677 3107 luctum
2710 3053 2867 3122 parit.
2894 3051 3106 3104 Scimus
3127 3049 3272 3104 enim
3293 3051 3418 3118 quia

1849 3147 2142 3219 singularis
2177 3145 2406 3200 scientia
2447 3152 2531 3198 est
2585 3141 2885 3212 recogitare
2923 3154 3091 3194 annos
3124 3147 3336 3193 nostros
3365 3137 3421 3191 in

167 3237 604 3307 superexaltatur
633 3240 1002 3295 misericordia
1040 3239 1245 3308 judicio
1264 3281 1278 3307 ,
1305 3258 1425 3296 cum
1459 3243 1539 3296 vel
1587 3242 1746 3312 largi-
1775 3221 1816 3281 ε
1849 3238 2216 3295 amaritudine
2261 3235 2454 3290 anima:
2483 3241 2679 3288 nostrte
2704 3230 2859 3302 (lsai.
2887 3229 3138 3299 xxxviii),
3164 3237 3217 3282 et
3245 3227 3422 3282 multi-

167 3337 281 3382 tate
324 3327 658 3392 substantiae,
710 3330 792 3383 vel
837 3330 976 3384 bona
1007 3331 1319 3396 voluntate,
1367 3333 1448 3387 vel
1500 3333 1742 3388 doctrina

163 3416 340 3480 verbi,
369 3417 452 3470 vel
478 3417 723 3488 exemplo
746 3417 898 3484 facti,
932 3421 1162 3490 proximi
1190 3435 1406 3491 corpus,
1432 3434 1486 3476 et
1508 3422 1742 3477 animam

164 3507 496 3563 relevemus.
524 3508 656 3562 Cum
684 3520 864 3564 autem
888 3511 1000 3580 jam
1030 3527 1060 3564 a
1090 3511 1335 3566 claritate
1363 3512 1416 3565 in
1443 3512 1742 3568 claritatem

163 3599 246 3653 sic
290 3601 618 3671 cmperimus
646 3603 924 3657 ambulare
945 3643 958 3667 ,
990 3618 1020 3657 a
1052 3602 1296 3658 claritate
1339 3603 1518 3657 cordis
1548 3604 1741 3670 nostri,

163 3689 234 3745 ad
260 3688 667 3746 clariticandum
690 3707 785 3747 cor
815 3693 1067 3762 proximi,
1114 3693 1409 3747 mnndandi
1455 3708 1640 3747 sumus
1678 3693 1745 3746 ab

163 3779 311 3834 omni
367 3780 776 3850 inquinamento
825 3783 1005 3837 carnis
1062 3791 1116 3837 et
1177 3782 1434 3852 spiritus,
1478 3783 1546 3838 ab
1596 3783 1741 3837 omni

164 3865 326 3934 hujus
370 3869 552 3924 mundi
597 3871 940 3939 aspersione,
987 3886 1120 3941 pure
1163 3886 1454 3940 presseque
1482 3873 1740 3942 tcrgendi,

163 3958 308 4012 sicut
333 3958 672 4029 subjungitur
697 3976 710 4012 :
744 3979 762 4010 ‹
797 3959 946 4013 Beati
978 3961 1177 4014 mundo
1207 3961 1389 4016 corde.
1423 3981 1442 4013 ι
1471 3962 1600 4028 Quis
1627 3961 1741 4032 glo-

164 4049 398 4104 rialiitur
419 4059 628 4105 castum
656 4065 714 4106 se
742 4053 940 4106 habere
980 4067 1076 4106 cor
1125 4049 1307 4122 (Prov.
1353 4052 1484 4121 xx)?
1509 4051 1740 4106 Pravum

161 4150 248 4193 est
303 4156 400 4194 cor
449 4141 717 4206 bominis,
765 4151 819 4196 et
870 4143 1236 4198 incrustabile.
1277 4142 1407 4210 Quis
1451 4155 1741 4213 cognoscet

163 4230 331 4284 illud?
354 4230 486 4303 (Jer.
517 4234 672 4303 xvn.)
710 4232 930 4288 Difﬁcile
949 4242 1030 4289 est
1074 4235 1202 4288 illud
1235 4236 1514 4299 mundare,
1541 4251 1660 4288 cum
1689 4236 1738 4289 in

163 4323 280 4377 suis
305 4325 503 4380 abditis
528 4325 880 4392 delitescens,
930 4328 1249 4382 irruentium
1279 4328 1502 4396 recipiat
1529 4329 1739 4398 agmina

162 4414 553 4485 cogitationum
577 4455 590 4477 ,
637 4416 923 4486 plurimum
961 4417 1122 4471 etiam
1170 4418 1524 4473 renitentibus
1562 4417 1734 4482 nobis,

165 4505 260 4559 sed
290 4520 634 4575 nequaquam
663 4506 831 4562 obniti
875 4506 1193 4562 valentibus.
1236 4507 1327 4561 llle
1369 4507 1533 4576 igitur
1577 4524 1735 4561 mun-

165 4596 293 4650 dum
325 4611 420 4651 cor
450 4597 630 4662 liabet,
661 4599 749 4666 qui
783 4599 1060 4668 utriusque
1096 4599 1332 4654 hominis
1376 4600 1606 4654 motibus
1641 4601 1738 4654 mi-

167 4686 372 4758 tigatis,
401 4687 681 4757 passiones
730 4703 834 4742 non
885 4691 1044 4744 modo
1072 4691 1338 4761 reprimit,
1368 4692 1460 4746 sed
1508 4693 1736 4762 ignorat,

133 4831 140 4836 .
165 4778 398 4833 naturali
424 4794 586 4833 cursu
609 4779 870 4835 bonorum
911 4795 1134 4851 operum
1161 4784 1540 4848 communitus,
1565 4784 1739 4839 cruci-

166 4869 304 4924 fixus
335 4871 559 4935 mundo,
587 4881 642 4926 et
666 4872 751 4926 cui
780 4874 1069 4929 crucifixus
1095 4883 1176 4929 est
1219 4875 1449 4930 mundus
1481 4874 1622 4946 (Gal.
1652 4876 1734 4946 ιι).

164 4963 325 5018 Pauci
357 4973 562 5024 autem,
612 4963 806 5033 quibus
835 4980 892 5019 se
926 4963 1178 5018 infuderit
1220 4974 1380 5020 tanta:
1411 4967 1597 5036 gratia
1628 4967 1740 5037 ple-

164 5056 367 5110 nitudo.
394 5056 716 5125 Quicunque
745 5067 924 5113 autem
959 5056 1029 5110 illi
1059 5065 1220 5123 sunt,
1260 5059 1373 5128 jam
1405 5069 1530 5112 sunt
1574 5075 1739 5130 prope

162 5146 390 5214 palmam
439 5158 692 5212 superna
736 5145 1053 5207 vocationis,
1101 5146 1143 5200 si
1187 5160 1357 5218 pace,
1407 5161 1514 5216 qua
1552 5147 1737 5203 refecti

462 5235 623 5254 η--....
659 5245 734 5254 -.-_
761 5238 772 5254 I

1769 4565 1816 4625 D

1845 3334 2073 3403 plicibus
2095 3332 2456 3402 lacrymarum
2474 3327 2662 3381 rivulis
2679 3325 2894 3396 propria
2917 3322 3111 3378 deflere
3127 3321 3346 3378 delicta.

1917 3424 1991 3477 De
2023 3422 2336 3477 fortitudine
2365 3434 2494 3474 vero
2518 3419 2762 3474 nascitur
2797 3415 2984 3480 fames,
3031 3421 3086 3468 et
3113 3413 3232 3468 sitis
3261 3411 3421 3482 justi-

1847 3517 1969 3580 tiae;
2001 3529 2121 3570 cum
2148 3513 2342 3568 virium
2369 3511 2436 3566 sit
2467 3526 2571 3565 non
2601 3523 2915 3579 paucarum,
2945 3520 3042 3575 pro
3064 3503 3420 3572 libertate-ju-

1845 3607 2004 3662 stitite
2034 3604 2191 3668 mori,
2222 3603 2418 3657 nedum
2447 3600 2593 3671 loqui
2627 3618 2640 3653 :
2669 3608 2725 3654 et
2754 3599 2843 3652 ubi
2867 3598 3006 3651 Deus
3039 3597 3091 3650 in
3125 3611 3283 3650 causa
3307 3605 3415 3659 est,

1845 3712 1946 3752 nec
1987 3694 2130 3749 allici
2182 3692 2478 3756 blanditiis,
2507 3705 2604 3745 nec
2637 3698 2841 3743 terrore
2871 3687 3094 3743 moveri.
3119 3685 3413 3741 Consilium

1843 3797 2023 3840 autem
2063 3781 2488 3837 misericordiam
2521 3779 2682 3847 parit,
2708 3794 2829 3833 cum
2858 3791 3067 3832 summa
3101 3776 3267 3831 totius
3287 3790 3418 3830 con-

1843 3875 1948 3932 silii
1975 3875 2046 3928 sit
2082 3871 2364 3929 consulere
2388 3871 2656 3935 omnibus,
2686 3878 2741 3924 et
2786 3867 3133 3923 infirmitates
3162 3876 3269 3922 tam
3296 3867 3415 3922 ani-

1845 3979 2077 4027 marum,
2107 3977 2270 4032 quam
2293 3975 2579 4029 corporum
2607 3957 2836 4029 benigna
2854 3956 3416 4013 manumisericordie

1842 4056 2143 4110 sublevare.
2166 4051 2422 4106 Munditia
2443 4050 2623 4106 cordis
2648 4051 2716 4105 ab
2738 4047 3044 4104 intellectus
3069 4048 3304 4117 puritate
3327 4049 3417 4102 de-

1841 4147 2074 4209 scendit,
2103 4144 2192 4214 qui
2223 4143 2402 4198 cordis
2432 4141 2769 4212 receptacula
2798 4149 3010 4213 purgat,
3037 4149 3092 4196 et
3118 4139 3417 4194 latebrosos

1841 4238 1956 4308 ejus
1987 4236 2210 4292 affectus
2238 4235 2548 4290 acutissima
2579 4235 3086 4305 circumspectionis
3132 4234 3266 4289 falce
3295 4250 3419 4289 suc-

1840 4330 1989 4385 cidit.
2038 4329 2208 4385 Porro
2260 4327 2517 4398 pacificus
2559 4329 2626 4380 ab
2658 4328 2826 4397 ipsius
2871 4326 3415 4396 sapientizcnascitnr

1839 4420 2171 4484 summitate,
2197 4419 2491 4474 conformis
2524 4419 2598 4476 illi
2636 4419 2945 4490 Sapientiae,
2968 4435 3088 4488 qua:
3105 4419 3276 4487 pretio
3291 4432 3417 4472 san-~

1839 4512 2016 4581 guinis
2046 4511 2128 4564 sui
2155 4520 2209 4565 et
2235 4519 2432 4564 terram
2460 4508 2783 4578 pacificavit,
2809 4517 2863 4563 et
2885 4509 3101 4564 caelum.

1910 4601 2184 4657 Fortassis
2236 4601 2423 4666 etiam,
2457 4601 2501 4654 si
2539 4599 2848 4672 diligentius
2878 4609 3300 4669 perscrutemur,
3328 4615 3414 4655 se-

1839 4704 1984 4764 ptem
2020 4694 2391 4764 petitionibus,
2426 4707 2544 4761 quar
2577 4693 2629 4746 in
2661 4693 2904 4746 oratione
2935 4691 3210 4745 Dominiea
3241 4683 3416 4746 conti-

1840 4793 2056 4847 nentur,
2112 4798 2204 4839 eas
2252 4783 2444 4837 iterum
2471 4793 2825 4837 concatenare
2862 4782 3176 4850 poterimus.
3201 4781 3416 4837 llliete-

1840 4876 1951 4930 nim
1977 4877 2042 4931 de
2071 4875 2263 4930 timore
2291 4871 2502 4927 Domini
2545 4881 2913 4942 paupertatem
2955 4873 3177 4942 spiritus
3205 4871 3414 4942 ample-

1841 4976 2082 5032 ctuntur,
2122 4967 2213 5038 qui
2251 4965 2458 5028 volunt,
2510 4974 2569 5018 ut
2600 4964 2969 5019 sanctificetur
3016 4965 3070 5020 in
3102 4965 3181 5019 eis
3217 4978 3416 5020 nomen

1843 5058 2076 5122 Domini,
2126 5068 2180 5113 et
2232 5055 2420 5110 dicunt
2447 5069 2568 5108 cum
2613 5053 2900 5110 Psalmista
2931 5071 2945 5106 :
2980 5072 3001 5105 ι
3039 5053 3261 5112 Custodi
3297 5055 3417 5110 ani-

1842 5166 1984 5204 mam
2019 5165 2216 5210 meam,
2255 5144 2510 5215 quoniam
2536 5152 2759 5200 sanctus
2779 5159 2894 5198 sum
2937 5141 3113 5211 (Paul.
3148 5144 3372 5214 Lxxxv).
3397 5164 3416 5195 ι

2034 5255 2114 5260 -..Α
2178 5244 2294 5260 -.η-..ο
2340 5235 2498 5260 Μίδα-σι
2575 5235 2676 5260 ιςξρξ
2721 5249 2849 5260 tun-nn
2883 5233 3055 5260 κελαι..
3091 5233 3272 5260 ἔμικτο
3331 5235 3421 5260 οι-ε
