3978 5328
577 361 680 417 8I5

1204 359 1259 416 S.
1302 358 1501 416 PETRI
1541 356 1820 413 DAMIAN!
1844 349 1994 413 OPP.
2019 350 2198 409 PARS
2237 352 2368 412 SEU
2408 353 2645 413 TOMUS
2669 354 2732 413 II.
2773 387 2843 400 —
2870 355 3233 415 SEIIMONES

3717 356 3822 412 κισ

577 476 810 531 mittitur
836 473 1174 545 possidenda.
1198 473 1300 543 Qui
1328 482 1506 528 autem
1530 471 1735 544 lugent,
1759 470 1863 526 nisi
1894 484 2030 541 quos
2054 467 2134 521 in-
2164 466 2216 526 Δ
2243 477 2331 522 tur
2357 465 2651 538 imperator
2682 470 2736 525 in
2781 469 2972 536 milite,
3013 468 3265 526 laudatur
3306 469 3462 524 miles
3497 469 3551 523 in
3579 467 3817 539 impera~

576 568 737 628 struit
779 565 1002 622 scientia
1030 563 1302 631 salutaris,
1332 563 1423 634 qui
1454 563 1661 632 piarum
1697 561 1856 616 undis
1877 558 2136 630 lacryma-

568 674 692 712 rum
717 649 1049 712 voluntatem
1077 656 1170 711 Dei
1194 655 1378 711 volunt
1408 654 1522 710 fieri
1553 653 1695 709 sicut
1721 653 1775 706 in
1806 651 1967 715 C(BIO,
1991 651 2063 704 ita
2087 649 2138 705 in

562 756 716 803 terra
747 764 764 813 ;
798 747 934 803 sicut
960 747 1013 800 in
1056 745 1278 814 angelis,
1311 745 1386 800 ita
1425 745 1482 799 in
1504 742 1830 800 hominibus.
1855 740 2025 797 Porro
2056 739 2140 792 fa-

570 852 709 903 mes,
734 845 792 892 et
807 836 927 891 sitis
944 834 1168 905 justitiae
1188 835 1253 890 de
1270 834 1469 890 mentis
1495 832 1810 889 fortitudine
1825 839 2138 902 generatur,

567 941 689 999 qua
711 925 1079 997 quotidianum
1111 938 1304 996 panem
1345 923 1414 977 ab
1438 922 1570 992 ipsis
1599 922 1692 976 Dei
1723 921 1971 976 manibus
1993 934 2140 989 quae-

568 1003 683 1085 rit;
709 1033 904 1090 panem
932 1017 1080 1071 illum
1132 1016 1379 1072 videlicet
1411 1014 1501 1084 qui
1532 1030 1627 1069 eor
1674 1013 1905 1068 hominis
1943 1010 2138 1066 confir-

565 1117 703 1166 mat.
735 1108 836 1177 Qui
862 1107 1023 1163 etiam
1074 1107 1457 1163 misericordes
1504 1113 1649 1168 sunt,
1677 1104 1781 1158 nisi
1814 1103 1902 1173 qui
1927 1116 2031 1170 pro
2061 1100 2138 1154 fa-

568 1199 770 1254 cultate
797 1184 1084 1253 consulunt
1104 1197 1453 1261 omnibus,et
1474 1194 1662 1249 audaci
1692 1192 2021 1247 conscientia
2045 1207 2139 1261 pa-

566 1301 714 1345 ctum
749 1289 957 1346 faciunt
994 1304 1115 1343 cum
1140 1289 1281 1354 .Deu,
1333 1287 1573 1342 dicentes
1607 1307 1620 1340 :
1650 1304 1676 1337 »ι
1735 1285 1957 1339 Dimitte
1985 1282 2138 1337 nobis

564 1381 983 1449 debitanostra,
1039 1380 1183 1434 sicut
1210 1388 1264 1434 et
1308 1393 1406 1434 nos
1453 1378 1775 1432 dimittimus
1804 1374 2137 1435 debitoribus

566 1470 972 1543 295nostris.
1009 1489 1028 1523 ι
1072 1468 1325 1525 Mundum
1377 1478 1553 1524 autem
1584 1483 1681 1523 cor
1731 1481 1836 1521 non
1865 1465 1967 1520 nisi
1996 1464 2135 1519 luci-

567 1562 822 1616 dissimus
879 1559 1110 1630 percipit
1162 1558 1489 1622 intellectus,
1533 1557 1623 1627 qui
1649 1571 1753 1611 non
1783 1553 2054 1609 inducitur
2081 1552 2136 1606 in

566 1650 937 1727 tentationem,
998 1663 1190 1720 rogans
1218 1664 1249 1704 a
1286 1649 1447 1705 Patre
1494 1647 1778 1710 luminum,
1816 1656 1999 1701 nonut
2025 1658 2134 1700 non

565 1750 823 1807 tentetur,
867 1742 960 1797 sed
977 1753 1051 1795 rut
1077 1757 1182 1796 non
1233 1740 1536 1806 inducatur,
1594 1738 1873 1793 excutiens
1911 1734 2135 1791 latroci-

2242 567 2376 613 tore.
2433 556 2688 614 Testatur
2715 555 2816 615 hoc
2847 555 3178 615 Turonensis
3225 558 3465 613 Ecclesia
3500 557 3821 613 thesaurum

2239 651 2481 719 corporis
2508 651 2625 723 ejus
2670 652 2978 718 continens,
3016 664 3139 721 qua!
3167 650 3544 720 possessiones
3571 662 3705 704 suas
3724 664 3822 705 ex-

2241 741 2409 795 tendit
2448 756 2477 795 a
2527 742 2662 798 mari
2689 757 2859 811 usque
2892 743 2960 796 ad
2994 756 3161 807 mare,
3197 754 3358 811 quam
3385 739 3820 794 fecundavernnt

2239 846 2411 902 reges,
2443 840 2497 887 et
2519 842 2848 886 ornaverunt
2876 833 3166 902 principes,
3219 833 3306 886 cui
3332 830 3571 885 Romani
3594 828 3815 899 pontiﬁ-

2237 937 2328 978 ces
2348 939 2569 978 summae
2595 923 2862 979 libertatis
2884 923 3097 994 fastigia
3125 924 3501 995 providerunt.

2306 1014 2529 1068 Accedit
2556 1015 2718 1069 etiam
2752 1016 2817 1070 ad
2844 1015 3069 1085 gloriam
3099 1013 3447 1080 confessoris,
3477 1013 3605 1083 quia
3650 1013 3703 1068 in
3738 1014 3816 1083 ip-

2238 1105 2349 1160 sius
2403 1107 2607 1162 honore
2658 1106 2915 1160 nonnulla
2966 1107 3172 1161 sedium
3209 1105 3602 1176 episcopalium
3626 1106 3816 1160 funda-

2237 1203 2415 1249 menta
2446 1195 2617 1249 locata
2656 1205 2798 1256 sunt.
2846 1198 2985 1265 quod
3011 1197 3134 1266 (nisi
3166 1196 3344 1267 fallor)
3379 1198 3445 1252 de
3475 1196 3586 1251 alio
3610 1213 3716 1252 non
3746 1196 3819 1249 le-

2237 1286 2382 1356 gitur
2407 1285 2738 1341 confessore.
2771 1286 3041 1342 Sciutillat
3066 1286 3242 1356 longe,
3266 1287 3484 1356 lateque
3507 1288 3694 1358 fulgor
3711 1288 3821 1343 cla-

2239 1373 2418 1428 ritatis
2465 1374 2630 1439 illius,
2658 1385 2714 1430 et
2744 1375 2809 1430 de
2840 1376 3061 1430 remotis
3105 1376 3288 1429 mundi
3317 1378 3565 1446 partibus
3591 1378 3659 1430 ad
3682 1392 3816 1447 prmo

2237 1463 2466 1517 sentiam
2499 1464 2669 1518 sancti
2698 1464 2944 1535 corporis
2975 1463 3135 1534 295
3171 1463 3481 1520 feStinatur.
3517 1465 3815 1519 Clementia

2237 1552 2556 1618 divinitatis,
2585 1562 2639 1609 et
2688 1555 2924 1624 regibus,
2950 1565 3002 1608 et
3034 1569 3198 1625 regno
3231 1564 3413 1608 nostro
3442 1556 3685 1624 providit
3715 1555 3815 1607 mi-

2238 1644 2604 1707 sericorditer,
2636 1644 2727 1699 ubi
2757 1654 2961 1698 tantum
2985 1643 3166 1698 lumen
3196 1644 3262 1697 ad
3291 1645 3593 1698 remedium
3624 1659 3815 1712 pecca-

2236 1740 2415 1788 torum
2471 1732 2523 1787 in
2569 1732 2823 1788 saeculum
2873 1733 3175 1788 collocavit.
3215 1734 3381 1787 Actus
3411 1731 3529 1799 ejus
3572 1742 3627 1787 et
3653 1732 3817 1786 vitam

561 1833 807 1888 nantium
858 1840 1066 1888 turmas
1120 1832 1458 1903 negetiorum
1501 1830 1805 1902 pacificatio
1832 1844 1957 1883 vero
1979 1843 2008 1882 a
2037 1826 2136 1884 Sa—
2163 1838 2212 1899 Β
2241 1825 2472 1881 Severus
2497 1825 2720 1895 insignis
2761 1833 2965 1889 orator,
3020 1825 3092 1878 ita
3124 1840 3221 1879 suo
3244 1824 3551 1878 nobilitavit
3580 1824 3812 1893 eloquio.

561 1924 763 1995 pientia
794 1922 909 1994 ipsa
956 1923 1249 1989 descendit,
1289 1923 1375 1977 ubi
1420 1922 1714 1979 liberamur
1737 1936 1767 1975 a
1796 1919 1959 1983 malo,
1988 1929 2041 1973 et
2067 1918 2135 1973 ab

563 2012 807 2068 omnium
854 2011 1199 2081 iniquitatum
1251 2010 1574 2066 mundamur
1601 2009 1828 2064 inﬂuxu.
1860 2008 1984 2062 Ilzec
2012 2015 2136 2062 sunt

544 2113 771 2173 septem
817 2102 1203 2166 beatitudincs,
1257 2110 1462 2172 septem
1490 2099 1652 2163 dona,
1690 2109 1894 2170 septem
1925 2098 2139 2169 petitio.

560 2205 678 2256 nes,
725 2199 932 2260 septem
989 2189 1333 2253 candelabra,
1387 2198 1592 2258 septem
1635 2188 1886 2251 lucernae,
1928 2198 2136 2257 septem

565 2276 853 2342 infusoria,
880 2287 1087 2347 septem
1114 2278 1296 2346 spicm,
1322 2284 1377 2330 et
1420 2277 1474 2331 in
1499 2291 1601 2345 qua
1631 2284 1758 2329 sunt
1786 2275 1909 2339 alia,
1935 2290 2053 2343 quae
2083 2274 2134 2328 in

558 2380 690 2424 arce
715 2363 1006 2436 septenarii
1029 2363 1240 2420 numeri
1265 2362 1666 2435 Scripturarum
1693 2362 2027 2418 consecravit
2043 2378 2138 2417 au-

555 2456 809 2522 etoritas.
2120 2456 2123 2459 '

634 2544 1078 2602 Adulescentulus
1109 2561 1237 2619 ergo
1285 2560 1449 2603 ausus
1498 2561 1617 2602 sum
1672 2555 1843 2602 totam
1888 2545 2136 2602 lectionis

562 2633 723 2704 hujus
750 2635 944 2691 seriem
986 2634 1292 2705 ettplanare,
1328 2636 1540 2691 illorum
1572 2644 1811 2706 rogatus,
1845 2634 1953 2690 imo
1984 2650 2133 2690 com-

561 2729 749 2803 pulsus
772 2729 1063 2799 precibus,
1107 2739 1161 2784 et
1189 2738 1476 2799 praecepto,
1514 2728 1708 2799 quibus
1733 2726 2012 2793 nec'vellc,
2037 2742 2138 2782 nec

562 2835 721 2889 posse
768 2818 947 2876 fuerat
974 2820 1213 2876 obviare.
1254 2819 1359 2876 Sed
1407 2830 1466 2874 ut
1513 2820 1761 2890 praesenti
1813 2817 2136 2874 solemnitati

564 2911 955 2980 aliquantulum
1002 2911 1339 2977 insistamus,
1372 2910 1671 2973 favorabili,
1719 2920 1769 2965 et
1795 2906 1999 2965 mellita
2021 2906 2137 2963 dul-

566 3002 756 3058 cedine
802 3003 1112 3057 redundans
1161 3012 1303 3057 tanta
1362 3002 1622 3056 festivitas
1660 3010 1766 3065 est,
1800 3003 1850 3055 in
1890 3017 1993 3072 qua
2024 3000 2138 3055 lau-

567 3094 688 3146 dem
734 3090 918 3146 dicunt
965 3093 1074 3148 Deo
1121 3108 1308 3147 omnes
1359 3094 1528 3148 sancti
1570 3091 1704 3160 ejus,
1737 3105 1785 3147 et
1815 3102 1955 3146 tutus
1990 3092 2139 3147 orbis

2240 1930 2296 1974 ut
2325 1929 2379 1974 et
2408 1919 2688 1974 historiam
2722 1919 2983 1974 relatione
3008 1917 3162 1987 plena
3189 1918 3436 1972 veritatis
3464 1928 3812 1987 proponeret.

2238 2019 2294 2064 et
2346 2009 2631 2063 rhetoricis
2688 2007 2897 2077 legibus
2959 2007 3331 2077 multipliciter
3396 2008 3711 2077 insigniret.
3752 2007 3817 2061 Et

2239 2114 2381 2153 nunc
2407 2098 2555 2151 arida
2586 2096 2672 2152 vel
2700 2098 2881 2167 jejuna
2916 2097 3094 2167 lingua
3123 2107 3329 2161 nostra,
3361 2098 3493 2168 quid
3517 2098 3717 2152 audeat
3752 2099 3816 2152 de

2237 2190 2485 2245 laudibus
2513 2187 2627 2260 ejus
2652 2189 3096 2252 itnmurmurarc,
3150 2187 3303 2258 cujus
3346 2187 3527 2242 laudis
3554 2186 3716 2258 plena
3737 2198 3815 2241 est

2238 2291 2381 2338 terra
2407 2283 2432 2336 ?

2238 2445 2243 2449 θ
2307 2373 2386 2431 Ne
2415 2384 2592 2429 tamen
2622 2374 2677 2429 in
2714 2374 2880 2428 tantis
2903 2372 3113 2444 gaudiis
3139 2369 3403 2442 cujusque
3435 2371 3710 2425 sermonis
3741 2370 3815 2423 vi-

2237 2467 2461 2521 deamur
2499 2465 2789 2528 immunes,
2828 2465 3213 2520 recurreudum
3241 2472 3323 2518 est
3353 2463 3419 2516 ad
3449 2463 3813 2532 evangelicam

2233 2554 2546 2618 lectionem,
2582 2556 2646 2608 ‘in
2695 2570 2799 2625 qua
2857 2554 2958 2609 sub
3002 2554 3164 2608 trium
3209 2554 3477 2609 brevitate
3523 2554 3811 2608 verborum

2237 2650 2501 2720 sapientia
2526 2650 2616 2703 Dei
2644 2649 2817 2703 Patris
2839 2649 3001 2702 totius
3032 2650 3278 2702 humanae
3297 2646 3655 2718 perfectionis
3676 2663 3816 2700 sum-

2228 2720 2377 2793 'mam
2410 2737 2664 2803 inclusit;
2698 2738 2774 2791 ait
2831 2738 2973 2792 enim
3002 2755 3013 2789 :
3058 2757 3074 2788 ι
3116 2738 3324 2804 Videte,
3352 2735 3598 2808 vigilate,
3628 2745 3682 2791 et
3700 2750 3814 2790 ora-

2224 2816 2310 2884 ‘te.
2355 2849 2371 2881 ι
2414 2828 2504 2883 Ille
2556 2828 2646 2899 qui
2701 2829 2847 2883 videt
2890 2829 3068 2883 omnia
3095 2869 3110 2889 ,
3164 2826 3412 2882 lmt’tatur
3455 2843 3557 2881 nos
3596 2837 3657 2880 ut
3696 2842 3811 2881 eor-

2236 2918 2510 2991 poralibus
2538 2918 2708 2974 oculis
2732 2918 3063 2989 postpositis,
3094 2918 3510 2973 mentislumine
3540 2918 3816 2971 videamus

2237 3008 2406 3065 oculis
2426 3008 2553 3077 illis,
2575 3009 2640 3063 de
2660 3009 2855 3079 quibus
2878 3024 2971 3078 per
2993 3007 3334 3062 Salomoncm
3359 3008 3594 3062 dit-itur:
3620 3024 3639 3057 ‹
3661 3005 3804 3062 Oculi

2240 3101 2498 3172 sapientis
2539 3100 2592 3154 in
2617 3101 2791 3170 capite
2839 3098 2957 3168 ejus
2984 3098 3179 3169 (Ercle.
3228 3098 3308 3169 ιι).
3358 3117 3374 3151 ι
3410 3098 3669 3168 Praecipit
3690 3112 3815 3166 ergo

570 3180 717 3236 clara
771 3196 903 3236 voce
942 3181 1185 3236 resultat.
1235 3181 1332 3235 .lsti
1364 3190 1489 3237 sunt
1538 3180 1803 3244 advocati,
1833 3197 1968 3249 quos
1995 3182 2132 3250 apud

2240 3202 2295 3247 ut
2323 3192 2421 3247 soli
2450 3191 2790 3247 solitudinem
2823 3191 2989 3244 nostri
3028 3190 3206 3244 cordis
3229 3189 3629 3259 ingrcdiamur,
3654 3196 3708 3243 et
3731 3203 3809 3242 re-

560 3272 795 3340 judicem
832 3272 1116 3328 habemus.
1150 3273 1254 3328 Pro
1291 3290 1396 3343 quo
1430 3273 1516 3328 isti
1546 3273 1974 3339 intercesserint,
2005 3289 2132 3328 seu-

546 3366 789 3425 ,teatiam
820 3380 927 3420 non
956 3365 1107 3442 timet
1134 3366 1437 3436 capitalem.
1692 3366 1695 3369 ’

556 3510 561 3514 .
633 3455 1022 3528 Confugiamus
1068 3471 1197 3528 ergo
1227 3460 1292 3513 ad
1330 3458 1566 3529 probata
1606 3455 1877 3530 suffragia,
1903 3473 2001 3513 nec
2036 3473 2133 3513 nos

566 3548 840 3604 deterreat
886 3550 1184 3605 enormitas
1230 3560 1609 3621 peccatorum;
1664 3551 1788 3620 quia
1840 3549 2011 3617 major
2050 3557 2133 3603 est

563 3637 782 3712 illorum
823 3637 1032 3709 .pietas,
1078 3654 1238 3709 quam
1293 3640 1541 3710 impietas
1585 3650 1785 3694 nostra.
1828 3638 2133 3694 Celtsiliat'ii

561 3738 690 3785 sunt
712 3728 855 3801 regis
893 3729 1083 3796 nostri,
1125 3739 1179 3786 et
1233 3730 1401 3800 ipsius
1434 3730 1526 3785 ira:
1553 3745 1693 3800 saepe
1718 3731 2000 3796 resistunt,
2034 3745 2135 3785 nec

546 3833 662 3881 nos
685 3817 1021 3873 deseruntin
1072 3828 1309 3890 tempore
1338 3820 1498 3875 malo.
1536 3818 1725 3875 Sciunt
1755 3822 1897 3875 enim
1927 3823 2014 3877 ubi
2038 3820 2157 3877 nos'

544 3908 901 3979 reliquerint,
959 3902 1177 3980 quantis
1210 3911 1444 3965 hostium
1480 3910 1689 3966 insidiis
1706 3921 2005 3982 pateamus.
2034 3912 2137 3966 Su-

542 4001 832 4071 _spiremus
861 4001 1025 4073 igitur
1063 4003 1128 4057 ad
1156 4002 1366 4058 illorum
1406 4004 1743 4069 memoriam,
1770 4014 1832 4059 ut
1852 4012 2135 4075 protegant

562 4106 666 4145 uos
688 4092 788 4146 sub
811 4093 1002 4147 umbra
1033 4092 1239 4147 alarum
1296 4109 1539 4158 suarmn,
1567 4095 1738 4149 donec
1767 4103 2008 4149 transeat
2031 4094 2134 4147 ini-

565 4182 763 4251 quitas,
787 4192 842 4237 et
867 4184 1166 4253 perducant
1212 4200 1311 4240 nos
1347 4186 1411 4239 ad
1443 4202 1696 4256 sponsum
1737 4185 2011 4252 Ecclesiae,
2042 4185 2133 4256 qui

540 4283 644 4329 ,εει
668 4274 808 4330 Deus
847 4275 1161 4332 benedictus
1184 4277 1234 4330 in
1259 4278 1474 4332 sa‘cula.
1501 4281 1688 4334 Amen.

1152 4366 1382 4424 SERMO
1420 4367 1551 4422 LVI.
2139 4364 2147 4399 '

635 4474 703 4518 at:
723 4477 768 4518 s.
792 4477 1029 4519 πλεκτιΝο
1066 4475 1313 4517 ειηεεοινυ
1337 4476 1404 4515 ετ
1435 4475 1777 4518 δοκι-εδεοιιε.
1813 4463 1887 4534 (xt
1914 4462 2064 4533 nov.)

2232 3285 2509 3343 volvamus
2538 3292 2778 3339 veterum
2806 3284 3046 3337 sarcinas
3084 3290 3448 3352 peccatorum,
3478 3282 3684 3351 quibus
3701 3279 3808 3351 pol-

2232 3374 2330 3429 luti
2361 3390 2566 3440 sumus,
2593 3383 2648 3429 et
2674 3372 2931 3429 obvoluti.

2302 3464 2541 3520 Primum
2600 3479 2732 3536 ergo
2786 3463 3063 3518 videamus
3112 3462 3255 3531 apud
3302 3477 3400 3519 nos
3460 3470 3807 3532 peccatorum

2233 3554 2638 3610 abundantiam.
2671 3574 2690 3604 ι
2724 3553 2951 3622 Propter
2980 3566 3176 3607 nomen
3202 3560 3376 3616 tuum,
3412 3551 3663 3614 Domine,
3692 3566 3813 3618 pru-

2230 3642 2511 3713 pitiaberis
2554 3651 2777 3712 peccato
2833 3657 2999 3697 meo:
3031 3640 3256 3695 multum
3297 3648 3381 3695 est
3435 3640 3584 3694 enim
3637 3637 3807 3710 (Ρωι.

2233 3736 2381 3806 xxw)
2406 3776 2422 3798 ,
2461 3754 2478 3787 ι
2531 3734 2609 3789 ait
2656 3734 2848 3789 unicus
2881 3733 2970 3788 ille
3016 3732 3390 3788 consecrarius
3428 3731 3573 3802 regis
3599 3729 3808 3786 tetemi.

2234 3823 2586 3880 Peccavimus
2626 3838 2788 3894 super
2832 3838 3117 3878 numerum
3158 3836 3337 3877 arena:
3368 3822 3559 3884 maris,
3587 3830 3644 3875 et
3672 3819 3808 3874 mul-

2234 3917 2479 3987 tiplicata
2524 3925 2651 3971 sunt
2677 3923 2897 3985 peccata
2920 3924 3125 3971 nostra.
3159 3913 3237 3969 Tu
3268 3913 3685 3968 innumerabilia
3715 3929 3813 3967 ne.

2235 4024 2445 4065 merare
2486 4008 2788 4072 contendis,
2818 4015 2873 4061 et
2917 4007 2969 4061 in
2995 4021 3202 4061 summa
3228 4019 3429 4076 ponere
3473 4003 3619 4073 quod
3662 4019 3815 4057 sum-

2234 4116 2378 4155 mam
2406 4099 2736 4169 exsuperat?
2763 4097 2922 4164 Ecce,
2951 4097 3172 4167 grandis
3197 4110 3443 4158 acervus,
3479 4095 3810 4165 impetuOsus

2236 4199 2486 4257 torrens,
2548 4205 2650 4245 nec
2699 4198 2873 4260 potest
2931 4189 3121 4243 discuti
3164 4196 3310 4242 tanta
3358 4187 3621 4251 miseria;
3678 4201 3811 4256 quo-

2236 4283 2380 4336 niam
2430 4281 2741 4351 iniquitates
2803 4288 3000 4334 nostrre
3058 4291 3420 4349 supergressa
3476 4286 3607 4331 sunt
3656 4285 3815 4344 caput

2236 4380 2484 4425 nostrum
2513 4368 2684 4439 (Pani.
2717 4368 2945 4440 xxxvii).
2972 4367 3376 4422 Ambulavimus
3399 4366 3540 4422 collo
3571 4376 3809 4426 extento,

2200 4480 2211 4491 ·
2236 4463 2376 4518 oculi
2404 4461 2574 4517 nostri
2626 4461 2766 4531 pleni
2820 4469 2945 4515 sunt
2975 4459 3237 4524 vanitate,
3266 4471 3426 4512 aures
3452 4456 3810 4511 detractione.

636 4549 840 4607 Nobilis
871 4550 960 4608 ille
983 4550 1286 4615 confessor,
1333 4552 1674 4606 sacerdotum
1706 4551 1894 4622 gloria,
1925 4568 2136 4624 gemma
2167 4539 2212 4597 Ῑ)
2240 4552 2537 4609 Odoremns
2564 4566 2668 4607 non
2697 4553 2915 4606 odorem
2944 4557 3361 4619 unguentorum,
3400 4545 3456 4600 in
3485 4559 3597 4615 quo
3623 4559 3812 4616 sponsa

532 4638 905 4711 .pontilicum,
932 4640 1253 4696 clericorum
1297 4626 1693 4705 formaflumen
1726 4643 2136 4707 monachorum,

533 4728 860 4799 .solemnem
917 4729 1060 4785 diem
1110 4729 1444 4784 universitati
1499 4740 1698 4786 nostrae
1743 4732 1992 4802 praefixit.
2038 4731 2139 4789 llic

560 4828 648 4874 est
702 4818 963 4875 Martinus
1016 4820 1397 4876 miraculorum
1448 4831 1713 4891 potestate
1760 4822 2024 4888 sublimis,
2045 4826 2136 4893 qui

539 4920 835 4971 ,terrarum
885 4911 1069 4967 orbem
1117 4911 1321 4966 lumine
1364 4927 1474 4967 sute
1515 4913 1838 4984 cognitionis
1876 4914 2133 4983 implevit.

574 4998 830 5040 ὲῖῗυυηίηε
853 5001 1123 5040 ΝιΙΞσῖηηῖα
1154 5012 1326 5040 malm.
1374 5011 1422 5040 ιιι
1449 5004 1794 5040 ονηηιῖΙ-ὶνηιη
1821 5005 2141 5040 ἧιηηηιΙῖοι-ἷ-

2242 4661 2302 4701 se
2349 4659 2571 4700 currere
2635 4641 2941 4712 gloriatur;
2997 4638 3090 4694 sed
3117 4638 3335 4693 odorem
3370 4638 3568 4692 mortis
3593 4636 3649 4691 in
3678 4650 3814 4691 mor-

2243 4744 2370 4798 tem,
2407 4747 2636 4803 quorum
2686 4746 2747 4786 os
2795 4729 3176 4784 maledictione
3223 4736 3278 4783 et
3317 4726 3685 4782 amaritudine
3710 4725 3816 4797 pie-

2240 4838 2368 4878 num
2392 4838 2513 4878 esse
2540 4819 2877 4876 describitur.
2904 4817 3093 4873 Manus
3118 4825 3315 4872 nostra:
3340 4817 3516 4888 plenae
3545 4824 3678 4872 sunt
3696 4831 3817 4871 san-

2239 4920 2420 4991 guine,
2481 4919 2644 4989 pedes
2701 4916 2909 4972 veloces
2938 4915 3005 4970 ad
3042 4913 3354 4984 sanguinem
3392 4911 3810 4969 effundendum;

2248 5010 2501 5040 ηΑηΙ-ιῖιῖη
2574 5016 2624 5040 ιΛ
2668 5005 2952 5040 ἶηΓοΙῖηἲίσιο
2984 5004 3035 5040 In
3065 5003 3165 5040 νῖἷιι
3209 5001 3407 5040 nnclria
3473 5010 3522 5040 nl
3559 5000 3647 5040 vim
3672 4998 3811 5040 Μικῖε
