3978 5328
174 281 291 338 8Π

1605 279 1833 334 SERMO
1876 277 2004 332 LVI.

3327 272 3430 339 an,

175 395 426 451 cundum
475 395 650 450 virum
689 393 913 463 justum,
959 394 1049 449 hic
1096 393 1347 448 involutze
1391 401 1517 446 sunt
1555 391 1760 444 semita:
1792 403 1838 458 Α
1866 389 2000 458 (lsu.
2045 388 2201 458 xui).
2266 407 2285 440 ι
2343 387 2532 442 Vidisti
2587 385 3047 448 dissimulantem,
3099 384 3219 438 vide
3266 387 3429 440 etiam

177 500 474 556 gressuum
511 499 696 540 eorum
724 483 844 554 (Job
875 485 969 553 vt).
1014 483 1088 537 Ne
1115 493 1268 553 putes
1305 491 1482 536 autem
1513 481 1654 535 hanc
1687 483 1765 532 vi-

179 574 402 628 sionem
464 573 606 627 inter
656 587 822 642 parva
878 570 1370 626 connmnerandam
1403 609 1418 632 ,
1475 584 1596 622 eum
1651 567 1764 621 haec

182 663 455 731 perducat
495 661 561 715 ad
587 661 845 715 visionem
872 660 1170 724 cherubim,
1207 668 1261 712 et
1289 657 1598 711 animalium
1629 672 1764 726 pen-

181 761 484 817 natorum;
534 764 588 807 ct
612 751 680 806 ad
709 751 877 820 ipsius
907 750 1233 804 dominantis
1277 747 1581 802 introducat
1606 758 1764 816 aspe-

183 851 358 895 ctum.
574 827 575 830 “

266 928 398 984 Visa
449 930 613 1001 igitur
670 927 998 984 abundantia
1051 935 1394 998 peccatorum
1437 934 1764 988 nostrorum,

185 1023 473 1078 videamus
500 1023 734 1078 secundo
761 1022 1140 1092 negligentiam
1188 1029 1450 1074 nostram.
1479 1017 1767 1071 Traximus

185 1123 412 1180 peccata
447 1123 630 1167 nostra
656 1114 797 1168 sicut
827 1123 1020 1168 restem
1054 1111 1286 1182 longam,
1313 1120 1368 1164 et
1393 1111 1612 1179 sanguis
1638 1124 1764 1163 san-

187 1205 409 1272 guinem
443 1204 638 1274 tetigit,
691 1213 743 1257 et
775 1201 1260 1265 dissimulavimus;
1289 1199 1503 1264 vulnus,
1529 1211 1578 1253 et
1610 1197 1765 1262 livor,

186 1304 242 1348 et
279 1294 435 1365 plaga
489 1303 719 1359 tumens,
759 1305 810 1348 et
845 1309 948 1348 non
981 1292 1292 1362 aspeximus
1337 1290 1469 1360 (Isa.
1521 1291 1580 1360 t).
1609 1290 1768 1343 Zt-lus

188 1384 282 1438 Dei
310 1386 534 1439 recessit
559 1400 588 1438 a
621 1385 799 1448 nobis,
846 1392 900 1438 et
930 1400 1027 1438 nos
1055 1383 1498 1453 contempsimus.
1530 1382 1618 1435 Sic
1645 1397 1768 1450 pce-

184 1487 436 1531 catorutn
465 1476 792 1532 multitudini
849 1475 1228 1545 negligentiam
1282 1475 1637 1534 cumulantes,
1671 1471 1764 1525 ob-

187 1567 488 1622 struximus
546 1566 700 1622 nobis
757 1566 863 1621 iter
888 1564 1266 1630 confessionis,
1304 1563 1767 1632 semitasjustitite

189 1657 479 1722 evitamus,
538 1671 643 1712 non
693 1655 866 1710 solum
918 1655 1270 1724 negligentes,
1313 1653 1408 1708 sed
1435 1661 1488 1705 et
1511 1652 1576 1705 de
1604 1651 1769 1720 negli~

187 1748 366 1816 gentia
423 1745 736 1816 gloriantes,
790 1744 942 1814 juxta
1001 1745 1129 1798 illud
1185 1745 1284 1796 viri
1339 1742 1758 1812 sapientissimi:
1800 1777 1838 1833 Β

195 1852 212 1885 t
252 1833 352 1900 Qui
385 1833 550 1906 296
580 1849 702 1887 cum
744 1832 1132 1899 malefeccrint,
1189 1832 1438 1885 laetantur
1485 1840 1538 1886 et
1590 1833 1764 1886 exsul-

189 1935 304 1981 tant
331 1927 386 1984 in
439 1931 600 1982 rebus
626 1928 879 1999 pessimis
934 1925 1114 1997 (Prov.
1154 1928 1234 1997 It).
1270 1947 1288 1979 ι
1337 1926 1428 1980 Vis
1449 1927 1608 1991 scite,
1637 1929 1761 1996 quia

188 2018 253 2073 de
281 2027 624 2089 peccatorum
656 2019 1004 2081 abundantia,
1038 2018 1357 2088 negligentia
1400 2019 1627 2087 pessima
1657 2019 1760 2072 ﬁlia

191 2112 531 2182 generatur?
570 2130 587 2162 ι
621 2111 884 2167 Peccator
912 2127 1033 2166 cum
1081 2112 1290 2164 venerit
1333 2111 1386 2165 in
1442 2110 1760 2182 profundttm

189 2205 470 2267 malorum,
501 2207 795 2261 contemnit
830 2204 1010 2278 (Prov.
1040 2207 1217 2275 xvnt).
1244 2226 1259 2256 ι
1294 2206 1334 2260 E
1365 2208 1638 2261 contrario
1671 2226 1763 2260 an-

189 2304 317 2356 tem,
374 2297 465 2364 qui
509 2298 675 2352 Deum
729 2299 902 2363 timet,
949 2299 1081 2354 nihil
1123 2302 1382 2372 negligit;
1433 2305 1582 2373 quia,
1614 2323 1631 2354 t
1671 2307 1760 2373 qui

187 2386 393 2441 modica
417 2387 646 2455 spernit,
675 2387 932 2457 paulatim
956 2391 1185 2446 decidet.
1219 2413 1235 2442 ι
1263 2393 1611 2449 Peccatorum
1629 2396 1765 2449 mul-

190 2476 359 2530 titudo
406 2478 809 2548 negligentiam,
855 2482 1180 2552 negligentia
1209 2495 1594 2556 contemptum,
1629 2505 1762 2542 eon-

184 2577 420 2638 temptus
461 2578 690 2625 mortem
723 2571 1035 2627 iuterminat
1074 2577 1482 2645 sempiternam.

251 2655 385 2712 Vide
423 2667 477 2712 et
505 2659 664 2712 tertio
693 2660 1006 2728 patientiam
1043 2673 1096 2718 et
1139 2663 1612 2732 longanimitatent
1669 2667 1759 2721 Dei

183 2751 378 2803 nostri.
411 2767 429 2800 t
479 2749 603 2804 llazc
642 2749 839 2818 fecisti,
869 2760 921 2806 et
955 2755 1094 2808 tacui
1145 2751 1326 2825 (Prov.
1358 2757 1470 2826 xv).
1514 2776 1532 2808 ι
1569 2755 1760 2812 Omnia

179 2841 328 2894 videt
357 2848 428 2921 _et
467 2841 648 2895 omnia
711 2843 878 2906 audit,
936 2844 1174 2914 nihilque
1204 2855 1468 2900 remotmu
1497 2847 1562 2901 ab
1593 2847 1762 2903 oculis

181 2931 317 2997 ejus,
354 2931 421 2984 de
465 2947 572 3001 quo
619 2931 816 2985 dicitur
846 2947 860 2985 :
891 2951 907 2984 t
945 2933 1094 2988 Oculi
1134 2935 1339 2988 Domini
1367 2935 1420 2989 in
1448 2937 1594 2990 omni
1644 2937 1763 2992 loco

179 3022 614 3092 contemplautur
635 3023 804 3078 bonos
828 3034 878 3078 et
928 3025 1097 3079 malos
1131 3024 1303 3096 (Psal.
1331 3031 1536 3095 ωηεν).
1569 3048 1587 3080 ι
1622 3028 1762 3084 Oen-

1869 494 2200 551 quaecunque
2229 479 2450 534 minima
2486 485 2875 533 numerantem.
2903 495 2922 528 ι
2954 473 3212 547 Vestigia,
3237 475 3429 544 inquit,

1866 573 2061 644 pedum
2090 585 2333 626 nieorum
2358 569 2708 624 diuumerasti
2739 566 2859 637 (Job
2897 566 3036 634 xm).
3075 585 3092 617 ι
3125 565 3256 632 Quis
3285 564 3433 620 locus

1866 669 1974 723 erit.
1993 667 2128 736 spei,
2163 682 2283 720 cum
2326 664 2535 719 venerit
2563 662 2751 733 judex,
2792 661 2882 730 qui
2916 661 3065 715 stetit
3095 660 3194 714 sub
3226 657 3430 727 judice,

1865 757 2282 829 prrecineutibus
2333 755 2498 818 tubis,
2549 752 3011 808 conclamantibus
3064 750 3287 821 angelis,
3318 749 3430 803 elc-

1867 849 2065 903 mentis
2120 845 2432 900 ardentibus
2475 843 2500 896 1
2553 844 2633 897 Ad
2680 843 2834 909 cujus
2860 841 3120 912 fugiemus
3150 839 3430 902 auxilium,

1865 953 1986 992 cum
2014 937 2186 990 ventis
2208 950 2274 988 ex
2299 943 2606 988 transverso
2639 931 2954 996 furentibus,
3006 928 3292 986 mundialis
3321 945 3436 983 tuac

1867 1027 2023 1082 china
2071 1024 2372 1090 divelletur,
2429 1032 2484 1079 et
2532 1023 2668 1093 ignis
2719 1023 3103 1077 incandescens
3131 1020 3346 1102 coelum,
3379 1027 3436 1076 et

1867 1126 2067 1172 terram
2114 1116 2365 1171 finalibus
2397 1116 2715 1172 itnntiscebit
2768 1115 3031 1170 incendiis
3056 1115 3079 1168 ?
3104 1114 3290 1170 Veniet
3321 1114 3434 1183 ipse

1867 1222 1988 1261 cum
2012 1214 2279 1276 potestate
2310 1220 2502 1276 magna
2537 1216 2591 1260 et
2620 1207 2935 1275 majestate;
2972 1221 3076 1260 non
3098 1220 3216 1259 cum
3248 1202 3432 1255 dulce-

1867 1301 1992 1354 dine
2020 1308 2073 1353 et
2103 1298 2407 1352 humilitate
2434 1337 2450 1361 ,
2499 1297 2622 1366 quia
2655 1296 2758 1350 illic
2780 1295 2990 1362 justitia
3021 1295 3176 1364 plena
3199 1302 3280 1348 est
3306 1291 3435 1346 dex-

1868 1401 1981 1446 tera
1998 1390 2134 1458 ejus,
2168 1405 2287 1460 qua:
2310 1389 2398 1444 hic
2422 1389 2846 1444 miscricordiam
2879 1386 3165 1441 seminavit
3205 1393 3260 1439 et
3284 1397 3434 1453 spar-

1867 1482 1962 1535 sit.
2008 1480 2160 1536 Tunc
2197 1480 2285 1534 ille
2329 1480 2637 1534 misericors
2685 1477 2869 1534 oculus
2897 1493 2998 1532 non
3023 1483 3302 1546 parcet,et
3327 1487 3432 1526 non

1867 1570 2249 1634 miserebitur;
2282 1569 2373 1624 sed
2394 1568 2660 1639 percutiet
2688 1577 2742 1621 et
2763 1567 2990 1628 occidet,
3035 1565 3249 1618 indutus
3274 1561 3432 1627 iram,

1869 1662 2051 1717 furore
2082 1661 2336 1732 repletus,
2391 1660 2578 1730 plenus
2616 1658 2954 1713 crudelitate.
2994 1656 3308 1710 Peecatores
3341 1669 3438 1707 au-

1869 1761 1974 1806 tem
2006 1750 2134 1820 quid
2185 1752 2208 1803 ?
2238 1750 2491 1804 Videntes
2545 1747 2904 1801 turbabuntur
2941 1747 3132 1799 timore
3162 1745 3432 1806 horribili,

1867 1841 1960 1895 sed
2010 1839 2387 1910 incorrigibili,
2441 1838 2718 1891 audientes
2771 1836 2899 1890 illud
2945 1835 3270 1890 horrendum
3302 1835 3435 1887 toni-

1868 1942 2008 1987 trum
2036 1948 2049 1983 :
2081 1949 2098 1982 t
2129 1931 2225 1993 l'tc,
2257 1928 2547 1991 maledicti,
2596 1927 2646 1980 in
2702 1927 2878 1994 ignem
2932 1934 3188 1978 aeternum
3215 1922 3432 1992 (Matth.

1867 2024 2013 2090 xxv).
2054 2041 2072 2075 ι
2104 2021 2299 2088 Quanti
2330 2030 2487 2089 putas
2514 2019 2716 2073 doloris
2742 2017 3070 2071 eritexcludi
3102 2031 3130 2069 a
3158 2016 3294 2069 facie
3317 2015 3433 2078 Dei,

1866 2112 2068 2176 videre,
2093 2121 2147 2166 et
2177 2114 2401 2181 perdere
2443 2111 2632 2174 Deum,
2679 2124 2800 2163 eum
2832 2123 2927 2162 rex
2956 2107 3137 2178 gloriae
3160 2107 3434 2161 civitatem

1865 2203 2026 2274 297
2054 2203 2336 2259 sublimem
2384 2201 2628 2266 intrabit,
2660 2201 2872 2255 miseris
2909 2199 3283 2269 peccatoribus
3319 2213 3435 2252 om-

1865 2294 1919 2347 ni
1950 2309 2042 2365 spe
2095 2292 2474 2348 misericordiae
2507 2292 2558 2346 itt
2613 2302 2932 2362 perpetuutn
2964 2290 3192 2360 sigillata
3228 2291 3251 2345 l
3280 2291 3437 2358 Quis-

1863 2386 1986 2453 quis
2015 2398 2142 2454 ergo
2167 2400 2246 2448 es,
2275 2385 2364 2455 qui
2389 2385 2693 2439 contemnis
2719 2384 2936 2438 divitias
2959 2383 3237 2448 bonitatis,
3269 2391 3322 2437 et
3345 2398 3432 2451 pa-

1866 2476 2066 2531 tientia:
2108 2476 2224 2540 Dei,
2267 2476 2442 2546 relege
2485 2486 2688 2530 textum
2750 2475 2998 2546 Epistolte
3041 2477 3106 2530 ad
3161 2475 3434 2529 Romanos

1865 2567 2037 2638 (Rom.
2068 2569 2144 2640 v),
2169 2578 2225 2623 et
2255 2569 2342 2623 illa
2369 2569 2462 2624 tibi
2490 2569 2700 2640 plenius
2749 2568 2892 2625 dicet
2913 2568 3038 2638 quia
3076 2584 3182 2622 non
3217 2567 3433 2623 evasisti

1856 2659 2121 2728 judicium
2153 2660 2269 2715 Dei.

1932 2753 2130 2825 Aspice
2155 2762 2206 2808 et
2231 2763 2427 2823 quarto
2456 2753 2879 2808 misericordiam
2920 2753 3060 2824 ejus,
3091 2753 3215 2806 licet
3239 2744 3432 2820 pecca-L

1865 2845 2030 2910 veris,
2054 2844 2184 2900 licet
2233 2845 2557 2916 neglexeris,
2598 2854 2653 2901 et
2699 2846 3080 2915 provocaveris
3110 2844 3427 2914 patientiam

1865 2937 1981 3003 Dei,
2017 2946 2244 3008 paratus
2289 2947 2374 2992 est
2402 2946 2578 2993 tamen
2626 2937 2900 3002 misereri,
2942 2952 3062 2991 eum
3093 2934 3348 3000 volueris,
3379 2941 3435 2988 ot

1863 3032 2061 3086 reverti
2105 3030 2170 3084 ad
2203 3040 2586 3092 revertentem,
2618 3029 2884 3094 oblivisci,
2916 3037 2969 3082 et
3013 3040 3190 3098 legere
3211 3037 3432 3098 peccata

181 3113 260 3167 los
315 3114 595 3168 hominum
649 3116 895 3179 timuisti,
935 3117 1118 3172 oculos
1148 3129 1327 3172 autem
1357 3118 1618 3174 Altissimi
1648 3134 1754 3173 nou
1787 3124 1830 3182 C
1865 3131 1979 3187 tua,
2009 3133 2060 3177 et
2085 3122 2352 3192 projicere
2377 3126 2428 3176 in
2461 3121 2994 3191 profundummaris.
3026 3120 3132 3174 Nec
3155 3121 3262 3174 erit
3284 3109 3432 3172 mora

179 3205 445 3274 expavisti
472 3206 496 3260 ‘i
522 3205 661 3261 Ecce
707 3207 817 3276 ipse
847 3209 1093 3277 cognovit
1144 3211 1323 3265 omnia
1362 3212 1674 3276 novissima,
1706 3220 1760 3267 et

180 3297 419 3365 antiqua,
453 3311 629 3367 neque
653 3297 719 3352 ab
766 3297 1006 3363 Oriente,
1036 3316 1210 3369 neque
1237 3303 1304 3356 ab
1333 3301 1644 3368 Occidente,
1671 3321 1760 3357 nc-

180 3403 283 3455 que
311 3403 340 3440 a
365 3387 595 3442 desertis
625 3390 898 3445 montibus
926 3390 1077 3446 locus
1105 3403 1188 3448 est
1221 3393 1476 3464 fugiendi,
1504 3397 1757 3464 quoniam

181 3475 507 3544 Deusjudex
536 3488 638 3532 est.
672 3477 814 3534 Vidit
837 3495 1001 3552 opera
1045 3493 1153 3547 tua,
1195 3499 1445 3538 recursus
1479 3496 1532 3540 ct
1562 3502 1757 3541 excur-

180 3584 273 3622 sus
325 3567 652 3638 flagitiorum
710 3581 967 3637 tuorum;
1025 3583 1079 3626 et
1107 3573 1366 3628 continuit
1411 3575 1542 3628 iratn
1583 3592 1753 3631 suam.

179 3658 387 3714 leum
418 3673 523 3712 non
549 3658 876 3727 fulminavit,
903 3677 1041 3730 aqua
1065 3677 1168 3717 non
1191 3664 1502 3729 submersit,
1533 3681 1636 3718 non
1665 3665 1756 3719 ab-

180 3747 393 3802 sorbuit
443 3747 637 3814 tellus;
687 3759 742 3805 et
763 3765 883 3804 eum
924 3753 1100 3808 omnis
1129 3763 1268 3806 terra
1301 3753 1452 3823 plena
1485 3757 1552 3808 sit
1581 3757 1750 3825 gloria

181 3836 416 3902 Domini,
469 3837 522 3891 in
573 3839 740 3908 gloria
789 3841 905 3910 ejus
951 3851 1094 3896 tuam
1129 3844 1400 3898 miseriam
1446 3850 1752 3913 evomuisti,

179 3941 281 3986 nec
332 3928 598 3983 reveritus
648 3945 706 3984 es
750 3941 1070 3998 praisentem
1109 3933 1415 3996 Dominum,
1468 3948 1521 3992 et
1572 3956 1753 3993 coram

181 4027 333 4072 tanta
367 4019 626 4072 munditia
660 4032 776 4076 tuas
825 4023 1191 4080 immunditias
1217 4041 1492 4082 exercere.
1528 4029 1640 4099 ipse
1663 4049 1756 4085 att-

179 4123 285 4167 tem
314 4113 488 4182 quid?
523 4133 542 4166 ι
585 4114 716 4185 Ego,
750 4116 946 4186 inquit,
977 4119 1133 4188 quasi
1167 4134 1272 4175 non
1312 4120 1518 4174 videns.
1556 4140 1575 4172 ι
1611 4121 1754 4175 Nun-

177 4200 310 4270 quid
351 4201 512 4257 alicui
552 4205 921 4259 ministrorum
969 4222 1211 4273 suorum,
1237 4209 1327 4277 qui
1361 4211 1600 4265 vindices
1630 4222 1754 4268 sunt

176 4293 272 4347 ine
292 4291 430 4360 ejus,
456 4294 508 4348 in
533 4295 636 4350 hoc
654 4296 825 4365 ipsum
841 4299 1116 4353 constituti
1134 4301 1308 4355 revela
1319 4302 1391 4354 vit
1408 4303 1754 4372 ignominiam

176 4387 369 4441 tuam?
401 4387 563 4453 Ecce,
593 4390 756 4453 videt,
788 4401 842 4446 et
867 4399 1044 4457 tacet;
1074 4393 1241 4460 videt,
1270 4411 1370 4451 nec
1398 4397 1747 4465 manifestat;

1864 3213 2005 3268 inter
2031 3212 2404 3278 confitentem,
2427 3223 2480 3267 et
2509 3213 2906 3276 remittentem;
2940 3211 3077 3265 inter
3107 3219 3429 3280 gementem,

1859 3313 1910 3357 et
1936 3304 2166 3373 gemitus
2197 3305 2595 3368 exaudientem,
2652 3301 2776 3371 quia
2824 3301 3190 3370 benignus,.et
3220 3289 3431 3354 miseri;

1859 3407 1979 3448 cors
2009 3402 2112 3447 est.
2147 3378 2286 3446 Sunt
2307 3393 2552 3445 homines
2581 3392 2763 3445 tnttndi
2811 3390 2998 3445 faciles
3021 3394 3085 3443 ad
3115 3391 3271 3454 iram,
3301 3388 3431 3443 diffi-

1858 3482 1987 3536 ciles
2015 3485 2080 3535 ad
2111 3481 2577 3547 misericordiam;
2624 3482 2764 3535 Deus
2807 3490 2984 3535 autem
3010 3490 3063 3533 et
3093 3480 3158 3533 ad
3189 3479 3427 3534 irascen-

1858 3574 1982 3627 dum
2017 3571 2269 3637 difficilis,
2325 3581 2380 3626 et
2426 3571 2601 3626 facilis
2648 3572 2712 3625 ad
2744 3571 3132 3625 miserandum.
3160 3568 3434 3623 llevolant

1858 3663 1932 3718 illi
1961 3664 2029 3718 ad
2079 3664 2388 3734 opprobria,
2421 3679 2540 3732 quae
2601 3664 2954 3726 remiserunt;
2993 3663 3093 3714 iste
3120 3675 3239 3714 cum
3264 3658 3428 3712 remi-

1857 3753 2009 3819 serit,
2033 3753 2110 3808 sic
2139 3761 2222 3808 est
2247 3751 2400 3821 quasi
2440 3768 2544 3806 non
2601 3750 2780 3805 fuerit.
2811 3751 2890 3804 Ad
2920 3750 3105 3803 limina
3130 3747 3428 3818 potentium

1858 3840 2191 3912 frequentius
2221 3841 2570 3904 excubamus,
2606 3857 2709 3895 non
2736 3838 2993 3916 habentes
3015 3839 3213 3892 liberos
3242 3853 3432 3893 acces-

1856 3949 1949 3988 sus
1975 3933 2042 3987 ad
2075 3932 2508 4001 colloquendum,
2549 3939 2603 3984 et
2647 3932 2688 3984 si
2746 3931 2871 3999 quid
2910 3929 3254 3998 deliquimus,
3304 3943 3430 3998 sup-

1852 4021 2085 4092 plicibus
2130 4021 2322 4084 oculis,
2369 4019 2507 4074 facie
2556 4019 2809 4074 tribulata
2840 4060 2856 4085 ,
2903 4020 3083 4074 verbis
3138 4017 3430 4073 humilibus

1855 4113 2225 4169 emendamus.
2276 4113 2356 4166 Illi
2396 4125 2580 4166 autem
2621 4110 2934 4182 plerumque
2988 4111 3220 4180 superbo
3249 4111 3428 4172 oculo,

1853 4212 1910 4258 et
1959 4203 2186 4258 humero
2213 4203 2509 4274 dedignati,
2566 4203 2791 4275 pedibus
2821 4202 2932 4257 suis
2968 4201 3302 4273 provolutus,
3345 4197 3428 4254 vel

1853 4295 2122 4365 respicere
2154 4295 2364 4352 nolunt.

1925 4385 2040 4442 Non
2090 4388 2170 4443 sic
2227 4388 2486 4444 Dominus
2533 4386 2712 4452 Iesus,
2765 4388 2856 4458 qui
2894 4386 3147 4442 libentius
3187 4384 3429 4462 loquitur

175 4475 344 4544 videt,
393 4491 495 4536 nec
547 4478 789 4550 judicat;
845 4482 1008 4546 videt.
1069 4500 1168 4543 nec
1194 4486 1665 4558 vindieat;vitk:.',
1698 4467 2064 4549 ctDmBClim
2108 4495 2269 4554 Qum“
2324 4495 2424 4553 930
2477 4497 2690 4548 Secum;
2744 4496 2905 4553 quem
2955 4481 3176 4537 ῖιινοιιίο
3213 4481 3426 4550 (ιυοιῑεε

172 4566 369 4633 videre,
387 4569 735 4638 dissimulat;
785 4583 963 4641 vocat,
1001 4585 1056 4630 et
1099 4592 1201 4632 non
1231 4580 1427 4645 audis;
1460 4583 1748 4651 promittit,

172 4665 229 4711 et
269 4659 616 4725 contemnis;
670 4661 924 4729 minatur,
973 4682 1070 4720 nec
1097 4668 1311 4732 metuis,
1339 4679 1392 4723 et
1415 4670 1748 4728 thasaurizns

173 4746 312 4801 iram
359 4747 457 4804 tibi
505 4749 559 4804 in
589 4750 676 4806 die
705 4751 822 4808 irae.
852 4752 984 4809 Cum
1015 4772 1145 4826 ergo
1171 4758 1242 4812 sit
1265 4757 1431 4826 judex
1465 4759 1642 4828 justus
1695 4775 1746 4818 et

173 4835 359 4903 fortis,
386 4838 616 4894 multum
646 4851 729 4897 est
767 4845 1000 4912 patiens,
1030 4862 1130 4902 nec
1157 4848 1411 4904 irascitur
1447 4865 1542 4920 per
1571 4855 1746 4923 singu-

173 4927 254 4982 los
277 4927 394 4984 dies
417 4927 590 4998 (Psaf.
615 4934 734 5001 vn).
776 4934 913 4990 Ecce
945 4937 1191 4992 continet
1216 4939 1374 5005 iram,
1399 4944 1643 5011 reprimit
1665 4945 1747 4999 fu-

173 5035 372 5080 rorem.
428 5023 626 5076 avertit
675 5026 880 5093 oculos,
936 5031 1286 5096 peccantibus
1329 5033 1540 5100 parcit;
1589 5038 1743 5094 etilli

171 5111 352 5165 omnia
398 5113 514 5168 bmc
562 5115 614 5166 in
668 5132 820 5171 suum
840 5117 1102 5186 judicium
1153 5129 1744 5193 congregantomniunt

173 5199 248 5224 ..-ε
326 5198 540 5224 κ---..--ξ
569 5204 580 5224 l
635 5205 717 5226 .-με
761 5205 793 5226 ε.

1853 4589 2069 4644 qemro;
2110 4577 2198 4644 qui
2225 4576 2463 4630 occurrit
2489 4591 2611 4629 cum
2642 4575 2872 4645 panibus
2897 4572 3143 4643 fugienti,
3174 4572 3264 4642 qui
3306 4571 3424 4624 vul-

1855 4671 1967 4716 tum
2003 4663 2195 4717 ltetum
2239 4666 2475 4719 ostendit
2523 4665 2678 4729 mihi,
2709 4667 2802 4737 qui
2826 4681 2999 4721 meam
3028 4663 3422 4733 paenitentiam,

1853 4751 1994 4805 sicut
2017 4753 2380 4807 innocentiam
2407 4754 2995 4824 amplexaturhubique
3025 4753 3198 4818 lil‘llls,
3229 4751 3426 4820 ubique

1851 4841 2046 4908 bonus,
2079 4843 2278 4912 ubique
2306 4845 2448 4915 pius,
2481 4844 2682 4916 ubique
2720 4846 2896 4903 dulcis
2917 4861 3039 4900 cum
3068 4860 3258 4916 magna
3283 4843 3426 4898 mul-

1853 4933 2086 4993 titudine
2110 4936 2408 4994 dulcedinis
2436 4953 2570 4995 suae.
2597 4940 2712 4995 Non
2750 4940 2878 4996 facit
2905 4939 3274 5008 supercilium,
3297 4950 3430 4991 ocu-

1852 5027 1932 5083 los
1964 5049 2067 5087 non
2097 5031 2364 5100 obliquat,
2407 5048 2512 5088 non
2562 5036 2850 5105 detorquet
2892 5032 3110 5096 faciem,
3143 5047 3242 5086 nec
3269 5029 3435 5083 verba

1855 5134 2072 5180 resonat
2114 5124 2434 5193 ampullosa,
2486 5126 2584 5181 sed
2616 5128 2859 5183 occurrit
2915 5121 3230 5184 revertenti,
3264 5128 3318 5174 et
3347 5135 3447 5171 ae-

2497 5215 2531 5234 “
2922 5214 3012 5234 --.Ι
3171 5229 3202 5234 --
3220 5226 3331 5234 --.ω-ρ
3387 5219 3449 5234 Α.
