3978 5328
529 196 636 256 819

1148 193 1205 247 S.
1235 192 1431 246 PETRI
1464 191 1741 247 DAMIANI
1778 192 1928 249 OPP.
1957 190 2137 246 PARS
2175 191 2306 246 SEU
2347 190 2580 248 TOMUS
2604 192 2671 246 ll.
2712 224 2780 233 —
2819 194 3202 250 SERMONES.

3659 195 3770 251 89.0

530 319 660 374 ergo
686 319 847 374 quam
901 301 1059 372 longa
1107 302 1367 371 patientia
1404 301 1474 356 sit
1507 301 1559 356 in
1589 302 1717 367 Deo,
1745 317 1907 372 quam
1938 302 2093 356 velox
2121 305 2170 364 Α
2197 313 2376 355 arcem
2425 301 2762 367 innocentiae,
2790 312 2845 358 et
2869 304 3095 374 grandia
3133 303 3352 359 vulnera
3387 304 3469 359 sic
3502 305 3768 375 revinxit,

531 393 924 458 misericordia.
957 411 976 444 ι
1002 390 1369 461 Longanimis,
1408 410 1427 444 ι
1464 391 1537 446 ait
1559 400 1800 455 sanctus,
1830 411 1848 443 α
1879 401 1932 447 et
1951 391 2094 446 mul-

530 495 644 542 tum
675 482 987 540 misericors
1028 479 1201 553 (Paul.
1247 481 1363 553 cu).
1400 499 1419 532 ›
1463 481 1718 536 Libenter
1749 482 1915 552 igitur
1943 483 2008 535 ad
2042 491 2095 537 te

529 573 799 644 confugio,
823 571 1046 626 Domine
1069 569 1220 635 Jesu,
1263 571 1354 640 qui
1383 571 1582 626 diutius
1612 573 1832 640 pateris,
1867 580 1922 627 et
1949 572 2094 625 velo-

528 664 666 719 citer
693 662 991 727 misereris,
1014 662 1139 730 quia
1167 669 1220 714 tu
1246 676 1306 715 es
1349 662 1507 728 Deus,
1536 671 1593 716 et
1622 677 1726 715 non
1757 663 1918 716 homo
1955 663 2095 716 sicut

526 753 792 826 propheta
815 751 944 806 dicit
974 749 1118 820 (Ose.
1166 753 1264 820 xl),
1288 751 1378 819 qui
1411 762 1591 806 servet
1620 752 1779 819 iram,
1801 752 2095 808 abscondat

526 841 814 905 malitiam,
833 839 1128 895 vindictam
1165 839 1424 909 inquirat.

596 931 681 986 Ad
725 931 840 986 haec
869 937 923 986 et
969 929 1112 984 istud
1144 928 1597 983 considerandum
1643 930 1695 984 in
1727 928 2094 984 misericordia

529 1021 842 1078 miserantis
891 1020 1016 1090 quia
1047 1018 1226 1075 saeculi
1261 1019 1509 1074 homines
1537 1017 1726 1084 semel,
1750 1028 1844 1072 aut
1870 1019 1972 1081 bis,
2003 1026 2096 1071 aut

529 1109 756 1167 multum
804 1111 1022 1181 septies,
1077 1109 1162 1166 vel
1207 1109 1390 1165 decies
1444 1109 1741 1173 dimittunt,
1783 1109 1871 1164 hic
1911 1118 2093 1162 autem

530 1200 726 1260 millies
775 1201 826 1256 in
854 1200 964 1264 die,
998 1200 1042 1254 si
1083 1199 1200 1254 fieri
1224 1207 1427 1269 posset,
1460 1214 1577 1268 qua:
1601 1198 1986 1253 committimus
2008 1198 2094 1252 di-

528 1289 717 1354 mittit,
745 1299 800 1346 et
824 1291 927 1346 hoc
955 1291 1192 1359 quandiu
1246 1289 1494 1354 vivimus,
1525 1289 1762 1358 quandiu
1785 1287 2097 1359 peregrina-

530 1396 656 1435 mur
697 1382 766 1436 ah
795 1381 934 1451 ipso.
963 1378 1106 1435 Visis
1158 1380 1323 1452 igitur
1371 1380 1456 1436 his
1483 1395 1600 1450 quae
1639 1379 2094 1443 enumeravimus,

532 1470 719 1526 attolle
769 1470 957 1524 oculos
1007 1471 1173 1524 etiam
1227 1470 1292 1525 ad
1318 1471 1609 1524 videndum
1634 1469 1846 1523 Domini
1875 1467 2096 1538 largita—

533 1569 666 1623 tem,
719 1559 833 1616 sive
885 1559 1326 1614 familiaritatem.
1380 1557 1436 1613 Si
1473 1558 1560 1613 cui
1609 1559 1841 1611 maxime
1888 1556 2094 1626 potenti

532 1652 786 1718 fecimus,
817 1651 964 1720 quod
1001 1651 1048 1704 ei
1095 1649 1424 1720 displiceret,
1457 1648 1692 1718 nunquid
1740 1647 1970 1716 amplius
1997 1662 2095 1700 no—
2125 1630 2170 1688 Β

529 1743 739 1797 hiscum
785 1741 955 1810 loqui,
986 1741 1182 1795 nedum
1229 1739 1432 1809 aliquid
1470 1739 1677 1810 largiri,
1706 1739 1792 1793 vel
1820 1739 2097 1793 familiaris

530 1833 817 1905 dignatur?
843 1833 1050 1890 Graves
1087 1848 1274 1888 sumus
1321 1833 1368 1888 ei
1423 1833 1582 1886 etiam
1611 1833 1678 1886 ad
1710 1832 2019 1895 videndum,
2043 1841 2100 1887 et

528 1940 630 1994 pro
668 1939 865 1995 magno
909 1923 1172 1978 beneficio
1198 1931 1497 1993 computat,
1529 1923 1573 1977 si
1619 1923 1810 1978 saltem
1847 1939 1878 1976 a
1914 1931 2098 1976 nostra

531 2013 752 2069 liesione
801 2015 1062 2077 desistat;
1119 2021 1174 2068 et
1218 2013 1347 2067 licet
1383 2009 1772 2081 multiplicibus
1794 2023 1848 2066 et
1891 2011 2100 2067 devotis

532 2103 812 2174 obsequiis
865 2103 1215 2158 defendamus
1248 2100 1533 2164 offensam,
1572 2117 1786 2170 semper
1814 2109 1987 2154 tamen
2017 2102 2101 2156 in-

525 2193 684 2262 juriae
716 2194 972 2248 memoria
1001 2193 1344 2263 prmtervolat
1363 2191 1547 2246 oculos
1573 2191 1732 2253 illius,
1761 2208 1857 2245 nec
1878 2192 2097 2246 oblitte-

531 2285 642 2340 rari
665 2283 808 2339 valet
832 2285 916 2338 vel
945 2284 1227 2346 benelieio,
1258 2283 1338 2337 vel
1362 2283 1643 2352 obsequio,
1675 2282 1757 2337 vel
1800 2283 1911 2353 ipsa
1933 2283 2101 2355 298

530 2376 696 2429 etiam
747 2383 1034 2430 vetustate.
1085 2373 1335 2442 Nunquid
1373 2374 1447 2428 ita
1500 2373 1638 2428 Deus
1686 2374 2101 2435 meus.miseri-

530 2465 715 2521 cordia
744 2467 897 2519 mea?
924 2465 1092 2520 Absit.
1125 2463 1416 2520 Consuevit
1464 2464 1607 2519 enim
1636 2465 1901 2518 honorare
1928 2464 2101 2534 paeni-

533 2566 731 2621 tentes,
761 2555 932 2626 magis
963 2570 1121 2624 quam
1175 2553 1520 2620 innocentes;
1573 2563 1930 2618 revertentes,
1957 2554 2100 2623 plus-

532 2661 694 2715 quam
746 2655 1109 2711 remanentes,
1148 2648 1274 2717 quia
1323 2645 1570 2724 devotior
1598 2654 1682 2701 est
1714 2643 1953 2699 fervidus
1981 2657 2098 2714 pte-

530 2737 710 2792 nitens
755 2753 916 2807 quam
968 2738 1177 2806 tepidus
1235 2738 1519 2804 innocens,
1550 2752 1674 2792 cum
1703 2735 2101 2794 illemateriam

529 2827 760 2884 fervoris
791 2829 1006 2894 habeat,
1047 2829 1134 2884 hic
1160 2828 1473 2898 tepiditatis.
1549 2891 1554 2896 _
1585 2882 1587 2885 .

601 2917 873 2972 Fortassis
901 2919 1334 2988 praesumptionis
1361 2934 1579 2989 arguar,
1613 2917 1725 2987 qui,
1751 2922 1936 2973 contra
1958 2931 2097 2986 prae-

602 2967 626 2971 _
654 2967 870 2972 ___-_--_-
902 2967 1332 2988 ,-m.____,-_--_--
1362 2967 1579 2989 νο-η,
1756 2967 1936 2973 --ηπ
1959 2967 2057 2986 τ---

530 3016 748 3074 ceptum
797 3007 1059 3076 Apostoli,
1110 3008 1398 3061 verborum
1453 3007 1718 3063 novitates
1757 3008 1975 3070 induco,
2006 3007 2098 3062 sed
2126 2967 2171 3030 Ο

531 3093 711 3149 habeo
731 3094 797 3148 ad
827 3110 1043 3150 manum
1077 3096 1410 3162 testimonia,
1445 3111 1544 3150 nec
1564 3111 1749 3166 parva,
1779 3110 1877 3152 nec
1907 3111 2097 3166 pauca,

533 3201 654 3255 quae
676 3195 731 3240 et
757 3185 869 3257 ipsa
905 3186 1182 3242 credibilia
1223 3186 1363 3242 facta
1393 3195 1520 3242 sunt
1547 3187 1727 3252 nimis,
1759 3195 1954 3258 etquae
1979 3201 2104 3257 pos-

531 3276 643 3329 sint
685 3275 1000 3330 satisfacerc
1045 3277 1426 3332 murmuranti.
1451 3275 1646 3332 Petrus
1669 3276 1966 3346 apostolus,
1994 3293 2101 3334 non

531 3365 760 3434 quilibet
809 3367 1103 3438 apostolus,
1160 3367 1254 3422 sed
1311 3368 1563 3438 princeps
1607 3368 1990 3436 apostolorum,
2015 3368 2101 3423 cui

529 3460 765 3515 traditus
792 3470 874 3516 est
916 3461 1249 3530 principatus
1293 3461 1413 3516 cmli
1453 3470 1506 3514 et
1530 3470 1688 3514 terra:
1719 3459 1932 3530 (Matth.
1965 3462 2100 3528 xvi),

531 3550 776 3620 nunquid
805 3567 911 3606 non
941 3553 1005 3607 de
1033 3551 1199 3606 choro
1244 3551 1616 3621 paenitentiam
1644 3559 1749 3614 est,
1779 3562 1832 3605 et
1859 3551 1922 3606 de
1957 3561 2104 3606 sorte

534 3641 777 3708 graviter
823 3639 1180 3711 iniusturmu‘!
1203 3641 1389 3696 Nonne
1415 3642 1527 3710 ipse
1556 3652 1658 3704 est,
1696 3641 1785 3710 qui
1815 3641 1976 3695 Deum
2009 3657 2101 3694 nec

529 3731 699 3799 gavit,
725 3730 943 3801 reliquit
990 3732 1330 3803 magistrum,
1373 3732 1605 3786 amicum
1634 3732 1887 3795 deseruit,
1913 3731 2102 3786 fefellit

529 3820 898 3890 promissum?
926 3821 1012 3890 qui
1043 3821 1205 3890 cmpit
1236 3820 1492 3876 detestari
1531 3829 1584 3874 et
1604 3819 1813 3887 jurarc,
1841 3819 1964 3888 quia
1993 3833 2098 3873 non

531 3911 683 3965 novit
710 3911 980 3966 hominem
1025 3911 1238 3980 (Matth.
1293 3911 1463 3981 xxvr),
1505 3910 1774 3981 uegationi
1807 3910 2098 3981 perjurlum

532 4008 758 4072 addens,
799 4008 1014 4061 crimini
1042 4007 1246 4062 crimen
1285 4005 1578 4074 adjieicns?
1602 4006 1823 4066 Cecidit,
1869 4005 1959 4060 sed
1993 4021 2096 4059 non

533 4109 613 4152 est
641 4099 879 4164 collisus,
906 4099 1031 4167 quia
1069 4098 1326 4152 Dominus
1373 4096 1654 4166 supposuit
1682 4112 1898 4151 manum
1921 4110 2096 4149 suam.

531 4181 667 4240 Vide
712 4186 839 4254 quid
884 4185 1024 4240 dicat
1082 4185 1413 4254 Scriptura:
1472 4204 1489 4236 ι
1549 4187 1842 4256 Respexit,
1902 4187 2098 4254 inquit,

2197 399 2254 444 ut
2282 405 2386 445 non
2417 391 2586 445 solum
2632 392 2888 457 vulneris,
2940 394 3034 449 sed
3070 409 3168 450 nec
3187 395 3350 450 etiam
3380 396 3657 452 cicatricis
3675 412 3768 454 ve-

2194 480 2350 550 Stigia
2407 491 2766 534 remanerent.
2815 481 3155 552 Redargutus
3197 484 3340 537 enim
3366 499 3397 537 a
3421 485 3689 554 propheta
3709 493 3770 540 et

2194 569 2495 625 retorsione
2549 571 2852 638 parabolica
2896 573 3177 642 sugillatus
3223 574 3358 628 dixit
3407 592 3420 628 :
3460 593 3481 626 ε
3534 574 3766 630 Peccavi

2195 659 2278 730 (11
2317 658 2439 730 Reg.
2470 661 2590 729 xu).
2629 680 2648 712 ι
2681 660 2747 714 Ει
2794 661 2883 715 ille
2923 679 2990 717 ex
3029 664 3280 718 thesauro
3326 665 3527 719 divina!
3553 665 3768 719 miseri-

2193 750 2390 804 cordia:
2429 751 2612 804 statim
2664 749 2946 804 subintulit
3001 769 3015 805 :
3076 770 3095 803 ι
3154 753 3448 807 Transtulit
3504 753 3767 807 Dominus

2193 846 2470 905 peccatum
2500 846 2624 902 ate,
2651 845 2706 891 et
2725 852 2830 891 non
2859 840 3110 894 morieris
3132 840 3340 910 (Ibid.).
3371 859 3390 892 ι
3419 840 3764 895 Translatum

2194 936 2278 980 est
2307 937 2606 996 peceatum,
2634 937 2688 983 et
2713 929 2973 991 ablatum,
3012 934 3155 999 quod
3193 932 3469 986 dividebat
3498 931 3643 986 inter
3665 930 3768 986 Da-

2195 1019 2281 1072 vid
2313 1028 2366 1073 et
2392 1020 2592 1085 Deum;
2635 1029 2688 1073 et
2713 1020 2926 1075 sublato
2949 1036 3014 1075 eo
3042 1022 3208 1076 David
3243 1023 3382 1076 idem
3408 1021 3501 1091 qui
3524 1022 3696 1091 prius.

2266 1107 2370 1161 Sed
2404 1116 2458 1162 et
2497 1107 2586 1162 ille
2616 1106 2725 1162 Vas
2753 1109 3051 1172 electionis,
3091 1110 3182 1180 qui
3225 1109 3421 1164 volavit
3442 1125 3613 1179 super
3639 1124 3765 1178 peu-

2194 1212 2292 1252 nas
2319 1205 2621 1265 ventorum,
2652 1199 2743 1268 qui
2789 1199 2908 1268 plus
2937 1201 3190 1255 omnibus
3217 1200 3506 1266 laboravit,
3540 1203 3629 1255 cui
3652 1215 3768 1256 cre-

2195 1287 2305 1341 dita
2351 1296 2476 1342 sunt
2505 1287 2716 1356 eloquia
2757 1289 2871 1351 Dei.
2902 1305 3080 1344 nonne
3119 1289 3324 1358 primus
3354 1291 3406 1344 in
3431 1290 3767 1359 primitivam

2196 1377 2494 1433 Ecclesiam
2543 1381 2754 1435 cmteris
2795 1382 3072 1436 ardentius
3118 1381 3290 1436 fertur
3318 1379 3767 1454 eﬂ‘erhuisseHl

2197 1467 2318 1523 Cor.
2337 1470 2449 1539 xv.)
2465 1471 2628 1526 Actus
2649 1473 2927 1540 apostolici
2946 1483 3068 1527 sunt
3085 1473 3135 1526 in
3155 1473 3551 1536 testimonium,
3567 1481 3767 1542 quanta

2197 1559 2336 1612 mala
2363 1559 2554 1614 fecerit
2605 1562 2808 1616 sanctis
2833 1562 2924 1616 Dei
2954 1563 3006 1617 in
3030 1562 3384 1618 Hierusalem.
3432 1563 3533 1618 [lic
3562 1572 3768 1629 autem,

2198 1648 2287 1716 qui
2317 1657 2462 1702 tanta
2508 1649 2648 1703 mala
2681 1647 2830 1714 fecit,
2881 1659 3027 1704 tanta
3083 1661 3271 1722 postea
3325 1665 3522 1720 passus
3549 1659 3634 1706 est
3670 1666 3770 1721 pro

2198 1742 2414 1796 nomine
2439 1741 2664 1808 Christi,
2697 1752 2753 1798 et
2784 1743 2928 1800 lucet
2955 1745 3008 1800 in
3034 1746 3372 1800 firmamento
3399 1746 3545 1812 caeli,
3567 1761 3671 1801 nec
3688 1756 3772 1801 est

2199 1830 2376 1900 aliqua
2424 1847 2635 1902 gemma
2683 1834 2973 1904 pretiosior
3002 1836 3054 1890 in
3089 1850 3288 1891 corona
3343 1836 3510 1905 Regis
3551 1837 3767 1890 aeterni.

2197 1920 2438 1976 Accedat
2466 1931 2520 1977 et
2552 1922 2639 1976 illa
2668 1924 2880 1985 mulier.
2908 1940 3028 1995 quae
3049 1934 3252 1996 septem
3275 1926 3582 1991 daemoniis,
3611 1927 3665 1980 id
3688 1936 3771 1980 est

2198 2011 2464 2067 universis
2500 2013 2646 2067 vitiis
2697 2015 2967 2070 cumulata
3013 2015 3134 2082 fuit,
3159 2018 3244 2072 cui
3291 2017 3516 2071 multum
3543 2018 3768 2082 amanti,

2197 2099 2424 2156 multum
2471 2102 2782 2167 dimittitur,
2833 2119 2954 2174 qua:
3012 2107 3186 2176 prima
3229 2107 3374 2160 videt
3425 2105 3772 2162 Dominum:

2198 2194 2424 2244 mortuis
2447 2201 2840 2262 resurgentem,
2867 2195 3233 2262 apostolorum
3275 2195 3540 2259 anostola,
3574 2193 3772 2250 dilecta

2196 2283 2415 2351 proprie
2445 2281 2744 2338 Salvator-is
2770 2283 2964 2354 (Marc.
2999 2285 3129 2356 xw).

2273 2373 2459 2430 Veniat
2505 2391 2649 2428 nunc
2701 2376 2878 2430 oumis
2919 2377 3282 2431 innocentium
3321 2378 3546 2440 chorus,
3575 2385 3632 2430 et
3661 2385 3770 2431 tota

2198 2463 2439 2533 virginea
2493 2465 2700 2534 puritas
2748 2465 3035 2529 adunetur,
3059 2467 3179 2536 quis
3227 2467 3350 2531 erit,
3384 2467 3476 2536 qui
3509 2466 3678 2537 299
3703 2469 3773 2521 ad

2198 2555 2426 2610 istorum
2476 2555 2702 2624 gloriam
2748 2556 3010 2625 aspirare,
3035 2559 3228 2611 nedum
3255 2558 3646 2611 transcendere
3677 2572 3767 2610 au-

2199 2643 2358 2697 deat?
2404 2641 2695 2712 Propterea
2745 2643 3046 2700 confitebor
3089 2645 3204 2704 tibi.
3259 2644 3486 2698 Domine
3539 2643 3690 2708 Jesu,
3721 2653 3775 2698 et

2201 2733 2410 2788 laudem
2466 2732 2697 2787 tribuam
2763 2734 2964 2788 nomini
3017 2744 3125 2797 tuo,
3163 2736 3288 2805 quia
3335 2736 3477 2804 apud
3511 2742 3565 2789 te
3594 2735 3777 2803 propi-

2202 2825 2354 2879 tiatio
2401 2834 2502 2889 est,
2531 2833 2584 2878 et
2613 2834 2832 2894 propter
2876 2824 3045 2895 legem
3077 2833 3219 2879 tuam
3260 2825 3493 2879 sustinui
3521 2834 3571 2878 te
3600 2821 3772 2894 (Ρεαι.

2203 2914 2408 2988 cxxtx),
2445 2917 2687 2972 Domine.
2721 2917 2850 2984 Quae
2895 2929 2976 2972 est
3022 2919 3120 2971 ista
3147 2917 3252 2982 lex,
3279 2933 3400 2986 qua:
3424 2917 3774 2986 prOpitiatio?

2203 3009 2336 3076 Quia
2364 3007 2620 3073 offensus,
2639 3017 2689 3064 te
2715 3009 3034 3064 clementem
3060 3008 3362 3078 promittis;
3391 3007 3771 3075 paenitentiam

2202 3097 2476 3161 admittis;
2505 3098 2698 3167 punire
2724 3099 3114 3166 praetermittis.
3141 3099 3328 3168 Magna
3362 3107 3444 3151 est
3476 3098 3646 3166 igitur
3671 3099 3773 3150 vir-

2204 3195 2290 3242 tus
2317 3187 2626 3258 pmniteulia
2651 3203 2936 3252 vcra,cum
2969 3187 3280 3242 Ambrosius
3310 3190 3455 3242 dicat
3494 3205 3508 3240 :
3542 3186 3776 3242 Facilius

2204 3275 2382 3330 inveni
2421 3289 2514 3328 eos
2541 3275 2633 3344 qui
2689 3274 3050 3330 innocentiam
3100 3285 3452 3330 servaverunt
3482 3291 3649 3345 quam
3678 3275 3768 3346 qui

2203 3381 2496 3436 congruam
2517 3376 2741 3435 egerunt
2770 3367 3166 3434 pmniteutiam.

2275 3454 2407 3509 Vide
2453 3466 2506 3508 et
2553 3465 2703 3510 sexto
2734 3455 3029 3509 custodiam
3061 3455 3198 3524 ejus,
3239 3455 3362 3525 quia
3395 3454 3500 3510 nisi
3537 3455 3656 3524 ipse
3680 3470 3772 3510 cu-

2204 3544 2448 3601 stodierit
2475 3560 2591 3608 nos,
2623 3544 2824 3598 frustra
2862 3545 3164 3614 vigilamus.

2277 3635 2526 3689 Decursis
2580 3634 2740 3704 igitur
2786 3649 2880 3688 sex
2926 3635 3223 3689 visionibus
3260 3633 3399 3698 istis,
3427 3644 3769 3688 transeamus

2203 3728 2269 3782 ad
2308 3727 2595 3780 secundam
2643 3725 2938 3780 Salvatoris
2994 3738 3179 3779 vocem
3228 3724 3505 3780 dicentis:
3547 3742 3567 3776 ι
3622 3723 3764 3794 Vigi-

2203 3819 2325 3872 late.
2362 3837 2379 3870 ι
2414 3817 2752 3887 Vigilandum
2802 3819 3052 3882 omnino,
3102 3825 3156 3871 et
3204 3832 3424 3872 somnus
3476 3817 3547 3869 ab
3596 3816 3768 3870 oculis

2202 3908 2547 3973 auferendus,
2599 3908 2724 3978 quia
2779 3909 3016 3962 latrones
3067 3906 3218 3961 multi
3254 3906 3503 3960 obsident
3534 3907 3641 3960 iter
3678 3921 3775 3960 noa

2203 4011 2373 4055 strmn
2405 4000 2654 4054 toxicatis
2679 3998 2972 4054 missilibus
3002 3997 3349 4062 formidandi,
3377 3996 3582 4050 nullum
3622 4011 3771 4066 pror-

2202 4110 2292 4147 sus
2311 4093 2627 4146 intentatum
2656 4091 2885 4145 transire
2901 4092 3246 4145 sustinentes.
3266 4089 3399 4142 Tres
3415 4089 3561 4143 enim
3591 4090 3774 4142 hostes

2202 4183 2503 4254 praecipuos
2550 4181 2810 4236 habemus
2836 4189 2888 4236 et
2915 4179 3266 4250 praecipitium
3305 4179 3619 4243 suadentes,
3647 4193 3766 4232 car-

538 4293 557 4324 ι
597 4275 856 4329 Dominus
881 4273 1097 4328 Petrum
1141 4274 1351 4345 (Ibid).
1385 4293 1402 4326 ι
1430 4274 1756 4343 Respectum
1788 4274 1984 4330 Christi
2014 4291 2100 4330 se-
2124 4309 2177 4369 Β
2205 4290 2349 4338 nem,
2385 4271 2678 4335 diabolum,
2728 4280 2779 4324 ct
2825 4271 3112 4335 mundum;
3161 4285 3223 4324 ex
3253 4268 3451 4338 quibus
3475 4268 3610 4366 duo,
3645 4277 3700 4321 et
3727 4267 3768 4320 si

442 4392 448 4401 -
530 4365 715 4434 quitur
737 4363 892 4419 fletus
919 4363 1086 4428 Petri,
1113 4373 1166 4418 et
1193 4364 1549 4434 laerymarum
1583 4363 1884 4418 amaritudo
1915 4362 2098 4418 dulce-

531 4459 709 4514 dinem
737 4458 971 4529 antiqua:
997 4457 1273 4528 dignitatis
1295 4457 1582 4510 instaurat.

601 4547 828 4610 Felices,
892 4556 1074 4603 sancte
1116 4544 1376 4614 apostole,
1404 4544 1654 4617 lacryinze
1684 4552 1807 4609 tuae,
1843 4561 1963 4614 quae
1987 4544 2100 4600 cul-

504 4631 654 4709 ~pam
702 4639 944 4702 abluunt,
976 4638 1198 4706 gradum
1247 4640 1562 4701 restituunt,
1596 4637 1772 4692 debita
1797 4638 2096 4702 dimittunt,

529 4729 791 4798 ampliora
847 4727 1211 4781 committunt.
1257 4725 1514 4796 Respexit
1557 4727 1747 4795 pietas,
1776 4735 1828 4781 et
1851 4727 2097 4796 impietas

527 4818 718 4883 cessit,
771 4829 826 4873 et
867 4818 1096 4872 accessit
1146 4817 1322 4886 prisca
1398 4816 1756 4869 familiaritas.
1812 4815 2091 4885 Denique:

537 4929 558 4961 ι
594 4909 779 4963 Simon
823 4906 1068 4972 Joannis,
1097 4907 1273 4978 diligis
1317 4922 1420 4961 me~
1452 4907 1570 4976 plus
1620 4907 1738 4961 his?
1776 4905 1941 4960 Pasce
1970 4921 2100 4961 oves

531 5011 683 5050 meas
723 4995 902 5064 (Joan.
939 4997 1052 5063 xxr)
1084 5013 1096 5049 :
1139 5017 1157 5048 ι
1189 5007 1244 5051 et
1289 4996 1373 5050 his
1418 4995 1636 5059 similia,
1670 4995 1798 5064 quid
1825 5004 1969 5058 sunt,
1994 4994 2097 5048 nisi

529 5099 722 5114 cuna-un
755 5083 1067 5114 Anna-mania
1117 5085 1498 5114 θιινηξιῖηυιῖιηιῖθ
1517 5087 1540 5114 9
1581 5085 1710 5114 IIII-ll
1735 5085 1894 5114 A':l|l\\
1919 5085 2072 5116 οἶοιιιιι

2201 4363 2489 4432 aliquando
2533 4360 2909 4418 intermittunt.
2958 4372 3226 4426 nunquam
3255 4366 3433 4411 tamen
3459 4356 3768 4418 dimittunt;

2123 4474 2134 4480 -
2202 4455 2394 4508 tertius
2437 4464 2641 4517 autem,
2695 4451 2938 4505 diabolus
2990 4450 3268 4509 videlicet,
3317 4450 3390 4502 ita
3437 4447 3770 4502 inexorabile

2199 4547 2379 4601 odium
2417 4547 2699 4599 adversum
2753 4558 2850 4597 nos
2897 4552 3132 4606 exercet,
3178 4552 3237 4596 ut
3273 4555 3551 4608 nunquam
3603 4545 3674 4593 ab
3705 4553 3772 4593 eo

2202 4635 2465 4698 inducias,
2520 4632 2602 4688 vel
2635 4634 2686 4687 in
2738 4633 2844 4686 ictu
2891 4633 3029 4686 oeuli
3059 4631 3390 4700 potuerimus
3419 4637 3764 4696 extorquere.

2201 4727 2269 4781 At
2303 4735 2355 4780 ut
2388 4724 2550 4780 verba
2613 4724 2754 4778 illius
2801 4724 3036 4777 oratoris
3086 4735 3372 4791 ponamus,
3429 4720 3521 4787 qui
3576 4719 3772 4786 ubique

2201 4814 2404 4870 redolet
2458 4814 2795 4876 Ciceronem,
2853 4827 2972 4864 eum
3002 4811 3101 4864 hoc
3129 4808 3474 4878 quotidianus
3496 4813 3551 4859 et
3575 4819 3770 4872 anceps

2203 4918 2546 4973 congressus,
2577 4917 2641 4955 ex
2667 4901 2767 4955 hoc
2795 4901 3134 4954 innumerum
3164 4897 3375 4960 vulnus,
3401 4910 3502 4950 nec
3529 4911 3596 4948 ex
3628 4893 3768 4948 facili

2202 4993 2513 5047 cicatricem
2548 4992 2892 5060 promittens;
2928 4989 3030 5043 sub
3074 4989 3175 5042 hoc
3217 5003 3376 5042 casus
3407 4985 3685 5054 frequens,
3716 4992 3766 5038 et

2204 5085 2486 5116 -ηοηῖ-ηοῖη
2517 5082 2770 5116 ANP-uilio.
2801 5084 2866 5116 llo
2888 5082 2990 5116 l-nn
3017 5097 3137 5116 sum
3197 5088 3244 5116 al
3277 5093 3552 5116 Inrnnnarn
3581 5089 3761 5116 contra
