3978 5328
233 162 330 220 821

1621 159 1850 217 δειιιιο
1881 159 2030 214 LVII.

3373 159 3478 216 829

307 273 544 330 Attende
593 282 771 328 autem
807 273 873 328 de
916 274 1070 328 hoste
1109 272 1210 327 isto
1269 271 1524 327 invisibili
1568 281 1803 340 quantus
1835 277 1880 335 Δ
1909 280 2060 326 stans
2102 270 2302 342 iugiter
2331 287 2424 341 per
2457 271 2627 336 diem;
2670 280 2724 324 et
2764 285 2924 340 super
2971 272 3268 326 custodiam
3303 289 3476 331 meam

234 365 578 434 ingrediatur
634 367 702 418 ad
763 363 1038 433 singulare
1093 371 1389 425 certamen,
1430 361 1609 429 qualia
1672 362 1811 428 gerit

237 470 414 517 arma,
446 469 610 526 quam
664 454 985 521 f'ortia,quo
1037 452 1249 505 turbine
1310 460 1555 520 torqueat
1576 452 1808 506 hastam.

237 543 442 598 Recole
495 543 688 596 librum
732 541 856 608 Job,
880 551 931 596 et
963 541 1246 596 historiam
1294 540 1518 610 Regum,
1547 551 1600 619 et
1629 557 1811 596 artua-

233 643 381 696 ,tum,
410 640 465 685 et
499 647 649 687 arma
697 632 1004 696 considera,
1053 631 1176 700 quia
1209 631 1298 700 qui
1330 631 1546 686 Goliath
1588 632 1640 686 in
1674 631 1816 686 libro

239 721 472 791 Regum,
505 722 646 776 idem
674 731 755 776 est
784 721 1028 776 diabolus
1075 722 1126 774 in
1163 737 1326 789 regno
1349 721 1806 777 Christianorum.

239 811 421 865 liabet
448 813 591 865 enim
636 811 846 866 hastam
870 810 1266 876 delectationis,
1305 811 1676 868 obdttrationis
1703 813 1817 883 cly-

241 919 430 972 pcum,
471 902 866 971 desperationis
920 901 1164 966 loricam,
1219 902 1453 972 gladium
1505 904 1813 968 occisionis,

239 993 574 1063 armigerum
603 992 936 1062 superbiam,
960 993 1049 1061 qui
1081 993 1350 1048 antecedit
1369 1007 1512 1058 cum,
1540 1002 1592 1048 et
1622 1008 1817 1064 expro-

240 1077 363 1132 brat
413 1077 715 1148 agminibus
768 1079 866 1133 Dei
921 1079 1176 1143 viventis,
1229 1089 1286 1134 et
1337 1080 1469 1135 dicit
1513 1081 1811 1137 inimicus:

245 1186 266 1218 ι
312 1167 640 1236 Persequar,
691 1176 747 1222 et
795 1170 1286 1238 comprehendam,
1337 1170 1572 1225 dividam
1619 1170 1810 1240 spolia,

240 1257 556 1329 itnplebitur
576 1259 755 1312 anima
785 1273 903 1314 mea
935 1259 1128 1330 (Exod.
1163 1260 1273 1330 xv).
1295 1279 1313 1312 ι
1344 1259 1420 1313 Τιι
1451 1270 1629 1315 autem
1652 1261 1814 1330 quid?

240 1352 474 1404 Assume
498 1349 846 1419 apostolicam
889 1358 1244 1416 armaturam,
1271 1361 1482 1406 scutum
1513 1350 1661 1418 fidei,
1685 1352 1814 1407 lori-

239 1457 360 1496 eam
407 1442 660 1510 justitize,
712 1441 950 1512 gladium
1000 1443 1251 1514 spiritus,
1308 1443 1814 1512 circumspectionis

238 1532 483 1595 hastam;
515 1540 571 1584 et
627 1533 896 1601 praecedat
934 1540 984 1587 te
1025 1532 1302 1587 humilitas
1324 1540 1380 1587 et
1416 1533 1502 1588 dic
1529 1549 1543 1586 :
1575 1551 1594 1585 ι
1622 1534 1813 1590 Perse-

1912 377 2010 431 ego
2040 377 2178 427 sum,
2210 370 2360 417 stans
2391 363 2518 416 totis
2549 361 2800 418 noctibus
2847 358 2984 431 (lso.
3028 361 3166 433 XXI).
3213 382 3230 416 ι
3263 361 3372 418 Nec
3399 380 3480 420 so-

1911 451 2021 516 lum
2079 461 2225 508 stare
2277 443 2552 516 convenit,
2579 452 2672 506 sed
2712 459 2981 504 armatum
3017 461 3162 505 stare
3203 463 3477 507 armatura

1913 543 2002 598 illa
2037 559 2197 613 quam
2252 543 2542 612 Apostolus
2595 543 2763 598 dicit:
2795 560 2812 594 ι
2858 541 3064 597 lndttite
3116 559 3209 597 vos
3239 555 3482 598 armatu-

1915 651 2026 688 ram
2067 636 2157 690 Dei
2199 635 2415 706 (Epltcs.
2459 634 2554 703 vt).
2591 654 2608 686 t
2643 635 2794 690 Alter
2844 644 3148 690 nostrorum
3177 644 3480 705 temporum

1915 724 2140 790 Tullius,
2173 726 2239 780 de
2281 742 2389 796 quo
2435 727 2682 795 superius
2723 727 3050 781 mentionem
3091 725 3214 790 feci,
3247 742 3482 782 vernans

1914 815 2110 883 ttl-iqtte
2136 813 2265 869 flore
2284 830 2614 879 sermonum,
2638 826 2967 869 armaturam
3003 815 3056 868 in
3097 815 3237 870 hunc
3263 817 3477 872 modum

1914 902 2265 958 lucidissimis
2292 904 2544 974 capitulis
2575 905 2863 959 inauravit.
2899 904 2954 960 Si
2988 904 3214 960 fabulosi
3254 907 3482 975 spiritus

1913 1003 1968 1048 et
2000 994 2367 1048 incantatores
2393 1003 2569 1050 motus
2599 995 2778 1050 carnis
2800 995 2941 1050 circa
2981 1004 3032 1050 te
3059 995 3479 1068 obstrepuerint,

1914 1083 2146 1145 confide,
2169 1092 2226 1136 et
2268 1083 2354 1138 dic
2383 1100 2397 1137 :
2435 1101 2451 1134 ι
2503 1083 2769 1137 Discedite
2795 1098 2822 1136 a
2852 1099 2936 1137 me
2983 1083 3220 1155 maligni,
3246 1094 3300 1140 et
3331 1102 3482 1140 scru-

1915 1173 2069 1225 tabor
2095 1172 2348 1227 mandata
2389 1172 2484 1247 Dei
2517 1173 2621 1226 mei
2650 1172 2821 1241 (Ρδαι.
2853 1172 3060 1243 cxvm).
3103 1193 3121 1227 ι
3159 1173 3216 1228 Si
3246 1173 3481 1229 recalerc

1913 1275 2132 1316 carnem
2161 1261 2422 1327 senseris,
2454 1269 2509 1316 et
2547 1261 2682 1315 velle
2714 1260 2955 1316 revolare
2983 1261 3049 1314 ad
3077 1261 3304 1332 ineptias
3335 1251 3480 1324 suas,

1913 1361 2035 1405 esm
2075 1359 2333 1405 constans
2361 1359 2417 1405 et
2455 1351 2542 1406 dic
2575 1367 2588 1402 :
2621 1369 2638 1402 ι
2675 1349 2897 1418 Confige
2942 1350 3133 1405 timore
3171 1358 3263 1403 tuo
3288 1363 3483 1405 carnes

1914 1456 2079 1504 meas,
2107 1442 2330 1496 Domine
2370 1440 2578 1512 (Ibid).
2616 1459 2634 1494 ι
2668 1441 2725 1494 Si
2775 1451 3145 1511 paupertatem
3180 1440 3358 1519 odisse
3382 1457 3486 1498 cat-

1913 1531 2081 1601 peris,
2105 1538 2158 1584 et
2189 1530 2461 1585 desiderio
2512 1530 2820 1585 divitiarum
2871 1529 3160 1600 incteperis
3209 1532 3481 1595 suscitari,

235 1637 377 1690 qttar
405 1622 659 1676 inimicos
695 1638 866 1688 meos,
894 1631 950 1677 et
976 1622 1428 1692 comprehendam
1462 1623 1603 1691 illos,
1630 1633 1681 1679 et
1707 1640 1810 1680 nou
1844 1620 1888 1680 Il
1916 1621 2286 1690 expergiscere
2311 1629 2364 1675 et
2395 1621 2481 1676 die
2512 1637 2525 1674 :
2565 1640 2583 1672 ι
2619 1621 2712 1676 γςιξ
2746 1620 2921 1687 vobis,
2949 1621 3162 1686 divites,
3195 1622 3285 1692 qui
3315 1621 3481 1677 habe-

235 1724 531 1770 convertar
566 1715 738 1769 donec
785 1716 1039 1771 deficiant
1095 1713 1268 1786 (Psal.
1312 1716 1434 1786 vn).
1469 1735 1487 1768 ι
1519 1714 1562 1773 0
1588 1716 1812 1774 Domine

233 1803 387 1869 Iesu,
421 1806 660 1875 nunquid
688 1821 841 1875 :equa
882 1821 1059 1876 pugna
1085 1816 1169 1861 est
1196 1807 1427 1861 hominis
1453 1815 1508 1862 et
1530 1807 1810 1874 daemonis,

235 1897 470 1966 duplicis
497 1907 550 1952 ct
575 1897 858 1968 simplicis,
889 1899 1044 1954 fortis
1074 1909 1128 1954 et
1161 1900 1475 1955 imbecillis?
1497 1899 1688 1956 lnvoca
1726 1917 1810 1957 me

235 1989 289 2040 in
321 1988 412 2041 die
445 1988 826 2054 tribulationis,
879 1991 956 2044 ait
992 1990 1268 2056 Dominus,
1300 1999 1354 2046 et
1394 2007 1582 2047 eruam
1635 2001 1708 2058 te,
1756 2001 1810 2048 et

233 2077 626 2133 honorificabis
676 2094 760 2133 nte
808 2077 975 2152 (Psal.
1010 2083 1177 2150 XLIX).
1207 2081 1402 2136 Invoco
1431 2092 1499 2149 te,
1537 2081 1805 2149 Salvator,

230 2169 580 2237 apprehende
634 2183 810 2236 arma,
838 2178 892 2225 et
941 2180 1152 2226 scutum
1187 2171 1359 2241 (Psal.
1409 2172 1616 2246 χχχιιι),
1644 2182 1705 2228 ut
1728 2175 1810 2229 vi-

221 2259 392 2340 deam
425 2269 616 2316 contra
647 2259 841 2315 fortem
898 2271 1166 2315 armatum
1208 2261 1487 2318 fortiorem
1515 2272 1805 2332 armatum,

231 2359 288 2404 et
332 2359 588 2406 conteras
617 2349 897 2422 Assyrium
929 2351 981 2405 in
1013 2361 1153 2406 terra
1186 2369 1296 2408 tua.
1331 2353 1495 2410 Facta
1523 2370 1652 2426 ergo
1679 2372 1808 2412 con-

233 2441 548 2509 gressione,
602 2441 854 2496 inimicos
900 2449 1021 2496 tuos
1072 2445 1420 2511 comminuet,
1451 2454 1508 2500 ttt
1533 2447 1804 2517 pulverem

233 2542 360 2586 ante
417 2532 608 2587 faciem
665 2533 829 2597 venti,
864 2543 918 2588 et
965 2545 1019 2588 ut
1053 2535 1222 2588 lutum
1257 2535 1554 2605 platearum
1607 2538 1807 2592 delebit

233 2639 327 2678 cos
358 2620 530 2693 (Psal.
559 2624 787 2694 Luxu).
821 2624 910 2682 Sic
951 2635 1130 2680 autem
1166 2637 1352 2682 contra
1377 2628 1540 2683 istum
1570 2630 1801 2702 vigilan-

233 2712 363 2768 dum
394 2722 478 2770 est
507 2723 568 2769 nt
607 2729 821 2784 semper
845 2717 911 2772 de
938 2717 1175 2773 redivivo
1220 2719 1515 2775 certamine
1542 2719 1732 2776 timeas
1751 2732 1806 2777 et

233 2804 301 2859 de
330 2805 555 2860 victoria
589 2821 693 2860 non
722 2807 997 2877 desperes.

301 2913 467 2984 300
493 2917 633 2968 Caro
668 2923 848 2970 autem
896 2916 995 2971 sub
1033 2917 1368 2972 necessitatis
1409 2917 1588 2987 specie
1615 2917 1798 2974 furiosi

1916 1710 1982 1764 tis
2010 1712 2098 1765 hic
2119 1710 2543 1766 consolationem
2589 1722 2825 1766 vestram
2863 1711 3081 1780 (Matth.
3114 1713 3256 1780 vm).
3298 1731 3314 1764 ι
3349 1713 3405 1769 Si
3431 1723 3483 1767 te

1911 1803 2212 1858 tlentulceat
2245 1803 2511 1868 adulator,
2551 1813 2604 1858 et
2634 1804 2700 1858 ad
2733 1803 3012 1874 plebicola:
3043 1805 3229 1861 laudes
3267 1789 3482 1860 animus

1912 1891 2221 1957 bilarescat,
2253 1894 2584 1958 confortare,
2631 1903 2685 1948 ct
2729 1895 2858 1948 dic:
2898 1914 2915 1946 ι
2949 1892 3142 1950 'Oleum
3180 1895 3478 1965 peccatoris

1909 2000 2013 2039 non
2063 1985 2352 2055 impingttet
2390 1995 2552 2055 caput
2604 2001 2780 2041 meum
2824 1983 2997 2056 (Psal.
3041 1986 3186 2054 cn).
3229 2005 3247 2038 ι
3295 1985 3351 2040 Si
3385 1987 3478 2041 tibi

1907 2084 2227 2145 Suggeratur
2249 2077 2300 2130 in
2324 2075 2558 2130 futurum
2589 2089 2799 2146 tempus
2824 2073 3023 2130 bonum
3053 2074 3267 2130 diﬂ'erre
3285 2089 3479 2146 propo-

1909 2167 2373 2238 situm,consurge
2389 2178 2440 2222 et
2459 2168 2545 2223 dic
2570 2186 2582 2222 :
2609 2185 2627 2219 t
2659 2168 2783 2222 Dies
2809 2167 3014 2221 Domini
3040 2167 3176 2222 sicut
3205 2165 3402 2230 fur,ita
3425 2167 3480 2222 in

1906 2266 2062 2312 nocte
2087 2257 2263 2311 veniet
2286 2256 2370 2328 (ll
2392 2255 2536 2310 Petr.
2564 2255 2666 2326 ιιι).
2689 2274 2708 2305 ι
2740 2256 2795 2309 Si
2820 2256 2942 2323 gula
2970 2255 3264 2310 desmviens
3285 2254 3480 2310 lautio-

1906 2363 1994 2403 res
2022 2350 2112 2403 tibi
2137 2348 2594 2403 commendaverit
2621 2357 2932 2416 apparatus,
2960 2346 3242 2400 recalcitra
3275 2354 3329 2401 et
3353 2345 3439 2400 dic
3463 2363 3478 2398 :

1911 2459 1929 2492 ι
1958 2439 2074 2496 Non
2104 2448 2187 2493 est
2216 2454 2440 2506 regnum
2463 2438 2553 2492 Dei
2573 2453 2694 2492 esca
2719 2447 2772 2491 et
2787 2446 2941 2507 potus
2966 2435 3143 2502 (Rom.
3170 2436 3304 2505 xw).
3333 2456 3350 2488 ι
3386 2435 3482 2492 His

1904 2531 2047 2584 velut
2079 2529 2398 2600 quibusdam
2439 2529 2892 2598 increpationibus
2918 2526 3201 2596 diffugiunt
3254 2527 3478 2590 inimici,

1903 2621 2169 2675 (lt'lubiltll‘
2183 2620 2443 2674 memoria
2457 2620 2806 2689 voluptatum,
2826 2619 3005 2673 carnis
3030 2618 3326 2690 gttrgulitas
3352 2633 3480 2672 con-

1907 2713 2167 2776 tiscescit,
2197 2721 2398 2766 sancta:
2437 2709 2864 2766 conversationis
2895 2710 3044 2764 initia
3073 2708 3477 2774 convalescunt,

1903 2804 2132 2857 mundus
2169 2802 2547 2867 contemnitur,
2578 2810 2862 2870 superatur
2891 2800 3059 2855 hostis
3080 2801 3352 2870 antiquus.

1975 2895 2064 2947 Sic
2089 2893 2250 2964 igitur
2274 2891 2463 2946 videns
2492 2901 2544 2946 et
2595 2889 2823 2959 vigilans
2854 2889 2934 2945 fac
2975 2889 3269 2944 funiculum
3303 2887 3478 2958 tripli-

233 3003 498 3058 tumultus
541 3004 623 3059 sui
656 3003 797 3058 velat
847 3005 1161 3076 imaginem,
1217 3016 1271 3061 et
1301 2970 1797 3065 nuncffereulorunt
1829 2970 1872 3031 Ο
1905 3001 2044 3049 θεων
2075 2985 2165 3053 qui
2211 2983 2426 3076 dum"?
2468 2981 2757 3076 rumpifur’
2795 2991 2850 3037 et
2877 2981 3044 3036 "angi
3083 2981 3148 3034 ad
3177 2979 3472 3076 oryionfs'

231 3094 496 3149 varietate
549 3094 776 3163 repleta,
808 3110 952 3150 nunc
1007 3097 1245 3166 pretiosa
1278 3098 1402 3152 vina
1437 3108 1797 3164 commutans,

233 3183 424 3253 incipit
473 3183 744 3250 lascivire,
795 3181 1099 3256 laxatisque
1148 3186 1338 3253 frenis,
1387 3196 1497 3243 tota
1549 3189 1721 3244 fertur
1746 3190 1800 3248 in

232 3289 490 3344 przrceps.
519 3274 690 3330 Satim
727 3277 1117 3333 recrudescunt
1169 3279 1418 3345 allectus,
1441 3281 1800 3351 cogitationes

232 3364 516 3427 rebellant,
552 3367 681 3422 visas
724 3377 1100 3437 proponuntur
1139 3367 1422 3438 imagines,
1451 3379 1506 3425 et
1530 3372 1800 3440 pingimus

233 3457 288 3510 in
315 3457 572 3512 cordibus
622 3458 821 3514 nostris
863 3459 1006 3528 quod
1055 3459 1241 3514 multis
1283 3460 1472 3516 diebus
1496 3461 1662 3515 deleri
1695 3477 1798 3516 non

233 3548 423 3614 possit.
481 3547 798 3618 lngurg-itati
851 3551 1020 3616 enim,
1075 3565 1181 3604 non
1223 3550 1540 3616 confortati;
1573 3552 1798 3620 impleti,

233 3650 330 3688 nec
362 3637 574 3700 nutriti,
604 3647 659 3691 ct
688 3653 937 3708 corpore,
966 3649 1022 3694 et
1053 3640 1216 3695 corde
1242 3640 1617 3707 distendimur,
1651 3658 1798 3696 com-

232 3725 513 3793 pletttrqtte
542 3727 667 3782 illud
696 3729 988 3796 satyricum
1025 3747 1037 3782 :

358 3857 575 3920 Inguinis
595 3867 646 3910 et
676 3863 847 3924 capitis
871 3860 1050 3910 nullum
1081 3861 1342 3914 discrimen
1368 3862 1592 3912 habetur.

299 3958 471 4014 Parco
509 3962 868 4026 sermonibus,
896 3963 1020 4033 quia
1051 3964 1222 4033 turpis
1252 3965 1518 4020 sententia
1552 3981 1656 4020 non
1687 3984 1792 4022 tllSl

231 4049 410 4103 verbis
461 4052 707 4119 turpibus
752 4052 1007 4122 explicari
1055 4062 1250 4123 potest,
1285 4063 1342 4108 et
1385 4055 1675 4125 unicuique
1703 4073 1800 4112 no-

229 4150 401 4194 strum
435 4151 602 4194 totum
631 4151 736 4208 est,
762 4144 846 4198 vel
877 4145 1017 4213 quod
1076 4153 1338 4210 tacemus,
1371 4146 1456 4200 vel
1484 4149 1627 4217 quod
1650 4149 1798 4204 volu-

230 4243 351 4280 mus
376 4229 672 4295 prmtet‘it‘e.
706 4231 906 4287 Tenuis
932 4241 1106 4286 autem
1132 4248 1337 4294 mensa,
1358 4234 1511 4288 cibus
1530 4237 1790 4304 asperior,

1902 3077 2214 3145 ingrediens
2255 3075 2510 3128 interiora
2562 3073 2666 3127 veli
2691 3089 2812 3128 cum
2861 3087 3072 3126 summo
3103 3069 3354 3141 pontifice
3379 3071 3479 3124 Do-

1903 3167 2048 3219 mino
2111 3175 2297 3218 nostro
2348 3162 2473 3219 Jesu
2531 3162 2768 3229 Christo,
2815 3161 2904 3232 qui
2951 3161 3107 3232 301
3155 3157 3477 3230 propitiatur

1901 3257 2151 3310 omnibus
2202 3255 2578 3325 iniquitatibus
2626 3257 2752 3321 tuis,
2791 3254 2883 3324 qui
2936 3253 3141 3307 assistit
3183 3249 3346 3305 vultui
3378 3250 3473 3305 Dei

1901 3361 1998 3415 pro
2029 3352 2098 3400 te.
2126 3344 2409 3399 Admissus
2435 3355 2612 3399 autem
2657 3361 2762 3399 non
2817 3344 2895 3398 sic
2933 3342 3209 3404 audacter,
3247 3352 3300 3395 et
3323 3339 3472 3395 fron-

1904 3447 2015 3491 tose
2047 3437 2260 3506 ingeras
2294 3444 2346 3489 te
2375 3435 2546 3490 oculis
2569 3433 2894 3503 majestatis,
2924 3433 3016 3488 sed
3043 3429 3340 3486 humillima
3367 3439 3473 3485 tre-

1891 3515 2173 3595 ~pidatione
2199 3519 2535 3588 concussus,
2572 3521 2761 3577 saltem
2797 3521 3068 3592 quomodo
3095 3520 3163 3577 ad
3200 3527 3346 3575 tanta
3372 3520 3473 3574 mi-

1905 3615 2089 3670 racttla
2115 3613 2325 3669 admitti
2362 3614 2622 3684 potueris,
2645 3613 2938 3667 admirare.

1972 3709 2054 3762 Sit
2091 3721 2220 3775 ergo
2250 3706 2424 3761 oratio
2467 3704 2788 3767 verecunda,
2835 3712 2894 3758 ut
2934 3703 3318 3758 erubescamus
3347 3719 3468 3773 pec-

1903 3808 2023 3852 cata
2056 3806 2262 3860 nostra,
2308 3804 2364 3850 et
2406 3803 2567 3850 tanta:
2598 3793 2913 3848 reverentiae
2941 3792 3276 3858 deferemus;
3313 3808 3469 3862 pura,

1900 3897 1960 3944 ιιι
1995 3886 2126 3941 nihil
2163 3886 2232 3940 ab
2281 3885 2394 3954 ipso
2432 3892 2626 3954 praeter
2673 3884 2848 3952 ipsum
2887 3897 3222 3952 quaeramus;
3251 3883 3469 3945 devota,

1899 3985 1956 4030 ttt
1987 3975 2043 4030 in
2068 3975 2390 4046 pinguedine
2417 3971 2636 4042 spiritus
2673 3986 2796 4025 eam
2817 3971 2883 4025 et
2907 3970 3321 4040 protendamus;
3353 3987 3466 4024 amo

1898 4068 2011 4138 pla,
2036 4075 2094 4122 ιιι
2119 4065 2468 4121 extendamus
2491 4078 2609 4118 eam
2637 4077 2806 4133 usque
2841 4065 2908 4120 ad
2933 4065 3210 4130 inimicos;
3249 4063 3318 4118 sit
3341 4078 3471 4118 con-

1902 4157 2072 4221 tinua,
2112 4171 2178 4211 ne
2204 4154 2604 4210 intermissione
2643 4154 2736 4208 fiat
2781 4156 3095 4223 remissior;
3133 4156 3204 4210 sit
3257 4165 3465 4226 pacata,

1902 4260 1968 4300 ne
2009 4240 2330 4301 turbulentis
2365 4245 2750 4316 cogitationum
2779 4243 3029 4300 fluctibus
3071 4241 3464 4316 subntcrgatur.

230 4318 526 4385 Sitttplit'inr
543 4327 929 4389 pottts,corpus
948 4320 1181 4386 firmant,
1198 4321 1797 4393 confirntantanimum,
1830 4311 1876 4372 D
1903 4337 2118 4400 Fateor,
2145 4337 2351 4392 excessi
2373 4311 2608 4401 quum,
2633 4346 2685 4393 el,
2714 4339 2882 4409 magis
2899 4338 3052 4393 solito
3077 4311 3466 4392 vestras'aures

227 4415 282 4461 et
335 4409 618 4478 utriusque
665 4410 900 4466 hominis
952 4421 1148 4466 statum
1197 4413 1426 4468 reddunt
1457 4414 1792 4473 alacriorem.

298 4497 528 4555 Mundus
554 4516 710 4559 .vero
749 4502 878 4572 quid
917 4502 1080 4558 facit?
1107 4502 1278 4559 Oll'ert
1330 4506 1487 4560 nobis
1533 4509 1794 4578 quidquid

224 4589 511 4658 pulchrum
575 4599 659 4645 est
706 4593 844 4655 visu,
899 4602 952 4647 et
980 4594 1471 4662 concupiscentiam
1508 4598 1710 4660 carnis,
1740 4614 1796 4654 et

226 4679 502 4734 oculorum
529 4691 584 4736 et
617 4681 963 4738 ambitionem
1010 4684 1213 4748 smculi,
1250 4694 1307 4738 ut
1352 4685 1601 4755 illaqueet
1629 4690 1791 4743 mise—

226 4788 336 4837 ros,
366 4773 685 4842 illaqueatos
712 4776 1030 4846 strangulet,
1062 4777 1422 4848 strangulatus
1451 4779 1792 4846 sempiternis

225 4863 465 4918 involvat
515 4864 800 4918 incendiis.
830 4865 1025 4920 Tentat
1076 4881 1172 4920 nos
1215 4864 1639 4920 multiformibus
1662 4867 1796 4924 insi-

223 4954 348 5018 diis,
385 4954 637 5024 superius
679 4969 775 5023 per
825 4955 1155 5026 superbiam,
1224 4971 1319 5026 per
1359 4953 1624 5009 luxuriam
1656 4957 1793 5012 infe-

188 5035 198 5046 ’
226 5045 363 5109 rius;
388 5059 419 5098 a
459 5044 669 5099 dextris
695 5058 788 5113 per
819 5045 1250 5116 prospet'itatem,
1293 5060 1389 5114 per
1411 5045 1794 5103 adversitatem

295 5135 568 5160 ι.2..ζ..ο-ζηο
613 5135 844 5160 δαείη-ιτ...-
890 5151 988 5160 una...
1035 5137 1214 5160 ιιισιη.12
1273 5135 1702 5160 ΛΑηΑι-ἎΞΑΑΛ-ιοῖς.
1717 5154 1764 5160 -.-

1903 4443 2132 4484 onerare
2169 4444 2274 4483 non
2319 4428 2494 4492 timui,
2540 4429 2663 4482 dum
2710 4429 2879 4497 stylus
2928 4428 2980 4481 itt
3021 4427 3468 4496 longinquitatem

1901 4519 2228 4576 extenditur.
2259 4519 2365 4573 Sed
2395 4519 2526 4580 scio,
2560 4518 2681 4585 quia
2729 4516 2995 4584 patienter
3015 4517 3240 4571 audistis
3283 4532 3369 4570 me
3397 4515 3470 4572 de

1903 4610 2045 4663 illius
2073 4608 2327 4679 patientia
2353 4608 2732 4675 disputantem,
2765 4607 2856 4677 qui
2881 4615 2964 4661 est
2995 4602 3135 4662 Deus
3156 4603 3477 4666 benedictus

1895 4701 1948 4754 in
1976 4699 2192 4756 sarcula.
2217 4698 2411 4753 Amen.

2437 4778 2454 4795 ‘
2497 4773 2727 4830 SERMO
2765 4775 2920 4830 LVII.
2953 4813 2955 4815 ι

2049 4875 2086 4913 ι.
2128 4874 2192 4913 DE
2230 4872 2276 4912 s.
2319 4871 2525 4911 manu
2563 4871 2837 4910 ΔΙ)ΟὸτοΕο
2877 4856 3003 4926 (xxx
3042 4855 3322 4924 novum).

1972 4948 2162 5010 Hodie,
2201 4946 2396 5000 fratres
2423 4945 2728 5003 cbarissimi
2753 4986 2777 5012 ,
2795 4948 2850 5001 Β.
2883 4946 3108 5004 Andreae
3135 4946 3291 5004 nobis
3316 4944 3491 5019 fesc‘
3517 4998 3537 5012 ο

1899 5042 2040 5097 vitas
2080 5040 2254 5096 votiva
2291 5037 2642 5107 resplenduit,
2695 5052 2818 5106 quae
2861 5038 3002 5092 inter
3029 5039 3203 5126 ipsam
3235 5034 3574 5123 glaciaq“s

1899 5138 2102 5160 I...,.-......
2139 5130 2418 5160 ΛηΙῖηἶνυι-νι
2483 5127 2773 5160 ἶιιΛι-ηιῖηω
2801 5127 3000 5160 venale-:9
3027 5130 3294 5160 ινιηυιίῖιιηε
3325 5125 3464 5160 :n.‘
