3978 5328
508 178 615 233 823

1075 175 1134 230 S.
1172 175 1376 230 PETRI
1415 172 1698 230 DAMJANI
1736 172 1885 249 OPP.
1928 171 2106 227 PARS
2148 168 2276 228 εει]
2317 171 2551 229 TOMUS
2586 173 2647 228 li.
2690 173 3171 244 —_SERMO.\'ES.

3656 177 3768 235 825

509 307 706 362 genera
752 291 882 347 illud
909 291 1164 356 nobilius,
1202 289 1332 345 illud
1366 304 1474 344 non
1514 286 1785 343 immerito
1809 285 2085 356 judicatur
2113 286 2158 344 Α
2189 296 2312 335 rare
2346 281 2617 338 licuisset!
2648 284 2902 338 nimirum
2932 300 3056 340 cum
3098 285 3232 341 tanti
3267 286 3524 344 desiderii
3566 293 3770 348 ardore

507 397 629 448 esse
674 382 1033 452 praecipuum,
1061 379 1204 451 quod
1246 379 1301 434 in
1334 379 1452 449 ipso
1486 375 1846 446 Redemptore
1875 387 2081 442 nostro,

505 472 684 544 capite
712 471 962 528 videlicet
989 479 1317 542 martyrum,
1359 466 1710 539 cognoscitur
1752 466 2077 521 dedicatum.

505 561 660 618 Unde
698 576 819 616 cum
861 561 1042 616 divina
1083 559 1412 630 dispensatio
1450 557 1670 613 Petrum
1717 565 1772 612 et
1817 559 2081 611 Andream

503 653 872 712 consummari
899 667 995 724 per
1028 652 1208 707 crucis
1245 650 1562 721 supplicium
1592 648 1778 712 voluit,
1809 648 1950 703 inter
1979 663 2085 702 cae-

503 752 653 799 teros
679 742 969 813 apostolos,
1000 741 1124 798 licet
1145 754 1334 798 omnes
1365 742 1522 795 unius
1553 739 1856 809 potestatis,
1899 747 1954 793 et
1996 738 2081 792 di-

503 834 729 906 gnitatis
747 834 876 900 sint,
905 833 1300 902 quodammodo
1317 831 1561 900 egregios
1582 839 1742 899 atque
1759 829 2083 899 conspicuos

499 924 652 982 fecit.
676 925 819 981 Crux
845 926 1011 989 enim,
1051 938 1170 994 quae
1195 937 1374 993 regem
1406 922 1665 990 praemisit
1683 936 1756 975 -ac
1786 929 2080 989 sceptrum,

498 1019 689 1073 eadem
739 1027 1026 1089 utrumque
1072 1015 1317 1082 militem,
1358 1014 1749 1084 subsequenter
1791 1014 1970 1068 evexit
2014 1013 2082 1067 ad

498 1110 800 1181 przemium.

570 1222 615 1278 Ο
643 1223 801 1278 beata
833 1221 1185 1292 germanitas,
1219 1234 1380 1290 quam
1415 1219 1554 1273 sicut
1577 1217 1776 1272 mundo
1809 1232 1911 1270 una
1945 1232 2076 1270 con-

500 1313 836 1383 sanguinitas
855 1312 1044 1377 edidit,
1071 1311 1148 1366 sic
1172 1311 1359 1366 eadem
1385 1308 1725 1379 triumphalis
1749 1323 1892 1361 mors
1915 1307 2082 1380 victoe

498 1420 593 1459 res
619 1405 684 1456 ad
713 1413 858 1457 astra
900 1401 1219 1466 transmisit,
1255 1410 1312 1455 et
1357 1415 1492 1469 quos
1535 1400 1590 1453 in
1635 1399 1738 1452 hac
1776 1397 1884 1451 vita
1924 1398 2082 1453 unius

498 1495 716 1569 generis
748 1494 973 1566 protulit
996 1503 1188 1549 natura
1217 1502 1517 1557 consortes,
1543 1492 1596 1546 in
1621 1490 1766 1545 illam
1792 1489 2082 1544 beatitudi-

496 1605 624 1647 nem
649 1589 1032 1660 sempiternam
1063 1603 1194 1644 crux
1221 1587 1508 1657 parturivit
1540 1583 1796 1654 azquales.
1825 1582 2078 1651 Ejusdem

2187 388 2475 430 succensus
2496 374 3085 446 ﬂagitaretMedialoris
3098 376 3408 441 adventum,
3425 388 3483 433 et
3504 386 3767 450 tanquam

2186 479 2416 519 morosa:
2458 465 2733 522 dilationis
2767 467 3051 540 impatiens
3079 484 3314 533 astuans
3347 484 3713 551 proclamaret
3747 510 3766 547 :

2190 575 2208 608 ι
2258 557 2470 613 Utinam
2493 560 2828 629 dirumperes
2849 564 3036 631 caelos,
3065 577 3121 622 et
3147 569 3524 630 descenderes.
3555 578 3601 633 A
3628 579 3770 639 facie

2185 655 2274 701 tua
2308 658 2517 704 montes
2561 650 2890 718 defluerent,
2928 655 3068 710 sicut
3097 661 3309 715 exustio
3342 662 3482 733 ignis
3522 666 3773 727 tabesce-

2186 745 2327 804 rent,
2356 753 2509 810 aqua:
2555 741 2810 798 arderent
2853 744 3001 815 igne;
3058 756 3116 801 ut
3152 760 3336 806 notum
3374 755 3534 812 fieret
3568 774 3767 818 nomen

2187 836 2336 883 tuum
2377 830 2611 887 inimicis
2651 833 2757 888 tuis
2796 833 2932 905 (Isa.
2994 842 3164 906 uiv).
3210 860 3229 892 ι
3273 842 3445 910 Quam
3504 849 3766 911 terribilis

2185 935 2250 975 ac
2269 921 2560 978 vehemens
2583 924 2711 980 tuba
2738 941 2841 981 vox
2872 927 2986 983 hinc
3018 930 3072 984 in
3102 930 3248 987 Petri
3272 937 3436 990 corde
3455 946 3763 1012 personuit,

2183 1017 2240 1063 et
2275 1018 2527 1079 tanquam
2553 1014 2890 1084 repentinum
2915 1017 3116 1074 fulmen
3146 1022 3420 1092 inopinato
3445 1045 3762 1100 coruscans,

2185 1102 2470 1196 attonitum
2507 1102 2637 1196 fecit
2668 1122 2682 1159 :
2718 1125 2737 1158 ‹
2769 1105 3096 1178 Invenimus,
3125 1114 3329 1184 inquit,
3360 1119 3644 1191 Messiam,
3671 1126 3765 1196 qui

2183 1191 2378 1247 dicitur
2402 1193 2649 1251 Christus
2677 1196 2858 1266 (Joan.
2883 1200 2942 1270 ι).
2992 1222 3012 1254 ι

2356 1286 2706 1354 prazliandum
2736 1289 2896 1359 plane
2927 1292 3038 1347 Rex
3069 1293 3252 1365 gloriae
3273 1299 3420 1356 solus
3445 1303 3764 1377 advenerat,

2182 1382 2237 1428 et
2269 1375 2388 1430 ideo
2414 1378 2480 1431 ad
2505 1377 2841 1447 procinctum
2865 1381 2987 1437 belli
3013 1385 3270 1454 paulatim
3295 1391 3396 1444 sibi
3420 1392 3536 1460 jam
3569 1375 3766 1454 milites

2183 1466 2518 1536 acquirebat.
2573 1467 2804 1524 Venerat
2854 1485 3088 1542 namque
3132 1484 3192 1529 ut
3235 1476 3434 1534 fortem
3492 1495 3762 1542 armatum

2182 1559 2568 1628 superveniens
2593 1562 2853 1628 vinceret,
2891 1573 2946 1618 et
2983 1566 3236 1622 universa
3269 1585 3441 1637 arma,
3481 1573 3536 1627 in
3569 1577 3767 1644 quibus

496 1678 803 1735 nobilitatis
844 1679 896 1734 in
950 1687 1093 1732 terra
1123 1679 1368 1732 eamdem
1414 1676 1678 1746 prosapia:
1707 1674 2076 1728 celsitudinem

2189 1649 2508 1718 confidebat,
2536 1652 2774 1708 auferret
2802 1653 2954 1724 (Luc.
2985 1655 3082 1728 λι).
3109 1658 3378 1725 Venerat,
3410 1674 3469 1717 ut
3490 1668 3766 1735 captivum

494 1769 800 1828 sortiuntur
825 1770 878 1823 in
913 1769 1072 1823 cmlo.
1111 1767 1213 1835 Qui
1249 1768 1396 1823 enim
1421 1767 1509 1820 hic
1540 1773 1664 1819 sunt
1709 1764 1799 1816 lilii
1830 1762 2071 1825 Joannis,

494 1858 612 1915 illic
640 1868 766 1916 sunt
793 1857 890 1914 filii
921 1857 1122 1915 crucis.
1150 1857 1241 1913 lsti
1270 1858 1414 1912 enim
1451 1866 1579 1912 sunt
1620 1855 1714 1909 lilii
1743 1853 1952 1920 Chore,
1982 1851 2074 1923 qui

492 1950 554 2007 iu
581 1951 937 2020 quorumdam
972 1950 1302 2020 psalmorum
1329 1948 1500 2004 titulis
1521 1956 1908 2018 prtenotantur.
1930 1943 2076 2000 Crux

495 2043 664 2106 enim,
688 2057 810 2112 quae
838 2056 933 2096 eos
961 2041 1255 2099 morientes
1284 2039 1412 2095 huic
1440 2039 1564 2094 vita:
1599 2038 1888 2102 subtraxit,
1913 2035 2078 2090 male-

496 2131 570 2186 sti
622 2130 958 2186 Hierusalem
1004 2138 1350 2184 renascentes
1398 2143 1520 2184 cum
1560 2125 1866 2195 triumphali
1909 2125 2075 2195 gloria

495 2236 667 2278 novos
687 2222 833 2277 cives
860 2221 1082 2275 invexit.
1111 2220 1176 2274 Et
1202 2220 1446 2274 Andreas
1474 2218 1689 2288 quidem
1713 2217 1765 2270 in
1799 2215 2076 2285 apostolici

495 2319 719 2366 senatus
740 2310 983 2380 catalogo
1021 2310 1287 2365 secundus
1313 2310 1563 2380 ponitur,
1595 2309 1686 2376 qui
1725 2315 1904 2361 tamen
1931 2305 2080 2375 agni-

495 2400 702 2455 tionem
750 2399 983 2464 Domini,
1030 2397 1187 2467 juxta
1226 2397 1592 2469 evangelicam
1639 2395 1820 2462 fidem,
1874 2395 2082 2466 primus

494 2490 795 2546 invenitur.
825 2488 965 2544 Dicit
1000 2489 1144 2543 enim
1183 2487 1420 2543 Joannes
1466 2485 1796 2557 evangelista
1837 2503 1850 2538 :
1893 2501 1912 2535 α
1946 2482 2078 2549 Quia

495 2595 622 2638 cum
644 2588 810 2636 staret
837 2579 1095 2646 Joannes,
1127 2589 1182 2634 et
1211 2595 1274 2635 ex
1300 2578 1582 2648 discipulis
1620 2577 1735 2648 ejus
1766 2575 1892 2641 duo,
1916 2583 1970 2630 et
1997 2590 2083 2630 re-

494 2673 735 2744 spiciens
757 2672 942 2730 Jesum
967 2671 1349 2738 ambulantem,
1375 2672 1513 2728 dixit
1541 2689 1554 2727 :
1582 2670 1722 2727 Ecce
1747 2669 1933 2740 Agnus
1964 2668 2080 2723 Dei.

492 2764 567 2820 Et
611 2765 895 2820 audientes
930 2777 1052 2820 eum
1093 2764 1199 2818 duo
1247 2762 1497 2834 discipuli
1543 2761 1868 2831 loquentem,
1911 2757 2084 2815 secuti

492 2864 624 2912 sunt
653 2854 859 2912 Jesnm.
891 2873 909 2906 ι
937 2853 1001 2912 Et
1023 2854 1181 2923 paulo
1207 2862 1327 2924 post
1356 2867 1374 2911 ξ
1401 2871 1421 2904 ‹
1456 2852 1583 2908 Erat
1617 2859 1796 2905 autem
1817 2849 2080 2914 Andreas,

479 2944 702 3017 Iinquit,
735 2944 900 2999 frater
947 2943 1186 2999 Simonis
1235 2943 1402 3008 Petri,
1433 2958 1575 2998 unus
1617 2958 1684 3000 ex
1729 2942 1956 3005 duobus,
1990 2939 2081 3010 qui

2178 1740 2473 1806 hominem,
2505 1742 2594 1811 qui
2619 1743 2720 1798 sub
2741 1744 3019 1800 diabolica:
3049 1751 3348 1819 tyrannidis
3377 1752 3510 1825 jugo
3546 1772 3766 1825 preme-

2177 1829 2358 1898 batur,
2395 1835 2649 1905 eriperet,
2696 1843 2750 1889 et
2800 1837 2868 1890 ad
2909 1837 3256 1908 ingenuitatis
3301 1845 3540 1914 antiquae
3579 1849 3767 1904 titulos

2181 1937 2482 1982 revocaret.
2513 1929 2768 1996 Venerat,
2797 1939 2855 1985 ut
2877 1946 3031 1986 suum
3054 1933 3214 1989 Israel
3245 1936 3310 1991 de
3335 1939 3551 1994 vinculo
3571 1947 3765 2000 vetusti

2178 2020 2481 2077 Pharaonis
2510 2021 2834 2087 absolveret,
2861 2035 2916 2078 et
2948 2025 3000 2078 in
3034 2040 3194 2078 manu
3223 2025 3348 2081 forti
3373 2070 3387 2092 ,
3418 2041 3583 2101 atque
3608 2035 3766 2088 robu-

2181 2120 2286 2176 sta,
2322 2122 2480 2166 terra:
2507 2111 2664 2177 lacte,
2694 2122 2747 2168 et
2778 2113 2937 2168 melle
2965 2116 3167 2170 manati
3200 2121 3430 2186 prati-ius
3462 2122 3662 2177 ductor
3686 2127 3768 2179 in-

2181 2200 2366 2257 ferret.
2395 2201 2512 2256 Non
2539 2212 2716 2257 tamen
2746 2203 2980 2270 eligebat
3010 2205 3062 2258 in
3092 2206 3419 2275 adjutorimn
3444 2211 3551 2264 sibi
3580 2214 3766 2267 trium-

2181 2293 2430 2363 phalibus
2451 2293 2622 2348 titulis
2651 2293 2855 2357 claros,
2890 2311 2996 2349 non
3020 2307 3268 2351 strenuos
3295 2298 3622 2367 bellatores,
3660 2321 3764 2360 non

2181 2381 2526 2438 frementium
2553 2398 2867 2438 ascensores
2889 2401 3170 2454 equorum,
3198 2403 3305 2442 non
3330 2390 3567 2460 denique
3593 2396 3766 2462 philo-

2182 2475 2382 2544 sophos
2399 2484 2456 2529 et
2481 2475 2798 2544 eloquentes
2821 2516 2834 2540 ,
2866 2479 2960 2530 sed
2995 2477 3186 2532 retium
3214 2484 3495 2552 vectoresj,
3522 2494 3581 2538 et
3609 2501 3760 2554 pere-

2185 2569 2312 2624 xilis
2339 2567 2600 2622 navicula:
2625 2568 2877 2638 remiges,
2903 2577 2961 2621 ut
2982 2569 3206 2622 victoria
3231 2569 3330 2625 soli
3351 2572 3550 2628 divina:
3578 2586 3766 2646 poten-

2186 2660 2293 2725 tiae,
2326 2674 2432 2713 non
2460 2659 2713 2713 humanis
2741 2658 2948 2713 viribus
2973 2659 3296 2715 ascribatur.

2255 2751 2405 2807 Hanc
2437 2766 2602 2822 porro
2624 2751 2906 2806 victoriam
2944 2751 3029 2805 illa
3062 2751 3210 2807 urbis
3239 2751 3460 2810 Jericho
3481 2757 3615 2811 olim
3645 2759 3766 2813 sub-

2184 2843 2366 2898 versio
2390 2842 2655 2914 figuravit,
2678 2843 2893 2912 quando
2921 2858 3026 2896 non
3057 2843 3284 2898 telorum
3315 2845 3636 2912 missilibus,
3664 2863 3764 2903 non

2186 2934 2446 3001 falaricis,
2475 2951 2580 2990 non
2613 2943 2761 2990 certe
2802 2935 3062 2990 bellorum
3105 2937 3434 3006 quibuslibet
3481 2942 3761 3005 machinis,

480 3031 785 3104 audierant
813 3033 880 3086 ab
902 3031 1128 3094 Joanne,
1159 3041 1211 3085 et
1233 3032 1394 3102 302
1428 3031 1598 3086 secuti
1645 3029 1857 3086 fuerant
1885 3045 2027 3084 eum.
2058 3047 2077 3083 ι
2111 3025 2157 3088 C
2189 3027 2282 3082 sed
2311 3026 2654 3082 vociferantis
2688 3028 2868 3097 populi
2898 3036 3151 3096 strepitu,
3191 3037 3244 3083 et
3286 3031 3431 3085 tubis
3466 3032 3766 3105 clangenti-

479 3114 712 3177 iDeinde
737 3122 982 3190 sequitur
1006 3140 1018 3175 :
1040 3141 1056 3172 ι
1090 3121 1294 3177 Invenit
1321 3122 1409 3176 hic
1431 3122 1663 3192 primum
1687 3119 1907 3176 fratrem
1927 3134 2084 3174 suum

481 3211 842 3296 lSimeonem,
883 3222 938 3268 et
966 3211 1097 3270 dicit
1130 3211 1178 3266 ei
1225 3229 1240 3265 :
1289 3211 1596 3267 Invenimus
1639 3210 1910 3275 Messiam,
1942 3210 2086 3278 quod

496 3312 588 3360 est
617 3303 1030 3375 interpretatum
1053 3302 1321 3370 Christus,
1347 3309 1401 3363 et
1423 3301 1644 3358 adduxit
1668 3317 1789 3356 eum
1813 3301 1880 3358 ad
1899 3299 2085 3356 Jesum

497 3391 690 3463 (Joan.
723 3394 783 3466 ι).
833 3415 852 3446 ι

478 3467 485 3568 ξ
571 3483 712 3539 Ecce
752 3483 998 3543 Andreas
1046 3487 1189 3541 inter
1233 3485 1349 3556 ipsa
1395 3485 1520 3543 novi
1560 3482 1792 3539 tirocinii
1827 3483 1908 3538 sui
1938 3482 2086 3537 rudi.

479 3571 686 3648 intenta
715 3572 1027 3642 fructificat,
1067 3584 1122 3631 et
1161 3574 1538 3645 veritatisjam
1570 3573 1891 3644 praedicator
1919 3571 2085 3628 cilici-

499 3674 612 3730 tur,
651 3663 805 3736 Cujus
830 3665 1002 3725 adhuc
1023 3668 1113 3720 vix
1149 3673 1269 3720 erat
1304 3665 1541 3722 auditor.
1576 3663 1759 3719 Novus
1785 3663 2083 3733 discipulus

497 3755 698 3822 factus,
728 3771 838 3813 non
857 3767 942 3813 est
961 3757 1178 3830 propria
1209 3757 1380 3814 salute
1400 3765 1710 3820 contentus,
1742 3755 2084 3824 condiscipu-

497 3845 584 3900 los
617 3848 833 3917 quterit,
869 3849 934 3902 ad
970 3849 1255 3907 lucrandos
1275 3847 1410 3904 alios
1432 3847 1704 3904 fraternus
1731 3861 1789 3903 se
1815 3861 1968 3900 amor
1991 3861 2086 3900 ex-

480 3938 696 3993 4tendit.
751 3939 1090 3994 Tliesaurum
1141 3940 1366 4011 reperit,
1419 3940 1616 4014 gaudet
1660 3939 1787 3993 aliis
1829 3937 2081 4009 prodere,

499 4027 989 4099 furtumdeputat,
1041 4031 1190 4085 illum
1237 4032 1356 4086 sine
1400 4031 1742 4086 consortibus
1783 4031 2080 4101 possidere.

499 4118 705 4175 Fausta
731 4119 964 4193 denique
990 4131 1044 4178 et
1065 4123 1325 4192 praeclara
1351 4123 1544 4177 futurae
1585 4122 1781 4178 indolis
1811 4123 1964 4193 signa
1993 4136 2084 4175 no-

499 4223 606 4264 vus
640 4209 744 4264 tiro
773 4211 1078 4279 praetendit,
1108 4213 1199 4282 qui
1234 4212 1287 4267 in
1320 4214 1436 4282 ipso
1467 4213 1684 4269 novitiae
1713 4212 2084 4269 conversionis

502 4299 752 4366 exordio,
779 4315 905 4356 mox
934 4301 1075 4372 quod
1103 4301 1366 4356 didicerat
1397 4302 1600 4367 docuit,
1634 4302 1777 4370 quod
1799 4311 2084 4372 acceperat

2188 3115 2290 3171 bus
2316 3116 2675 3171 munitissima
2713 3117 2828 3186 ejus
2858 3117 3058 3171 mtenia
3097 3128 3419 3174 corruerunt
3454 3119 3602 3191 (los.
3633 3125 3760 3193 xrt).

2185 3207 2524 3278 Praeceperat
2552 3223 2783 3278 namque
2814 3208 3071 3263 Dominus
3099 3207 3263 3263 Josue
3298 3218 3355 3263 ut
3380 3225 3569 3265 arcam
3597 3209 3764 3267 faedo-

2185 3301 2263 3357 ris
2307 3301 2409 3356 viri
2449 3301 2738 3356 bellatores
2783 3302 2978 3355 armati
3019 3301 3406 3372 praecederent,
3452 3305 3765 3360 sacerdotes

2185 3402 2365 3447 autem
2398 3403 2600 3461 septem
2627 3393 2786 3464 303
2818 3393 3062 3448 buccinis
3087 3392 3423 3463 ciangereut,
3452 3394 3645 3464 sicque
3673 3411 3767 3466 per

2184 3493 2392 3553 septem
2417 3484 2766 3538 nihilominus
2800 3484 2916 3540 dies
2949 3482 3168 3539 Jericho
3203 3483 3402 3538 moenia
3439 3484 3762 3541 circuireut.

2185 3574 2427 3645 Septimo
2469 3575 2652 3644 itaque
2690 3575 2796 3637 die,
2845 3575 2974 3629 dttm
3028 3573 3347 3630 vociferatio
3391 3577 3574 3645 populi
3626 3579 3765 3633 tubis

2185 3664 2562 3736 clangentibus
2587 3664 2949 3727 admiscetur,
2983 3661 3199 3718 Jericho
3224 3664 3471 3735 protinus
3502 3682 3534 3722 a
3575 3666 3765 3722 funda-

2183 3765 2365 3810 mento
2391 3755 2624 3824 collapsa
2650 3755 3004 3811 subvertitur.

2253 3847 2391 3914 Quid
2427 3858 2508 3902 est
2549 3856 2729 3903 autem
2771 3849 2914 3918 quod
2961 3849 3030 3904 ad
3072 3850 3389 3920 capiendam
3430 3851 3626 3905 urbem
3662 3869 3767 3908 non

2182 3940 2391 4013 gladius
2427 3938 2696 4005 educitur,
2747 3955 2854 3996 non
2909 3940 3012 3995 tela
3034 3941 3332 4007 vibrantur,
3375 3958 3482 3997 non
3523 3942 3764 4012 iaculum

2183 4033 2455 4096 mittitur,
2483 4047 2591 4088 non
2622 4031 2766 4086 acies
2791 4031 3010 4087 militari
3039 4032 3194 4087 cunei
3225 4034 3290 4086 ad
3317 4033 3643 4101 irruptionis
3669 4033 3763 4090 im-

2183 4131 2366 4192 petum
2388 4122 2744 4192 constipatur,
2771 4123 2865 4178 sed
2891 4123 3032 4177 tubis
3051 4123 3314 4178 duntaxat
3332 4125 3764 4180 sacerdotalibus

2185 4214 2476 4287 clangitur,
2502 4223 2556 4268 et
2589 4214 2666 4268 sic
2689 4214 2912 4269 victoria
2946 4230 3049 4268 non
3069 4213 3319 4282 jamjure
3347 4215 3504 4282 belli,
3535 4217 3633 4271 sed
3663 4219 3765 4272 vir-

2190 4317 2302 4362 tute
2328 4307 2504 4378 potius
2530 4306 2851 4360 sacramenti
2879 4306 2944 4360 de
2973 4307 3242 4375 superatis
3275 4305 3526 4362 hostibus
3555 4309 3764 4364 obtine-

501 4388 738 4446 fideliter
779 4389 1043 4461 erogavit.
1097 4391 1348 4460 Magnum
1371 4391 1612 4447 nuntimn
1643 4405 1783 4447 nova
1821 4398 1877 4444 et
1916 4391 2086 4448 admi-
2112 4370 2165 4432 Β
2192 4370 2694 4455 ιυι·⁴ί1)θιίι“αιηειιιὶ
2731 4411 2864 4453 sane
2889 4370 3166 4454 videretur
3192 4397 3422 4467 ineptia,
3466 4397 3512 4452 si
3544 4399 3765 4463 evidens

500 4478 674 4534 randa
713 4478 907 4535 relatio
941 4478 1087 4534 illum
1127 4479 1442 4549 promittere
1480 4479 1762 4534 visibiliter
1797 4479 2086 4534 ostenden-

498 4569 660 4636 dum,
693 4585 853 4642 quem
897 4579 976 4628 tot
1019 4570 1402 4646 prophetarum
1429 4570 1648 4627 oracula
1688 4570 2087 4642 prmcinuerant

501 4661 838 4720 adfuturum.

574 4777 752 4850 Magni
805 4787 954 4835 certe
1000 4781 1242 4852 mysterii
1297 4779 1507 4848 hajulus
1565 4781 1815 4836 Andreas
1871 4783 2082 4837 exstitit

503 4865 683 4932 fratri,
714 4867 806 4936 qui
838 4868 1092 4922 nimirum
1121 4883 1243 4922 eum
1295 4883 1356 4922 se
1393 4870 1662 4938 reperisse
1700 4879 1931 4925 testatus
1975 4880 2079 4937 est,

503 4970 668 5024 quem
712 4955 781 5010 ab
816 4957 1024 5028 origine
1065 4958 1248 5011 mundi
1294 4973 1484 5012 omnes
1521 4959 1692 5013 sancti
1725 4973 1846 5013 cum
1886 4974 2080 5032 magno

508 5045 781 5086 (Iaside-Irin
823 5047 1116 5086 nrmclnhli
1149 5057 1269 5086 cunt
1333 5057 1380 5086 nl
1432 5055 1606 5086 lmnnn
1636 5048 1818 5086 viliora
1846 5064 1952 5086 nnn
1989 5065 2083 5086 nn-

2191 4507 2298 4546 non
2331 4489 2518 4544 fuisset
2551 4489 2774 4543 victoria
2805 4487 3114 4545 subsecuta.
3144 4487 3250 4542 Sed
3281 4502 3376 4557 per
3395 4486 3630 4559 Jericho
3651 4503 3766 4559 qua

2190 4581 2390 4637 dicitur
2421 4580 2580 4646 luna,
2623 4595 2729 4634 non
2773 4579 3067 4648 incongrue
3095 4576 3327 4633 mundus
3366 4556 3649 4643 innuitur,
3679 4577 3764 4646 qui

2186 4674 2268 4730 sic
2288 4689 2382 4744 per
2403 4673 2698 4730 labentium
2729 4681 3000 4727 momenta
3025 4680 3348 4740 temporum,
3379 4680 3644 4740 tanquam
3676 4685 3766 4741 per

2187 4777 2466 4823 menstrua
2491 4767 2810 4821 detrimenta
2840 4765 3044 4818 finitur.
3071 4765 3211 4817 Area
3235 4771 3414 4818 autem
3436 4772 3631 4818 sancta
3653 4771 3766 4818 erat

2189 4859 2426 4918 Ecclesia
2449 4877 2464 4927 ;
2490 4860 2632 4914 tubae
2652 4874 2782 4916 vero
2805 4856 3032 4927 apostoli
3061 4864 3204 4922 sunt,
3228 4855 3311 4911 ve‘l
3333 4855 3576 4925 quinque
3597 4854 3765 4912 sancti

2190 4953 2438 5009 doctores
2465 4951 2745 5016 Ecclesiae,
2774 4966 3005 5021 quorum
3027 4949 3277 5005 videlicet
3306 4946 3763 5005 admonitionibus

2189 5044 2314 5086 dum
2337 5058 2578 5086 aur-mm
2603 5057 2818 5080 comnm-
2856 5051 3041 5086 cnntm
3075 5041 3258 5086 carnis
3285 5039 3572 5086 illonehms
3596 5048 3652 5086 et
3673 5046 3766 5086 an:
