3978 5328
299 225 405 281 825

1713 201 1718 206 ’
1753 235 1982 291 sermo
2006 235 2158 291 l.\'ll.

3430 249 3534 306 826

374 334 574 392 Urbem
602 348 730 406 ergo
763 333 978 391 Jericho
1013 338 1320 394 sacerdotes
1344 353 1526 394 arcam
1553 341 1787 397 ferentes
1809 353 1863 396 et
1890 347 1940 403 Α
1968 357 2063 409 per
2080 343 2631 401 Psalmistamdicitur
2662 365 2676 402 :
2708 367 2727 400 ι
2756 347 2861 404 Pro
2880 353 3121 420 patribus
3146 356 3250 410 tuis
3273 359 3382 412 nati
3409 370 3534 414 sunt

298 432 612 502 clangentes
634 441 837 502 septem
863 433 1050 489 diebus
1088 436 1452 505 circumeunt,
1492 449 1544 494 et
1577 443 1715 495 muri
1750 441 1867 510 ejus

297 539 396 593 per
437 538 577 578 arca:
612 525 953 591 prassentiam
989 536 1043 580 et
1085 527 1332 582 tubarum
1369 531 1605 586 sonitum
1643 533 1864 600 cadunt,

295 612 420 681 quia
451 612 504 666 in
544 612 704 682 hujus
742 615 986 668 mortalis
1017 616 1139 670 vita:
1167 617 1419 685 decursu,
1461 620 1586 674 dum
1633 622 1865 676 circum-

295 715 508 770 quaque
533 717 629 771 per
655 703 840 758 orbem
874 714 1138 758 terrarum
1167 719 1353 761 sancta
1380 721 1658 774 movetur,
1693 723 1748 766 et
1779 712 1863 766 di-

292 789 768 858 lataturEcclesia,
798 811 896 864 per
909 807 1109 851 sancta:
1132 800 1529 874 praedicationis
1553 803 1861 859 instantiam

293 882 472 936 omnis
501 883 624 937 elati
673 885 856 938 mundi
891 887 1140 956 superbia
1167 886 1452 958 frangitur,
1477 899 1531 944 et
1559 900 1752 946 cuncta
1782 891 1862 945 in-

293 971 566 1028 ﬁdelitatis
596 974 868 1030 obstacula
895 979 1248 1031 subruuntur.

363 1063 425 1118 Et
460 1065 756 1118 notandum
793 1066 932 1134 quod
961 1068 1158 1121 armati
1197 1067 1393 1124 milites
1418 1086 1538 1125 cum
1569 1072 1861 1128 sacerdoti-

290 1152 395 1206 bus
419 1153 498 1207 ire
521 1153 777 1220 jubentur
813 1172 826 1208 :
860 1155 1138 1220 nimirum,
1167 1167 1226 1212 ut
1252 1167 1306 1211 et
1341 1159 1399 1224 ii,
1425 1159 1620 1228 quibus
1643 1177 1746 1214 non
1777 1171 1861 1217 est

291 1243 589 1313 injunctum
616 1245 892 1314 promendi
917 1246 1185 1317 clangoris
1219 1248 1472 1315 oﬂicium,
1515 1265 1858 1321 nequaquam

288 1345 348 1385 se
381 1341 615 1387 remotos
643 1334 938 1404 intelligant
966 1340 1392 1406 acongressione
1421 1339 1701 1406 bcllonnn,
1727 1358 1862 1412 qua-

288 1432 448 1478 tenus
475 1433 529 1477 et
556 1425 612 1489 ii,
647 1425 736 1494 qni
763 1441 868 1480 non
896 1428 1221 1496 praedicant,
1253 1440 1440 1485 contra
1463 1431 1658 1486 occulti
1688 1433 1860 1488 hostis

289 1513 515 1569 insidias
543 1515 736 1568 armati
767 1516 1135 1580 nihilominus,
1162 1527 1216 1572 et
1238 1520 1612 1590 circumspecti
1645 1537 1860 1592 semper

285 1604 558 1661 incedant.
590 1605 756 1677 Hujus
778 1608 956 1676 itaque
977 1608 1100 1662 belli
1125 1609 1287 1663 duces
1309 1626 1372 1662 ac
1391 1611 1659 1680 principes
1680 1613 1854 1667 sancti

286 1697 514 1766 apostoli
545 1707 688 1762 sunt,
727 1700 818 1768 qui
855 1714 1034 1753 arcam
1065 1700 1284 1755 foederis
1311 1700 1698 1758 Jeriehnntinis
1721 1721 1855 1760 mm-

286 1786 469 1851 nibus,
515 1802 638 1842 cum
689 1788 938 1842 tubarum
980 1788 1232 1859 clangore
1268 1789 1688 1858 circumferunt;
1734 1794 1858 1863 quia

283 1895 382 1950 per
433 1879 597 1933 totius
651 1881 832 1934 mundi
874 1881 1158 1947 circulum,
1205 1893 1406 1941 sancte
1456 1885 1860 1952 praedicationis

282 1968 460 2025 olIicio
483 1969 734 2025 Ecclesia:
761 1983 1096 2027 sacramenta
1121 1973 1443 2028 diffundunt.
1475 1994 1494 2026 ‹
1537 1974 1593 2030 In
1621 1989 1857 2041 omnem,

281 2058 449 2120 enim,
480 2066 679 2111 terram
725 2061 893 2114 exixit
923 2077 1088 2116 sonus
1113 2076 1320 2128 eorum,
1353 2073 1408 2118 et
1455 2064 1505 2118 in
1550 2065 1685 2119 lines
1711 2067 1860 2121 orbis

284 2157 443 2202 terrm
473 2151 636 2204 verba
679 2165 863 2205 eorum
913 2151 1085 2222 (Psal.
1131 2156 1304 2224 xvin).
1340 2174 1358 2206 ι
1395 2156 1631 2211 Evolulis
1678 2167 1856 2212 autem

281 2253 372 2292 sex
420 2238 630 2304 diebus,
676 2241 903 2310 septimo
953 2243 1163 2296 tandem
1207 2244 1293 2298 die
1343 2260 1460 2308 rex,
1491 2243 1706 2299 Jcricho
1734 2261 1855 2299 cum

280 2328 425 2382 omni
455 2329 653 2398 populo
681 2330 855 2398 gladio
897 2331 1193 2388 devorante
1233 2336 1599 2399 consumitur,
1645 2337 1768 2405 quia
1802 2337 1854 2390 in

280 2419 364 2472 die
400 2421 693 2475 novissimo
722 2421 965 2476 diabolus
989 2462 1004 2487 ,
1055 2425 1143 2492 qui
1179 2434 1260 2478 est
1291 2440 1384 2478 rex
1431 2429 1695 2495 superbia:
1732 2443 1855 2482 cum

277 2510 532 2564 omnibus
552 2510 662 2565 suis
687 2512 1006 2580 sequacibus
1025 2553 1038 2576 ,
1067 2513 1221 2583 quasi
1251 2513 1482 2582 quodam
1507 2516 1702 2570 divina:
1732 2532 1854 2570 sen-

278 2602 462 2658 tentia:
511 2602 708 2673 gladio,
741 2605 895 2658 morti
943 2615 1213 2674 perpetuae
1257 2607 1663 2662 condemnatur.
1703 2608 1854 2664 Tunc

280 2709 475 2765 nempe
525 2694 636 2758 fiet,
685 2696 827 2764 quod
876 2712 974 2765 per
1008 2697 1324 2767 Apostolum
1377 2699 1576 2753 dicitur
1609 2718 1623 2753 :
1657 2719 1676 2750 ι
1714 2700 1850 2766 Quia

277 2800 400 2838 cum
432 2785 778 2840 evacuaverit
807 2801 1022 2842 omnem
1051 2789 1406 2858 principatum
1434 2801 1487 2844 et
1514 2805 1727 2844 omnem
1757 2805 1851 2859 po-

280 2886 530 2932 testatem
559 2889 614 2932 et
638 2879 892 2934 virtutem
921 2919 935 2943 ,
976 2881 1264 2934 novissime
1293 2882 1505 2936 inimica
1539 2883 1852 2937 destruetur

277 2983 423 3024 mors
453 2969 508 3042 (Ι
548 2969 669 3024 Cor.
709 2971 815 3039 xv).
856 2991 874 3022 ι
919 2970 1040 3026 Sola
1078 2981 1254 3026 autem
1293 2973 1480 3026 domus
1512 2974 1696 3027 Rahab
1745 2990 1851 3029 me-

277 3062 493 3116 retricis
519 3063 712 3126 evasit,
761 3078 918 3132 quam
950 3063 1200 3118 videlicet
1246 3064 1518 3117 funiculus
1563 3065 1848 3121 coecineus

277 3150 333 3203 in
359 3147 592 3203 fenestra
623 3150 896 3204 discrevit.
929 3152 1126 3206 Domus
1156 3163 1332 3206 autem
1361 3152 1446 3205 illa
1477 3154 1687 3208 unicam
1713 3170 1849 3223 prm-

277 3239 476 3310 ﬁgurat
502 3241 816 3304 Ecclesiam,
844 3257 962 3311 quae
986 3241 1274 3316 purificata
1321 3251 1404 3296 est
1429 3257 1461 3296 a
1519 3245 1848 3311 turpitudine

273 3330 675 3396 fornicationis,
707 3347 804 3402 per
833 3332 1124 3387 fenestram
1149 3330 1527 3397 confessionis,
1554 3333 1604 3386 in
1633 3334 1848 3404 sangui-

273 3423 363 3479 nis
415 3424 752 3478 remissione.
804 3423 929 3479 Hzec
985 3423 1142 3494 plane
1178 3438 1206 3476 a
1248 3423 1518 3477 communi
1573 3425 1848 3492 pereuntis

273 3516 462 3572 mundi
489 3515 748 3570 liberatur
771 3516 998 3581 excidio,
1027 3517 1150 3585 quia
1177 3516 1228 3569 in
1257 3515 1496 3570 fenestra
1521 3515 1710 3568 domus
1739 3531 1849 3569 sua:

274 3612 587 3668 coccineum
617 3612 746 3682 ligat
780 3611 1096 3674 funiculum,
1125 3612 1250 3665 dum
1280 3609 1441 3681 30h,
1469 3609 1520 3663 in
1547 3625 1641 3663 ore
1664 3625 1849 3678 corpo-

271 3703 351 3757 ris
393 3701 477 3756 sui
522 3712 740 3772 portare
773 3717 878 3756 non
914 3702 1110 3755 desinit
1137 3701 1405 3770 passionis
1443 3698 1731 3752 Dominicae
1757 3713 1845 3751 sa-

271 3801 631 3850 cramentum.
669 3812 688 3844 c
725 3793 896 3849 Corde
916 3793 1058 3846 enim
1084 3793 1322 3846 creditur
1354 3792 1419 3845 ad
1439 3791 1726 3860 justitiam,
1751 3806 1846 3845 ore

272 3895 459 3941 autem
508 3885 776 3941 confessio
819 3886 877 3939 fit
922 3886 988 3939 ad
1031 3884 1258 3939 salutem
1291 3882 1465 3953 (Rom.
1510 3883 1588 3954 χ).
1623 3903 1641 3934 ι
1676 3883 1845 3937 Ρυιϊο

271 3988 460 4032 autem
480 3975 752 4031 funiculus
786 3977 874 4030 ille
906 3975 972 4029 ad
1001 3975 1218 4029 domum
1245 3981 1362 4026 erat
1389 3972 1608 4042 ligatus,
1639 3973 1731 4026 sed
1755 3987 1847 4025 οπε-

270 4071 444 4125 terius
469 4069 752 4124 videbatur
771 4069 895 4138 quia
923 4067 1213 4121 Dominicae
1239 4066 1415 4120 crucis
1448 4066 1576 4118 ﬁdes
1601 4066 1652 4118 in
1684 4067 1845 4120 corde

269 4163 554 4225 retinetur,
581 4177 699 4231 quae
720 4161 832 4215 oris
853 4160 1192 4214 confessione
1221 4157 1576 4227 depromitur.
1603 4155 1845 4225 Reliquis

267 4254 488 4322 quidem
515 4252 1108 4322 pereuntibus,onmes,
1141 4249 1231 4318 qui
1259 4249 1311 4302 in
1341 4251 1498 4302 domo
1521 4247 1607 4300 illa
1642 4247 1840 4316 reperti

1967 431 2061 485 tibi
2087 432 2177 486 lilii
2204 451 2217 498 ς
2251 453 2270 484 ο
2304 435 2402 502 ipsi
2427 450 2557 490 sane
2593 439 2852 507 apostoli,
2881 443 2971 511 qui
2999 444 3064 498 ad
3093 446 3408 516 capiendam
3435 450 3534 503 bu-

1964 537 2138 576 mana:
2184 526 2448 593 superbia:
2501 525 2714 583 Iericho
2781 539 2886 584 tam
2942 533 3138 598 valida,
3168 545 3274 590 tam
3317 540 3533 596 robusta

1963 610 2217 667 fulminea
2255 616 2691 682 przedicationum
2715 635 2932 675 suorum
2957 621 3132 690 jacula
3160 637 3492 684 contorsere.

2033 701 2201 758 Unius
2220 704 2564 776 ejusdemque
2601 709 2852 765 Ecclesiae
2873 721 2925 765 et
2940 723 3119 782 patres
3140 717 3533 785 quodammodo

1961 795 2210 849 videntur
2237 808 2289 851 et
2318 797 2432 860 lilii,
2458 798 2549 853 filii
2587 800 2832 856 videlicet
2859 804 3288 872 patriarcharum
3320 818 3372 864 et
3414 827 3534 881 pro-

1959 884 2276 953 phetarmn;
2307 897 2487 956 patres
2507 901 2633 942 vero
2660 891 3096 962 subsequentium
3122 899 3359 951 untuium
3383 901 3532 954 dein-

1961 989 2086 1044 ceps
2111 975 2425 1030 electorum.
2478 977 2616 1034 llinc
2657 989 2739 1034 est
2769 983 2908 1036 enim
2955 986 3096 1054 quod
3143 986 3306 1057 Moysi
3353 990 3530 1045 divina

1959 1076 2090 1116 voce
2114 1065 2441 1133 prmeipitur,
2502 1075 2560 1118 ut
2593 1077 2647 1122 et
2685 1068 2845 1122 bases
2889 1083 3172 1141 argenteas
3212 1075 3429 1139 fundat,
3476 1088 3531 1132 et

1960 1151 2169 1205 tabulas
2202 1153 2474 1208 inauratas
2504 1155 2733 1224 desuper
2761 1157 2934 1225 erigat
2962 1159 3155 1229 (Exod.
3191 1164 3356 1232 xxvn).
3390 1163 3530 1231 Quid

1959 1256 2138 1296 autem
2169 1260 2264 1314 per
2297 1245 2450 1299 bases
2475 1255 2776 1315 argenteas,
2824 1249 2925 1301 nisi
2974 1252 3355 1320 prophetarum
3384 1255 3533 1310 vide-

1958 1341 2047 1387 tur
2067 1335 2199 1388 ordo
2224 1335 2446 1404 signari,
2476 1338 2565 1405 qui
2593 1337 2718 1390 dum
2754 1339 2912 1406 primi
2959 1341 3023 1393 de
3064 1354 3402 1396 sacramento
3429 1343 3533 1400 Ec-

1958 1423 2133 1476 clesia:
2166 1434 2291 1476 sunt
2329 1424 2510 1491 locuti,
2539 1427 2691 1494 quasi
2724 1428 2982 1496 quasdam
3015 1429 3173 1482 bases
3216 1447 3309 1486 eos
3339 1431 3529 1502 aspici-

1958 1531 2076 1567 mus
2100 1532 2128 1568 a
2154 1515 2503 1570 fundamento
2532 1533 2857 1588 consurgere
2882 1529 2936 1573 et
2963 1523 3297 1592 superposita
3315 1524 3532 1580 fabrica

1959 1606 2192 1672 pondera
2225 1608 2510 1661 sustinere.

2029 1695 2165 1760 Quid
2199 1711 2323 1749 vero
2351 1711 2446 1765 per
2482 1697 2708 1763 tabulas,
2735 1700 2834 1753 nisi
2871 1702 3038 1755 sancti
3073 1701 3370 1771 figurantur
3397 1718 3530 1772 apo-

1959 1786 2106 1848 stoli,
2145 1788 2233 1855 qui
2263 1797 2484 1841 extensa
2523 1804 2619 1856 per
2673 1792 2928 1844 mundum
2976 1794 3355 1860 prmdicatione
3404 1802 3530 1848 sunt

1959 1875 2290 1946 amplissime
2318 1878 2558 1932 dilatati?
2585 1881 2956 1948 Apostolorum
2992 1899 3221 1952 namque
3249 1886 3489 1938 doctrina
3511 1926 3526 1951 ,

1958 1968 2111 2035 quasi
2156 1969 2475 2037 quibusdam
2519 1971 2738 2025 basibus
2770 1974 3092 2041 prophetica:
3136 1977 3528 2050 praedicationis

1959 2059 2210 2113 innititur
2237 2076 2531 2130 eorumque
2575 2064 2896 2118 auctoritate
2941 2064 3004 2117 ad
3042 2074 3213 2119 status
3248 2067 3330 2120 sui
3366 2067 3530 2122 robur

1958 2150 2186 2204 firmiter
2215 2151 2494 2204 solidatur.
2524 2152 2674 2208 Unde
2703 2164 2756 2208 et
2781 2156 3077 2224 conjunctae
3104 2156 3244 2211 bina:
3281 2159 3436 2212 bases
3470 2161 3523 2214 in

1957 2241 2180 2309 singulis
2230 2242 2424 2295 tabulis
2454 2255 2847 2312 supponuntur,
2898 2248 3023 2315 quia
3075 2248 3200 2301 dum
3248 2250 3526 2318 propheta:

1956 2331 2129 2384 sancti
2165 2331 2216 2384 in
2245 2333 2423 2385 verbis
2445 2334 2557 2386 suis
2585 2335 2812 2388 invicem
2849 2335 2916 2388 de
2957 2335 3149 2391 futurae
3189 2347 3314 2392 tunc
3345 2339 3532 2395 Eccle-

1956 2421 2048 2474 site
2076 2431 2415 2475 sacramento
2441 2423 2794 2487 concordant,
2821 2435 2871 2478 et
2894 2425 3282 2495 subsequentes
3309 2437 3526 2496 aposto-

1955 2511 2034 2565 los
2083 2511 2411 2565 aniiﬁcantes
2440 2512 2734 2578 :edificant;
2773 2524 2827 2568 et
2861 2531 2980 2568 eum
3026 2531 3056 2568 a
3111 2518 3416 2586 semetipsis
3466 2518 3524 2574 in

1953 2601 2101 2656 nullo
2142 2603 2495 2669 dissentiunt,
2530 2604 2646 2658 illos
2677 2605 2730 2659 in
2777 2621 2834 2659 se
2885 2608 3156 2661 robustius
3185 2608 3368 2676 figunt.
3416 2607 3527 2665 Nec

1955 2691 2228 2746 immerito
2253 2692 2432 2756 bases,
2481 2695 2677 2762 quibus
2718 2697 2988 2764 prophetae
3032 2697 3342 2766 signantur,
3375 2706 3432 2750 ut
3458 2711 3524 2752 ex

1954 2789 2180 2851 argento
2217 2781 2449 2836 debeant
2490 2783 2639 2837 fundi
2686 2785 3014 2853 prmcipitur.
3061 2786 3280 2854 Argenti
3322 2787 3521 2857 quippe

1951 2873 2172 2928 claritas
2197 2889 2264 2928 ex
2293 2890 2390 2928 usu
2423 2883 2690 2938 servatur,
2722 2874 2837 2928 sine
2864 2890 2960 2926 usu
2996 2884 3173 2928 autem
3205 2875 3257 2928 in
3288 2875 3526 2945 nigredi-

1957 2979 2078 3018 nem
2104 2965 2347 3019 vertitur.
2374 2964 2762 3034 Prophetarum
2802 2979 3014 3034 quoque
3035 2966 3196 3030 dicta,
3237 2976 3524 3036 antequam

1955 3057 2249 3127 apostolica
2307 3056 2684 3126 praedicatione
2732 3055 3122 3121 elarescerent,
3172 3057 3296 3124 quia
3329 3058 3381 3110 in
3425 3072 3526 3111 usu

1950 3149 2246 3219 spiritualis
2274 3148 2636 3218 intelligentia:
2658 3162 2761 3202 non
2787 3156 2961 3210 erant,
2992 3147 3116 3200 dum
3143 3147 3379 3215 conspici
3410 3161 3522 3217 prae

1945 3241 2282 3294 obscuritate
2311 3236 2415 3293 non
2452 3249 2725 3310 poterant,
2753 3239 2906 3308 quasi
2957 3240 3106 3309 nigra
3151 3238 3518 3303 remanebant,

1949 3339 2004 3384 at
2043 3341 2322 3400 postquam
2354 3330 2660 3398 apostolica:
2691 3330 3090 3398 praedicationis
3121 3344 3309 3382 manus
3333 3329 3522 3382 vatici-

1949 3421 2034 3476 nia
2058 3422 2285 3475 obscura
2317 3421 2558 3484 detersit,
2606 3421 2863 3489 quidquid
2908 3419 3044 3472 lucis
3097 3418 3149 3471 in
3180 3418 3258 3472 eis
3287 3416 3514 3480 latebat,

1948 3513 2202 3566 inclaruit
2230 3526 2527 3580 sensusque
2549 3526 2738 3565 eorum
2768 3510 3023 3579 mysticos
3070 3507 3124 3562 in
3168 3523 3321 3562 usum
3352 3507 3519 3585 dedit,

1948 3601 2072 3669 quia
2105 3600 2266 3654 verba
2301 3598 2410 3666 jam
2441 3601 2598 3652 rebus
2629 3613 2749 3652 esse
2789 3598 3032 3667 exposita
3062 3597 3342 3666 perspicue
3387 3611 3522 3648 nun—

1948 3689 2125 3744 tiavit.
2150 3689 2276 3743 .lure
2301 3689 2464 3758 igitur
2493 3689 2877 3757 praecipiuntur
2916 3687 3028 3740 fieri
3058 3696 3112 3739 et
3143 3687 3298 3740 bases
3330 3699 3526 3754 argen-

1948 3793 2048 3844 tea:
2087 3794 2140 3839 et
2197 3784 2387 3839 tabula:
2441 3784 2730 3847 deaurata),
2769 3785 2892 3852 quia
2938 3782 3190 3837 videlicet
3233 3780 3521 3850 apostolica

1946 3875 2106 3946 305
2158 3884 2423 3945 przccepta
2466 3875 2850 3944 prephetarum
2908 3871 3141 3928 oraculis
3192 3871 3345 3942 longe
3399 3878 3523 3925 sunt

1946 3967 2194 4022 clariora.
3247 3990 3249 3992 ·
3497 4037 3500 4041 _

2020 4057 2088 4113 Ut
2111 4073 2238 4127 ergo
2280 4057 2345 4110 ad
2377 4056 2652 4126 superiora
2685 4055 2989 4118 redeamus,
3022 4069 3126 4107 non
3157 4053 3514 4133 incongruum

1947 4159 2031 4205 est
2063 4151 2104 4204 si
2135 4159 2190 4204 et
2216 4165 2343 4203 arca
2367 4159 2421 4203 et
2448 4150 2638 4202 domus
2683 4148 3006 4210 meretricis,
3053 4162 3174 4215 qua:
3221 4145 3520 4209 obsidetur,

1949 4254 2113 4294 unam
2144 4239 2496 4309 eamdemque
2541 4239 2845 4307 exprimere
2893 4236 3175 4290 videantur
3206 4235 3520 4298 Ecelesiam,

267 4353 416 4408 sunt,
441 4343 632 4399 mortis
653 4358 876 4397 evasere
903 4340 1234 4412 periculum;
1262 4339 1387 4408 quia
1416 4338 1840 4417 sicutintra_Ec-
1869 4350 1928 4414 Β
1949 4346 2071 4386 cum
2117 4329 2352 4399 ejusdem
2386 4328 2662 4391 Ecclesiae,
2714 4328 2854 4382 sicut
2900 4328 3104 4381 dictum
3152 4333 3283 4417 est,“
3307 4323 3521 4417 diversa

266 4433 492 4488 clesiam
519 4448 710 4487 omnes
737 4433 1010 4486 salvantur
1031 4430 1211 4498 electi,
1241 4430 1312 4484 ita
1352 4437 1502 4484 extra
1550 4428 1842 4484 Ecclesiant

266 4539 430 4581 nemo
451 4524 649 4596 poterit
670 4523 847 4578 salvus
871 4522 1116 4577 inveniri.

340 4613 450 4668 Sed
484 4597 717 4668 fortasse
743 4613 999 4682 qumritnr
1041 4612 1310 4682 quomodo
1334 4619 1388 4667 et
1415 4627 1563 4677 arca,
1603 4625 1722 4681 qua!
1751 4626 1844 4664 ur-

265 4702 389 4757 bem
441 4702 770 4757 circumiens
815 4701 1114 4766 obsidebat,
1147 4709 1200 4754 et
1237 4702 1427 4756 domus
1468 4700 1682 4763 Rahab,
1727 4713 1846 4769 qua:

266 4792 436 4864 ipsius
486 4791 760 4846 mtenibus
802 4790 1126 4854 inhaerebat,
1175 4797 1403 4858 utraque
1448 4789 1702 4843 nimirum
1761 4804 1848 4842 res

265 4899 431 4939 unam
461 4885 704 4954 designat
737 4883 1028 4937 Ecclesiam
1051 4921 1065 4945 ,
1113 4896 1232 4934 cum
1275 4897 1401 4936 arca
1429 4880 1673 4935 videlicet
1701 4880 1845 4935 obsi—

268 4974 391 5028 deat
418 4982 471 5028 et
505 4981 804 5042 eXpugnet;
835 4973 1022 5028 domus
1076 4980 1252 5023 autem
1292 4971 1539 5025 videatur
1579 4969 1846 5024 obsessa?

268 5064 374 5120 Sed
401 5065 516 5120 haec
547 5063 764 5134 questio
806 5061 961 5118 facile
1005 5059 1254 5124 solvitur,
1283 5061 1326 5116 si
1358 5059 1413 5112 in
1454 5059 1713 5113 membris
1745 5058 1845 5113 Ec-

267 5155 464 5222 clesite,
494 5169 621 5225 quae
647 5153 718 5207 sit
738 5153 1043 5215 diversitas,
1078 5150 1344 5206 subtiliter
1374 5149 1703 5233 attendatur.
1737 5150 1842 5206 Ec-

266 5246 424 5298 elesia
454 5256 694 5298 namque
713 5254 976 5298 exanimat
1020 5238 1334 5298 Ecclesiam.
1377 5251 1501 5290 cum
1530 5241 1843 5298 mardioato—

1951 4421 2060 4477 sint
2093 4421 2356 4483 membra,
2382 4420 2486 4473 alia
2511 4419 2761 4474 videlicet
2782 4432 2876 4487 per
2899 4425 3098 4470 sanctae
3121 4411 3524 4482 praedicationis

1949 4513 2210 4567 ambitum
2239 4511 2558 4572 obsidentia,
2591 4511 2691 4564 alia
2717 4524 2745 4562 a
2773 4523 2883 4561 sure
2909 4506 3260 4569 infidelitatis,
3284 4503 3366 4558 vel
3394 4518 3520 4573 pra-

1948 4602 2136 4655 vitatis
2163 4600 2456 4654 munimine
2482 4599 2674 4653 salutis
2709 4597 2966 4652 doctrina:
2996 4595 3193 4665 jaeulis
3220 4595 3520 4659 obruenda,

1952 4691 2054 4746 alia
2074 4690 2184 4761 jam
2213 4688 2531 4750 domestica,
2556 4688 2660 4740 alia
2683 4687 2856 4742 adhuc
2883 4702 2978 4755 per
3005 4685 3342 4739 aversionem
3368 4683 3522 4753 pravi

1951 4782 2130 4851 operis
2153 4781 2347 4834 aliena.
2364 4778 2517 4832 Hunc
2540 4779 2592 4831 in
2621 4778 2984 4832 testimonium
3013 4773 3311 4846 spiritualis
3335 4785 3526 4843 pugnce

1949 4871 2257 4928 conﬂictum
2288 4869 2454 4924 lsaias
2500 4865 2611 4935 jam
2657 4869 3000 4929 odoraverat,
3049 4881 3195 4926 cum,
3239 4869 3529 4932 postquam

1949 4963 2249 5019 Salvatoris
2279 4960 2568 5014 adventum
2617 4959 2900 5028 perspicue
2931 4955 3332 5029 descripsisset,
3359 4956 3536 5024 proli;

1947 5069 2052 5111 nus
2077 5054 2316 5109 addidit:
2347 5069 2364 5101 ι
2385 5049 2450 5103 Ει
2474 5064 2569 5103 cor
2595 5049 2814 5122 Egypti
2840 5047 3077 5102 tabescet
3107 5052 3160 5105 in
3196 5045 3376 5100 medio
3391 5045 3536 5119 ejus,

1947 5156 2004 5201 et
2035 5157 2360 5203 concurrere
2393 5140 2587 5194 faciam
2619 5141 2904 5212 Egyptios
2931 5139 3200 5197 adversus
3223 5136 3538 5206 Egyptios,

1947 5244 2004 5290 et
2027 5227 2288 5298 pugnabit
2317 5232 2400 5285 vir
2425 5240 2613 5285 contra
2648 5232 2872 5285 fratrem
2920 5243 3104 5296 suum,
3135 5217 3192 5286 et
3226 5227 3308 5280 vir
3340 5225 3540 5282 contra
