3978 5328
479 187 580 245 837

1078 191 1135 247 S.
1177 192 1381 247 PETRI
1406 192 1689 249 ΒΑΜΞΔΝΙ
1724 194 1875 251 OPP.
1906 194 2050 250 PAR:

2155 193 2243 250 EU
2287 192 2523 252 TOMUS
2561 196 2619 251 ll.
2652 225 2723 237 —
2758 195 3142 254 SERMONES.

3618 191 3732 251 82.3

482 317 626 366 nem,
658 299 855 356 fratres
881 300 1205 367 cbarissimi,
1240 305 1310 358 de
1347 305 1620 373 pereuntis
1644 302 1861 360 Jerieho
1886 306 2055 360 simus
2081 307 2132 367 Α
2158 302 2662 373 hominumpestes,
2693 304 2787 374 qui
2832 305 2956 360 dum
2986 305 3430 376 philosophorum
3460 313 3645 360 sectas
3674 306 3733 359 in

483 390 943 446 internecionibus
971 391 1134 455 eruti,
1183 392 1292 448 imo
1335 394 1402 447 de
1436 393 1707 448 subversae
1738 393 2054 465 gentilitatis

480 500 503 537 ί
516 482 692 538 xcidio
711 482 967 536 divinitus
986 481 1217 546 liberati,
1235 498 1341 537 non
1364 498 1649 553 gravemur
1662 484 1826 539 duces
1842 492 2056 538 nostros

482 574 758 642 subsequi,
799 587 905 641 quo
948 572 1290 641 prtecedunt;
1323 588 1427 627 non
1474 573 1723 629 videatur
1768 589 2055 631 onerosum

481 665 739 735 quidquid
765 664 919 720 nobis
955 680 1052 734 pro
1083 675 1265 720 nostra
1296 666 1468 721 salute
1497 668 1831 736 praecipiunt.

552 755 691 810 Ecce
739 755 880 812 beati
930 755 1155 825 apostoli
1201 754 1395 811 Petrus
1441 767 1496 812 et
1522 757 1766 812 Andreas
1796 759 1863 815 ad
1891 774 2056 815 unum

484 843 693 899 Domini
729 844 967 914 jubentis
1012 845 1317 914 imperium,
1369 863 1475 901 non
1521 846 1905 907 dubitaverunt
1936 868 2057 921 quat

481 935 831 1009 possidebant
857 946 1052 990 cuncta
1077 936 1402 1006 relinquere.
1426 946 1487 991 ut
1514 940 1744 995 terrenis
1769 956 2054 999 mereren-

484 1035 573 1079 tur
616 1024 857 1080 cmlestia
895 1034 1225 1096 permutare.
1269 1027 1555 1083 Dimittunt
1599 1044 1718 1098 quae
1747 1045 1858 1099 prae
1885 1032 2057 1088 oculis

482 1127 632 1182 sunt,
658 1128 715 1171 ut
748 1117 1035 1174 invisibilia
1082 1119 1220 1173 bona
1266 1119 1550 1188 recipiant.
1591 1120 1928 1191 P0stpouunt
1960 1123 2058 1177 ha-

480 1209 617 1275 bita,
661 1210 729 1263 ad
760 1219 974 1278 sperata
1013 1210 1345 1281 pertiugunt,
1378 1212 1444 1264 ad
1474 1227 1696 1281 regnum
1726 1228 1823 1283 per
1852 1214 2056 1285 suppli-

482 1300 626 1355 cium
657 1307 960 1358 transeunt,
990 1302 1057 1354 ad
1085 1310 1299 1355 aeterna:
1326 1301 1449 1355 vitze
1475 1304 1669 1372 gaudia
1694 1319 1791 1372 per
1814 1319 2056 1359 momen-

484 1398 702 1444 taneum
747 1389 927 1445 crucis
965 1389 1260 1459 patibulum
1291 1392 1675 1460 provehuntur.
1707 1390 1845 1447 Nihil
1873 1392 1974 1447 sibi
2001 1392 2052 1447 in

480 1480 910 1552 peregrinatione
938 1490 1235 1543 reservant,
1258 1490 1315 1535 ut
1334 1482 1710 1551 pervenientes
1729 1483 1793 1536 ad
1822 1483 2052 1551 patriam

481 1566 664 1621 omnia
692 1560 849 1620 simul
876 1565 1169 1620 inveniant.
1206 1563 1358 1620 Unde
1394 1581 1517 1621 cum
1551 1567 1656 1622 illis
1682 1583 1778 1638 per
1803 1569 2058 1623 immuta-

2155 390 2454 447 Ecclcsiam
2481 393 2660 447 conati
2691 402 2816 448 sunt
2861 394 3222 458 introducere,
3270 394 3404 448 iram
3451 393 3547 448 Dei
3596 411 3738 465 quo-

2155 480 2440 535 dammodo
2481 497 2643 553 super
2672 492 2850 538 castra
2881 482 3047 538 Israel
3089 482 3191 562 visi
3235 492 3361 537 sunt
3406 497 3731 553 provocare.

2156 569 2264 627 Sed
2296 572 2333 625 ii
2357 572 2533 627 obruti
2561 580 2834 627 suntcum
2877 573 3064 628 Achan
3103 572 3205 628 sub
3242 588 3436 627 acervo
3466 571 3732 641 lapidum,

2154 661 2276 730 quia
2292 661 2531 731 Oppressi
2547 671 2669 717 sunt
2686 661 3078 716 immanissimo
3099 660 3335 730 pondere
3355 673 3733 730 peccatorum.

2226 749 2333 806 Nos
2361 761 2563 818 autem,
2609 751 2810 807 fratres
2837 750 3163 816 charissimi,
3216 751 3340 821 quia
3384 750 3736 822 philosOpliia

2153 850 2339 899 nostra
2385 841 2637 897 Christus
2681 853 2762 898 est
2817 852 2871 897 et
2920 840 3008 897 hic
3048 841 3359 907 cruciﬁxus,
3409 850 3579 911 atque
3606 841 3737 897 ideo

2154 934 2444 1004 magistros
2494 934 2775 999 habemus,
2829 936 2934 989 non
2964 943 3230 998 oratores,
3266 934 3361 987 sed
3408 932 3735 1003 piscatores,

2155 1037 2261 1078 non
2293 1032 2539 1080 versutos
2563 1035 2618 1079 et
2644 1024 2976 1095 eloquentes,
3021 1025 3115 1081 sed
3142 1025 3300 1080 mites
3340 1039 3406 1080 ac
3433 1024 3734 1094 simplices,

2156 1112 2515 1184 despiciamus
2546 1114 2863 1183 sapientiam
2889 1129 3006 1184 quae
3026 1122 3224 1179 caecat;
3251 1123 3578 1184 appetamus
3601 1114 3740 1168 stul-

2156 1205 2327 1260 titiam
2372 1221 2493 1275 quae
2542 1207 2812 1263 discentes
2862 1207 3149 1263 illuminat.
3203 1226 3222 1260 ι
3265 1207 3401 1277 Quia
3455 1208 3626 1276 enim,
3676 1218 3736 1263 ut

2153 1295 2442 1366 Apostolus
2472 1297 2569 1363 ait,
2603 1313 2708 1353 non
2737 1299 2989 1368 cognovit
3021 1298 3254 1354 mundus
3283 1314 3380 1369 per
3405 1299 3733 1368 sapientiam

2156 1389 2345 1455 Deum,
2395 1390 2590 1460 placuit
2629 1407 2727 1461 per
2772 1392 3053 1447 stultitiam
3100 1391 3503 1462 przedieatioais
3554 1391 3739 1447 salvos

2155 1476 2336 1532 facere
2365 1479 2648 1533 credentes
2684 1478 2734 1550 (1
2766 1477 2888 1533 Cor.
2917 1480 2978 1549 l).
3002 1498 3025 1532 ι

2227 1568 2531 1624 Teneamus
2568 1571 2732 1643 igitur
2773 1572 2826 1626 in
2875 1586 2972 1626 sua
3026 1571 3265 1642 puritate
3319 1571 3651 1635 doctrinam,
3679 1581 3735 1626 et

476 1657 682 1733 tionem
715 1657 953 1710 dextera:
978 1656 1188 1711 Execlsi
1223 1657 1325 1711 hoc
1354 1656 1551 1712 factum
1581 1668 1682 1722 est,
1713 1668 1771 1713 ut
1799 1660 1890 1729 qui
1926 1668 2054 1714 tunc
2082 1646 2127 1705 Β
2155 1665 2321 1714 rectas
2342 1658 2470 1714 fidei
2497 1660 2850 1715 adhibeamus
2882 1662 3063 1730 operis
3085 1660 3406 1715 efﬁcaciam.
3436 1660 3735 1715 Enatemus

481 1745 674 1814 abjecti
707 1746 1030 1800 videbantur
1075 1754 1129 1800 et
1159 1746 1409 1812 humiles,
1440 1764 1582 1803 nunc
1635 1749 1937 1821 animarum
1965 1747 2061 1816 ju-
2152 1747 2510 1820 procellosum
2557 1751 2840 1806 mandante
2890 1750 3316 1819 perturbationis
3365 1750 3611 1805 ﬁuctum.
3654 1751 3739 1805 lu-

480 1834 629 1888 dices
663 1843 717 1888 et
754 1833 990 1890 caelestis
1030 1834 1141 1889 sint
1167 1837 1332 1890 curiae
1362 1849 1659 1892 senatores.
1690 1835 1839 1892 Tune
1867 1836 2052 1892 vilium

478 1937 818 1993 possessores
846 1926 1066 1989 retium,
1095 1941 1239 1981 nunc
1278 1927 1330 1980 in
1362 1929 1545 1998 regnis
1579 1929 1890 1984 ctelestibus
1914 1929 2057 1985 obti-

476 2022 612 2087 nent
640 2015 825 2086 gloria:
862 2016 1246 2086 principatum.
1299 2018 1364 2072 Et
1408 2035 1544 2089 quos
1572 2021 1625 2074 in
1679 2032 1820 2076 terra
1848 2023 2055 2094 positos

480 2102 596 2172 ipsa
630 2114 962 2158 terrenarum
1010 2121 1192 2159 rerum
1248 2109 1402 2176 copia
1453 2110 1791 2177 destituerat,
1835 2126 1977 2167 nunc
2000 2121 2055 2168 et

481 2199 649 2253 totius
673 2200 823 2255 orbis
864 2203 1233 2256 monarcbiam
1289 2211 1472 2255 leuent
1516 2211 1572 2256 et
1613 2203 1665 2255 iu
1712 2204 1800 2257 illa
1848 2203 2054 2259 cmlesti

481 2287 816 2344 Hierusalem
876 2289 1176 2359 iudiciariae
1235 2293 1519 2363 potestatis
1570 2292 1698 2349 solis
1742 2296 2054 2363 praesident.

480 2380 690 2456 Quique
713 2383 941 2437 extremi
970 2398 1107 2453 pene
1149 2382 1363 2438 fuerant
1410 2384 1709 2449 hominum,
1742 2400 1884 2439 nunc
1926 2401 2056 2441 cun-

481 2473 628 2527 cives
664 2481 790 2526 sunt
831 2483 884 2528 et
928 2475 1218 2546 participes
1248 2474 1582 2542 angelorum.
1615 2475 1744 2529 Boni
1786 2475 2053 2545 siquidem

478 2564 722 2633 magistri
745 2572 799 2617 et
827 2564 967 2635 grati
1013 2567 1436 2623 remuneratoris
1483 2568 1759 2623 adhaesere
1788 2568 2051 2640 vestigiis,

479 2655 571 2724 qui
617 2656 696 2710 eis
747 2672 935 2711 aurum
981 2672 1079 2727 pro
1125 2672 1304 2727 caeno,
1355 2667 1547 2714 cuncta
1580 2675 1681 2732 pro
1730 2661 1922 2726 nihilo,
1955 2677 2053 2731 pro

481 2746 719 2803 tenebris
748 2748 941 2813 lucem,
966 2765 1061 2820 pro
1082 2752 1293 2805 somnio
1324 2752 1559 2807 reddidit
1586 2755 1890 2809 veritatem.
1921 2753 2052 2821 Qui-

479 2835 581 2890 bus
617 2837 870 2892 nimirum
916 2848 970 2894 et
1022 2841 1073 2893 in
1121 2840 1260 2896 coelo
1303 2841 1418 2912 ipse
1460 2844 1530 2898 sit
1576 2846 1879 2911 praemium,
1908 2854 1963 2899 et
1996 2844 2052 2903 in

484 2925 642 2978 terris
671 2940 883 2995 quoque
907 2929 1145 2983 omnium
1173 2928 1390 2997 subiicit
1417 2930 1541 2998 jura
1573 2947 1880 3001 regnorum.

553 3010 659 3070 Per
689 3015 827 3070 hanc
847 3031 974 3086 ergo
999 3018 1161 3081 viam,
1190 3017 1383 3075 fratres
1410 3019 1535 3084 mei,
1559 3034 1665 3089 qua
1693 3036 1789 3076 nos
1817 3036 2049 3091 praeces-

482 3114 625 3165 sere,
655 3115 967 3172 sequamur,
998 3105 1041 3158 si
1071 3105 1217 3170 illuc,
1258 3107 1349 3160 ubi
1380 3116 1526 3174 sunt,
1567 3108 1877 3180 pertingere
1904 3110 2056 3165 volu-

482 3207 621 3247 mus.
648 3192 776 3249 Post
801 3196 900 3252 bos
926 3197 1108 3268 itaque
1132 3208 1276 3256 recta
1302 3201 1388 3256 via
1421 3203 1751 3271 gradientes,
1782 3204 1860 3259 sic
1892 3205 2055 3259 relin-

481 3297 709 3351 quamus
730 3285 969 3355 Jericho,
1005 3305 1195 3345 eorum
1225 3291 1506 3347 obsidione
1536 3291 1871 3348 submersam
1906 3294 2054 3367 [sub-

479 3376 716 3450 versam]
768 3388 928 3450 atque
969 3382 1320 3451 destruczam,
1363 3394 1419 3439 ut
1451 3401 1788 3456 nequaquam
1838 3386 1904 3442 de
1938 3386 2053 3454 ejus

480 3465 827 3522 anathemate
879 3469 1080 3540 aliquid
1138 3487 1482 3544 usurpemus.
1539 3474 1796 3530 Prohibet
1858 3490 2053 3545 nempe

478 3550 638 3609 Jesus
668 3555 758 3612 ille
790 3555 957 3626 Nave,
990 3576 1055 3616 ne
1104 3562 1171 3617 de
1219 3563 1564 3620 facultatibus
1604 3563 1821 3620 Jericlto
1858 3567 2050 3636 aliquis

480 3647 828 3715 concupiscat
871 3649 1008 3721 (Jac.
1056 3652 1152 3723 vi).
1186 3653 1343 3709 Vetat
1382 3666 1438 3710 et
1465 3666 1651 3712 noster
1674 3655 1853 3723 Jesus,
1896 3668 2049 3714 vetus

477 3735 663 3804 utique
690 3736 958 3805 Salvator,
981 3750 1039 3796 ut
1064 3758 1221 3797 nemo
1245 3757 1308 3798 ea
1334 3761 1453 3815 qua:
1476 3747 1662 3801 mundi
1687 3759 1812 3802 sunt
1839 3748 2047 3819 diligat.

483 3845 503 3878 ι
534 3826 725 3894 Nolite,
742 3829 932 3900 inquit,
945 3833 1106 3904 306
1122 3836 1487 3893 tbesauriaare
1513 3840 1665 3894 vobis
1689 3841 1973 3897 thesauros
1990 3842 2044 3897 in

479 3926 625 3971 terra
662 3919 876 3988 (Matth.
904 3926 1000 3991 vn).
1029 3942 1047 3975 ι
1074 3924 1139 3978 Ει
1168 3940 1263 3994 per
1282 3928 1579 3997 apostolum
1609 3946 1763 3985 suum
1790 3949 1804 3985 :
1833 3950 1851 3982 α
1876 3930 2050 3989 Nolite

478 4005 701 4079 diligere
754 4011 1036 4079 mundum,
1071 4029 1247 4085 neque
1294 4032 1357 4072 ea
1414 4033 1534 4087 quae
1586 4019 1638 4073 in
1691 4022 1892 4077 mundo
1922 4030 2050 4077 sunt

479 4096 533 4166 (l
552 4096 793 4171 Joan.t).
816 4121 835 4153 ι
855 4100 970 4157 Non
1001 4119 1129 4174 ergo
1152 4107 1219 4161 ad
1248 4108 1549 4177 exemplum
1580 4110 1810 4166 infelicis
1838 4113 2045 4183 Achan,

477 4184 546 4241 de
563 4187 906 4244 anathemate
925 4190 1137 4246 Jericho
1159 4195 1359 4264 aliquid
1378 4196 1468 4269 def
1470 4199 1754 4254 raudemus
1767 4200 1823 4271 (.l
1827 4219 1904 4256 os.
1921 4202 2047 4274 vn),

477 4286 538 4330 ut
563 4277 814 4334 videlicet
834 4280 966 4336 nihil
991 4298 1055 4336 ex
1079 4283 1352 4340 dissolutis
1379 4289 1660 4343 mundanae
1678 4292 2044 4346 conversatio-

476 4370 562 4426 nis
614 4370 874 4440 moribus,
928 4374 1225 4445 disciplinis
1279 4364 1665 4436 ecclesiaSticis
1718 4382 2042 4437 inseramus.

475 4461 590 4518 Non
618 4464 926 4522 auferamus
951 4467 1191 4537 pallium,
1223 4477 1281 4524 ut
1323 4479 1444 4540 post
1493 4472 1861 4529 indumentum
1896 4473 2044 4539 ﬁdei,

471 4555 675 4610 cultum
723 4560 1198 4615 conversatiouum
1241 4548 1591 4635 saecularium
1617 4564 1929 4621 nullatenus
1957 4565 2041 4620 in-

470 4643 719 4703 duamus.
751 4645 867 4702 Non
894 4651 1103 4719 argenti
1133 4651 1315 4717 siclos,
1346 4662 1402 4707 ut
1426 4638 1515 4724 qui
1538 4665 1799 4710 aeternum
1832 4656 2044 4710 thesau-

472 4749 591 4791 rum
624 4735 675 4797 in
706 4737 845 4793 ctelo
871 4741 1229 4806 recoudimus,
1260 4743 1462 4798 nullam
1496 4746 1849 4815 temporalem
1877 4761 2039 4816 pecu-

471 4825 617 4880 niam
655 4841 754 4897 per
794 4830 1139 4887 ambitionem
1189 4833 1242 4887 in
1278 4835 1498 4889 sudario
1539 4818 1885 4905 reponamus.
1922 4835 2038 4890 Non

470 4914 705 4988 denique
757 4921 996 4988 regulam
1051 4939 1293 4989 auream,
1342 4934 1400 4980 ut
1433 4927 1484 4981 in
1515 4908 1810 5005 Ecclesiam
1837 4927 2040 4982 Christi

471 5018 581 5087 non
625 5017 880 5063 accurata
923 5010 1327 5067 iutroducamus
1364 5015 1737 5069 luereticorum
1766 5014 2038 5085 dogmata,

474 5105 582 5173 non
638 5093 893 5148 trutinata
946 5099 1385 5169 philosotiborum
1445 5112 1597 5157 acute
1648 5102 2036 5173 disputantium

471 5170 676 5243 studia,
723 5180 1119 5263 velrpuetarum
1148 5188 1430 5244 elaborata
1474 5170 1751 5259 ﬁgmenta:
1792 5191 1917 5246 llazc
1956 5199 2040 5246 est

470 5271 616 5324 enim
642 5285 806 5325 aurea
836 5271 927 5326 illa
954 5275 1158 5328 regula.
1184 5276 1365 5328 limato
1395 5279 1645 5328 videlicet
1684 5290 1846 5328 atmte
1874 5276 2039 5328 nolim

2068 4329 2122 4390 Β

2098 4372 2121 4405 ⁷
2149 4387 2336 4449 regnat
2360 4393 2456 4449 per
2476 4378 2653 4431 omnia
2686 4376 2877 4431 sarcula
2910 4374 3249 4430 szeculorum.
3277 4372 3477 4428 Amen.

2153 1838 2295 1895 cludi
2329 1834 2491 1896 libeat
2519 1848 2789 1896 tantorum
2821 1841 3025 1897 retibus
3052 1842 3404 1913 piscatorum.
3434 1840 3730 1896 Incalescal

2154 1946 2251 1987 cor
2276 1942 2523 1988 nostrum
2559 1934 2626 1989 ad
2673 1943 2782 1989 tam
2825 1944 3089 2005 prompta
3115 1934 3457 1997 obedientiae,
3492 1942 3599 1986 tam
3631 1931 3717 1987 fer-

2151 2021 2481 2077 ventissime
2506 2024 2808 2078 devotionis
2855 2023 3180 2095 exemplum,
3212 2032 3266 2079 et
3295 2024 3437 2093 quod
3481 2023 3739 2077 doctores

2153 2119 2369 2166 nostros
2404 2114 2648 2169 novimus
2676 2122 2804 2169 tunc
2832 2113 3047 2181 fecisse,
3087 2116 3188 2184 ipsi
3216 2115 3375 2169 etiam
3404 2114 3589 2168 divina
3619 2114 3731 2183 opi-

2154 2199 2362 2256 tulante
2383 2201 2690 2268 clementia,
2723 2204 3038 2259 Studeamus
3076 2203 3319 2275 implere.
3367 2202 3509 2258 Ecce
3549 2203 3734 2257 beatos

2152 2287 2371 2356 fratres,
2401 2290 2619 2347 Petrum
2644 2292 2892 2348 videlicet
2918 2301 2972 2347 et
2993 2292 3284 2357 Andream,
3315 2306 3596 2362 mmquam
3616 2301 3729 2361 post

2154 2383 2561 2437 conversionem
2586 2383 2812 2454 legimus
2842 2382 3047 2439 carnali
3079 2384 3309 2453 quadam
3331 2380 3733 2437 necessitddine

2154 2471 2371 2528 sibimet
2407 2473 2637 2529 invicem
2687 2473 3008 2529 familiarius
3034 2475 3343 2538 adluesisse,
3378 2489 3542 2543 quam
3573 2482 3732 2528 caete-

2150 2550 2250 2630 ris,
2298 2581 2403 2621 non
2427 2565 2638 2622 arctius
2686 2566 2827 2622 inter
2871 2583 2928 2622 se
2965 2577 3149 2623 mutuo
3177 2567 3578 2622 confmderatos
3605 2565 3731 2620 afe-

2153 2663 2285 2719 ctu,
2334 2669 2440 2708 non
2492 2654 2706 2709 easdem
2758 2655 3064 2724 provincias
3102 2654 3503 2726 praedicationis
3558 2655 3727 2725 gratia

2153 2746 2501 2811 consortitos,
2532 2756 2609 2812 et,
2639 2755 2697 2802 ut
2738 2747 2909 2818 magis
2937 2756 3179 2817 stupeas,
3208 2763 3313 2801 non
3342 2746 3575 2801 moleste
3613 2744 3726 2800 tulit

2151 2838 2393 2893 Andreas
2420 2836 2561 2908 quod
2591 2840 2642 2893 in
2669 2837 2774 2893 ﬁde
2813 2838 3042 2908 primus,
3090 2836 3261 2891 factus
3300 2848 3382 2892 est
3408 2835 3621 2889 ordinis
3651 2834 3727 2887 di-

2154 2930 2359 3000 gnitate
2384 2929 2682 2994 secundus;
2711 2942 2810 2983 nec
2841 2927 2957 2982 zelo
2992 2926 3186 2982 ductus
3214 2935 3316 2992 est,
3344 2925 3488 2995 quod
3516 2924 3724 2987 Petrus,

2159 3019 2249 3089 qui
2271 3018 2387 3088 ejus
2409 3019 2606 3073 ducatu
2627 3019 2897 3089 posterior
2920 3018 3170 3083 credidit,
3193 3017 3454 3087 cujusque
3477 3016 3547 3071 ad
3573 3013 3727 3068 ﬁdem

2158 3108 2272 3179 ipse
2293 3111 2521 3178 praevius
2553 3108 2673 3174 fuit,
2700 3110 2970 3178 prioratus
2996 3118 3173 3163 tamen
3207 3108 3349 3163 inter
3379 3120 3577 3162 omnes
3601 3121 3727 3175 apo-

2154 3202 2322 3257 stolos
2359 3199 2481 3270 jura
2535 3200 2792 3271 suscepit.
2844 3199 2994 3255 llanc
3049 3214 3243 3270 nempe
3294 3196 3727 3253 mortiﬁcationis

2156 3289 2391 3361 regulam
2418 3290 2585 3343 oculis
2632 3287 2831 3344 nostris
2870 3303 3136 3359 supernus
3168 3289 3427 3358 magister
3456 3288 3729 3358 apposuit,

2153 3380 2294 3434 hanc
2320 3378 2475 3434 nobis
2518 3394 2660 3433 verte
2689 3377 3014 3433 humilitatis
3046 3392 3310 3441 normam,
3345 3392 3443 3446 per
3472 3390 3638 3444 quam
3669 3375 3727 3427 il-

2152 3470 2264 3526 lum
2294 3479 2439 3526 recta
2466 3470 2551 3525 via
2579 3484 2950 3540 sequeremur,
2971 3468 3237 3523 exhibuit.
3267 3467 3324 3521 lu
3351 3466 3461 3521 illis
3495 3479 3732 3534 namque

2152 3562 2342 3633 primis
2370 3560 2664 3630 discipulis,
2696 3575 2831 3630 quos
2858 3568 2913 3615 et
2954 3559 3138 3614 mundi
3188 3558 3440 3613 doctores
3466 3557 3725 3619 instituit,

2150 3653 2389 3709 omnium
2435 3652 2693 3705 virtutum
2746 3651 2973 3705 formam
3024 3649 3300 3720 signanter
3341 3648 3619 3718 expressit
3671 3656 3728 3699 ut

2151 3732 2321 3815 usque
2350 3743 2416 3798 ad
2444 3743 2962 3797 consummationem
2989 3738 3167 3794 saeculi
3200 3741 3575 3810 unusquisque
3598 3737 3725 3791 ﬁde-

2150 3835 2281 3889 lium
2313 3834 2378 3888 ad
2402 3848 2493 3888 eos
2523 3831 2841 3887 imitationis
2866 3829 3051 3886 oculos
3081 3829 3299 3900 dirigat,
3328 3837 3382 3883 et
3408 3843 3508 3898 per
3532 3843 3731 3884 eorum

2150 3928 2423 3985 tramitem
2465 3927 2792 3982 neutrolibet
2824 3925 3227 3980 exorbitaturus
3266 3922 3501 3986 incedat,
3534 3931 3724 3991 quate-

2148 4037 2249 4078 uus
2278 4019 2504 4075 tenendo
2529 4019 2715 4073 vitales
2744 4016 3027 4073 allluentize
3069 4015 3231 4087 307
3260 4014 3401 4071 rivos
3431 4014 3723 4084 pervenia-

2149 4126 2269 4166 mus
2296 4111 2363 4164 ad
2390 4109 2615 4175 fontem,
2643 4107 2917 4176 sequendo
2947 4107 3144 4161 milites
3182 4113 3328 4158 recto
3361 4103 3563 4158 itinere
3592 4118 3714 4172 per-

2148 4200 2409 4255 ducamur
2462 4199 2527 4254 ad
2578 4213 2791 4268 regem,
2856 4195 3039 4253 Iesum
3101 4195 3373 4251 Christum
3430 4194 3725 4248 Dominum

2149 4300 2412 4354 nostrum,
2444 4291 2532 4357 qui
2580 4302 2700 4342 cum
2743 4288 2903 4342 Patre
2930 4298 2985 4342 et
3031 4286 3230 4357 Spiritu
3280 4293 3470 4340 sancto
3513 4283 3646 4337 vivit
3669 4290 3721 4336 et

2701 4467 2932 4525 SERMO
2979 4467 3155 4522 LVlll.

2296 4579 2354 4617 ιι.
2390 4577 2456 4616 bs
2494 4576 2539 4616 s.
2577 4576 2783 4615 ANDBEA
2821 4573 3108 4613 APOSTOLO.
3146 4556 3273 4628 (xu
3300 4555 3561 4623 moveare.)

2211 4652 2279 4708 Et
2325 4654 2563 4724 quit-tum
2611 4652 2871 4713 studium,
2916 4662 2968 4704 et
3011 4659 3273 4703 attentum
3317 4649 3617 4713 silentium,
3662 4657 3715 4703 et

2146 4754 2293 4799 tanta
2353 4744 2486 4798 tanti
2517 4744 2620 4798 viri
2659 4741 2925 4798 festivitas
2978 4750 3220 4807 monent,
3250 4742 3360 4796 imo
3387 4742 3715 4811 compellunt

2147 4837 2344 4906 aliquid
2368 4837 2547 4894 dicere
2571 4835 2638 4891 ad
2666 4836 3052 4890 ostendendam
3077 4833 3298 4903 gloriam
3327 4834 3571 4898 deitatis,
3597 4835 3709 4904 glo—

2145 4928 2279 4983 riam
2331 4926 2639 4997 apostolicaa
2687 4926 2981 4997 dignitatis,
3028 4924 3383 4980 confessionis
3435 4925 3704 4980 virtutem.

2144 5017 2344 5072 Demus
2369 5016 2593 5086 gloriam
2639 5016 2813 5071 laudis
2853 5014 2970 5084 ejus
3012 5014 3185 5084 (Prol.
3229 5014 3377 5085 va),
3411 5030 3571 5083 quem
3600 5015 3707 5069 lau-

2145 5106 2275 5160 dant
2299 5120 2486 5160 omnes
2507 5114 2714 5177 gentes,
2756 5104 2846 5175 qui
2886 5104 3165 5159 ministros
3208 5118 3334 5158 suos
3367 5112 3426 5159 et
3452 5103 3705 5157 laudate!

2141 5196 2438 5251 laudabiles
2463 5196 2607 5250 facit.
2636 5196 2752 5267 Ipse
2778 5203 2877 5260 est,
2904 5194 2991 5250 cui
3024 5196 3280 5249 assistunt
3306 5195 3484 5265 angeli
3510 5194 3579 5247 ad
3615 5209 3703 5248 au-

2139 5285 2384 5328 diendam
2433 5300 2624 5328 amr-pm
2682 5299 2989 5328 sermonum
3040 5282 3156 5328 ein:
3209 5280 3381 5328 (Paul-
3431 5282 3560 5328 nni:
3617 5279 3700 5328 nni
