3978 5328
242 299 343 353 829

1577 287 1810 346 SEllMO
1849 292 2026 348 LVIII.

3372 292 3474 344 830

243 413 432 466 ﬂuctus
456 421 650 471 maris;
682 405 773 476 qui
805 403 930 459 fecit
958 402 1223 458 mirabilia
1250 401 1397 457 solus
1418 399 1592 473 (Ρωι.
1619 405 1800 471 uxr);
1835 407 1883 466 Α
1909 404 2116 457 deatur.
2149 400 2302 457 Unde
2332 417 2438 456 non
2469 401 2740 456 immerito
2787 401 2839 455 in
2884 401 3212 472 singularem
3239 410 3476 458 auctori-

242 500 294 554 iu
325 511 480 567 quem
507 494 816 550 desiderant
861 491 1034 562 angeli
1073 489 1402 560 prospicere.
1433 488 1551 559 Ipse
1579 498 1680 553 est,
1717 491 1808 558 qui

241 586 363 642 fecit
408 585 605 647 omnia,
650 582 794 637 etin
842 581 1092 634 omnibus
1134 595 1252 648 quae
1303 577 1446 640 fecit,
1479 592 1810 647 quaecunque

244 678 423 732 voluit.
473 676 608 730 Huic
657 675 882 736 servire,
933 687 1159 740 regnare
1204 681 1314 735 est;
1346 671 1434 740 qui
1465 671 1809 740 servivitpro

242 766 410 822 nobis
439 766 537 819 sub
575 763 733 829 dura,
760 772 815 817 et
855 761 1005 832 gravi
1061 760 1401 822 necessitate,
1432 769 1488 812 et
1516 773 1809 828 purpuram

241 871 348 910 suae
389 854 688 908 divinitatis
717 853 894 906 cilicio
925 859 1121 904 nostra:
1149 849 1492 904 mortalitatis
1534 848 1807 917 operiens,

240 958 456 1014 pauper,
501 951 556 997 et
610 942 888 996 mendicus
919 941 1064 994 venit
1113 940 1166 993 in
1217 940 1488 1007 regionem
1544 946 1804 992 nostram.

240 1034 482 1102 Nunquid
529 1048 633 1086 non
683 1032 840 1086 ludus
884 1031 1035 1084 vobis
1089 1029 1321 1093 videtur,
1369 1027 1804 1096 Judaei,pagani,

239 1123 493 1186 lia-retici,
519 1133 572 1176 et
593 1122 770 1177 omnis
794 1121 880 1174 illa
898 1120 1364 1181 subsannantium,
1387 1117 1495 1170 imo
1526 1116 1806 1170 insanien-

240 1217 365 1268 tium
397 1215 574 1277 turba,
608 1228 728 1267 cum
774 1211 1024 1274 dicimus,
1054 1209 1246 1263 Filium
1288 1207 1379 1262 Dei
1409 1223 1652 1268 carnem,
1682 1222 1808 1261 cru-

238 1320 368 1366 cem,
398 1314 650 1368 mortem,
695 1302 877 1358 clavos
915 1311 969 1356 et
1014 1301 1256 1355 lanceam
1303 1298 1598 1354 tolerasse?
1626 1297 1808 1353 Ludus

236 1394 474 1464 profecto
504 1402 608 1456 est,
636 1391 778 1446 unde
811 1390 891 1446 sic
925 1390 1080 1445 nobis
1124 1389 1341 1452 luditur,
1393 1397 1451 1441 ut
1492 1385 1644 1441 vobis
1687 1385 1808 1440 illu-

233 1485 427 1538 datur:

304 1573 505 1630 Unicus
534 1573 622 1627 ille
661 1572 888 1641 Sapiens
934 1571 1092 1642 hujus
1137 1571 1380 1640 mysterii
1428 1585 1532 1624 non
1585 1570 1805 1638 ignarus

235 1663 411 1718 ludum
459 1664 624 1718 istum
671 1663 898 1734 eleganti
945 1677 1194 1718 sermone
1231 1662 1485 1730 praelusit.
1521 1662 1802 1716 «Delecta-

1913 494 2040 546 tatis
2070 507 2246 545 arcem
2280 501 2529 561 suscepta
2579 500 2684 554 est,
2722 506 2884 560 quam
2913 491 3006 560 qui
3058 490 3307 546 viderunt
3337 492 3477 547 scri-

1909 591 2136 652 pserunt
2181 582 2298 637 orbi
2340 591 2396 637 et
2444 582 2676 637 ministri
2734 582 2886 638 fuere
2938 584 3224 638 sermonis.
3256 584 3480 660 Vocatio

1908 673 2044 742 ejus,
2075 674 2182 726 vita
2209 683 2262 728 et
2288 675 2468 744 passio
2492 675 2704 743 cognita
2733 682 2856 728 sunt
2882 675 3053 738 vobis,
3083 684 3136 729 et
3165 690 3326 740 nunc,
3350 675 3478 744 quid

1907 771 2153 832 superest
2191 772 2303 817 uta
2346 779 2432 818 me
2453 763 2682 833 amplius
2710 763 3067 833 exspectetis?
3097 763 3476 817 Verumtamen

1908 860 2090 905 monet
2136 866 2223 905 me
2264 851 2426 906 lectio
2467 853 2779 922 apostolica,
2809 861 2866 906 ut
2891 852 3278 922 aliquantisper
3319 851 3384 906 de
3412 866 3475 906 ea

1907 953 2100 997 vestrze
2129 945 2441 998 reverentia:
2491 944 2878 1014 colloquamur.
2927 944 3018 997 Ait
3056 944 3199 998 enim
3224 961 3240 1000 :
3268 963 3286 994 ι
3306 943 3478 998 Corde

1907 1035 2149 1090 creditur
2172 1036 2238 1089 ad
2257 1034 2547 1104 justitiam,
2573 1052 2668 1091 ore
2693 1047 2871 1090 autem
2912 1035 3182 1092 confessio
3215 1036 3274 1089 ﬁt
3297 1036 3365 1089 ad
3391 1050 3481 1089 sa-

1906 1122 2070 1178 lutem
2095 1125 2366 1196 (Rom.x).
2401 1145 2419 1178 »
2449 1125 2587 1182 Dicit
2610 1127 2752 1181 enim
2778 1127 3056 1196 Scriptura
3083 1145 3095 1180 :
3130 1147 3147 1178 ι
3172 1126 3359 1181 Omnis
3385 1127 3478 1196 qui

1905 1215 2081 1268 credit
2121 1215 2172 1269 in
2201 1216 2381 1280 illum;
2415 1232 2520 1270 non
2549 1215 2907 1272 confundetur
2934 1215 3066 1287 (lsa.
3097 1216 3273 1287 xviii).
3305 1235 3323 1268 ι
3351 1213 3476 1269 Tria

1906 1312 2180 1372 ponuntur
2209 1305 2316 1368 hic,
2344 1315 2399 1357 et
2435 1307 2595 1359 corde
2621 1307 2844 1360 credere
2887 1307 2954 1359 ad
2989 1304 3273 1372 justitiam,
3305 1313 3360 1358 et
3382 1320 3478 1360 ore

1905 1394 2149 1450 conﬁteri
2197 1397 2265 1449 ad
2295 1396 2544 1460 salutem,
2577 1407 2632 1450 et
2673 1398 2726 1450 in
2781 1396 2929 1450 illum
2959 1397 3200 1461 credere,
3232 1398 3284 1450 in
3317 1409 3476 1464 quem

1905 1485 1995 1552 qui
2027 1485 2318 1539 crediderit
2358 1501 2463 1539 non
2492 1486 2874 1540 confundetur.
2909 1484 3093 1539 Solum
3124 1501 3218 1539 cor
3245 1484 3478 1538 hominis

1905 1588 2075 1643 capax
2121 1583 2203 1629 est
2234 1574 2458 1629 rationis
2480 1584 2534 1630 et
2557 1575 2902 1643 susceptibile
2945 1574 3326 1645 mysteriorum
3357 1573 3474 1633 Dei.

1904 1662 2046 1730 quod
2078 1672 2360 1734 purgatum
2400 1672 2560 1732 atque
2587 1663 2812 1731 politum
2843 1663 3011 1732 ipsam
3039 1662 3334 1716 divinitatis
3355 1659 3480 1715 sub-

236 1756 346 1819 bar,
392 1755 591 1826 inquit,
634 1771 730 1826 per
756 1754 995 1824 singulos
1021 1755 1156 1819 dies,
1206 1754 1394 1808 ludens
1437 1770 1618 1808 coram
1652 1769 1715 1808 eo
1749 1754 1800 1807 in
1834 1750 1879 1809 Β
1907 1753 2180 1814 stantiam,
2208 1753 2308 1807 etsi
2332 1769 2435 1805 non
2460 1751 3251 1820 comprehendit,apprehendit
3281 1759 3478 1804 tamen.

235 1845 410 1898 orbem
443 1855 713 1900 terrarum
763 1844 947 1916 (Prov.
980 1843 1122 1914 vnn).
1145 1864 1162 1893 ι
1204 1843 1356 1898 Lusit
1399 1845 1596 1914 quippe
1622 1859 1802 1898 coram

238 1933 358 1996 Deo,
389 1949 516 1988 cum
548 1949 764 1988 carnem
795 1949 864 1988 ex
908 1933 1025 2001 ejus
1072 1943 1342 2002 pr:ecepto
1383 1933 1636 2001 suscepit,
1667 1942 1720 1988 et
1752 1933 1803 1986 in

235 2024 407 2076 orbem
431 2031 721 2087 terrarum,
751 2023 875 2093 quia
907 2023 973 2076 ad
999 2024 1418 2093 redemptionem
1446 2023 1594 2078 orbis
1627 2032 1804 2078 terra-

235 2127 360 2175 rum,
391 2113 691 2168 delectatus
721 2128 817 2182 per
840 2114 1080 2184 singulos
1109 2115 1243 2180 dies,
1279 2116 1331 2170 in
1380 2115 1605 2186 singulis
1648 2132 1805 2185 apos~

234 2201 349 2255 tolis
372 2200 721 2269 jucundatus,
749 2205 874 2258 dum
907 2204 995 2258 uni
1034 2205 1256 2258 tradidit
1287 2220 1510 2272 regnum
1541 2205 1802 2260 cmlorum

235 2290 434 2360 (Matth.
458 2292 599 2364 xvr),
622 2293 775 2348 alteri
799 2295 864 2348 de
884 2303 1100 2365 pectore
1119 2311 1218 2349 suo
1242 2296 1645 2350 reclinatorium
1677 2297 1804 2350 fecit

233 2377 400 2447 (Joan.
430 2381 578 2451 xm).
612 2399 631 2432 ι
654 2382 718 2436 Et
747 2383 949 2437 deliciae
991 2399 1124 2438 meae
1172 2400 1291 2438 esse
1321 2400 1442 2439 cum
1471 2387 1595 2439 ﬁliis
1633 2385 1800 2439 homi‘

231 2485 348 2524 num
370 2469 558 2542 (Prov.
590 2473 729 2543 vin).
752 2492 770 2524 ι
801 2473 1062 2528 Putabam
1091 2489 1210 2541 ego,
1237 2475 1463 2529 Domine
1484 2475 1632 2541 Jesu,
1659 2477 1801 2544 quod

231 2560 420 2617 delicia
447 2571 558 2617 tua:
586 2574 768 2618 essent
793 2580 897 2618 non
928 2580 1051 2618 cum
1077 2565 1202 2618 ﬁliis
1224 2565 1528 2626 hominum.
1555 2568 1646 2620 sed
1677 2583 1800 2622 cum

228 2651 396 2708 choris
441 2654 781 2724 angelorum,
829 2655 917 2709 ubi
952 2656 1249 2711 divinitatis
1281 2657 1449 2728 gloria
1502 2658 1713 2712 thronis
1747 2667 1801 2712 et

231 2743 585 2811 potestatibus
624 2745 992 2811 admirandus,
1029 2748 1366 2816 superiorum
1410 2749 1594 2806 oculos
1621 2764 1801 2804 rever-

230 2830 376 2886 beras
403 2843 744 2888 naturarum.
790 2834 864 2889 lbi
893 2835 1067 2892 lucem
1121 2837 1331 2893 habitas
1376 2839 1798 2894 inaccessibilem

232 2917 279 2985 (1
332 2919 462 2975 Tim.
502 2922 602 2992 vi),
649 2933 704 2978 et
749 2925 1209 2980 circumstantiam
1262 2928 1681 2983 clarissimorum
1720 2929 1800 2982 lu-

233 3010 424 3065 minum
473 3014 552 3067 tui
595 3014 814 3070 luminis
841 3017 1052 3087 obtegis
1095 3019 1392 3088 majestate.
1429 3018 1535 3074 Sed
1568 3021 1652 3074 illa
1687 3021 1796 3075 cle-

1909 1839 2014 1894 Cor
2041 1851 2123 1894 est
2150 1841 2200 1894 in
2233 1851 2472 1910 pectore,
2501 1841 2679 1895 anima
2713 1842 2764 1894 in
2807 1841 2988 1905 corde,
3021 1856 3174 1894 mens
3199 1841 3250 1893 in
3275 1841 3476 1901 anima,

1909 1932 2039 1984 fides
2068 1931 2120 1984 in
2153 1941 2348 1995 mente,
2397 1930 2642 1986 Christus
2699 1931 2750 1984 in
2785 1931 2907 1993 ﬁde,
2955 1939 3008 1984 et
3052 1930 3153 1984 hoc
3203 1945 3321 1983 esse
3351 1940 3479 1998 puto

1906 2021 2046 2088 quod
2070 2019 2199 2073 dicit
2222 2020 2510 2089 Apostolus
2534 2039 2545 2073 :
2571 2040 2588 2069 ι
2619 2019 2873 2075 Habitare
2901 2019 3173 2074 Christum
3198 2033 3298 2088 per
3319 2017 3478 2074 ﬁdem

1906 2109 1959 2163 in
1995 2109 2245 2164 cordibus
2270 2110 2463 2164 vestris
2492 2109 2710 2177 (Ephes.
2735 2109 2842 2173 ιιι).
2878 2129 2897 2162 ι

1974 2198 2085 2254 Hoc
2113 2200 2275 2270 igitur
2303 2200 2354 2254 in
2382 2201 2804 2254 meracissimam
2835 2200 3124 2269 cliquatum
3173 2207 3255 2252 est
3277 2200 3480 2268 purita-

1905 2298 2046 2356 tem,
2103 2307 2224 2345 cum
2277 2293 2457 2346 omnia
2509 2293 2767 2364 mysteria
2823 2292 3146 2346 Christiana:
3194 2292 3316 2346 fidei
3377 2291 3480 2346 ﬁde

1904 2382 2166 2452 principis
2193 2383 2536 2447 inconcussa,
2566 2383 2735 2438 nibiio
2768 2384 2860 2438 tibi
2892 2383 3280 2437 dubitationem
3313 2383 3473 2452 parit,

1903 2471 2024 2526 licet
2063 2488 2168 2526 non
2227 2473 2413 2527 videas
2451 2473 2738 2528 rationem.
2799 2472 2925 2527 llmc
2974 2482 3058 2528 est
3107 2480 3479 2526 consummata

1891 2563 2125 2633 justitia,
2154 2562 2391 2632 perfecta
2415 2564 2636 2628 veritas,
2668 2573 2721 2618 et
2747 2580 2871 2618 vera
2900 2563 3179 2632 perfectio,
3220 2563 3263 2617 si
3300 2573 3477 2616 tamen

1901 2654 2012 2708 oris
2037 2653 2302 2708 confessio
2327 2655 2710 2724 subsequatur.
2755 2653 2915 2708 Fides
2946 2654 3089 2707 enim
3139 2654 3320 2708 cordis
3362 2653 3478 2707 sine

1903 2744 2004 2797 ﬁde
2029 2745 2158 2808 oris,
2187 2755 2279 2798 aut
2304 2744 2449 2798 nulla
2469 2752 2572 2809 est,
2603 2753 2695 2798 aut
2722 2759 2908 2813 parva,
2929 2742 3207 2796 Salvatore
3234 2743 3474 2796 dicente:

1907 2851 1924 2882 ‹
1952 2832 2050 2898 Qui
2082 2848 2167 2886 me
2213 2833 2494 2888 erubuerit
2541 2842 2596 2888 et
2633 2849 2784 2888 meos
2812 2847 3115 2896 sermones,
3145 2831 3284 2885 hunc
3309 2831 3478 2885 Filius

1900 2921 2134 2976 hominis
2185 2924 2468 2977 erubescet
2518 2937 2701 2976 coram
2752 2921 3097 2988 angelis-Dei
3145 2919 3294 2991 (Luc.
3330 2921 3471 2987 ιθ.»

1901 3013 1966 3066 Ει
1992 3015 2250 3083 propheta
2277 3028 2292 3068 :
2323 3033 2342 3064 ι
2364 3014 2532 3069 Periit
2559 3014 2712 3079 ﬁdes,
2748 3014 2923 3068 ablata
2956 3024 3038 3068 est
3069 3013 3135 3068 de
3163 3029 3259 3067 ore
3289 3028 3476 3067 eorum

231 3102 554 3158 mentissima
588 3113 675 3159 tua
709 3106 881 3173 pietas
917 3116 973 3161 et
999 3108 1304 3178 benignitas
1350 3113 1619 3166 adoranda
1669 3113 1799 3166 deli-

1905 3102 2040 3171 (Jer.
2066 3105 2184 3171 vn).
2212 3122 2231 3156 ι
2279 3103 2394 3158 Non
2427 3104 2566 3158 dixit
2610 3104 2675 3158 de
2722 3103 2908 3167 corde,
2942 3102 3034 3157 sed
3086 3103 3150 3156 de
3201 3117 3316 3165 ore,
3348 3102 3476 3170 quia

231 3189 335 3246 cias
361 3208 487 3249 suas
507 3196 638 3250 dicit
669 3211 788 3252 esse
821 3213 943 3252 cum
971 3198 1092 3253 ﬁliis
1124 3201 1418 3256 hominum.
1446 3203 1533 3257 Isti
1561 3213 1685 3258 sunt
1707 3205 1798 3259 ﬁlii

229 3276 516 3348 hominum,
543 3285 635 3354 qui
659 3299 1011 3354 speraverunt
1037 3291 1136 3346 sub
1165 3292 1582 3363 tegmine(Psal.
1608 3296 1796 3366 xxxv),

229 3381 353 3436 Quos
375 3371 586 3442 elegisti
616 3375 681 3429 de
711 3376 883 3445 plebe,
913 3393 1140 3448 quorum
1171 3380 1344 3435 lavisti
1387 3383 1568 3452 pedes,
1606 3385 1800 3452 quibus

229 3466 367 3514 tuum
417 3462 684 3533 Spiritum
745 3465 1004 3533 iufudisti,
1063 3469 1153 3537 qui
1211 3469 1366 3525 ﬁdem
1427 3472 1500 3525 tui
1563 3474 1799 3529 nominis

225 3549 492 3622 quadrigis
518 3554 844 3626 evangelieis
867 3571 965 3627 per
1001 3557 1184 3614 orbem
1217 3561 1574 3628 quadriﬁdum
1611 3572 1795 3634 porta-

229 3651 431 3696 verunt.

288 3729 419 3788 Nota
449 3743 632 3790 tamen
663 3738 804 3807 quod
855 3738 984 3794 dicit
1033 3755 1138 3794 non
1170 3757 1291 3797 cum
1334 3743 1665 3809 hominibus,
1701 3745 1795 3800 sed

226 3833 338 3874 cum
365 3821 488 3878 ﬁliis
541 3825 840 3884 hominum.
886 3829 996 3898 Ego
1025 3839 1154 3899 puto
1190 3830 1437 3888 homines
1465 3835 1532 3888 ad
1559 3845 1793 3890 veterem

227 3907 511 3977 hominem,
535 3912 676 3969 ﬁlios
697 3932 824 3972 vero
840 3918 1116 3973 hominum
1139 3923 1205 3974 ad
1231 3921 1397 3976 tilium
1421 3924 1653 3978 hominis
1674 3913 1814 3994 per;

226 3995 408 4064 tlnere,
427 3999 582 4070 juxta
615 4018 775 4072 quam
807 4006 1214 4078 intelligentiam
1243 4027 1373 4080 puer
1403 4013 1682 4067 citharista
1715 4014 1793 4069 sic

225 4082 425 4143 intonat
451 4106 464 4142 :
497 4108 516 4141 ι
540 4089 673 4157 Quis
716 4101 798 4148 est
827 4097 988 4150 homo
1015 4099 1159 4166 quod
1204 4115 1412 4154 memor
1439 4116 1498 4156 es
1526 4100 1664 4169 ejus,
1697 4112 1791 4158 aut

225 4172 356 4267 filius
385 4179 644 4247 hominis,
674 4185 924 4254 quoniam
959 4187 1148 4244 visitas
1195 4192 1358 4245 eum?
1386 4192 1557 4262 (Psal.
1589 4200 1732 4267 vui.)
1763 4217 1782 4248 ι

223 4261 465 4336 Videsne,
497 4271 625 4342 quia
652 4273 818 4328 Deum
857 4277 1091 4334 hominis
1116 4295 1236 4335 esse
1267 4261 1582 4350 memorem,
1619 4261 1788 4342 ﬁlium

223 4368 341 4412 vero
369 4359 608 4417 hominis
635 4363 800 4436 308
837 4383 896 4422 se
921 4362 1481 4429 conﬁrmat'visitare?
1506 4375 1790 4432 Prmsumi-

1903 3196 2034 3250 nihil
2067 3197 2208 3252 valet
2233 3196 2366 3252 ﬁdes
2395 3196 2594 3259 cordis,
2625 3195 2742 3250 sine
2766 3195 2871 3248 ﬁde
2893 3195 3029 3260 oris,
3053 3209 3154 3248 nec
3184 3192 3316 3248 ﬁdes
3341 3195 3470 3259 oris,

1901 3286 2017 3339 sine
2048 3284 2151 3339 ﬁde
2173 3285 2376 3349 cordis,
2415 3301 2538 3340 cum
2570 3285 2672 3339 ista
2695 3283 2987 3352 justitiam,
3026 3284 3114 3338 illa
3144 3285 3309 3338 donet
3333 3283 3479 3338 salu-

1903 3385 2032 3438 tem,
2060 3377 2184 3444 quia
2215 3377 2363 3430 salus
2390 3391 2419 3429 a
2445 3377 2680 3446 justitia,
2708 3375 2792 3430 vel
2822 3375 3031 3443 justitia
3058 3391 3087 3428 a
3121 3375 3292 3430 salute
3322 3390 3475 3443 sepa-

1901 3465 2008 3518 rari
2036 3479 2139 3518 non
2169 3474 2414 3534 possunt.
2440 3466 2612 3520 Crede
2639 3481 2767 3536 ergo
2803 3474 2856 3520 et
2882 3465 3164 3538 conﬁtere,
3198 3465 3473 3518 nihilomi-

1898 3569 2001 3608 nus
2025 3554 2286 3609 conﬁtere
2313 3564 2368 3610 et
2394 3558 2575 3623 crede,
2618 3558 2745 3626 quia
2774 3555 2906 3612 ﬁdes
2935 3557 3308 3628 adjustitiam,
3339 3571 3472 3612 con-

1901 3643 2064 3702 fessio
2088 3646 2147 3700 ﬁt
2171 3647 2240 3702 ad
2265 3649 2518 3703 salutem.

1968 3737 2167 3791 Verum
2195 3740 2446 3806 quoniam
2483 3739 2535 3793 in
2563 3739 2678 3794 hmc
2701 3739 3014 3794 devenimus
3034 3738 3149 3794 loca
3181 3748 3234 3794 et
3258 3741 3473 3795 occasio

1896 3827 2252 3885 confessionis
2299 3846 2357 3886 se
2385 3830 2599 3896 obtulit,
2645 3832 2978 3887 reddendum
3026 3847 3171 3886 nunc
3215 3841 3298 3886 est
3328 3834 3472 3902 quod

1896 3921 2022 3975 alibi
2053 3923 2421 3991 promisimus,
2473 3910 2750 3994 totumque
2782 3925 3164 3995 proferendum
3214 3925 3356 3995 quod
3406 3926 3474 3980 de

1896 4013 2234 4068 confessione
2276 4016 2556 4070 sentimus.
2596 4017 2868 4072 Patientes
2898 4026 3078 4071 autem
3124 4027 3316 4081 estote,
3346 4025 3397 4072 et
3425 4017 3472 4072 si

1896 4105 2034 4160 forte
2062 4108 2367 4176 protensius
2401 4124 2704 4164 sermonem
2739 4111 3053 4174 extendero,
3081 4125 3176 4165 vos
3205 4109 3472 4164 attendite

1897 4197 1963 4253 iis
1992 4214 2111 4268 qua:
2145 4199 2420 4265 dicuntur,
2447 4200 2570 4268 quia
2614 4209 2809 4256 vestrae
2839 4199 3193 4269 proferuntur
3224 4200 3468 4254 utilitati.

1895 4288 1994 4344 Via
2022 4289 2164 4342 enim
2191 4296 2292 4352 est,
2323 4289 2438 4342 sine
2465 4304 2571 4358 qua
2603 4306 2760 4345 nemo
2781 4290 2928 4345 venit
2952 4291 3017 4344 ad
3040 4289 3277 4354 Patrem,
3309 4306 3470 4360 quam

1895 4379 1982 4450 qui
2031 4379 2286 4448 perdidit,
2323 4380 2574 4449 perdidit.
2607 4379 2795 4434 Deum.
2821 4377 2955 4432 Cum
2983 4379 3150 4449 igitur
3200 4381 3270 4434 de
3316 4381 3472 4435 vitio-

223 4459 333 4501 mus
356 4457 409 4503 et
436 4451 789 4521 suspiramus,
837 4458 961 4526 quia
990 4457 1153 4515 faciet
1181 4463 1336 4519 nobis
1367 4466 1788 4524 misericordiam
1817 4438 1868 4499 D
1895 4484 2011 4522 rum
2041 4467 2237 4538 abysso
2282 4469 2524 4538 disponis
2571 4483 2874 4538 emergere,
2911 4468 2978 4520 ad
3010 4467 3159 4522 illum
3201 4469 3473 4538 prtecipue

135 4604 152 4626 ο
223 4550 368 4594 suam
419 4541 475 4596 in
528 4557 816 4613 conspectu
866 4548 1096 4604 ﬁliorum
1145 4552 1443 4621 hominum,
1476 4559 1519 4611 si
1574 4560 1788 4615 interim

220 4639 454 4700 protegat
480 4648 581 4688 nos
603 4636 654 4689 in
677 4639 990 4696 abscondito
1014 4657 1124 4697 suae
1146 4643 1300 4700 faciei
1327 4661 1356 4700 a
1379 4651 1789 4706 conturbatione

221 4716 487 4775 hominum
523 4721 695 4795 (Psal.
726 4733 874 4800 xxx).

285 4807 536 4880 Magister
561 4827 616 4871 et
644 4817 903 4876 Dominus
950 4832 1153 4891 noster,
1207 4827 1360 4896 cujus
1413 4829 1596 4883 schola
1623 4842 1704 4886 est
1732 4833 1783 4886 in

219 4903 369 4996 terris
394 4914 446 4958 et
479 4909 737 4964 cathedra
763 4922 845 4967 est
877 4915 927 4968 in
952 4916 1114 4982 cmlo,
1142 4934 1208 4973 ex
1245 4921 1329 4974 his
1358 4923 1608 4979 omnibus
1651 4941 1787 4996 quos

219 4988 388 5088 elegit,
417 4996 586 5088 elegit
613 5010 667 5056 et
689 5004 928 5075 praelegit
965 5007 1235 5064 Andream
1285 5015 1604 5081 apostolum,
1636 4988 1789 5088 cujus

214 5081 629 5155 solemnitatem,
674 5099 728 5144 et
757 5095 998 5161 vocibus,
1037 5105 1092 5151 et
1124 5098 1375 5155 cordibus
1403 5081 1785 5163 inelamamus:

213 5173 440 5232 Ddulcis
468 5183 752 5251 apostolus
801 5197 853 5242 ct
899 5190 1168 5257 primitiva
1209 5193 1422 5248 vocatio
1469 5195 1783 5262 Salvatoris,

219 5277 302 5296 ιιι-ι
327 5277 375 5296 in
404 5277 578 5298 δελ-ιιι*
616 5284 794 5300 θυιδαμ...»

1889 4559 2053 4629 309
2079 4560 2150 4612 sit
2180 4557 2441 4628 refugium
2473 4569 2620 4612 tuum
2641 4599 2656 4625 ,
2695 4560 2780 4614 cui
2821 4559 2999 4613 anima
3035 4568 3122 4612 tua
3159 4560 3449 4615 commissa

1890 4661 2005 4716 est,
2035 4667 2193 4720 quem
2237 4651 2492 4720 imposuit
2523 4653 2662 4706 Deus
2691 4667 2854 4720 super
2878 4659 3039 4719 caput
3071 4659 3242 4706 tuum.
3275 4649 3386 4706 Nec
3418 4660 3474 4706 to

1890 4753 2106 4798 moveat
2143 4745 2185 4798 si
2225 4743 2513 4799 illiteratus
2551 4747 2656 4810 sit,
2690 4746 2774 4800 vel
2803 4745 3130 4801 indiscretus
3153 4787 3166 4809 ,
3201 4746 3327 4814 quia
3359 4746 3464 4804 hoc

1889 4835 2062 4904 ipsum
2116 4837 2328 4905 signum
2370 4836 2690 4890 humilitatis
2724 4845 2804 4890 est
2841 4851 2963 4906 qua:
2999 4845 3221 4907 generat
3257 4835 3473 4890 confes-

1889 4928 2118 4982 sionem.
2152 4925 2421 4980 Memento
2448 4927 2572 4995 quia
2604 4945 2710 4982 non
2740 4936 2825 4982 est
2858 4937 3098 4996 potestas
3120 4969 3134 4993 ,
3163 4926 3265 4982 nisi
3299 4942 3327 4980 a
3361 4927 3476 4981 Deo

1891 5018 1910 5088 (
1937 5016 2090 5070 Rom.
2122 5031 2218 5071 xm
2247 5016 2286 5084 ).
2318 5035 2335 5068 ι
2367 5015 2540 5086 Super
2565 5017 2878 5074 cathedram
2898 5058 2914 5082 ,
2949 5019 3155 5090 inquit,
3185 5015 3354 5085 Moysi
3383 5031 3472 5072 se~

1892 5109 2084 5165 derunt
2124 5108 2328 5165 εει-ἰδίω
2365 5117 2421 5163 et
2453 5107 2775 5179 Pharisaai-(
2802 5108 3006 5168 Matth.
3029 5106 3230 5178 xxiii).
3260 5124 3280 5158 ι
3315 5105 3384 5160 Et
3419 5117 3479 5163 tu

1893 5203 2109 5257 attende
2141 5215 2247 5255 non
2283 5199 2348 5253 ad
2379 5201 2658 5258 sedentem
2685 5241 2700 5265 ,
2735 5199 2828 5254 sed
2859 5203 3049 5259 sedem
3077 5220 3090 5268 ;
3124 5194 3440 5255 cathedram
3461 5237 3479 5262 ,

2283 5307 2304 5309 νυ
2382 5289 2423 5310 Λ
2449 5306 2490 5309 κ-
2520 5292 2531 5310 Ι
2607 5295 2617 5306 ⁸
2662 5293 2700 5310 Ργ
2721 5299 2795 5310 με-
2871 5304 2887 5310 ι
2917 5292 2956 5310 ,Ι
3006 5296 3036 5310 1·
3087 5308 3098 5309 κ
3125 5288 3215 5310 ξιξ*
3261 5287 3372 5310 ΑΞ..-
3412 5287 3478 5310 σι.³
