3978 5328
489 271 588 350 est

1091 296 1149 350 S.
1187 295 1390 350 PETRI
1428 297 1713 352 DAMIANI
1752 299 1902 357 OPP.
1939 301 2119 360 PARS
2168 305 2298 363 SEU
2336 307 2569 364 TOMUS
2604 309 2668 364 ll.
2700 340 2769 350 --
2801 310 3185 367 SERMONES.

3627 312 3736 368 852

492 403 679 457 ficiens
709 404 918 457 videtur
953 401 1068 470 ejus
1104 402 1421 469 instructio;
1463 412 1610 473 patet
1646 405 1714 459 ad
1749 390 2054 462 libertatem
2081 415 2130 475 Α
2159 414 2353 470 animae
2379 426 2502 479 tuac,
2525 431 2643 485 quae
2662 419 2897 472 custodit
2922 417 3175 472 Dominus
3201 418 3448 488 injustis.
3478 439 3496 470 ι
3528 418 3731 485 Unum,

489 495 614 558 via,
645 503 704 548 ut
734 510 916 548 coram
957 495 1062 548 alio
1100 495 1336 550 litterato
1365 507 1526 565 atque
1555 497 1790 552 discreto
1819 496 2058 554 eﬂ‘undas

490 600 584 639 cor
617 595 796 647 tuum,
833 593 1108 638 reservato
1138 585 1211 638 illi
1243 586 1523 656 privilegio
1553 603 1679 652 suo,
1708 587 1794 642 cui
1827 595 1882 642 tu
1914 597 2058 642 tuam

493 676 730 728 animum
761 673 1174 729 commendasti.

560 763 671 818 Nec
720 763 817 818 tibi
865 763 1192 828 blandiaris,
1240 765 1284 818 si
1336 765 1572 834 graviter
1607 755 1852 835 peccanti
1893 766 2061 821 levior

488 855 804 924 paenitentia
827 896 841 919 ,
870 855 956 910 vel
985 871 1013 908 a
1045 857 1318 910 nesciente
1338 897 1353 920 ,
1385 856 1465 909 vel
1505 873 1533 909 a
1571 853 1946 918 dissimulante
1977 857 2061 910 di-

493 954 674 1008 catur,
723 960 845 1000 cum
893 945 945 998 in
979 946 1302 1016 purgatoriis
1333 947 1542 1016 ignibus
1573 948 1958 1014 perliciendum
1988 948 2060 1001 sit

488 1036 747 1106 quidquid
779 1036 865 1089 hic
894 1037 1070 1089 minus
1104 1036 1328 1100 feceris,
1361 1037 1484 1104 quia
1518 1037 1706 1105 dignos
1733 1038 2061 1106 poenitentia)

487 1123 695 1179 fructus
723 1127 915 1194 qtunrit
939 1126 1270 1181 Altissimus.
1301 1127 1453 1182 Licet
1483 1137 1661 1180 autem
1692 1143 1797 1182 non
1822 1130 2061 1184 evaseris

486 1232 680 1271 manus
719 1217 812 1271 Dei
846 1218 1113 1278 viventis,
1152 1218 1243 1286 qui
1284 1218 1377 1272 tibi
1418 1217 1575 1285 plene
1612 1232 1718 1271 non
1757 1218 2058 1284 consuluit,

489 1307 579 1361 tibi
615 1317 794 1361 tamen
827 1308 963 1361 ratio
1004 1317 1260 1378 magistra
1298 1307 1582 1377 przrsit’tet,
1625 1323 1743 1377 quae
1783 1316 1834 1362 te
1871 1309 2061 1363 doceat

485 1407 694 1451 tantum
743 1414 772 1452 a
823 1397 986 1452 licitis
1032 1398 1306 1452 abstinere
1357 1409 1617 1468 quantum
1661 1409 1711 1453 te
1751 1399 2061 1454 memineris

486 1488 675 1544 illicita
706 1499 1065 1558 perpetrasse.

560 1578 607 1632 Α
658 1579 924 1633 vestibulo
978 1579 1141 1649 igitur
1192 1578 1352 1646 hujus
1409 1579 1794 1634 sacratissima:
1843 1578 2062 1633 virtutis

481 1682 673 1722 omnes
710 1667 828 1722 illos
864 1668 1200 1723 excludimus
1238 1685 1374 1738 quos
1413 1671 1478 1722 ad
1531 1669 1925 1724 confessionem
1975 1669 2060 1722 vel

481 1759 646 1814 timor
681 1760 852 1830 cogit,
892 1761 1017 1829 quia
1046 1769 1255 1814 extorta
1288 1760 1554 1816 confessio
1583 1777 1686 1815 non
1724 1771 1806 1816 est
1843 1760 2057 1816 confes-
2091 1742 2136 1802 Β

481 1853 563 1907 sio
582 1893 596 1918 ,
621 1853 717 1907 sed
743 1852 988 1908 confusio
1007 1895 1021 1918 ,
1049 1853 1134 1908 vel
1161 1855 1388 1908 aliorum
1417 1856 1691 1910 accusatio
1719 1856 1912 1920 trahit,
1941 1871 2062 1926 qua:

489 1959 599 2000 non
639 1953 723 1999 est
759 1944 1056 2011 confessio,
1100 1947 1192 2001 sed
1233 1947 1495 2013 offensio;
1538 1948 1621 2002 vel
1661 1948 1745 2002 sui
1784 1947 2062 2002 excusatio

480 2035 656 2100 ducit,
705 2051 824 2106 qure
865 2053 976 2092 non
1026 2046 1108 2092 est
1155 2038 1425 2094 confessio
1451 2080 1466 2104 ,
1521 2041 1613 2094 sed
1655 2040 1935 2106 defensio;
1976 2040 2062 2094 vel

483 2125 665 2180 inanis
693 2124 958 2194 iactantia
1000 2128 1172 2196 rapit,
1213 2144 1332 2197 quae
1371 2145 1475 2182 non
1513 2138 1595 2183 est
1631 2130 1930 2193 confessio,
1967 2129 2062 2184 sed

482 2217 696 2282 illusio,
729 2225 783 2272 et
811 2218 854 2271 si
887 2233 1006 2287 qnzc
1045 2219 1161 2272 aliae
1198 2229 1379 2287 pestes
1418 2231 1576 2285 sunt,
1617 2234 1736 2287 qua:
1775 2219 2062 2273 obumbra-

486 2307 628 2360 torio
667 2305 932 2361 velamine
976 2309 1108 2361 tanti
1147 2309 1475 2363 sacramenti
1515 2309 1770 2362 simulant
1807 2311 2064 2364 sanctita-

487 2403 615 2449 tem.
648 2394 755 2448 Cor
783 2395 836 2449 in
870 2397 1160 2466 semetipso
1188 2406 1242 2452 ct
1271 2414 1335 2452 ex
1368 2399 1657 2469 semetipso
1687 2399 1976 2454 contritum
2009 2408 2065 2454 et

485 2487 830 2542 ltumiliatum
862 2489 926 2542 ad
957 2490 1115 2559 hujus
1145 2490 1533 2560 purilicationis
1563 2501 1743 2560 potest
1770 2492 2063 2548 ascendere

485 2578 800 2647 puritatem.
832 2579 1124 2634 Ostendam
1160 2582 1252 2636 tibi
1282 2599 1446 2636 unum
1470 2582 1740 2652 justornm
1763 2583 2064 2653 justissima

486 2666 855 2720 confitentem.
905 2665 1111 2735 Quaeris
1149 2670 1398 2738 quisnam
1435 2671 1551 2725 sit?
1599 2671 1807 2726 Psaltes
1845 2671 2059 2725 Domini

487 2764 605 2810 est:
638 2773 657 2808 ε
687 2755 805 2810 Dixi
830 2798 842 2822 ,
877 2758 1088 2826 inquit:
1131 2759 1442 2815 Confitebor
1479 2763 1762 2817 adversum
1800 2779 1887 2818 nze
1921 2761 2063 2832 inju-

489 2847 689 2900 stitiam
723 2863 895 2902 meam
928 2848 1154 2904 Domino
1185 2852 1202 2920 (
1228 2851 1373 2906 Paul.
1408 2869 1555 2908 xxx"
1578 2855 1617 2926 ).
1651 2872 1670 2906 ι

567 2953 585 2986 ι
623 2934 776 3002 Dixi,
810 2957 828 2990 ι
866 2938 968 2992 hoc
1005 2949 1117 3005 est,
1159 2941 1209 2994 in
1250 2943 1411 2996 corde
1449 2960 1569 2998 meo
1609 2945 1898 3014 proposui,
1952 2961 2062 3001 non

488 3037 743 3091 coactus,
786 3045 958 3098 neque
984 3033 1324 3102 compulsus,
1359 3037 1451 3090 sed
1483 3047 1832 3106 spontaneus.
1868 3060 1885 3092 ι
1919 3039 2062 3108 inju-

487 3116 691 3170 stitiam
720 3133 892 3172 meam
914 3160 927 3183 ,
953 3140 970 3171 ι
996 3123 1100 3187 ait,
1131 3140 1233 3178 non
1261 3119 1490 3179 alienam
1509 3168 1521 3188 ,
1548 3146 1566 3178 ι
1590 3129 1872 3183 adversum
1901 3145 2010 3196 me,
2036 3149 2054 3184 ι

493 3221 580 3259 me
617 3221 849 3278 arguens
879 3219 932 3264 et
961 3226 1240 3268 accusans.
1277 3216 1435 3269 Vides
1466 3219 1589 3286 quia
1632 3235 1735 3273 non
1767 3220 1956 3276 timore
1985 3221 2061 3275 al-

496 3297 695 3363 terius,
725 3299 806 3353 vel
836 3301 902 3354 ad
933 3301 1094 3356 alium
1122 3307 1480 3361 accusandum
1504 3309 1532 3373 ,‘
1553 3309 1633 3362 vel
1665 3313 2061 3367 evscusandum

493 3391 727 3458 seipsum
749 3432 764 3456 ,
791 3403 1012 3448 sanctus
1038 3395 1247 3452 Domini
1276 3400 1602 3455 confitetur?
1627 3401 1730 3456 Pro
1756 3402 2059 3471 hujus-modi

488 3480 832 3538 confessione
858 3486 1100 3542 remittes
1131 3499 1180 3542 tu
1201 3532 1214 3553 ,
1247 3491 1499 3556 Domine,
1529 3493 1854 3562 impietatem
1880 3499 2060 3554 cordis

485 3570 630 3629 mei,
683 3574 888 3640 peccati
947 3577 1171 3633 scilicet.
1224 3580 1322 3643 Et,
1354 3599 1372 3630 ι
1402 3599 1499 3651 pro
1553 3586 1651 3638 hac
1690 3585 1865 3640 orabit
1903 3589 1968 3640 ad
2007 3598 2060 3644 te

480 3659 659 3712 omnis
690 3673 907 3717 sanctus
942 3663 994 3718 in
1037 3675 1275 3737 tempore
1301 3680 1619 3739 opportuno.
1651 3673 1858 3744 (Ibid.).
1898 3676 2058 3732 ι-Ηοο

485 3749 721 3817 primum
763 3752 815 3806 in
855 3756 1016 3809 corde
1056 3759 1324 3826 germinat
1356 3762 1421 3814 ad
1447 3763 1744 3832 justitiam,
1778 3775 1963 3836 postea
2001 3767 2055 3822 in

486 3852 583 3892 ore
616 3843 854 3898 nascitur
876 3846 940 3898 ad
969 3847 1216 3903 salutem.

556 3928 770 3986 Primus
809 3932 923 4002 ejus
960 3940 1158 4007 gradus
1195 3949 1276 3995 est
1315 3944 1550 4015 cognitio
1581 3948 1807 4016 peccati.
1839 3948 2056 4006 Initium

484 4016 707 4109 salutis,
741 4021 817 4074 ait
852 4026 1103 4091 quidam,
1144 4031 1332 4084 notitia
1366 4036 1592 4102 peccati.
1633 4035 1688 4090 ln
1729 4037 1830 4092 hac
1869 4041 2056 4109 cogni-

487 4106 634 4194 tione
664 4109 949 4166 videndum
976 4126 1058 4170 est
1086 4119 1213 4187 quid
1242 4124 1448 4192 egeris,
1481 4127 1693 4194 quantis
1717 4106 2056 4186 contumeliis

487 4193 735 4286 effeceris
768 4215 961 4271 corpus
1001 4215 1182 4276 tuum,
1224 4193 1508 4270 ambulans
1545 4216 1598 4270 in
1637 4220 1885 4286 passione
1915 4221 2056 4277 desi-

487 4284 625 4380 derii
665 4287 805 4343 sicut
843 4300 892 4346 et
933 4305 1154 4362 gentes,
1193 4315 1313 4369 qua:
1352 4304 1603 4374 ignorant
1637 4284 1840 4375 Dettm,
1879 4313 2052 4380 possi-

2089 3089 2136 3152 C

2160 504 2356 573 inquit,
2402 521 2469 560 ex
2521 507 2606 562 bls
2659 525 2762 562 non
2795 519 3107 564 conteretur
3133 509 3303 579 (Psal.
3336 514 3556 578 xum).
3588 529 3608 563 ι
3637 511 3735 568 Est

2158 606 2338 650 autem
2369 599 2663 653 notandum
2705 601 2846 668 quod
2875 600 2986 655 haec
3025 601 3132 654 duo
3171 601 3245 655 ita
3276 601 3374 655 sibi
3400 602 3468 654 ad
3499 603 3732 656 invicem

2158 687 2444 754 conjuncta
2498 700 2624 744 sunt
2668 701 2723 744 nt
2771 706 3097 760 cognoscere
3123 692 3243 762 quis
3272 708 3374 746 non
3401 693 3598 762 possit,
3627 693 3734 748 nisi

2158 779 2456 848 poeniteat,
2483 790 2539 836 et
2583 782 2844 852 poenitere
2884 799 2988 838 non
3032 784 3230 853 possit,
3267 785 3370 840 nisi
3425 801 3483 841 se
3537 801 3736 858 cognoo

2160 884 2248 924 sca
2258 879 2295 923 ι.

2232 962 2322 1017 Sic
2353 979 2479 1034 ergo
2521 965 2613 1020 tibi
2643 968 2911 1035 cognitus,
2941 977 2995 1022 et
3043 968 3091 1021 in
3147 976 3196 1023 te
3225 969 3516 1037 pmnitens,
3547 977 3734 1025 trans.

2157 1054 2275 1108 vola
2315 1055 2379 1109 ad
2417 1058 2635 1111 tertium
2665 1060 2922 1128 gradum,
2964 1059 3202 1113 dolorem
3239 1061 3487 1114 videlicet
3519 1061 3734 1123 cordis,

2160 1151 2214 1198 et
2253 1143 2364 1213 jam
2404 1147 2640 1215 plantata
2686 1149 2788 1202 erit
2818 1149 3026 1218 justitia
3071 1150 3399 1219 plantatione
3442 1151 3532 1205 illa
3575 1165 3736 1218 quam

2158 1234 2422 1304 plantavit
2448 1236 2610 1290 Pater
2642 1247 2760 1292 tuus
2788 1232 3045 1294 caelestis.
3075 1240 3200 1295 Dole
3234 1240 3393 1308 igitur
3421 1240 3548 1309 quia
3574 1240 3741 1293 Crea-

2162 1330 2332 1378 torem
2360 1324 2660 1392 offendisti,
2695 1327 2847 1396 cujns
2877 1328 3044 1398 legem
3073 1329 3311 1384 coelestia
3343 1340 3396 1383 et
3420 1329 3736 1393 terrestria,

2159 1424 2355 1483 przeter
2386 1425 2454 1477 te,
2495 1415 2758 1471 indefessa
2781 1419 3011 1472 statione
3041 1429 3384 1480 conservant,
3413 1429 3467 1472 et
3501 1419 3555 1472 in
3588 1427 3734 1472 tanta

2161 1503 2432 1571 republica
2462 1505 2551 1558 Dei
2581 1515 2634 1559 tu
2667 1507 2811 1562 solus
2841 1510 3156 1578 peregrinus
3178 1524 3264 1576 es,
3297 1520 3350 1562 et
3373 1510 3740 1576 imperatoria:

2161 1593 2460 1661 majestatis
2486 1596 2702 1650 decreta
2737 1614 2842 1651 non
2883 1615 3061 1654 curas.
3100 1598 3299 1670 Surgat
3341 1609 3398 1654 et
3424 1601 3609 1654 acrior
3646 1600 3739 1654 do-

2160 1680 2261 1748 lor,
2289 1685 2430 1752 quod
2474 1694 2621 1739 tuum
2649 1685 2958 1740 Creatorem
2988 1699 3042 1742 et
3066 1687 3282 1742 Patrem
3325 1688 3620 1743 oﬂiandcris
3644 1730 3657 1751 ,
3687 1697 3739 1742 et

2163 1771 2309 1825 illum
2343 1773 2578 1839 Patrem,
2628 1775 2719 1845 qui
2774 1777 2867 1829 tibi
2913 1777 3187 1832 ministrat
3230 1778 3466 1832 siderum
3512 1793 3736 1840 cursus,

2161 1859 2544 1918 fecunditatem
2585 1873 2764 1931 terra},
2796 1865 3066 1921 frttctuum
3122 1866 3443 1924 ubertatem.
3502 1869 3739 1923 Accedat

2163 1959 2216 2005 et
2243 1954 2574 2007 accerrimus
2607 1954 2778 2020 dolor,
2811 1956 2899 2024 qui
2933 1965 3270 2025 pertranseat
3300 1959 3536 2012 animam
3569 1967 3736 2018 tuam.

2162 2043 2303 2112 quod
2346 2052 2552 2097 tantum
2587 2044 2988 2098 benefactorent
3019 2049 3439 2116 contempseris,
3466 2049 3559 2118 qui
3592 2047 3740 2102 dolo-

2162 2149 2276 2188 rem
2326 2135 2502 2188 crucis
2554 2136 2838 2200 sustinuit,
2889 2151 2956 2190 ne
3004 2137 3218 2192 dolores
3260 2139 3452 2192 inferni
3509 2139 3741 2208 amplius

2161 2224 2476 2279 sustineres.
2533 2223 2623 2280 Sic
2678 2226 2839 2295 igitur
2886 2226 2938 2279 in
2992 2226 3234 2282 interiori
3268 2229 3488 2283 homine
3525 2229 3738 2298 justitia

2163 2315 2526 2388 germinante,
2553 2317 2800 2371 surculus
2827 2328 3073 2388 erumpat
3094 2319 3145 2372 in
3171 2319 3438 2384 arborem,
3468 2327 3526 2375 et
3555 2320 3738 2389 loqua-

2160 2415 2251 2462 tur
2272 2407 2451 2476 lingua
2484 2408 2626 2476 quod
2649 2409 2870 2462 scientia
2900 2409 3235 2479 loquebatur.

2234 2496 2470 2562 Quartus
2517 2499 2695 2567 itaque
2739 2501 2938 2569 gradus
2975 2509 3057 2554 est
3109 2500 3374 2555 confessio
3418 2502 3556 2555 oris.
3613 2498 3738 2556 Haec

2159 2605 2294 2661 pure
2347 2589 2592 2645 facienda
2625 2600 2727 2656 est,
2775 2593 2900 2661 quia
2944 2607 3048 2646 non
3099 2603 3180 2648 est
3224 2608 3348 2661 pars
3389 2601 3734 2662 peccatorum

2161 2679 2387 2734 dicenda
2422 2689 2475 2734 et
2507 2682 2684 2734 altera,
2709 2681 2988 2735 retinenda
3010 2723 3025 2744 ,
3053 2697 3222 2752 neque
3254 2683 3384 2736 levia
3428 2682 3734 2736 confitenda

2160 2778 2214 2824 et
2245 2771 2429 2838 gravia
2477 2771 2748 2825 dilIitenda
2774 2813 2788 2836 ,
2817 2787 2915 2826 nec
2967 2771 3102 2826 alter
3134 2774 3472 2827 accusandus
3523 2783 3579 2828 et
3627 2773 3735 2844 ipse

2160 2861 2522 2926 excusandus,
2549 2862 2640 2915 sed
2675 2877 2800 2915 cum
2828 2860 2977 2931 justo
3003 2861 3283 2916 dicendum
3317 2879 3331 2916 :
3367 2879 3385 2913 ι
3421 2860 3538 2916 Non
3573 2863 3737 2918 decli-

2162 2966 2258 3006 nes
2285 2966 2379 3006 cor
2402 2966 2584 3007 meum
2617 2953 2668 3006 in
2716 2951 2878 3005 verba
2927 2952 3144 3006 malitia:
3189 2952 3254 3005 ad
3283 2953 3626 3007 excusandas
3653 2967 3738 3006 ex-

2165 3041 2475 3095 cusationes
2503 3041 2556 3094 in
2592 3040 2829 3111 peccatis
2861 3039 3034 3113 (Psal.
3062 3041 3204 3111 cn).
3236 3059 3255 3092 ι
3291 3040 3416 3096 Haec
3436 3042 3584 3096 enim
3616 3051 3732 3096 sunt

2165 3131 2329 3186 verba
2372 3133 2590 3187 malitia:
2630 3141 2687 3186 et
2731 3133 2912 3202 gravis
2964 3133 3342 3201 malitize,qua
3392 3133 3614 3202 gravior
3657 3133 3732 3188 vel

2163 3223 2314 3294 pejor
2343 3239 2461 3278 esse
2486 3225 2576 3278 vix
2604 3225 2793 3295 possit.
2822 3223 3198 3279 Confitendum
3224 3235 3324 3287 est,
3353 3235 3409 3279 et
3437 3226 3730 3289 humiliter,

2165 3327 2222 3371 nt
2247 3317 2385 3371 idem
2414 3316 2484 3371 sit
2517 3317 2571 3372 in
2601 3319 2761 3374 corde
2783 3319 2925 3388 quod
2954 3319 3166 3372 sonabit
3195 3317 3246 3371 in
3271 3333 3382 3372 ore.
3418 3318 3559 3372 Sunt
3595 3320 3730 3373 enim

2163 3412 2427 3475 nonnulli,
2458 3411 2548 3481 qui
2577 3426 2800 3465 narrare
2829 3411 2880 3464 in
2913 3409 3341 3464 confessionibus
3375 3409 3586 3472 solent,
3617 3423 3734 3478 qua:

2161 3501 2244 3554 vel
2271 3515 2498 3569 arguere
2524 3500 2866 3564 litteratorio,
2901 3500 2983 3553 vel
3011 3501 3228 3554 sortiter
3260 3499 3584 3568 gladiatorio
3614 3514 3731 3566 ges-

2162 3609 2280 3648 sere
2310 3593 2593 3658 conilictu,
2648 3593 2782 3662 proh
2829 3593 3013 3646 dolor!
3063 3591 3164 3647 sub
3215 3592 3536 3646 humilitatis
3576 3591 3734 3662 pallio

2161 3686 2470 3755 superbiam
2493 3727 2508 3751 ,
2542 3687 2855 3740 inducentcs
2884 3696 2934 3740 ct
2982 3695 3230 3756 putantes
3259 3699 3320 3739 se
3362 3699 3522 3754 posse
3565 3685 3733 3738 vitare

2159 3777 2344 3831 oculos
2371 3775 2567 3844 judieis
2596 3787 2790 3831 cuncta
2814 3777 3104 3831 cernentis.
3127 3775 3314 3828 Nonne
3341 3775 3558 3844 utrique
3583 3788 3734 3846 reges

2161 3863 2321 3931 Saul,
2355 3878 2408 3920 et
2455 3865 2623 3920 David
2673 3866 2943 3935 redarguti
2976 3880 3006 3918 a
3048 3864 3324 3934 prophetis
3371 3862 3631 3917 Satnuele
3683 3871 3734 3915 et

2159 3957 2366 4012 Nathan
2398 3957 2647 4011 dixerunt
2678 3975 2690 4010 :
2727 3974 2745 4007 ι
2782 3955 3027 4009 Peccavi.
3065 3973 3083 4006 ι
3121 3956 3185 4008 lit
3211 3963 3386 4009 tamen
3419 3954 3550 4008 Saul
3586 3955 3734 4007 andi-

2157 4048 2272 4099 vit:
2307 4064 2324 4097 ι
2363 4044 2660 4099 Transtulit
2706 4061 2932 4114 regnum
2980 4045 3235 4098 Dominus
3284 4059 3312 4097 a
3362 4053 3441 4109 te,
3482 4051 3541 4096 et
3587 4043 3734 4095 dabit

2158 4139 2285 4194 illud
2314 4137 2506 4193 temqu
2530 4145 2619 4191 tuo
2648 4136 2695 4207 (Ι
2726 4136 2852 4206 Reg.
2880 4136 3004 4209 xv);
3037 4156 3056 4189 ι
3093 4147 3146 4190 et
3174 4135 3340 4189 David
3370 4152 3384 4188 :
3418 4154 3436 4185 ‹
3472 4134 3734 4189 Transtu-

2157 4228 2221 4282 lit
2268 4227 2526 4282 Dominus
2557 4237 2835 4297 peccatum
2864 4237 3014 4281 tuum
3051 4242 3080 4280 a
3115 4237 3194 4290 te,
3221 4233 3275 4281 et
3303 4241 3408 4279 non
3443 4225 3733 4279 morieris?

2159 4316 2244 4389 (II
2277 4317 2408 4388 Reg.
2441 4319 2560 4388 xu).
2596 4338 2614 4370 ι
2643 4318 2778 4384 Quid
2807 4325 2908 4383 est,
2942 4317 3042 4371 nisi
3068 4317 3190 4387 quia
3215 4317 3354 4386 quod
3388 4313 3522 4370 Saul
3550 4315 3731 4373 habuit

484 4376 619 4433 dens
656 4395 752 4435 vas
788 4391 935 4437 tuum
978 4385 1032 4439 in
1074 4387 1411 4446 immunditia
1451 4403 1503 4448 et
1539 4396 1783 4463 vilitate,
1836 4376 1941 4453 non
1995 4401 2048 4455 in

484 4469 906 4492 -Α..ι.ιξη-..ιξ--,-
950 4482 992 4492 Α.
1029 4475 1042 4492 I
1267 4480 1280 4492 ι
1320 4480 1336 4492 ι
1370 4481 1432 4492 ι-ι.
1624 4486 1634 4492 .
1706 4485 1736 4492 μ
1845 4489 1854 4492 -
1882 4489 1892 4492 _

2164 4411 2212 4466 in
2236 4427 2349 4475 ore,
2395 4427 2499 4465 non
2546 4411 2645 4465 fuit
2687 4411 2740 4465 in
2769 4411 2958 4476 corde;
2992 4419 3046 4463 ct
3072 4409 3381 4473 humilitas,
3406 4421 3530 4479 qua:
3558 4408 3612 4463 in
3641 4421 3729 4461 ore

483 4469 912 4528 sanctificatione
940 4482 996 4530 et
1028 4475 1233 4535 honore
1262 4480 1280 4551 (
1307 4480 1336 4534 1
1370 4481 1520 4536 Thes.
1551 4486 1665 4555 tv).
1697 4485 2054 4544 Consideran-

480 4559 609 4611 dum
649 4563 810 4615 etiam
852 4565 979 4633 quid
1019 4571 1312 4638 merueris,
1357 4573 1532 4643 ignem
1570 4577 1821 4633 videlicet
1862 4579 2048 4648 illum,

482 4651 576 4720 qui
603 4663 824 4724 paratus
853 4667 936 4712 est
961 4660 1174 4716 diabolo
1204 4672 1255 4718 et
1279 4667 1485 4736 angelis
1511 4667 1624 4736 ejus
1652 4670 1866 4740 (.llnuh.
1897 4673 2050 4744 xxv),

478 4751 539 4795 et
578 4744 759 4798 omnia
799 4761 1078 4815 poenarum
1118 4767 1348 4822 genera,
1384 4771 1504 4826 quae
1534 4758 1586 4811 in
1618 4760 1723 4815 illis
1753 4764 2052 4830 poenalibus

479 4832 614 4888 locis
658 4839 1002 4896 cumulantur
1044 4852 1100 4899 et
1143 4857 1415 4903 crescunt.
1469 4850 1864 4921 inspiciendum
1916 4869 2046 4912 vero

477 4923 606 4990 quid
635 4926 798 4999 310
823 4931 1069 4990 amiseris
1088 4976 1105 5002 ,
1144 4935 1284 4993 bona
1320 4939 1570 4996 videlicet
1603 4943 1690 4998 illa
1717 4961 1836 5014 quae
1859 4947 2048 5002 oculus

478 5033 586 5072 non
626 5020 780 5076 vidit.

2155 4501 2326 4556 David
2368 4502 2608 4565 exstitit,
2642 4502 2694 4555 in
2725 4500 2887 4556 corde
2921 4500 3083 4553 etiam
3124 4498 3372 4553 radiavit.

2225 4591 2519 4646 Dicendum
2563 4579 2648 4644 est
2691 4599 2743 4643 et
2783 4589 3014 4644 fideliter
3061 4595 3120 4642 ut
3189 4587 3242 4641 in
3305 4585 3410 4642 [ide
3476 4585 3728 4640 Ecclesiae
3791 4611 3808 4633 .

2155 4683 2341 4738 credat
2366 4681 2466 4734 sibi
2494 4688 2712 4750 peccata
2742 4680 2968 4743 dimitti,
2995 4679 3119 4748 quia
3147 4679 3280 4733 Cain
3328 4687 3380 4736 et
3408 4675 3579 4732 Judas
3602 4691 3728 4745 pure

2153 4784 2208 4831 et
2252 4772 2526 4829 humiliter
2561 4771 2791 4827 confessi
2817 4781 2962 4837 sunt,
2987 4771 3079 4826 sed
3103 4787 3441 4841 nequaquam
3477 4770 3725 4830 ﬁdeliter,

2155 4879 2277 4919 nam
2324 4865 2464 4919 alter
2496 4878 2682 4918 eorum
2738 4863 3031 4933 desperans
3076 4862 3144 4917 ad
3188 4861 3442 4930 laqueum
3486 4862 3728 4916 cucurrit

2155 4952 2368 5025 (Matth.
2399 4953 2586 5021 xxvu),
2616 4951 2752 5006 alter
2795 4950 2925 5004 illud
2973 4951 3176 5020 grande
3225 4949 3402 5004 scelus
3442 4948 3720 5004 evomuit:

2159 5059 2177 5092 ι
2215 5039 2384 5109 Major
2426 5049 2508 5094 est
2538 5039 2792 5108 iniquitas
2823 5053 2969 5102 mea,
2999 5053 3160 5106 quam
3187 5046 3245 5090 ut
3268 5038 3482 5092 veniam
3515 5051 3721 5091 merear
