3978 5328
267 327 373 383 853

1533 333 1766 390 SERMO
1805 333 1980 390 LVIII.

3399 349 3503 402 854

267 460 424 499 vana:
471 443 656 516 gloria:
681 443 1048 513 deputabztnr,
1079 459 1184 498 non
1230 445 1756 511 mercedi;occulte,
1787 455 1845 499 nt
1871 452 1919 508 Α
1951 447 2195 502 homines
2249 464 2578 507 reveremur.
2615 471 2630 504 ι
2663 451 2786 508 llaec
2832 465 2914 508 est
2961 453 3204 512 confusio
3249 459 3517 518 addimus

275 557 294 592 ι
328 537 533 593 nesciat
563 537 780 592 sinistra
815 547 902 590 tua
925 537 1053 606 quid
1084 533 1246 591 faciat
1265 535 1489 592 dextera
1515 546 1603 592 tua
1628 536 1844 604 (Matth.

266 631 368 700 νι),
399 648 418 682 ι
452 629 706 692 discrete,
745 635 964 698 propter
992 627 1320 682 debilitatem
1352 627 1596 698 corporis
1625 637 1678 682 et
1709 625 1848 680 mul-

269 723 502 778 timodas
549 721 914 776 infirmitates.
959 719 1254 791 Plerosque
1301 723 1444 777 enim
1505 723 1738 776 vidimus
1791 721 1844 776 in

265 811 540 880 principio
564 810 936 864 conversionis
969 811 1040 864 ita
1070 811 1410 866 discretionis
1439 810 1718 878 infregisse
1761 825 1848 864 re-

263 899 459 972 pagula
493 911 548 954 ut
571 900 788 954 laudum
822 900 1152 954 solemnibus
1185 901 1445 954 inhabiles
1473 899 1844 963 redderentur,

265 1002 324 1048 et
353 999 612 1064 apparatu
641 991 890 1062 deinceps
911 991 1128 1046 lautiori
1152 991 1418 1046 diuturnis
1453 990 1617 1045 foveri
1644 999 1846 1060 tempo-

269 1084 420 1138 ribus
446 1083 769 1152 indigerent.

335 1170 458 1226 Jam
491 1171 569 1224 sic
603 1169 933 1224 illuminatus
963 1169 1218 1238 procedat
1249 1169 1313 1223 ad
1357 1178 1567 1224 sextum
1588 1209 1602 1234 ,
1641 1169 1732 1238 qui
1765 1177 1848 1224 est

267 1260 540 1316 correctio
567 1259 766 1326 operis.
795 1257 1024 1312 Prohibe
1050 1273 1180 1328 ergo
1205 1257 1439 1328 linguam
1476 1267 1620 1314 tuam
1651 1274 1678 1311 a
1705 1257 1846 1312 malo

267 1351 439 1421 (Ρεαι.
471 1349 687 1414 xxxiii),
710 1361 934 1417 operare
955 1347 1094 1416 quod
1125 1349 1320 1400 bonum
1352 1357 1458 1410 est,
1484 1355 1538 1400 et
1569 1345 1846 1399 scnsnalcs

265 1447 447 1494 motus
474 1448 590 1492 tuos
619 1436 960 1492 continentia:
991 1436 1156 1492 frenis
1184 1437 1411 1497 infrena.
1437 1445 1492 1490 et
1514 1437 1591 1490 sic
1615 1437 1716 1490 erit
1741 1450 1842 1506 pax

265 1533 320 1584 in
349 1541 492 1584 terra
521 1529 703 1584 carnis
735 1539 856 1582 tuae.
884 1529 1060 1597 Atque
1087 1527 1254 1582 malos
1281 1543 1378 1598 pro
1406 1543 1655 1598 persona,
1679 1542 1842 1595 qttam

265 1623 456 1686 babes,
480 1631 534 1676 et
560 1631 610 1676 te
636 1621 1200 1691 prtesenle,justitiam
1233 1637 1336 1675 non
1369 1623 1515 1676 sinas
1536 1621 1768 1690 sepeliri.

339 1711 473 1764 Veni
505 1711 570 1764 ad
600 1711 884 1779 septimum
911 1711 1134 1780 gradum
1155 1751 1168 1772 ,
1204 1710 1292 1778 qui
1325 1721 1408 1764 est.
1441 1709 1838 1778 perseverantia

1947 545 2224 604 peccatum
2266 537 2284 608 (
2314 535 2474 592 Ercli.
2501 555 2550 592 tv
2572 538 2613 610 ).
2644 559 2663 590 ι
2699 539 3043 610 Opponamus
3079 559 3209 614 ergo
3247 546 3294 600 ei
3332 551 3510 602 consi-

1945 625 2276 682 derationem
2339 630 2599 694 rationis,
2651 633 3005 686 reverentiam
3059 635 3319 690 intuentis
3375 638 3511 702 Dei,

1943 718 2400 786 comparationem
2443 719 2665 784 majoris
2702 719 3053 775 confusionis.
3097 723 3164 777 Ut
3202 725 3344 778 enim
3381 742 3514 781 cou-

1945 801 2198 858 fiteamur
2236 806 2376 859 ratio
2415 817 2627 872 monet,
2671 808 2809 862 Deus
2847 811 2987 878 cogit
3023 812 3113 878 qui
3153 813 3335 878 videt;
3367 823 3423 870 et
3461 815 3508 871 si

1943 893 2319 950 confundimur
2366 897 2452 952 ltic
2499 899 2717 962 dicere,
2769 901 2896 968 quid
2943 901 3046 954 erit
3096 901 3148 956 in
3191 903 3276 955 illa
3319 921 3515 975 magna

1943 985 2288 1050 confusione,
2329 987 2419 1040 ubi
2460 989 2640 1042 omnia
2679 989 2929 1042 omnibus
2975 993 3276 1060 patebunt?
3325 993 3515 1051 Timor

1943 1083 2124 1128 autem
2178 1075 2463 1146 plerosque
2515 1081 2812 1148 opprimit,
2871 1096 2938 1134 ne
2994 1085 3142 1152 gravi
3195 1088 3512 1156 pmnitentia

1943 1163 2306 1230 percellanlur
2339 1173 2390 1218 et
2429 1164 2668 1234 perferre
2707 1183 2812 1220 non
2852 1171 3074 1238 possint.
3107 1171 3246 1227 Vere
3275 1194 3292 1226 ι
3321 1176 3413 1244 qui
3446 1179 3514 1230 ti-

1945 1261 2054 1313 met
2084 1253 2331 1322 pruinam
2353 1294 2367 1318 ,
2401 1255 2570 1308 irruet
2602 1271 2762 1324 super
2793 1274 2912 1310 cum
2947 1261 3034 1312 nix
3068 1261 3204 1331 (Job
3239 1267 3353 1336 v1).
3389 1284 3412 1318 ι

2017 1338 2114 1392 Hic
2151 1341 2600 1394 considerandum
2639 1359 2798 1411 quam
2830 1347 3004 1414 gravis
3033 1349 3102 1402 sit
3127 1363 3284 1417 poena
3317 1352 3517 1421 gehen—

1943 1443 2058 1490 nte,
2111 1444 2270 1496 quam
2324 1429 2514 1500 longa,
2571 1447 2728 1500 quam
2761 1433 3112 1490 infructuosa.
3163 1439 3204 1490 E
3236 1441 3514 1497 contrario

1943 1527 2124 1572 autem
2174 1520 2493 1588 parnitentia
2545 1539 2813 1590 praesens.
2863 1524 3029 1591 levis,
3085 1531 3262 1584 brevis
3301 1540 3354 1584 et
3393 1531 3510 1584 frn—

1943 1619 2150 1664 cluosa.
2195 1611 2330 1680 Spes
2367 1622 2544 1666 autem
2585 1615 2784 1668 multos
2826 1617 3040 1680 obruit,
3081 1621 3170 1686 qui
3211 1623 3336 1676 dum
3379 1621 3515 1678 bona

1943 1701 2228 1769 prwscntia
2281 1703 2532 1770 cupiunt,
2583 1705 2794 1772 aperire
2841 1707 3198 1763 conscientias
3245 1725 3372 1766 suas
3418 1727 3516 1768 no-

265 1801 550 1864 bonitatis,
577 1807 634 1852 et
659 1801 710 1852 in
741 1801 841 1854 ltoc
870 1801 1098 1868 septimo
1121 1800 1330 1852 vocabit
1355 1808 1404 1852 te
1435 1799 1694 1854 Dominus
1719 1814 1839 1851 cum

1950 1789 2090 1850 lunt.
2133 1807 2232 1855 ne,
2273 1793 2316 1846 si
2357 1793 2543 1860 quales
2577 1804 2701 1848 sunt
2738 1796 3042 1852 hominibus
3079 1815 3406 1870 appareant,
3446 1805 3514 1858 ad

265 1894 450 1965 Moyse
491 1895 558 1948 de
603 1893 776 1947 medio
811 1893 1057 1962 caliginis
1082 1889 1278 1964 (Ex'od.
1307 1893 1476 1961 xxiv),
1505 1903 1556 1946 et
1585 1893 1634 1946 in
1671 1893 1840 1960 ipsam

267 1987 562 2040 divinitatis
585 1987 935 2039 substantiam
963 1985 1247 2039 interiores
1271 1985 1454 2039 oculos
1477 1983 1686 2053 iufiges.
1709 1982 1846 2036 Per-

267 2078 624 2132 severantiam
662 2089 840 2130 autem
871 2075 1073 2130 faciunt
1116 2075 1448 2146 exspectatio
1477 2074 1838 2144 pranniorum,

266 2181 546 2234 pmnarum
595 2165 936 2227 recordatio,
983 2163 1238 2233 pritnitia:
1283 2163 1504 2231 Spiritus
1549 2169 1604 2216 et
1644 2161 1844 2218 donum

266 2253 516 2318 caeleste,
552 2253 616 2310 de
659 2253 855 2323 quibus
895 2251 1130 2324 loquitur
1167 2251 1452 2324 Apostolus
1473 2251 1667 2324 (Hebr.
1725 2255 1798 2322 vi)
1825 2291 1841 2316 ,

267 2345 412 2414 quod
450 2359 550 2400 nec
573 2355 827 2416 expertus
858 2345 1102 2414 ignorat,
1160 2359 1260 2399 nec
1303 2344 1609 2412 inexpertus
1647 2341 1845 2394 intelli-

265 2438 361 2504 git.
393 2435 631 2490 Stultitia
675 2447 756 2492 est
783 2438 926 2491 enim
964 2437 1040 2491 illi
1084 2435 1130 2506 (1
1166 2435 1288 2490 Cor.
1318 2435 1412 2504 tt),
1443 2444 1496 2488 et
1524 2449 1627 2487 non
1659 2441 1842 2502 potest

269 2524 592 2595 intelligere,
617 2525 706 2594 qui
739 2525 1090 2594 spiritualiter
1111 2525 1514 2578 examinantur.

335 2604 534 2666 Audite
562 2623 615 2667 et
639 2613 872 2666 breviter
901 2629 1058 2682 quem
1087 2621 1336 2682 oporteat
1361 2611 1600 2666 ordinari
1633 2611 1698 2665 ad
1731 2612 1840 2666 dis-

263 2703 634 2772 pensationem
683 2703 964 2756 ministerii
1019 2703 1209 2772 bujns;
1271 2710 1481 2772 Oportet
1531 2701 1676 2756 enim
1733 2715 1837 2754 non
1885 2763 1896 2780 ο

265 2791 447 2845 minus
471 2791 764 2846 litteratum
789 2807 947 2862 quam
976 2791 1305 2860 religiosum,
1339 2801 1396 2844 ut
1420 2789 1592 2844 zelum
1625 2789 1716 2844 Dei
1747 2790 1840 2842 ha-

263 2879 411 2942 beat,
439 2888 496 2933 et
523 2881 814 2933 secundum
839 2880 1142 2946 scientiam,
1178 2895 1298 2934 cum
1330 2879 1622 2934 indiscreta
1653 2879 1841 2950 religio

265 2971 440 3040 magis
482 2972 672 3026 obesse
729 2971 899 3026 soleat
961 2987 1121 3040 quam
1185 2973 1461 3040 prodesse.
1517 2971 1838 3026 Litteratum

267 3073 448 3116 autem
497 3063 618 3117 ideo
654 3070 710 3116 ut
765 3063 902 3116 sciat
949 3062 1090 3132 quod
1149 3062 1422 3132 injungat,
1473 3063 1556 3117 cui
1617 3071 1836 3132 parcat,

267 3151 482 3218 quando
520 3168 744 3221 parcere
775 3155 996 3216 debeat,
1022 3169 1180 3222 quam
1207 3153 1627 3208 consolationem
1661 3152 1834 3226 profe-
1865 3132 1912 3194 (ἶ

265 3249 352 3293 rat
383 3241 448 3293 de
471 3239 795 3308 Scripturis.
822 3240 1148 3310 Religiosum
1172 3257 1330 3306 vero,
1361 3242 1563 3295 idcirco
1595 3251 1648 3294 ut
1677 3255 1838 3310 puras

271 3345 464 3384 manus
499 3329 642 3383 levet
671 3329 736 3382 ad
767 3329 932 3384 Deum
963 3339 1016 3382 et
1044 3343 1140 3399 pro
1171 3330 1544 3400 peccatoribus
1576 3327 1838 3382 liduciali-

269 3430 352 3473 ter
383 3421 705 3474 intercedat.
735 3419 924 3474 Videat
949 3431 1124 3474 autem
1177 3437 1241 3474 ne
1271 3436 1502 3489 unquam
1528 3421 1592 3473 de
1615 3421 1698 3473 liis
1719 3433 1839 3488 quze

266 3515 368 3565 sub
405 3513 683 3583 signaculo
730 3513 1081 3568 confessionis
1123 3513 1352 3582 accepit,
1399 3513 1632 3582 aliquam
1677 3512 1840 3566 faciat

263 3602 621 3667 mentionem,
665 3603 745 3657 vel
794 3603 952 3658 alicui
985 3603 1220 3672 loquenti
1268 3605 1592 3656 consentiat.
1641 3601 1841 3658 Caveat

177 3745 180 3750 .
267 3694 432 3748 etiam
465 3709 532 3748 ne
553 3693 776 3749 vilescat
803 3695 856 3749 in
885 3703 1172 3765 conspectu
1203 3691 1320 3761 ejus
1345 3694 1436 3762 qui
1467 3696 1514 3746 ei
1545 3709 1695 3747 suam
1719 3693 1840 3746 vili-

271 3795 436 3839 tatem
463 3786 723 3849 ostendit,
773 3801 872 3840 uec
901 3787 973 3840 sit
1007 3793 1316 3853 suspectus,
1345 3797 1444 3838 nec
1469 3784 1533 3837 de
1561 3783 1839 3858 prmterita

267 3875 506 3930 futuram
547 3879 714 3931 vitam
753 3879 984 3932 aestimet
1020 3877 1340 3946 peccatoris.

337 3967 489 4032 Quod
526 3965 572 4019 si
601 3965 824 4020 fortuito
853 3968 916 4020 tle
947 3967 1028 4020 bis
1054 3981 1172 4036 qum
1205 3967 1256 4019 in
1293 3964 1630 4019 confessione
1660 3979 1843 4018 susce-

265 4055 348 4124 pit
389 4069 552 4108 causa
591 4069 774 4108 coram
823 4071 886 4110 eo
927 4054 1082 4108 fuerit
1124 4055 1412 4118 ventilata,
1447 4069 1550 4107 non
1585 4063 1839 4122 tanquam

269 4143 522 4197 conscius
543 4143 596 4196 in
619 4155 824 4214 partem
853 4143 1110 4209 declinet,
1143 4145 1238 4198 sed
1275 4144 1426 4214 quasi
1461 4142 1672 4198 nescius
1693 4142 1838 4212 judi-

271 4233 497 4288 ciarium
522 4233 766 4289 ordinem
799 4235 1072 4305 permittat
1095 4250 1402 4289 excurrere.
1431 4233 1634 4288 Habeat
1661 4245 1840 4288 autem
1903 4289 1914 4294 ,

271 4324 325 4377 in
367 4323 646 4379 voluntate
675 4325 909 4396 compati
947 4335 1004 4380 et
1044 4342 1166 4382 eum
1212 4325 1481 4390 liberare,
1530 4335 1588 4379 et
1637 4326 1842 4379 nitatur

1948 1879 2092 1932 nulla
2124 1883 2405 1949 praesentis
2435 1883 2556 1935 vine
2585 1883 2722 1937 bona
2760 1889 3146 1943 conscendant.
3185 1889 3390 1956 Quibus
3429 1893 3514 1948 in—

1949 1969 2269 2022 culcandum
2300 1972 2532 2040 estquia
2567 1974 2708 2029 bona
2747 1973 2906 2044 bujus
2943 1981 3119 2032 Stecult
3159 1997 3323 2049 parva
3362 1993 3516 2048 sunt,

1946 2059 2152 2114 incerta
2181 2070 2236 2114 et
2265 2073 2639 2120 momentauea
2663 2105 2677 2126 .
2709 2075 2763 2120 et
2794 2067 2884 2122 illa
2917 2069 3058 2124 illius
3086 2073 3208 2126 vita:
3237 2077 3470 2128 maxima
3495 2117 3508 2135 .

1944 2151 2249 2206 certissima
2279 2161 2334 2207 et
2359 2163 2579 2208 aeterna.
2619 2155 2889 2212 Plurimos
2924 2160 3225 2228 desperatio
3265 2164 3519 2220 interficit

1945 2245 2036 2314 qtti
2069 2245 2170 2299 hoc
2197 2245 2372 2300 solum
2402 2257 2682 2312 metuunt,
2716 2263 2782 2302 ne
2821 2251 3028 2319 possint
3061 2253 3339 2310 continere
3367 2273 3381 2310 :
3413 2257 3518 2312 Ve-

1947 2351 2064 2389 rum
2104 2351 2338 2406 namque
2374 2350 2458 2392 est
2503 2339 2629 2408 quia
2665 2357 2684 2390 ι
2738 2349 3014 2408 peccator.
3051 2359 3172 2396 cum
3212 2347 3421 2400 venerit
3461 2347 3514 2402 in

1945 2429 2266 2498 profundttm
2297 2431 2590 2498 malorum,
2621 2435 2920 2488 contemnit
2947 2433 3130 2506 (Prov.
3156 2437 3292 2507 ιιι).
3319 2457 3336 2488 ι
3367 2436 3516 2490 Hanc

1943 2519 2194 2573 obterere
2234 2521 2489 2575 debemus
2516 2521 2700 2592 vigore
2729 2524 3116 2590 confessionis,
3142 2527 3312 2593 gratia
3341 2525 3518 2578 humi-

1943 2607 2110 2662 litatis
2133 2617 2182 2663 et
2213 2609 2590 2679 compassione
2615 2610 2761 2666 illius
2795 2612 2881 2666 cui
2919 2613 3194 2682 aperimus
3233 2613 3516 2668 conscien-

1944 2700 2072 2752 tiam
2103 2709 2362 2753 nostram.

2013 2811 2302 2866 Sciendum
2353 2821 2534 2868 autem
2587 2815 2712 2882 quia
2771 2815 2874 2868 alia
2926 2824 3010 2870 est
3047 2816 3354 2880 eonfessm,
3397 2803 3516 2885 qua:

1940 2913 2220 2972 peccatum
2261 2903 2506 2974 plangit;
2545 2905 2678 2969 alia,
2711 2923 2830 2977 qua:
2869 2906 3078 2962 laudem
3111 2909 3277 2962 canit.
3313 2909 3513 2962 Bonum

1933 2995 2135 3056 anima:
2173 3005 2546 3049 ornamentum
2585 2995 2884 3061 confessio,
2927 3015 3045 3067 quae
3084 3009 3138 3055 et
3173 3009 3513 3071 peccatort-m

1941 3093 2134 3154 purgat
2161 3093 2216 3136 et
2239 3083 2443 3152 justum
2477 3086 2650 3140 reddit
2682 3088 3072 3156 purgatiorem.

2019 3196 2316 3266 Sequitur:
2347 3216 2364 3246 ι
2395 3197 2494 3263 Qui
2533 3200 2825 3253 crediderit
2863 3201 2914 3253 in
2957 3201 3104 3254 illum
3143 3217 3245 3254 non
3286 3202 3516 3256 confun-

1943 3289 2116 3340 detur.
2145 3307 2162 3337 ι
2189 3287 2421 3342 Credere
2447 3289 2577 3354 Deo,
2599 3302 2680 3343 est
2705 3289 2882 3344 verbis
2911 3292 3026 3360 ejus
3053 3292 3206 3345 fidem
3235 3293 3513 3346 adhibere.

1943 3377 2176 3434 Credere
2228 3379 2426 3444 Deum,
2479 3389 2562 3433 est
2610 3381 2852 3434 c0nliteri
2905 3381 3100 3450 ubique
3153 3381 3318 3434 Deum
3369 3395 3512 3436 esse.

1942 3469 2178 3524 Credere
2215 3471 2270 3524 in
2311 3469 2509 3536 Deum,
2541 3480 2626 3526 e-t
2660 3485 2873 3526 omnem
2901 3486 3046 3540 spem
3079 3487 3228 3526 suam
3269 3473 3320 3524 in
3360 3471 3506 3526 illutn

1941 3563 2195 3631 dirigere.
2236 3565 2400 3618 Deum
2441 3574 2497 3619 et
2535 3567 2642 3618 Deo
2689 3566 2916 3619 credunt
2963 3565 3264 3628 daenmnes,
3313 3563 3404 3618 sed
3458 3564 3512 3618 in

1943 3653 2092 3707 illum
2122 3669 2225 3707 non
2255 3655 2514 3720 credunt,
2545 3655 2594 3707 in
2624 3670 2782 3722 quem
2811 3655 2898 3724 qui
2931 3654 3218 3708 crediderit
3248 3667 3350 3706 non
3380 3667 3512 3706 con-

1945 3743 2214 3806 fundetur,
2244 3745 2367 3815 quia
2398 3761 2543 3814 spem
2573 3759 2722 3798 suam
2753 3759 2857 3798 non
2887 3751 3092 3812 ponunt
3123 3743 3176 3796 in
3207 3742 3375 3796 illum.

2013 3859 2148 3912 Ecce
2177 3868 2433 3927 quantum
2465 3857 2645 3926 potui,
2675 3868 2726 3910 et
2755 3857 2796 3910 si
2832 3871 2934 3910 non
2961 3863 3220 3925 quantum
3248 3869 3296 3907 νε
3319 3853 3388 3906 lui
3407 3892 3423 3919 ,
3451 3853 3516 3908 de

1943 3948 2298 4002 confessionis
2334 3948 2562 4002 disserui
2605 3955 2969 4000 sacramento.
3012 3945 3118 4000 Sed
3147 3946 3272 4016 quia
3306 3959 3514 3999 sermo-

1943 4057 2065 4095 nem
2097 4041 2147 4094 in
2179 4040 2393 4107 longum
2425 4038 2810 4107 protraximus,
2843 4035 3001 4090 finem
3031 4036 3281 4106 loquendi
3311 4035 3516 4105 pariter

1942 4136 2246 4190 audiamus.
2299 4133 2396 4188 Det
2444 4134 2600 4188 nobis
2647 4135 2810 4188 corde
2855 4133 3080 4187 credere
3116 4133 3182 4186 ad
3215 4130 3512 4201 justitiam,

1942 4241 2036 4280 ore
2074 4225 2317 4279 confiteri
2358 4225 2424 4278 ad
2465 4225 2691 4278 salutem
2734 4225 2752 4294 (
2784 4223 3075 4294 Ronan),
3114 4231 3168 4277 et
3205 4224 3256 4277 in
3297 4237 3355 4276 se
3394 4237 3518 4275 cre-

1943 4314 2092 4380 dere,
2145 4329 2372 4385 sponsus
2439 4313 2723 4378 Ecclesitc,
2789 4313 2955 4367 Filius
3023 4311 3234 4376 Mariae,
3292 4311 3381 4380 qui
3436 4317 3522 4364 est

269 4413 472 4482 aliquid
519 4414 807 4470 detrahere
851 4416 1126 4470 severitati
1160 4457 1175 4478 ,
1235 4416 1452 4469 imitans
1504 4415 1838 4470 dulcedinem
1868 4475 1912 4482 _
1945 4405 2086 4461 Deus
2119 4406 2433 4462 benediCltIS
2467 4405 2518 4459 in
2551 4403 2764 4459 εωοιιιπι
2798 4405 2990 4458 Amen-

267 4501 483 4555 Dotnini
529 4504 666 4567 mei,
713 4504 776 4558 de
825 4519 931 4573 quo
973 4505 1103 4558 dicit
1165 4513 1384 4558 sanctus
1434 4521 1447 4556 :

265 4591 446 4646 fecisti
468 4590 730 4659 judicium
754 4608 952 4657 meum.
980 4603 1036 4648 et
1062 4609 1276 4649 causam
1308 4609 1480 4648 meam
1506 4591 1676 4663 (Paul.
1705 4599 1786 4662 ιι).
1819 4611 1837 4644 ι

272 4681 406 4745 Sed,
445 4684 582 4752 prob
611 4683 792 4738 dolor!
829 4683 1158 4754 temporibus
1185 4683 1384 4738 nostris
1413 4697 1507 4750 per
1535 4681 1843 4734 universum

267 4774 528 4827 mundum
559 4775 932 4844 pestilentialis
954 4777 1170 4830 morbus
1192 4775 1452 4836 excrevit,
1477 4783 1532 4827 ut
1552 4772 1846 4842 przeferan-

271 4871 361 4918 tur
385 4863 647 4919 Ecclesiis
671 4881 808 4936 quos
837 4881 935 4922 nec
962 4867 1187 4922 scientia
1218 4881 1316 4922 nec
1341 4865 1450 4918 vita
1476 4865 1839 4928 commendat,

271 4971 372 5012 ceu
393 4957 558 5011 duces
575 4971 860 5022 caecorum,
885 4967 937 5012 et
961 4960 1305 5030 praecipitati,
1325 4967 1380 5013 et
1407 4960 1456 5012 in
1483 4958 1840 5028 prtecipitium

267 5047 649 5114 perducentes.

353 5137 658 5166 Λιιιηι-ξννι-ιη
689 5137 754 5166 ’.ιι
793 5139 1064 5166 Μοιηισιυοιὶ
1139 5145 1206 5166 -ἱ-
1249 5135 1641 5166 ΑΛνιΓΛιιηῖΛΛΛΜ
1675 5137 1815 5166 θεν-ΑΞ

1505 4520 1524 4552 ι
1576 4502 1839 4570 Quoniam
1867 4475 1924 4538 Β

2497 4623 2650 4684 DEC
2661 4623 2768 4682 ΕΜ
2779 4623 2922 4682 BER
2937 4667 2950 4682 .

1943 4747 2052 4808 VI.
2255 4743 2464 4804 Sermo
2493 4743 2566 4802 dc
2593 4743 2654 4804 S.
2687 4742 2948 4802 Nicolao
2979 4741 3264 4819 episcopo
3300 4747 3350 4798 ct
3382 4757 3522 4799 con-

2051 4864 2268 4907 εεεονθ.

2113 4865 2138 4905 s
2222 4865 2268 4904 θ.

1943 4849 2218 5010 xxv?
2254 4943 2459 5004 Sermo
2509 4943 2575 5004 in
2626 4942 2858 5020 l’t'gt'lia
2889 4937 3130 5002 Natalis
3162 4926 3436 4998 D'omt'nt.

1943 5047 2149 5110 XXV.
2257 5043 2468 5103 Sermo
2499 5042 2563 5102 in
2586 5041 2932 5104 Natict‘tatc
2957 5037 3230 5100 Domini.

2181 5161 2232 5166 _-
2274 5139 2431 5166 _I.',.-
2465 5141 2534 5166 Α-
2577 5139 2764 5166 -_J----
