3978 5328
475 312 577 369 8ὖὸ

464 426 648 487 XXX

540 530 592 579 et
625 522 990 601 confessorc.

463 623 704 682 XXXI.
776 623 987 681 Sermo
1019 616 1090 676 de
1137 618 1202 678 S.
1240 614 1534 676 Columba
1563 615 1724 692 virg.
1764 620 1818 674 et
1844 624 2028 677 mart.

1014 753 1289 812 SERMON
1345 753 1478 808 LIX.

533 869 600 909 DE
628 871 674 908 S.
713 866 939 907 NICOLAO
966 865 1214 904 EPISCOPO
1257 863 1482 902 IYRENSI
1518 864 1586 902 ΕΤ
1613 862 1960 903 εοιιῖεεεοιιε.

1058 949 1078 1012 (
1106 955 1157 994 vt
1197 938 1448 1008 DECEIB.)

534 1055 786 1111 Nicolaus
843 1053 945 1108 iste
994 1066 1166 1117 meus,
1216 1051 1323 1105 imo
1369 1061 1423 1106 et
1469 1060 1678 1115 vester,
1717 1049 1920 1106 electus
1967 1052 2036 1106 ab

467 1155 644 1211 utero,
684 1155 904 1198 sanctus
926 1158 954 1196 a
993 1139 1483 1212 puero,-juvenum
1513 1141 1704 1210 gloria,
1739 1143 2036 1195 reverentia

467 1249 679 1297 senum,
709 1232 1048 1288 sacerdotum
1077 1231 1270 1294 honor,
1296 1229 1550 1298 Splendor
1571 1230 1880 1298 pontiﬁcum
1910 1245 2040 1284 con-

466 1335 689 1380 ventum
738 1333 979 1378 vestrum
1032 1336 1126 1374 sua
1179 1321 1416 1374 laetiﬁcat
1459 1320 1772 1374 festivitate.
1813 1320 1910 1374 llic
1956 1328 2040 1375 est

466 1415 743 1478 Nicolaus,
765 1413 918 1482 cujus
944 1409 1199 1465 miracula
1235 1425 1332 1478 per
1371 1418 1535 1463 totam
1582 1410 1763 1463 mundi
1794 1410 2036 1463 latitudi-

473 1521 597 1560 nem
629 1503 1022 1564 diﬁ‘unduntur,
1050 1517 1210 1570 quem
1257 1501 1437 1556 laudat
1480 1501 1630 1555 orbis
1667 1510 1826 1554 terra
1867 1509 1922 1555 et
1946 1501 2038 1570 qui

469 1597 715 1651 habitam
741 1596 792 1650 in
820 1610 903 1649 eo.
923 1594 1024 1648 Tot
1049 1595 1191 1648 enim
1209 1601 1262 1649 et
1295 1603 1443 1647 tanta
1473 1594 1730 1648 miracula
1761 1593 2038 1648 cumulan-

469 1697 576 1753 tur,
611 1696 667 1740 ιιι
699 1701 888 1740 omnes
916 1687 1276 1740 litteratorum
1310 1685 1532 1755 argutia:
1567 1686 1651 1738 vix
1704 1686 1769 1740 ad
1801 1686 2037 1740 scriben-

1053 308 1110 363 s.
1150 273 1354 362 mm
1393 306 1670 361 unum
1712 305 1860 360 orr.
1895 305 2044 360 eam

2146 306 2244 361 .EU
2287 304 2518 360 TOMUS
2556 304 2619 359 ιι.
2658 331 2727 344 --
2754 305 3138 363 SERMONES.

775 423 981 484 Sermo
1035 422 1106 480 de
1137 421 1202 481 S.
1239 419 1616 480 Barbuliano
1673 416 2028 496 Dresbytcro
2058 423 2108 484 Α
2135 417 2475 482 liberantem,
2523 417 2756 487 virgines
2808 417 3078 489 virginum
3120 419 3394 473 infamiam
3437 421 3711 474 redimcn-

3597 304 3709 363 8.7-6

2135 520 2262 574 tem,
2303 525 2459 564 senes
2502 509 2647 564 senis
2685 509 2921 578 inopiam
2962 511 3327 564 miserantem.
3371 509 3610 564 Juvenes
3652 517 3713 564 et

2130 599 2386 669 virgines,
2417 613 2574 652 senes
2607 613 2730 652 cum
2771 597 3075 665 junioribus
3109 598 3327 652 laudant
3369 613 3570 652 nomen
3602 597 3710 651 Do-

2130 687 2262 741 mini
2294 684 2449 753 lmjus
2478 683 2649 756 (Psal.
2684 685 2923 755 cnvtn).

2203 777 2312 832 Sed
2340 792 2482 831 nunc
2512 785 2631 846 post
2653 785 2803 830 actus
2831 774 2946 843 ejus
2969 774 3278 830 Graecorum
3301 774 3504 844 linguis
3523 773 3709 830 excel-

2133 868 2366 924 lentibus
2419 869 2702 937 insigniter
2751 867 3074 934 diﬁ‘amatos,
3121 869 3248 938 quid
3294 869 3492 923 audeat
3530 881 3711 922 sermo

2133 957 2490 1029 pauperculus
2545 958 2858 1012 balbutire?
2908 959 3290 1014 Verumtamen
3373 974 3442 1013 ne
3520 959 3712 1012 videar

2134 1051 2503 1106 excusatorias
2553 1050 3029 1120 tcrgiversationes
3079 1050 3354 1114 inducere,
3387 1063 3618 1103 recurro
3644 1051 3713 1104 ad

2135 1141 2498 1211 evangelicam
2519 1139 2834 1205 lectionem;
2860 1149 2914 1194 et
2941 1141 3084 1210 quod
3101 1148 3164 1194 de
3191 1139 3465 1193 communi
3496 1139 3710 1209 accepi,

2136 1233 2352 1302 profero
2397 1231 2449 1284 in
2497 1245 2801 1284 commune.
2841 1230 2931 1284 Ait
2973 1230 3157 1283 enim:
3207 1248 3225 1280 ι
3264 1228 3437 1284 Homo
3487 1229 3713 1298 quidam

2137 1322 2332 1377 nobilis
2383 1320 2515 1375 abiit
2547 1321 2598 1374 in
2646 1321 2921 1392 regionem
2954 1320 3315 1390 longinquam,
3349 1330 3403 1375 et
3435 1321 3513 1376 ait
3540 1321 3716 1376 servis

2137 1413 2288 1467 suis:
2335 1411 2715 1480 Negotiamiui,
2750 1413 2875 1466 dum
2904 1413 3061 1467 venio
3089 1411 3238 1482 (Luc.
3269 1414 3408 1484 xu).
3449 1432 3467 1466 ι
3506 1413 3715 1470 Securo

2137 1503 2472 1573 ncgotiabor,
2513 1502 2859 1572 prmcipiente
2902 1502 3127 1556 Domino
3172 1518 3310 1566 meo,
3358 1519 3464 1557 non
3510 1503 3716 1559 timebo

2136 1593 2479 1648 Psalmistam
2511 1592 2778 1646 dicentem
2808 1609 2822 1644 :
2855 1610 2873 1642 ι
2903 1591 3038 1657 Quia
3070 1606 3174 1644 non
3215 1593 3440 1662 cognovi
3472 1593 3718 1662 negotia-

2140 1688 2364 1750 tionem,
2406 1685 2639 1739 introibo
2677 1683 2731 1738 in
2774 1684 3041 1752 potentias
3069 1683 3272 1738 domini
3315 1682 3468 1754 (Psal
3507 1686 3663 1755 cxx).
3692 1703 3710 1737 ι

469 1777 592 1829 dum
620 1774 902 1837 suliiciant,
928 1791 1025 1829 nos
1049 1776 1112 1828 ad
1137 1761 1441 1843 legendum.
1475 1775 1540 1827 Et
1563 1776 1688 1829 licet
1711 1777 2034 1829 scholarium
2068 1761 2112 1819 Β
2141 1777 2256 1832 Νοιι
2288 1776 2430 1830 enim
2457 1790 2678 1845 parvum
2705 1773 2836 1827 milii
2869 1772 3077 1828 ﬁducia:
3105 1773 3272 1828 robur
3293 1784 3541 1843 prastat,
3571 1773 3718 1842 quod

467 1881 725 1919 numerus
757 1865 946 1919 incude
977 1865 1243 1918 rhetorica
1267 1865 1365 1918 sub
1395 1865 1742 1931 Quintiliani,
1780 1865 1860 1916 vel
1890 1864 2039 1918 Cice-

467 1956 619 2009 ronis
646 1955 851 2010 malleis
889 1956 1234 2008 tenuissimas
1269 1955 1574 2008 orationum
1605 1955 1831 2008 laminas
1853 1964 2041 2008 exten-

467 2043 581 2107 dat,
621 2052 844 2111 superat
874 2052 1049 2095 tamen
1083 2042 1248 2110 gloria
1297 2042 1622 2097 coafessoris
1658 2058 1861 2106 vocem,
1886 2059 2040 2095 men-

470 2140 616 2196 tem,
667 2131 902 2201 linguam
955 2141 1010 2184 et
1083 2131 1487 2184 conscientiam.
1517 2129 1870 2184 Crebrescunt
1897 2130 2040 2184 enim

470 2220 717 2289 quotidie
763 2220 1050 2284 mirabilia,
1083 2235 1181 2274 nec
1229 2222 1519 2289 requiescit
1569 2219 1805 2288 Spiritus
1854 2221 1944 2273 Dei
1975 2219 2043 2272 ad

470 2312 786 2366 memoriam
818 2311 1004 2365 militis
1031 2312 1112 2364 sui
1138 2326 1230 2365 sua
1271 2311 1588 2364 continuare
1610 2310 1890 2364 miracula.
1919 2309 2044 2364 Glo-

469 2400 713 2454 riﬁcatur
765 2401 817 2454 in
880 2401 1038 2463 mari,
1087 2399 1338 2453 laudatur
1387 2402 1439 2454 in
1489 2409 1655 2464 terra,
1713 2402 1764 2454 in
1795 2404 2043 2459 omnibus

469 2490 727 2561 periculis
757 2491 1058 2544 invocatur.
1085 2490 1324 2560 Denique
1356 2509 1373 2540 ι
1410 2491 1510 2557 Qui
1539 2492 1874 2546 descendunt
1896 2509 2045 2549 mare

469 2583 524 2638 in
574 2582 799 2636 navibus
845 2581 1106 2637 facientes
1153 2583 1520 2652 operationem
1568 2583 1622 2636 in
1660 2584 1815 2652 aquis
1842 2585 2041 2649 multis,

470 2673 572 2742 ipsi
621 2673 873 2729 viderunt
923 2689 1090 2743 opera
1135 2674 1381 2737 DOlllllll,
1421 2682 1474 2727 et
1520 2673 1782 2728 mirabilia
1827 2673 1943 2741 ejus
1987 2676 2042 2728 in

467 2762 735 2832 profundo
783 2762 936 2834 (Ρσαι
963 2767 1094 2834 cvi).
1132 2784 1149 2816 ι
1199 2764 1303 2834 ipsi
1335 2767 1584 2818 viderunt
1612 2780 1775 2833 opera
1809 2764 2040 2830 Domini,

468 2863 524 2908 et
557 2853 760 2909 Nicolai
800 2871 897 2924 per
929 2857 1095 2910 Deum
1128 2856 1388 2910 miracula
1423 2857 1474 2909 in
1504 2857 1792 2925 profundo.

542 2941 728 2998 Nonne
760 2952 882 3014 post
909 2947 1223 2999 memoriam
1250 2945 1500 3014 virginis,
1534 2955 1641 2999 tam
1673 2948 1842 3001 dulcis
1874 2959 2042 3017 pietas

471 3033 555 3086 vel
585 3035 670 3102 pia
703 3035 930 3089 dulcedo
972 3037 1024 3088 in
1067 3037 1320 3090 cordibus
1362 3038 1594 3092 ﬁdelium
1639 3039 1954 3093 obversatur
1985 3049 2042 3094 ut

471 3127 526 3180 in
556 3127 642 3180 die
695 3127 1058 3182 tribulationis
1079 3127 1281 3182 Nicolai
1321 3144 1512 3182 nomen
1563 3139 1808 3184 teneatur
1838 3132 1889 3184 in
1924 3148 2039 3196 ore,
2069 3103 2113 3164 Ο

473 3219 780 3286 requiescat
821 3218 874 3272 in
909 3220 1088 3274 corde.
1129 3219 1186 3274 Si
1225 3221 1626 3275 coruscatioues
1670 3221 1942 3291 fulgurant
1990 3231 2045 3275 et

471 3310 725 3379 procellis
753 3311 1136 3386 detona‘ntibus
1170 3327 1200 3365 a
1235 3313 1482 3381 supernis
1518 3313 1750 3367 vindicta
1779 3313 2042 3383 procedit,

472 3401 724 3458 Nicolaus
774 3403 826 3458 in
879 3413 1168 3473 patronum
1195 3406 1491 3460 assumitur
1536 3405 1788 3462 Nicolaus
1816 3407 2045 3462 dulciter

472 3493 812 3548 inclamatur.
845 3494 901 3549 Si
929 3503 1219 3564 tempestas
1244 3496 1470 3550 Saeviens
1491 3505 1544 3550 et
1572 3497 1858 3551 crudelitas
1881 3497 2045 3551 maris

474 3585 849 3654 navigantibus
892 3595 1118 3640 mortem
1161 3586 1450 3640 intentant.
1501 3586 1755 3640 Nicolans
1798 3586 2047 3642 ﬂebiliter

472 3687 750 3741 exoratur,
777 3687 834 3732 ut
856 3679 1074 3744 audiat;
1099 3679 1414 3750 suppliciter
1436 3680 1738 3743 invocatur,
1757 3688 1813 3732 ut
1838 3680 2041 3744 veniat;

474 3775 534 3820 ut
568 3777 718 3822 eruat
751 3808 766 3832 ,
807 3770 1231 3824 misericorditer
1284 3769 1630 3824 acclamatur.
1665 3768 1720 3823 Si
1773 3770 2048 3839 pulsamur

476 3858 863 3924 incommodis,
932 3860 1016 3914 vel
1075 3859 1410 3914 offendiculis
1464 3861 1805 3928 indolcmus,
1863 3862 2048 3915 statim

477 3960 722 4004 sanctum
779 3966 970 4006 nomen
1007 3951 1219 4020 prosilit
1273 3952 1326 4006 in
1369 3967 1430 4007 os
1481 3962 1747 4018 nostrum,
1798 3951 2048 4010 Nicolaus

483 4038 862 4108 ingeminatur,
901 4043 1261 4110 patrocinium
1300 4044 1562 4112 quaaritur
1599 4043 1826 4099 Nicolai.

550 4129 627 4182 Ne
670 4131 872 4199 putetis
913 4141 1090 4186 autem
1131 4147 1214 4185 me
1241 4133 1620 4188 declamatorie
1649 4134 1814 4204 loqui,
1845 4134 1924 4189 vel
1960 4150 2050 4189 ve-

481 4229 695 4274 nustate
740 4222 1008 4275 rhetorica
1058 4224 1340 4276 verborum
1384 4239 1640 4293 aggerare
1687 4225 2047 4293 splendorem,

481 4326 604 4364 cum
636 4320 780 4364 totus
803 4312 1033 4365 mundus
1067 4311 1325 4365 beneﬁcia
1358 4313 1552 4365 sentiat
1581 4313 1925 4375 confessoris,
1952 4331 2050 4369 nec

2142 1868 2228 1923 ille
2257 1881 2500 1920 summus
2538 1865 2832 1934 imperator
2859 1861 3034 1917 factus
3063 1872 3147 1917 est
3191 1864 3494 1933 negotiator
3539 1877 3714 1926 meus,

2141 1967 2193 2012 et
2225 1958 2495 2026 negotium
2537 1969 2715 2007 meum
2767 1954 2884 2007 sine
2907 1951 3018 2006 otio
3059 1953 3188 2022 egit,
3225 1953 3460 2022 quandiu
3512 1952 3616 2005 fuit
3663 1951 3716 2004 in

2142 2047 2326 2110 terris,
2369 2053 2423 2099 et
2452 2044 2810 2112 pretiosarum
2859 2043 3120 2097 mercium
3166 2041 3464 2096 sarcinulas
3492 2052 3718 2111 portar-s

2142 2136 2208 2190 ad
2248 2135 2485 2199 Patrem,
2529 2133 2629 2203 ipsi
2678 2133 2846 2187 vultui
2897 2133 3011 2197 Dei,
3055 2141 3109 2187 et
3155 2131 3280 2200 quid
3306 2131 3436 2187 emit
3482 2139 3539 2184 et
3587 2129 3716 2199 quid

2143 2227 2393 2292 redemit,
2427 2235 2480 2280 et
2503 2226 2644 2280 unde
2685 2226 2994 2289 redemerit,
3043 2224 3297 2279 ostendit.
3343 2223 3421 2276 Tn
3469 2238 3600 2293 ergo
3630 2223 3717 2276 illo

2143 2321 2419 2390 negotioso
2493 2319 2701 2373 otiosus
2749 2333 2868 2372 esse
2920 2317 3204 2387 disponis?
3256 2315 3347 2370 illo
3409 2315 3716 2380 laborante,

2141 2411 2466 2481 quiescere?
2498 2410 2619 2478 Ipse
2657 2409 2800 2462 venit
2834 2408 3092 2479 negotiari
3125 2408 3178 2462 in
3203 2409 3474 2479 regionem
3500 2407 3715 2478 longin-

2142 2519 2322 2576 quam,
2353 2513 2406 2556 et
2434 2511 2490 2556 tu
2537 2501 2615 2556 ad
2653 2501 2900 2570 regiones
2952 2500 3226 2570 proximas
3261 2498 3545 2553 ambulare
3592 2514 3719 2552 con-

2144 2594 2340 2647 temnis
2366 2591 2388 2645 ?
2413 2591 2720 2662 Aggredere
2748 2597 2800 2643 et
2849 2588 3130 2660 ingredere
3163 2587 3433 2658 regionem
3480 2586 3719 2641 dissimi-

2143 2683 2406 2747 litudinis,
2453 2681 2703 2736 videlicet
2757 2683 3014 2734 mundutn
3050 2681 3230 2743 istum,
3282 2687 3337 2733 et
3385 2679 3510 2732 vide
3557 2693 3716 2748 quam

2142 2774 2448 2842 frequentes
2479 2773 2548 2827 ibi
2573 2770 2847 2834 nundinas,
2889 2778 3103 2839 quantae
3131 2770 3433 2839 germinent
3459 2777 3516 2822 et
3539 2784 3717 2838 reger-

2141 2865 2348 2920 minent
2398 2863 2700 2924 vanitates,
2740 2848 2998 2930 .prorsus
3053 2859 3509 2915 dissimilitudinis
3593 2860 3717 2929 quia

2145 2957 2422 3026 regionem
2476 2951 2863 3015 similitudinis,
2916 2950 3004 3004 ubi
3052 2951 3119 3004 ad
3171 2950 3578 3004 similitudinem
3624 2949 3716 3004 Dei

2144 3047 2272 3100 facti
2323 3061 2419 3100 nos
2466 3043 2702 3107 fuimus,
2749 3043 2996 3097 amisisse
3045 3057 3141 3096 nos
3196 3049 3421 3095 constat.
3467 3039 3717 3110 Nunquid

2145 3155 2250 3194 non
2272 3153 2460 3208 magna
2489 3135 2889 3200 dissimilitudo,
2917 3134 2984 3188 de
3031 3134 3283 3203 paradiso
3327 3135 3394 3187 ad
3423 3132 3713 3197 infernum,

2144 3233 2209 3288 de
2243 3230 2434 3299 angelo
2456 3229 2522 3282 ad
2547 3227 2850 3296 jumentum
2872 3267 2886 3291 ,
2923 3225 2989 3280 ad
3015 3225 3283 3281 diabolum
3312 3227 3377 3279 de
3405 3225 3549 3280 Deo?
3581 3226 3717 3280 Vade

2143 3338 2273 3393 ergo
2322 3335 2416 3390 per
2446 3317 2689 3372 forenses
2727 3316 2988 3370 tumultus
3017 3323 3072 3370 et
3110 3315 3197 3371 hic
3239 3316 3584 3372 decertantes
3616 3318 3720 3370 cir-

2145 3411 2434 3480 cumspice.
2485 3409 2755 3476 Quantum
2797 3422 2926 3462 vero
2972 3407 3187 3478 colligo,
3238 3406 3290 3460 in
3339 3406 3513 3460 tribus
3542 3407 3719 3460 causis

2144 3508 2294 3555 natat
2337 3501 2514 3554 omnis
2562 3499 2834 3554 voluntas.
2882 3497 2986 3551 Alii
3016 3498 3238 3562 divitiis,
3268 3497 3357 3551 alii
3399 3497 3716 3564 honoribus,

2145 3591 2234 3646 alii
2271 3591 2454 3662 gloriae
2493 3589 2818 3646 innituntur.

2216 3681 2401 3736 Curris
2446 3681 2512 3734 ad
2571 3680 2814 3745 Indiam,
2875 3677 3209 3748 Ethiopiam
3253 3676 3491 3742 circuis,
3550 3679 3718 3732 maria

2147 3771 2345 3824 transis
2371 3779 2424 3824 et
2455 3768 2617 3822 alium
2659 3770 2843 3822 orbem
2900 3768 2994 3822 tibi
3042 3768 3220 3838 aperis
3278 3765 3606 3838 navigando,
3662 3776 3720 3820 ut

2147 3863 2360 3918 divitias
2403 3876 2696 3931 congreges
2724 3901 2738 3925 ,
2796 3859 2938 3930 fugis
2982 3861 3243 3929 patriam,
3279 3859 3499 3930 ignoras
3551 3859 3716 3922 ﬁlios,

2147 3954 2420 4009 divelleris
2467 3955 2533 4008 ab
2581 3968 2788 4015 uxore,
2861 3960 2918 4006 et
2960 3952 3201 4006 omnium
3259 3951 3719 4006 necessitudinum

2146 4048 2346 4104 oblitus
2375 4048 2573 4117 quaeris
2605 4055 2660 4100 ut
2688 4046 2961 4116 acquiras,
2991 4045 3226 4114 acquiris
3259 4054 3320 4100 ut
3352 4059 3570 4115 pereas,
3597 4059 3720 4114 per-

2149 4139 2232 4193 dis
2284 4147 2341 4192 ut
2389 4138 2590 4202 doleas,
2621 4137 2956 4192 thesaurizas
3002 4146 3056 4190 et
3089 4137 3306 4206 ignoras
3342 4136 3430 4189 cui
3473 4136 3718 4191 dictum:

2155 4249 2172 4282 ι
2228 4229 2349 4284 Filii
2394 4229 2693 4294 homimuu,
2749 4241 3025 4298 nsquequo
3077 4227 3226 4298 gravi
3275 4229 3467 4290 corde,
3513 4237 3572 4282 ιιι
3597 4227 3722 4297 quid

2150 4323 2370 4393 diligitis
2401 4323 2716 4385 vanitatem,
2738 4332 2792 4377 et
2820 4323 3060 4392 qumritis
3087 4323 3464 4378 mendacium?
3499 4343 3520 4376 ι
3550 4323 3718 4391 (Prol.

483 4400 556 4455 sit
585 4400 675 4470 qui
707 4415 764 4455 se
793 4401 1090 4455 abscondat
1122 4401 1189 4455 ab
1224 4417 1408 4492 amore
1433 4400 1565 4469 ejus.
1601 4402 1655 4454 In
1684 4403 2046 4458 testimonium
2078 4443 2124 4502 Β
2151 4416 2248 4484 ιν.)
2302 4415 2368 4468 Ει
2407 4415 2507 4469 hoc
2550 4414 2764 4481 quidem
2809 4430 2907 4484 pro
2946 4414 3166 4468 divitiis.
3217 4413 3355 4468 Audi
3397 4423 3452 4468 et
3485 4413 3723 4469 breviter

482 4500 610 4546 sunt
655 4493 1113 4562 peregrinationes
1167 4489 1234 4546 ad
1281 4503 1529 4546 sanctum
1580 4493 1721 4548 illius
1773 4510 1967 4565 corpus
2017 4513 2046 4552 a

485 4580 678 4634 ﬁnibus
722 4591 880 4634 terrm
909 4588 1196 4649 susceplm,
1236 4589 1294 4634 ut
1338 4581 1619 4636 videantur
1647 4598 1765 4652 qua:
1798 4599 1893 4654 per
1925 4600 2046 4639 cum

483 4669 618 4722 ﬁunt
669 4669 954 4722 mirabilia.
990 4669 1104 4723 Non
1134 4670 1304 4725 solum
1353 4680 1531 4727 autem
1561 4671 1907 4738 Christianis,
1955 4676 2047 4728 sed

482 4769 536 4814 ct
565 4759 788 4829 paganis
835 4760 888 4813 in
937 4768 1145 4813 tantam
1192 4764 1548 4816 reverentiam
1597 4765 1767 4818 sancti
1819 4765 2048 4818 nominis

485 4853 751 4906 advolavit
787 4854 1080 4908 auctoritas
1125 4860 1184 4909 ιιι
1216 4855 1464 4910 certatim
1513 4855 1784 4910 conﬂuant
1828 4856 1898 4909 ad
1935 4855 2051 4910 lau-

487 4941 717 4994 dandum
737 4950 791 4994 et
817 4941 1223 5010 glorilicandum
1252 4958 1442 4998 nomen
1472 4954 1714 4998 sanctqu
1744 4943 1878 5012 ejus.
1910 4944 2054 5000 Prm-

486 5033 643 5098 cipue
689 5035 1027 5086 sacerdotum
1076 5043 1131 5087 et
1177 5034 1496 5088 clericorum
1529 5038 1682 5090 turba
1713 5046 1856 5091 tanta
1887 5039 2050 5096 devo-

491 5121 635 5173 tione
664 5121 806 5172 circa
837 5123 1038 5174 cultum
1065 5123 1180 5192 ejus
1210 5123 1440 5177 afﬁcitur
1469 5132 1527 5177 ut
1561 5125 1614 5178 in
1643 5134 1754 5178 toto
1786 5135 2049 5196 terrarum

1313 5230 1358 5240 ιιι
1497 5213 1531 5242 ἰ
1565 5231 1620 5242 ’.Α
1646 5225 1762 5242 Ann.
1777 5217 1958 5242 ειη-1η--.
1986 5219 2050 5244 οι-.

477 5211 618 5238 ’Λαιιη
651 5210 953 5238 ηιιζὴιιιιιιιιη
1007 5217 1305 5240 -αη.ΙΑΛ..-ιη-

2157 4507 2223 4561 de
2249 4493 2542 4559 hono'rihus
2569 4521 2582 4557 :
2617 4503 2816 4558 Ducem
2861 4515 2910 4559 te
2943 4505 3364 4568 constituerunt,
3405 4512 3460 4556 et
3489 4505 3618 4558 data
3643 4513 3721 4558 est

2159 4599 2250 4652 tibi
2285 4596 2514 4651 facultas
2539 4607 2596 4650 ut
2631 4596 2794 4651 miser
2837 4597 2933 4662 sis,
2964 4595 3268 4664 etamplius
3307 4611 3413 4649 non
3452 4596 3721 4664 quiescas.

2157 4688 2471 4744 Cumulatnr
2494 4691 2718 4743 materia
2749 4688 3188 4754 sollicitudinum,
3216 4701 3269 4742 et
3293 4689 3433 4742 inter
3455 4704 3722 4743 mrumnas

2155 4795 2251 4834 cor
2278 4779 2451 4848 ipsum
2499 4779 2809 4844 exedentes,
2857 4794 3080 4835 necesse
3119 4789 3202 4834 est
3250 4779 3456 4833 vultum
3503 4780 3722 4833 induere

2156 4873 2494 4943 gaudiorum.
2527 4871 2777 4941 Nunquid
2803 4872 2857 4926 in
2891 4873 3095 4927 honore
3125 4875 3243 4926 sine
3271 4873 3478 4937 dolore,
3510 4874 3562 4927 in
3591 4888 3723 4942 prae-

2156 4961 2358 5016 latione
2382 4962 2496 5015 sine
2515 4961 2877 5025 tribulatione,
2907 4963 2958 5016 in
2991 4961 3320 5018 sublimitate
3341 4963 3463 5016 sine
3487 4963 3718 5017 vanitate

2157 5067 2280 5106 esse
2307 5052 2426 5120 quis
2472 5051 2694 5119 pozest?
2731 5051 2935 5118 Miseri,
2966 5052 3116 5121 juxta
3146 5053 3549 5123 philosophum,
3579 5068 3718 5108 mer—

2157 5144 2342 5198 cedem
2395 5145 2734 5198 miseriarum
2803 5161 3083 5209 amamus,
3146 5146 3286 5215 ipsas
3354 5160 3714 5204 exsecramur.
