3978 5328
244 339 346 408 8.7.7

1641 352 1871 411 SERMO
1895 352 2029 410 LIX.

3414 369 3521 428 838

241 469 698 540 quemadmodum
750 471 1082 542 superiorem
1109 473 1192 528 vis
1222 472 1401 527 vivere
1433 482 1632 528 tecum.
1685 471 1824 526 Audi
1854 469 1904 528 Δ
1931 473 2073 525 circa
2106 481 2331 528 mortem
2365 476 2736 544 paenituerunt
2758 519 2773 545 ,
2816 481 3194 550 pmnitentiam
3224 484 3388 559 316
3410 503 3517 544 non

240 565 388 620 etde
432 563 624 632 gloria.
668 564 724 618 Si
773 566 973 634 quzeris
1023 565 1279 636 gloriam,
1315 565 1565 620 omnibus
1615 565 1829 618 invidize

239 658 453 713 semina
483 657 780 727 prazbuisti.
809 656 1031 713 lnllatus
1052 667 1159 722 est,
1188 667 1242 712 et
1265 657 1614 712 ventilatorio
1636 656 1829 726 spiritu

237 749 436 820 plenus
460 747 836 817 disrumperis,
875 762 975 802 nec
1003 746 1240 801 attend‘is
1261 755 1393 816 quot
1428 755 1478 800 te
1508 753 1828 814 sequantur,

237 841 336 894 sed
379 847 512 908 quot
582 836 912 909 praecedant.
988 835 1477 906 Conglomerantur
1525 849 1714 890 omnes
1761 833 1830 888 ad

235 931 632 987 detrahendum
664 929 782 994 tibi,
816 929 881 982 ad
914 929 1342 984 maledicendum
1376 929 1586 1000 linguas
1607 935 1827 992 acuunt,

235 1033 294 1077 et
323 1021 707 1093 argutissimus
735 1035 793 1074 es
841 1019 886 1073 si
917 1019 1000 1073 vel
1037 1019 1300 1091 linguam,
1330 1019 1414 1074 vel
1439 1033 1658 1072 manum
1691 1017 1831 1072 invi-

233 1113 433 1166 dorum
475 1113 654 1181 possis
706 1110 954 1164 evadere.
1010 1110 1149 1165 Ecce
1204 1111 1348 1165 unde
1393 1109 1660 1180 gloriosus
1703 1121 1828 1163 esse

231 1203 498 1265 volebas,
555 1201 819 1272 inglorius
860 1215 980 1255 esse
1026 1199 1386 1255 convinceris.
1427 1198 1640 1253 Nullum
1681 1197 1826 1253 enim

234 1295 631 1351 iuexorabilius
657 1293 1006 1364 persequitur
1047 1293 1334 1348 multitudo
1364 1307 1528 1364 quam
1560 1291 1706 1346 illum
1733 1290 1826 1359 qui

227 1389 345 1444 sibi
398 1387 765 1442 multitudinis
816 1395 1036 1455 arrogat
1079 1385 1464 1455 principatum.
1523 1382 1696 1453 Junge
1742 1382 1826 1438 his

233 1479 415 1533 tribus
445 1477 742 1548 potentiam
791 1484 846 1530 et
888 1476 1244 1545 voluptatem,
1273 1490 1393 1544 quae
1439 1481 1493 1527 ct
1521 1474 1634 1541 ipsa
1677 1471 1824 1527 tenui

227 1578 290 1623 et
343 1568 651 1638 perfusorio
702 1567 900 1637 gaudio
954 1570 1281 1637 rapiuntur,
1330 1575 1385 1621 et
1431 1564 1639 1618 videbis
1696 1563 1823 1634 quia

227 1648 394 1730 copia
423 1675 629 1729 pauper
655 1668 760 1721 est,
793 1658 971 1712 honor
993 1657 1236 1723 humilis,
1266 1657 1387 1711 vilis
1415 1655 1610 1726 gratia,
1643 1665 1825 1724 poten-

227 1753 312 1805 tia
347 1751 560 1816 debilis,
602 1760 656 1806 et
687 1750 956 1804 laboriosa
1003 1749 1271 1819 voluptas,
1315 1749 1572 1817 ut,juxta
1592 1746 1822 1815 Aposto-

1933 564 2234 635 explentes,
2267 568 2469 639 indigni
2503 579 2559 624 ut
2590 573 2772 626 statim
2811 575 3118 643 gaudeant,
3152 593 3251 634 nec
3282 581 3429 651 digni
3463 591 3522 636 ut

1935 673 2150 727 semper
2196 660 2462 726 ardeant,
2524 663 2639 718 loca
2710 665 3021 736 purgatoria
3073 669 3417 735 sortiuntur,
3464 673 3517 726 in

1935 746 2132 816 quibus
2188 748 2550 817 flagellantur,
2594 752 2686 806 sed
2730 769 2835 808 non
2866 755 2932 808 ad
2987 756 3349 826 insipientiam
3392 759 3516 821 sibi.

1933 848 1994 893 ut
2023 842 2220 895 extorti
2251 842 2648 898 transferantur
2671 846 2736 900 ad
2768 861 3011 916 regnum.

2001 930 2107 986 Pro
2156 933 2262 1000 bis,
2313 936 2406 1005 qui
2454 936 2506 990 in
2547 937 2687 992 cmlo
2740 948 2887 1004 sunt,
2917 957 3022 995 non
3056 945 3345 1009 orandum,
3387 944 3518 1013 quia

1930 1035 2043 1085 eos,
2100 1039 2204 1078 non
2253 1040 2351 1094 pro
2393 1026 2493 1092 eis,
2533 1043 2694 1084 orare
2738 1028 3018 1085 debemus.
3061 1030 3168 1086 Pro
3198 1033 3302 1098 bis,
3332 1033 3424 1102 qui
3461 1032 3519 1089 in

1932 1114 2146 1171 inferno
2214 1128 2376 1183 sunt,
2425 1121 2815 1190 suspendendae
2876 1133 3002 1178 sunt
3055 1139 3276 1194 preces,
3324 1126 3520 1195 quibus

1929 1206 2114 1261 clausa
2155 1216 2236 1262 est
2266 1209 2651 1264 misericordia:
2684 1211 2850 1280 janua
2882 1225 2938 1268 et
2968 1215 3132 1270 totius
3175 1230 3300 1286 spes
3347 1215 3520 1270 inter-

1927 1297 2079 1352 clusa
2128 1298 2341 1355 salutis.
2394 1300 2500 1355 Pro
2545 1301 2652 1356 illis
2705 1311 2912 1358 tantum
2964 1305 3294 1376 vigilandum
3340 1307 3519 1363 estin

1927 1394 2290 1458 orationibus,
2340 1396 2773 1452 subveniendum
2810 1398 3080 1453 sacrificio
3107 1399 3390 1468 singulari,
3423 1401 3517 1469 qui

1928 1485 2062 1540 locis
2110 1487 2480 1557 purgabilibus
2532 1489 2922 1554 emundantur,
2970 1498 3028 1544 ut
3058 1491 3324 1562 benignus
3354 1491 3519 1546 Pater

1925 1578 2301 1646 pmniteutiam
2370 1595 2558 1634 eorum
2652 1582 2703 1635 in
2753 1581 3230 1649 satisfactionem,
3301 1582 3521 1638 satisfa-

1925 1668 2158 1722 ctionem
2226 1670 2279 1724 in
2332 1670 2783 1739 glorificationem
2847 1673 2957 1728 cito
3004 1684 3305 1730 convertat.
3351 1675 3520 1732 Curre

1927 1762 2122 1816 iterum
2171 1778 2270 1833 per
2319 1764 2453 1818 istos
2503 1765 2700 1818 intuitu
2735 1765 2975 1835 pietatis,
3015 1775 3068 1821 et
3123 1767 3210 1822 fac
3246 1769 3519 1824 sarcinam

228 1841 371 1907 lum,
405 1856 620 1895 omnem
651 1840 978 1896 intellectum
1012 1841 1064 1894 in
1092 1839 1292 1894 Christi
1321 1838 1638 1908 obsequium
1681 1836 1816 1892 redi-
1850 1829 1899 1889 Β
1931 1863 2073 1907 “mm
2095 1894 2110 1918 ν
2164 1829 2415 1909 {lacuum
2465 1829 2851 1924 compatiehdi.

226 1949 427 2004 gamus
456 1932 541 2004 (11
573 1933 696 1987 Cor.
729 1934 805 2003 x).
839 1933 1035 2001 Relege
1076 1933 1372 1986 maximum
1417 1931 1564 1985 illum
1604 1931 1825 1985 Latino-

227 2039 358 2076 rum
435 2023 922 2094 philosopborum,
975 2031 1032 2078 et
1083 2023 1135 2077 in
1197 2022 1339 2077 illius
1399 2023 1580 2076 verbis
1649 2036 1824 2076 meam

227 2116 483 2170 invenies
538 2130 660 2169 esse
711 2115 1064 2169 sententiam.
1120 2113 1416 2169 Coutemne
1482 2113 1646 2183 igitur
1707 2113 1825 2168 haec

224 2209 442 2274 omnia,
499 2208 623 2278 quia
675 2207 858 2263 omnia
899 2208 1322 2270 contemnenda,
1357 2215 1413 2261 et
1465 2207 1531 2260 de
1577 2205 1663 2261 liis
1709 2219 1826 2260 om-

224 2299 398 2356 nibus
427 2298 513 2353 fac
543 2299 815 2355 sarcinam
850 2309 1014 2361 tuam,
1047 2306 1421 2368 contemptum
1453 2297 1659 2351 mundi.

306 2393 545 2448 Decursa
568 2407 698 2448 vero
733 2392 836 2447 hac
875 2392 1120 2462 regione,
1150 2400 1205 2446 et
1233 2390 1376 2460 quod
1424 2388 1716 2459 pretiosius
1740 2396 1826 2444 est

228 2484 361 2537 inde
417 2483 651 2547 sublato,
695 2483 863 2539 transi
913 2483 981 2536 ad
1027 2483 1343 2548 secundam,
1391 2496 1510 2550 quae
1555 2489 1640 2536 est
1667 2495 1825 2551 para-

229 2578 388 2630 disus
438 2574 765 2628 claustralis.
824 2573 962 2628 Vere
1013 2573 1310 2628 claustrum
1377 2581 1460 2626 est
1513 2572 1819 2641 paradisus.

227 2668 333 2722 llic
365 2677 519 2737 prata
551 2668 777 2721 virentia
801 2665 1230 2736 Scripturarum,
1255 2664 1624 2735 prmterﬂuens
1647 2663 1824 2734 lacry-

231 2774 452 2812 marum
502 2757 824 2820 undositas,
867 2773 1030 2826 quam
1074 2757 1139 2812 de
1180 2755 1490 2826 purissimis
1539 2753 1823 2810 affectibus

231 2863 393 2901 amor
424 2847 513 2902 ille
553 2847 797 2902 ett-testis
826 2847 1046 2916 eliquat.
1095 2846 1193 2901 Hic
1242 2854 1368 2900 sunt
1434 2846 1659 2901 arbores
1696 2859 1823 2900 ere-

228 2939 493 2994 ctissimre
536 2939 719 2993 choris
770 2947 1106 3002 sanctorum,
1142 2936 1396 3006 nullaque
1422 2947 1505 2991 est
1527 2978 1540 3001 ,
1565 2952 1684 3004 qua:
1716 2951 1820 2990 non

228 3031 399 3086 multa
438 3029 642 3083 fructus
669 3030 898 3099 gaudeat
932 3029 1209 3082 ubertate.
1253 3027 1378 3082 "me
1405 3035 1489 3082 est.
1525 3027 1614 3081 illa
1647 3026 1818 3082 subli-

227 3122 335 3176 mis
366 3136 575 3184 mensa,
631 3121 684 3174 in
730 3135 838 3190 qua
880 3121 1026 3174 Deus
1071 3128 1156 3175 est
1207 3131 1260 3176 et
1313 3120 1503 3175 cibans
1550 3129 1604 3175 et
1641 3117 1815 3182 cibus,

1999 1946 2202 2014 Quarta
2254 1947 2424 2018 regio,
2471 1957 2554 2003 est
2585 1950 2738 2018 regio
2785 1949 3124 2020 gehennalis,
3159 1953 3308 2023 regio
3357 1955 3517 2018 dura,

1926 2038 2077 2108 regio
2107 2037 2532 2101 extimescenda,
2570 2048 2716 2094 terra
2745 2041 3076 2107 alllictionis,
3110 2051 3255 2097 terra
3293 2044 3520 2098 oblivio-

1930 2129 2036 2193 nis,
2098 2138 2245 2185 terra
2303 2129 2687 2195 miseriarum,
2745 2140 2890 2186 terra
2955 2134 3316 2199 tenebrarum,
3374 2143 3519 2188 terra

1927 2223 2160 2278 turbinis
2200 2235 2255 2278 et
2320 2223 2584 2292 caliginis,
2633 2233 2777 2278 terra
2821 2224 3214 2280 maledictionis
3263 2235 3318 2280 et
3368 2241 3517 2279 mor-

1927 2315 2022 2378 tis,
2077 2315 2130 2368 in
2175 2330 2282 2384 qua
2323 2314 2507 2370 nullus
2558 2317 2711 2382 ordo,
2776 2316 2871 2371 sed
2927 2317 3286 2388 sempiternus
3327 2318 3522 2372 horror

1926 2409 2217 2464 inhabitat.
2275 2406 2444 2462 Totus
2495 2417 2668 2464 tremo
2721 2421 2884 2478 atque
2937 2411 3136 2464 horreo
3193 2411 3258 2464 ad
3310 2423 3518 2464 memo-

1926 2501 2064 2554 riam
2131 2499 2373 2570 regionis
2439 2499 2637 2564 istius,
2703 2510 2759 2554 et
2815 2515 3073 2554 concussa
3141 2509 3268 2554 sunt
3338 2501 3518 2553 omnia

1924 2605 2048 2646 ossa
2079 2605 2216 2644 mea.
2249 2590 2360 2644 lllic
2388 2599 2472 2644 est
2512 2591 2674 2661 ignis,
2715 2591 2807 2660 qui
2849 2607 2953 2645 non
2993 2591 3360 2656 succenditur,
3398 2606 3520 2644 ver-

1925 2683 2028 2737 mis
2073 2683 2160 2752 qui
2211 2698 2316 2736 non
2370 2682 2602 2736 moritur
2657 2681 3000 2752 (Isaivat),
3065 2681 3238 2752 frigus
3292 2683 3520 2735 horren-

1925 2773 2075 2828 dum.
2130 2773 2205 2828 lbi
2256 2773 2397 2829 fetor
2427 2773 2785 2830 intolerabilis
2835 2775 3101 2838 exoritur,
3149 2775 3518 2844 percutientes

1923 2863 2104 2919 mallei
2139 2871 2395 2919 resonant
2422 2863 2780 2928 incessanter,
2813 2863 3018 2918 obfusaa
3053 2863 3288 2919 tenebrae
3327 2877 3518 2918 cumu-

1925 2955 2091 3010 latius
2119 2957 2492 3011 indcnsantur.
2523 2957 2634 3012 Illic
2665 2957 2910 3012 confusio
2938 2967 3308 3027 peccatorum,
3335 2957 3516 3012 horri-

1923 3047 2050 3102 bilis
2079 3045 2248 3102 facies
2289 3048 2628 3112 daemonnm,
2661 3047 3120 3102 inextricabilinm
3168 3046 3515 3102 vinculorum

1927 3136 2124 3189 fertilis
2183 3135 2490 3191 multitudo.
2547 3136 2622 3191 lbi
2691 3135 2848 3191 fletus
2901 3144 2956 3190 et
3011 3136 3215 3190 stridor
3271 3136 3514 3190 dentium

229 3228 528 3267 munerans
575 3220 630 3266 et
660 3227 876 3278 munus,
909 3211 1144 3267 offerens
1185 3221 1240 3266 et
1292 3210 1556 3274 oblatum,
1589 3209 1815 3264 conviva
1847 3178 1895 3242 ο
1927 3228 2143 3301 (Mam
2198 3246 2332 3297 xm;
2373 3229 2482 3284 Luc
2536 3230 2684 3300 xm),
2734 3230 2985 3299 planctus
3041 3240 3097 3285 ει
3144 3230 3398 3300 gemitus,
3461 3237 3518 3284 ει

227 3312 282 3358 et
311 3303 647 3357 convivium.
679 3301 778 3357 llic
803 3312 1038 3374 aggesta:
1085 3311 1213 3357 sunt
1242 3300 1644 3372 Omnipotentis
1681 3301 1818 3355 divi~

218 3394 342 3460 tiae,
373 3391 462 3448 hic
491 3391 669 3447 refusa
697 3401 782 3448 est
807 3393 978 3465 gloria
1009 3393 1345 3462 angelorum.
1373 3393 1610 3448 Putasne
1644 3391 1820 3446 nullas

229 3484 322 3538 hic
347 3499 473 3538 esse
507 3483 799 3548 nundinas,
831 3494 888 3538 et
909 3484 1069 3538 otiari
1105 3484 1226 3538 illos
1251 3483 1341 3553 qui
1379 3483 1628 3539 habitant
1659 3483 1820 3537 unius

229 3576 405 3632 moris
453 3577 505 3630 in
557 3575 954 3648 domo?(PsaI.
988 3577 1182 3640 van.)
1229 3576 1428 3631 Videas
1465 3576 1609 3630 hunc
1651 3574 1822 3630 sacris

229 3669 560 3724 lectionibus
606 3669 976 3724 iutendentem
1004 3709 1018 3732 ,
1067 3669 1217 3723 illum
1278 3668 1677 3722 incumbentem
1701 3681 1824 3721 ora-

231 3759 501 3824 tionibus,
559 3761 702 3815 hunc
757 3775 855 3830 pro
896 3760 1010 3814 suis
1059 3760 1374 3815 excessibus
1405 3759 1820 3829 lacrymantem,

231 3848 388 3902 illum
431 3849 485 3904 in
528 3849 619 3904 Dei
665 3849 914 3906 laudibus
955 3849 1352 3914 exsultantem,
1410 3849 1554 3904 hunc
1593 3846 1824 3918 vigilan-

233 3951 370 4005 tem,
412 3939 795 4010 jejuuantetn,
842 3950 897 3996 et
930 3939 1082 3994 illum
1132 3938 1308 3995 oﬂicio
1337 3939 1554 4010 pietatis
1602 3938 1702 3994 sibi
1758 3938 1826 3992 ad

232 4032 470 4085 invicem
561 4032 822 4087 invidere.
875 4030 1045 4088 Nocte
1075 4041 1413 4102 consurgunt
1458 4032 1524 4086 ad
1562 4031 1826 4086 confiten-

233 4125 457 4180 tcndum
507 4123 648 4189 Deo;
681 4139 927 4194 vespere,
975 4139 1136 4179 mane
1163 4134 1219 4179 et
1246 4123 1480 4179 meridie.
1520 4130 1743 4176 narrant
1772 4131 1826 4177 et

233 4215 564 4270 annnntiaut
594 4215 804 4270 laudem
838 4215 975 4286 ejus,
1005 4223 1062 4271 et
1093 4214 1273 4269 omnis
1309 4213 1522 4268 illorum
1564 4213 1825 4268 sedulitas

234 4308 287 4362 in
340 4308 526 4363 orbem
579 4307 747 4363 divini
789 4317 1000 4363 rotatur
1049 4307 1316 4377 obsequii.
1364 4306 1535 4362 Curre
1570 4321 1700 4378 ergo
1729 4321 1826 4375 per

234 4418 447 4470 omnes,
472 4418 632 4459 curre
661 4419 758 4474 per
785 4404 1048 4475 singulos,
1077 4413 1133 4459 et
1163 4405 1230 4460 de
1263 4404 1532 4460 universis
1561 4413 1616 4459 et
1638 4403 1825 4476 singu-

236 4494 303 4551 lis
330 4495 412 4551 fac
437 4497 712 4551 sarcinam
739 4505 906 4562 tuam,
933 4497 1164 4552 formam
1188 4497 1426 4552 vivendi.

310 4584 518 4639 Relicto
552 4601 681 4656 ergo
730 4587 932 4641 mundo
980 4595 1036 4640 et
1084 4587 1242 4641 modo
1289 4586 1502 4641 vivendi
1547 4594 1818 4656 suscepto,

240 4677 406 4732 transi
441 4677 508 4731 ad
543 4678 781 4744 tertiam,
807 4694 925 4748 qua:
955 4688 1038 4734 est
1067 4679 1218 4750 regio
1253 4680 1598 4747 expiationis.
1632 4680 1686 4733 lu
1718 4680 1822 4734 hac

241 4768 460 4837 regione
490 4769 757 4840 benignus
784 4767 943 4824 Pater
964 4771 1240 4824 examinat
1279 4770 1417 4824 filios
1457 4770 1821 4840 rubiginosos,

242 4861 379 4916 sicut
430 4863 780 4917 examinatur
851 4874 1162 4934 argentum;
1215 4867 1365 4920 ducit
1415 4882 1514 4936 per
1551 4866 1727 4935 ignem
1768 4875 1824 4923 et

243 4969 454 5022 aquam,
490 4965 552 5010 ut
590 4955 812 5011 inducat
844 4957 897 5011 in
929 4958 1268 5028 refrigerium
1317 4956 1488 5030 (Psal.
1519 4958 1666 5029 va).
1698 4959 1821 5015 Tri-

241 5061 325 5101 nze
353 5057 476 5102 sunt
499 5047 872 5105 distinctiones
913 5049 1176 5116 locorum,
1209 5066 1344 5120 quos
1374 5067 1474 5119 pro
1509 5052 1828 5109 diversitate

246 5139 557 5174 Innrilnrnnn
612 5138 803 5174 σιηῖηνη
853 5140 1153 5174 cnnlinnlnr
1229 5141 1303 5174 ΛιΙ
1352 5142 1545 5168 nm‘u-n
1592 5159 1827 5174 nnnsn-on

1920 3320 2241 3374 alternantia
2308 3321 2446 3374 mala
2497 3321 2691 3389 impios
2749 3321 2866 3374 sine
2923 3320 3129 3389 pietate
3175 3307 3525 3386 discerpunt.

1922 3413 2065 3467 Nihil
2104 3414 2184 3468 sic
2220 3413 2363 3468 valet
2391 3413 2457 3467 ad
2499 3415 2878 3483 exstirpandas
2910 3412 3244 3483 voluptatum
3274 3411 3513 3475 radices,

1923 3520 2085 3574 quam
2137 3505 2363 3559 istorum
2428 3505 2690 3559 memoria
2743 3513 2798 3560 et
2849 3503 3154 3559 recordatio
3229 3502 3513 3556 vulnerum

1912 3596 2133 3650 Domini
2191 3596 2317 3656 mei.
2373 3596 2465 3665 qui
2516 3596 2667 3650 stetit
2718 3604 2848 3649 ante
2889 3594 3149 3664 judicem,
3203 3595 3292 3664 qui
3330 3593 3516 3659 alapas

1926 3687 2156 3755 accepit,
2187 3684 2277 3754 qui
2306 3683 2608 3755 ﬂagellatus
2645 3694 2748 3750 est,
2773 3685 2862 3754 qui
2889 3694 3203 3754 consputus,
3236 3685 3324 3753 qui
3354 3697 3514 3737 coro-

1923 3785 2088 3832 natus
2117 3776 2308 3846 Spinis,
2349 3775 2440 3846 qui
2472 3775 2718 3845 colaphis
2766 3790 2956 3839 caasus,
2987 3775 3076 3843 qui
3122 3788 3417 3842 suspensus
3458 3772 3512 3826 in

1924 3870 2092 3942 ligno,
2126 3870 2210 3924 cui
2269 3869 2528 3940 pendenti
2567 3869 2884 3924 insultatum
2914 3877 3016 3932 est,
3053 3869 3144 3937 qui
3175 3876 3418 3921 mortuus
3461 3867 3515 3920 in

1926 3977 2104 4025 cruce,
2167 3961 2260 4031 qui
2317 3961 2502 4016 lancea
2567 3976 2889 4030 percussus,
2943 3960 3034 4029 qui
3089 3958 3367 4028 sepultus,
3421 3956 3514 4026 qui

1926 4053 2246 4118 resurrexit,
2295 4052 2388 4122 qui
2433 4052 2678 4107 ascendit
2729 4052 2796 4106 ad
2842 4051 3043 4117 cmlos,
3089 4051 3179 4120 qui
3235 4049 3365 4105 fecit
3416 4062 3517 4102 nos

1927 4157 2151 4211 regnum
2180 4151 2237 4196 et
2281 4144 2597 4197 sacerdotes
2635 4141 2746 4197 Deo
2783 4139 3030 4196 etPatri.
3078 4139 3247 4194 Curre
3291 4153 3388 4209 per
3416 4138 3518 4194 has

1925 4234 2314 4289 tumultuantes
2348 4233 2640 4299 nundinas,
2673 4242 2732 4287 ut
2758 4233 2948 4289 vivens
2991 4232 3292 4288 descendas
3324 4231 3377 4285 in
3427 4230 3514 4283 in-

1922 4325 2164 4393 fernum,
2197 4336 2252 4384 et
2295 4325 2380 4382 fac
2410 4327 2682 4382 sarcinam
2716 4335 2892 4392 tuam,
2924 4327 3105 4382 odium
3138 4324 3368 4394 peccati.

1993 4419 2191 4486 Quinta
2248 4420 2398 4489 regio
2428 4428 2512 4474 est
2560 4420 2846 4490 paradisus
2897 4416 3318 4488 superccelestis,
3366 4413 3518 4486 regio

1924 4513 2086 4566 beata
2113 4523 2166 4566 et
2195 4511 2450 4582 gloriosa,
2503 4509 2664 4579 plena
2691 4509 2990 4579 voluptatis
3023 4517 3078 4564 et
3115 4507 3302 4578 gloria:
3331 4507 3514 4560 suavi-

1932 4604 2057 4657 tatis
2081 4612 2136 4657 et
2164 4603 2384 4667 laetitiae,
2417 4603 2607 4672 gratia:
2634 4609 2685 4656 et
2717 4601 3091 4672 benignitatis.
3130 4599 3200 4653 lbi
3242 4598 3454 4667 requies
3485 4613 3517 4652 a

1930 4693 2134 4754 labore,
2187 4691 2502 4760 jucunditas
2533 4693 2598 4746 de
2629 4691 2892 4755 novitate,
2936 4691 3004 4745 de
3029 4689 3330 4746 aeternitate
3357 4703 3516 4743 secu-

1931 4786 2084 4840 ritas.
2106 4785 2182 4840 lbi
2224 4793 2306 4839 est
2333 4784 2527 4840 civitas
2549 4783 2715 4855 Regis
2750 4782 2948 4854 magni,
2984 4783 3136 4853 cujus
3167 4780 3356 4850 platea:
3389 4795 3525 4835 cou-

1931 4887 2112 4934 strata:
2155 4884 2283 4933 sunt
2313 4891 2446 4931 auro
2493 4875 2804 4947 purissimo,
2852 4889 2972 4944 quae
3024 4872 3312 4931 fecundata
3340 4879 3426 4925 est
3469 4874 3530 4930 in

1933 4969 2226 5040 sappltiris,
2245 4967 2298 5020 in
2321 4982 2424 5038 qua
2446 4965 2675 5039 jaspidis
2687 4968 3092 5036 prepugnacula
3108 4963 3507 5038 prmvirescunt
3523 5012 3539 5037 ,

1930 5073 1982 5118 et
2011 5078 2109 5134 per
2158 5059 2405 5118 ordinem
2449 5059 2656 5131 lapides
2709 5057 3116 5117 insternuntur.
3150 5055 3287 5112 Nam
3322 5055 3554 5126 lapides

1930 5153 2151 5174 ......ιξ--⁹
2208 5163 2393 5174 ηινς--ΑΑ
2441 5151 2579 5174 ..ιι-...3
2619 5146 2728 5174 κιο-Α
2766 5148 2928 5174 [Anna-
3008 5151 3124 5174 --η-ἰ
3349 5160 3422 5174 ιὶιι
