  <div class='ocr_page' id='page_1' title='image "/cluster/home/n/w/nwhite01/storage/ocr_20150623/144/hvd.32044010574010/425.png"; bbox 0 0 3978 5328; ppageno 0'>
   <div class='ocr_carea' id='block_1_1' title="bbox 458 187 562 243">
    <p class='ocr_par' dir='ltr' id='par_1_1' title="bbox 458 187 562 243">
     <span class='ocr_line' id='line_1_1' title="bbox 458 187 562 243; baseline 0 0"><span class='ocrx_word' id='word_1_1' title='bbox 458 187 562 243; x_wconf 66' lang='lat'><strong>839</strong></span> 
     </span>
    </p>
   </div>
   <div class='ocr_carea' id='block_1_2' title="bbox 1089 183 3152 268">
    <p class='ocr_par' dir='ltr' id='par_1_2' title="bbox 1089 183 3152 268">
     <span class='ocr_line' id='line_1_2' title="bbox 1089 183 3152 268; baseline 0.005 -26"><span class='ocrx_word' id='word_1_2' title='bbox 1089 188 1146 243; x_wconf 90' lang='lat' dir='ltr'><strong>S.</strong></span> <span class='ocrx_word' id='word_1_3' title='bbox 1191 183 1394 245; x_wconf 79' lang='lat' dir='ltr'><strong>PETRI</strong></span> <span class='ocrx_word' id='word_1_4' title='bbox 1424 192 1705 268; x_wconf 64' lang='grc' dir='ltr'><strong>ΒᾼΜΙᾹΝΙ</strong></span> <span class='ocrx_word' id='word_1_5' title='bbox 1743 193 1894 250; x_wconf 78' lang='lat' dir='ltr'><strong>OPP.</strong></span> <span class='ocrx_word' id='word_1_6' title='bbox 1925 195 2102 253; x_wconf 78' lang='lat' dir='ltr'><strong>PARS</strong></span> <span class='ocrx_word' id='word_1_7' title='bbox 2143 195 2270 251; x_wconf 75' lang='lat' dir='ltr'><strong>SEU</strong></span> <span class='ocrx_word' id='word_1_8' title='bbox 2305 197 2540 252; x_wconf 79' lang='lat' dir='ltr'><strong>TOMUS</strong></span> <span class='ocrx_word' id='word_1_9' title='bbox 2569 194 2632 250; x_wconf 83' lang='lat' dir='ltr'><strong>ll.</strong></span> <span class='ocrx_word' id='word_1_10' title='bbox 2672 224 2742 239; x_wconf 87' lang='lat'><strong>--</strong></span> <span class='ocrx_word' id='word_1_11' title='bbox 2771 194 3152 254; x_wconf 72' lang='lat' dir='ltr'><strong>SERMONES.</strong></span> 
     </span>
    </p>
   </div>
   <div class='ocr_carea' id='block_1_3' title="bbox 3623 199 3724 257">
    <p class='ocr_par' dir='ltr' id='par_1_3' title="bbox 3623 199 3724 257">
     <span class='ocr_line' id='line_1_3' title="bbox 3623 199 3724 257; baseline -0.03 0"><span class='ocrx_word' id='word_1_12' title='bbox 3623 199 3724 257; x_wconf 69' lang='lat'><strong>840</strong></span> 
     </span>
    </p>
   </div>
   <div class='ocr_carea' id='block_1_4' title="bbox 459 300 3726 380">
    <p class='ocr_par' dir='ltr' id='par_1_4' title="bbox 459 300 3726 380">
     <span class='ocr_line' id='line_1_4' title="bbox 459 300 3726 380; baseline 0.006 -27"><span class='ocrx_word' id='word_1_13' title='bbox 459 300 813 368; x_wconf 73' lang='lat' dir='ltr'><strong>promittitur,</strong></span> <span class='ocrx_word' id='word_1_14' title='bbox 872 301 1054 355; x_wconf 87' lang='lat' dir='ltr'><strong>videre</strong></span> <span class='ocrx_word' id='word_1_15' title='bbox 1118 303 1283 357; x_wconf 87' lang='lat' dir='ltr'><strong>Deum</strong></span> <span class='ocrx_word' id='word_1_16' title='bbox 1319 311 1376 358; x_wconf 89' lang='lat' dir='ltr'><strong>et</strong></span> <span class='ocrx_word' id='word_1_17' title='bbox 1428 303 1670 359; x_wconf 84' lang='lat' dir='ltr'><strong>laudare.</strong></span> <span class='ocrx_word' id='word_1_18' title='bbox 1728 325 1746 357; x_wconf 78' lang='grc' dir='ltr'>ι</span> <span class='ocrx_word' id='word_1_19' title='bbox 1798 307 2036 364; x_wconf 68' lang='lat' dir='ltr'><strong>Lanatus</strong></span> <span class='ocrx_word' id='word_1_20' title='bbox 2063 315 2113 376; x_wconf 76' lang='grc' dir='ltr'>Α</span> <span class='ocrx_word' id='word_1_21' title='bbox 2139 322 2300 376; x_wconf 89' lang='lat' dir='ltr'><strong>quam</strong></span> <span class='ocrx_word' id='word_1_22' title='bbox 2331 305 2384 360; x_wconf 92' lang='lat' dir='ltr'><strong>in</strong></span> <span class='ocrx_word' id='word_1_23' title='bbox 2414 305 2593 377; x_wconf 80' lang='lat' dir='ltr'><strong>lingua</strong></span> <span class='ocrx_word' id='word_1_24' title='bbox 2627 323 2747 364; x_wconf 88' lang='lat' dir='ltr'><strong>mea</strong></span> <span class='ocrx_word' id='word_1_25' title='bbox 2773 305 2944 380; x_wconf 74' lang='lat' dir='ltr'><strong>(Psal.</strong></span> <span class='ocrx_word' id='word_1_26' title='bbox 2968 310 3227 380; x_wconf 77' lang='lat' dir='ltr'><strong>xxxvm).</strong></span> <span class='ocrx_word' id='word_1_27' title='bbox 3253 331 3273 365; x_wconf 71' lang='grc' dir='ltr'><strong><em>ι</em></strong></span> <span class='ocrx_word' id='word_1_28' title='bbox 3312 312 3621 370; x_wconf 81' lang='lat' dir='ltr'><strong>Verumille</strong></span> <span class='ocrx_word' id='word_1_29' title='bbox 3647 319 3726 372; x_wconf 90' lang='lat' dir='ltr'><strong>vir</strong></span> 
     </span>
    </p>
   </div>
   <div class='ocr_carea' id='block_1_5' title="bbox 459 390 2043 461">
    <p class='ocr_par' dir='ltr' id='par_1_5' title="bbox 459 390 2043 461">
     <span class='ocr_line' id='line_1_5' title="bbox 459 390 2043 461; baseline 0.008 -19"><span class='ocrx_word' id='word_1_30' title='bbox 459 405 577 442; x_wconf 86' lang='lat' dir='ltr'><strong>sum</strong></span> <span class='ocrx_word' id='word_1_31' title='bbox 613 408 632 440; x_wconf 74' lang='grc' dir='ltr'><strong><em>ι</em></strong></span> <span class='ocrx_word' id='word_1_32' title='bbox 659 399 827 459; x_wconf 88' lang='lat' dir='ltr'><strong>etego</strong></span> <span class='ocrx_word' id='word_1_33' title='bbox 853 409 870 440; x_wconf 86' lang='grc'><strong>‹</strong></span> <span class='ocrx_word' id='word_1_34' title='bbox 897 390 948 443; x_wconf 85' lang='grc' dir='ltr'><strong>ἰη</strong></span> <span class='ocrx_word' id='word_1_35' title='bbox 975 391 1077 453; x_wconf 86' lang='lat' dir='ltr'><strong>his,</strong></span> <span class='ocrx_word' id='word_1_36' title='bbox 1107 409 1226 461; x_wconf 68' lang='lat' dir='ltr'><strong>qua:</strong></span> <span class='ocrx_word' id='word_1_37' title='bbox 1248 394 1390 448; x_wconf 89' lang='lat' dir='ltr'><strong>dicta</strong></span> <span class='ocrx_word' id='word_1_38' title='bbox 1422 405 1546 449; x_wconf 92' lang='lat' dir='ltr'><strong>sunt</strong></span> <span class='ocrx_word' id='word_1_39' title='bbox 1577 396 1728 460; x_wconf 92' lang='lat' dir='ltr'><strong>mihi,</strong></span> <span class='ocrx_word' id='word_1_40' title='bbox 1757 397 2043 454; x_wconf 91' lang='lat' dir='ltr'><strong>indonmm</strong></span> 
     </span>
    </p>
   </div>
   <div class='ocr_carea' id='block_1_6' title="bbox 458 477 2043 552">
    <p class='ocr_par' dir='ltr' id='par_1_6' title="bbox 458 477 2043 552">
     <span class='ocr_line' id='line_1_6' title="bbox 458 477 2043 552; baseline 0.008 -20"><span class='ocrx_word' id='word_1_41' title='bbox 458 477 672 532; x_wconf 85' lang='lat' dir='ltr'><strong>Domini</strong></span> <span class='ocrx_word' id='word_1_42' title='bbox 721 478 916 534; x_wconf 83' lang='lat' dir='ltr'><strong>ibimus</strong></span> <span class='ocrx_word' id='word_1_43' title='bbox 947 478 1120 550; x_wconf 80' lang='lat' dir='ltr'><strong>(Psal.</strong></span> <span class='ocrx_word' id='word_1_44' title='bbox 1148 489 1320 552; x_wconf 78' lang='lat' dir='ltr'><strong>cm).</strong></span> <span class='ocrx_word' id='word_1_45' title='bbox 1360 502 1379 534; x_wconf 72' lang='grc' dir='ltr'><strong><em>ι</em></strong></span> <span class='ocrx_word' id='word_1_46' title='bbox 1409 483 1528 538; x_wconf 82' lang='lat' dir='ltr'><strong>Jam</strong></span> <span class='ocrx_word' id='word_1_47' title='bbox 1566 495 1774 541; x_wconf 90' lang='lat' dir='ltr'><strong>stamus</strong></span> <span class='ocrx_word' id='word_1_48' title='bbox 1805 487 1858 541; x_wconf 90' lang='lat' dir='ltr'><strong>in</strong></span> <span class='ocrx_word' id='word_1_49' title='bbox 1890 489 2043 545; x_wconf 89' lang='lat' dir='ltr'><strong>atriis</strong></span> 
     </span>
    </p>
   </div>
   <div class='ocr_carea' id='block_1_7' title="bbox 458 564 2040 648">
    <p class='ocr_par' dir='ltr' id='par_1_7' title="bbox 458 564 2040 648">
     <span class='ocr_line' id='line_1_7' title="bbox 458 564 2040 648; baseline 0.01 -30"><span class='ocrx_word' id='word_1_50' title='bbox 458 564 818 634; x_wconf 80' lang='lat' dir='ltr'><strong>Hierusalem,</strong></span> <span class='ocrx_word' id='word_1_51' title='bbox 845 569 956 639; x_wconf 90' lang='lat' dir='ltr'><strong>jam</strong></span> <span class='ocrx_word' id='word_1_52' title='bbox 986 586 1015 622; x_wconf 84' lang='lat' dir='ltr'><strong>e</strong></span> <span class='ocrx_word' id='word_1_53' title='bbox 1042 573 1308 627; x_wconf 80' lang='lat' dir='ltr'><strong>vestibulo</strong></span> <span class='ocrx_word' id='word_1_54' title='bbox 1337 590 1546 644; x_wconf 76' lang='lat' dir='ltr'><strong>magna:</strong></span> <span class='ocrx_word' id='word_1_55' title='bbox 1573 577 1814 631; x_wconf 77' lang='lat' dir='ltr'><strong>civitatis</strong></span> <span class='ocrx_word' id='word_1_56' title='bbox 1844 581 2040 648; x_wconf 82' lang='lat' dir='ltr'><strong>gaudia</strong></span> 
     </span>
    </p>
   </div>
   <div class='ocr_carea' id='block_1_8' title="bbox 458 655 2040 740">
    <p class='ocr_par' dir='ltr' id='par_1_8' title="bbox 458 655 2040 740">
     <span class='ocr_line' id='line_1_8' title="bbox 458 655 2040 740; baseline 0.01 -32"><span class='ocrx_word' id='word_1_57' title='bbox 458 655 809 711; x_wconf 74' lang='lat' dir='ltr'><strong>somniamus.</strong></span> <span class='ocrx_word' id='word_1_58' title='bbox 855 659 1028 713; x_wconf 87' lang='lat' dir='ltr'><strong>Curre</strong></span> <span class='ocrx_word' id='word_1_59' title='bbox 1088 661 1250 730; x_wconf 84' lang='lat' dir='ltr'><strong>igitur</strong></span> <span class='ocrx_word' id='word_1_60' title='bbox 1315 674 1371 717; x_wconf 86' lang='lat' dir='ltr'><strong>et</strong></span> <span class='ocrx_word' id='word_1_61' title='bbox 1407 663 1571 734; x_wconf 81' lang='lat'><strong>317</strong></span> <span class='ocrx_word' id='word_1_62' title='bbox 1622 683 1720 736; x_wconf 85' lang='lat' dir='ltr'><strong>per</strong></span> <span class='ocrx_word' id='word_1_63' title='bbox 1764 671 2040 740; x_wconf 87' lang='lat' dir='ltr'><strong>regionem</strong></span> 
     </span>
    </p>
   </div>
   <div class='ocr_carea' id='block_1_9' title="bbox 455 745 1573 814">
    <p class='ocr_par' dir='ltr' id='par_1_9' title="bbox 455 745 1573 814">
     <span class='ocr_line' id='line_1_9' title="bbox 455 745 1573 814; baseline 0.007 -16"><span class='ocrx_word' id='word_1_64' title='bbox 455 753 638 810; x_wconf 80' lang='lat' dir='ltr'><strong>istam,</strong></span> <span class='ocrx_word' id='word_1_65' title='bbox 667 755 721 800; x_wconf 91' lang='lat' dir='ltr'><strong>ct</strong></span> <span class='ocrx_word' id='word_1_66' title='bbox 749 745 835 802; x_wconf 84' lang='lat' dir='ltr'><strong>fac</strong></span> <span class='ocrx_word' id='word_1_67' title='bbox 861 750 1154 814; x_wconf 89' lang='lat' dir='ltr'><strong>sarcinam,</strong></span> <span class='ocrx_word' id='word_1_68' title='bbox 1185 768 1424 806; x_wconf 90' lang='lat' dir='ltr'><strong>amorem</strong></span> <span class='ocrx_word' id='word_1_69' title='bbox 1456 754 1573 808; x_wconf 82' lang='lat' dir='ltr'><strong>Dei.</strong></span> 
     </span>
    </p>
   </div>
   <div class='ocr_carea' id='block_1_10' title="bbox 529 836 2037 917">
    <p class='ocr_par' dir='ltr' id='par_1_10' title="bbox 529 836 2037 917">
     <span class='ocr_line' id='line_1_10' title="bbox 529 836 2037 917; baseline 0.011 -28"><span class='ocrx_word' id='word_1_70' title='bbox 529 855 547 887; x_wconf 73' lang='grc' dir='ltr'>ι</span> <span class='ocrx_word' id='word_1_71' title='bbox 579 836 938 907; x_wconf 87' lang='lat' dir='ltr'><strong>Negotiamini</strong></span> <span class='ocrx_word' id='word_1_72' title='bbox 964 856 1094 911; x_wconf 87' lang='lat' dir='ltr'><strong>ergo</strong></span> <span class='ocrx_word' id='word_1_73' title='bbox 1115 843 1284 897; x_wconf 88' lang='lat' dir='ltr'><strong>donec</strong></span> <span class='ocrx_word' id='word_1_74' title='bbox 1308 845 1490 898; x_wconf 90' lang='lat' dir='ltr'><strong>veniat</strong></span> <span class='ocrx_word' id='word_1_75' title='bbox 1513 847 1678 902; x_wconf 92' lang='lat' dir='ltr'><strong>homo</strong></span> <span class='ocrx_word' id='word_1_76' title='bbox 1706 848 1794 904; x_wconf 89' lang='lat' dir='ltr'><strong>ille</strong></span> <span class='ocrx_word' id='word_1_77' title='bbox 1819 849 2037 917; x_wconf 82' lang='lat' dir='ltr'><strong>nobilis,</strong></span> 
     </span>
    </p>
   </div>
   <div class='ocr_carea' id='block_1_11' title="bbox 453 925 2038 1007">
    <p class='ocr_par' dir='ltr' id='par_1_11' title="bbox 453 925 2038 1007">
     <span class='ocr_line' id='line_1_11' title="bbox 453 925 2038 1007; baseline 0.013 -31"><span class='ocrx_word' id='word_1_78' title='bbox 453 925 545 992; x_wconf 89' lang='lat' dir='ltr'><strong>qui</strong></span> <span class='ocrx_word' id='word_1_79' title='bbox 573 925 702 979; x_wconf 90' lang='lat' dir='ltr'><strong>abiit</strong></span> <span class='ocrx_word' id='word_1_80' title='bbox 726 928 777 981; x_wconf 91' lang='lat' dir='ltr'><strong>in</strong></span> <span class='ocrx_word' id='word_1_81' title='bbox 810 927 1164 999; x_wconf 79' lang='lat' dir='ltr'><strong>longinquam</strong></span> <span class='ocrx_word' id='word_1_82' title='bbox 1197 933 1472 1004; x_wconf 85' lang='lat' dir='ltr'><strong>regionem</strong></span> <span class='ocrx_word' id='word_1_83' title='bbox 1504 938 1772 1007; x_wconf 87' lang='lat' dir='ltr'><strong>accipere,</strong></span> <span class='ocrx_word' id='word_1_84' title='bbox 1809 942 1909 995; x_wconf 86' lang='lat' dir='ltr'><strong>sibi</strong></span> <span class='ocrx_word' id='word_1_85' title='bbox 1949 958 2038 996; x_wconf 89' lang='lat' dir='ltr'><strong>re-</strong></span> 
     </span>
    </p>
   </div>
   <div class='ocr_carea' id='block_1_12' title="bbox 452 1019 2038 1099">
    <p class='ocr_par' dir='ltr' id='par_1_12' title="bbox 452 1019 2038 1099">
     <span class='ocr_line' id='line_1_12' title="bbox 452 1019 2038 1099; baseline 0.015 -32"><span class='ocrx_word' id='word_1_86' title='bbox 452 1032 615 1086; x_wconf 87' lang='lat' dir='ltr'><strong>gnum</strong></span> <span class='ocrx_word' id='word_1_87' title='bbox 635 1019 1062 1091; x_wconf 84' lang='lat' dir='ltr'><strong>ctreverti(Luc.</strong></span> <span class='ocrx_word' id='word_1_88' title='bbox 1081 1023 1217 1082; x_wconf 69' lang='lat' dir='ltr'><strong>xm.</strong></span> <span class='ocrx_word' id='word_1_89' title='bbox 1241 1045 1258 1076; x_wconf 73' lang='grc' dir='ltr'><strong><em>ι</em></strong></span> <span class='ocrx_word' id='word_1_90' title='bbox 1279 1025 1600 1082; x_wconf 84' lang='lat' dir='ltr'><strong>Revertetur</strong></span> <span class='ocrx_word' id='word_1_91' title='bbox 1628 1031 1804 1099; x_wconf 90' lang='lat' dir='ltr'><strong>plane,</strong></span> <span class='ocrx_word' id='word_1_92' title='bbox 1834 1043 1887 1087; x_wconf 86' lang='lat' dir='ltr'><strong>et</strong></span> <span class='ocrx_word' id='word_1_93' title='bbox 1912 1042 2038 1090; x_wconf 90' lang='lat' dir='ltr'><strong>tunc</strong></span> 
     </span>
    </p>
   </div>
   <div class='ocr_carea' id='block_1_13' title="bbox 453 1107 2033 1184">
    <p class='ocr_par' dir='ltr' id='par_1_13' title="bbox 453 1107 2033 1184">
     <span class='ocr_line' id='line_1_13' title="bbox 453 1107 2033 1184; baseline 0.011 -24"><span class='ocrx_word' id='word_1_94' title='bbox 453 1121 574 1160; x_wconf 90' lang='lat' dir='ltr'><strong>cum</strong></span> <span class='ocrx_word' id='word_1_95' title='bbox 615 1107 796 1162; x_wconf 89' lang='lat' dir='ltr'><strong>usuris</strong></span> <span class='ocrx_word' id='word_1_96' title='bbox 824 1109 1003 1174; x_wconf 56' lang='lat' dir='ltr'><strong>exiget</strong></span> <span class='ocrx_word' id='word_1_97' title='bbox 1051 1114 1336 1180; x_wconf 82' lang='lat' dir='ltr'><strong>pecuniam</strong></span> <span class='ocrx_word' id='word_1_98' title='bbox 1387 1131 1551 1184; x_wconf 89' lang='lat' dir='ltr'><strong>quam</strong></span> <span class='ocrx_word' id='word_1_99' title='bbox 1607 1120 1828 1173; x_wconf 91' lang='lat' dir='ltr'><strong>tradidit</strong></span> <span class='ocrx_word' id='word_1_100' title='bbox 1861 1122 2033 1178; x_wconf 89' lang='lat' dir='ltr'><strong>nobis.</strong></span> 
     </span>
    </p>
   </div>
   <div class='ocr_carea' id='block_1_14' title="bbox 451 1193 2034 1278">
    <p class='ocr_par' dir='ltr' id='par_1_14' title="bbox 451 1193 2034 1278">
     <span class='ocr_line' id='line_1_14' title="bbox 451 1193 2034 1278; baseline 0.011 -30"><span class='ocrx_word' id='word_1_101' title='bbox 451 1193 596 1249; x_wconf 87' lang='lat' dir='ltr'><strong>Nihil</strong></span> <span class='ocrx_word' id='word_1_102' title='bbox 649 1199 850 1267; x_wconf 80' lang='lat' dir='ltr'><strong>perdit,</strong></span> <span class='ocrx_word' id='word_1_103' title='bbox 910 1200 1041 1252; x_wconf 86' lang='lat' dir='ltr'><strong>nihil</strong></span> <span class='ocrx_word' id='word_1_104' title='bbox 1090 1203 1469 1270; x_wconf 64' lang='lat' dir='ltr'><strong>obliviscitur,</strong></span> <span class='ocrx_word' id='word_1_105' title='bbox 1531 1207 1662 1260; x_wconf 89' lang='lat' dir='ltr'><strong>nihil</strong></span> <span class='ocrx_word' id='word_1_106' title='bbox 1716 1209 2034 1278; x_wconf 88' lang='lat' dir='ltr'><strong>impunitum</strong></span> 
     </span>
    </p>
   </div>
   <div class='ocr_carea' id='block_1_15' title="bbox 451 1286 2022 1365">
    <p class='ocr_par' dir='ltr' id='par_1_15' title="bbox 451 1286 2022 1365">
     <span class='ocr_line' id='line_1_15' title="bbox 451 1286 2022 1365; baseline 0.011 -26"><span class='ocrx_word' id='word_1_107' title='bbox 451 1286 726 1356; x_wconf 85' lang='lat' dir='ltr'><strong>relinquit.</strong></span> <span class='ocrx_word' id='word_1_108' title='bbox 793 1287 1170 1359; x_wconf 87' lang='lat' dir='ltr'><strong>Supplicemtts</strong></span> <span class='ocrx_word' id='word_1_109' title='bbox 1235 1295 1399 1365; x_wconf 85' lang='lat' dir='ltr'><strong>igitur</strong></span> <span class='ocrx_word' id='word_1_110' title='bbox 1454 1298 1750 1352; x_wconf 80' lang='lat' dir='ltr'><strong>confessori</strong></span> <span class='ocrx_word' id='word_1_111' title='bbox 1809 1311 1866 1353; x_wconf 89' lang='lat' dir='ltr'><strong>nt</strong></span> <span class='ocrx_word' id='word_1_112' title='bbox 1927 1303 2022 1356; x_wconf 65' lang='lat' dir='ltr'><strong>lie-</strong></span> 
     </span>
    </p>
   </div>
   <div class='ocr_carea' id='block_1_16' title="bbox 451 1377 2030 1460">
    <p class='ocr_par' dir='ltr' id='par_1_16' title="bbox 451 1377 2030 1460">
     <span class='ocr_line' id='line_1_16' title="bbox 451 1377 2030 1460; baseline 0.009 -30"><span class='ocrx_word' id='word_1_113' title='bbox 451 1377 716 1447; x_wconf 90' lang='lat' dir='ltr'><strong>dcmptori</strong></span> <span class='ocrx_word' id='word_1_114' title='bbox 750 1389 958 1445; x_wconf 84' lang='lat' dir='ltr'><strong>uestro,</strong></span> <span class='ocrx_word' id='word_1_115' title='bbox 988 1383 1162 1436; x_wconf 88' lang='lat' dir='ltr'><strong>amico</strong></span> <span class='ocrx_word' id='word_1_116' title='bbox 1211 1400 1331 1446; x_wconf 90' lang='lat' dir='ltr'><strong>suo,</strong></span> <span class='ocrx_word' id='word_1_117' title='bbox 1364 1401 1462 1454; x_wconf 90' lang='lat' dir='ltr'><strong>pro</strong></span> <span class='ocrx_word' id='word_1_118' title='bbox 1501 1388 1659 1442; x_wconf 91' lang='lat' dir='ltr'><strong>nobis</strong></span> <span class='ocrx_word' id='word_1_119' title='bbox 1711 1390 1866 1444; x_wconf 84' lang='lat' dir='ltr'><strong>hodie</strong></span> <span class='ocrx_word' id='word_1_120' title='bbox 1903 1408 2030 1460; x_wconf 85' lang='lat' dir='ltr'><strong>sup-</strong></span> 
     </span>
    </p>
   </div>
   <div class='ocr_carea' id='block_1_17' title="bbox 449 1465 2027 1541">
    <p class='ocr_par' dir='ltr' id='par_1_17' title="bbox 449 1465 2027 1541">
     <span class='ocr_line' id='line_1_17' title="bbox 449 1465 2027 1541; baseline 0.013 -23"><span class='ocrx_word' id='word_1_121' title='bbox 449 1465 653 1535; x_wconf 88' lang='lat' dir='ltr'><strong>plicare</strong></span> <span class='ocrx_word' id='word_1_122' title='bbox 675 1467 950 1539; x_wconf 79' lang='lat' dir='ltr'><strong>dignetur,</strong></span> <span class='ocrx_word' id='word_1_123' title='bbox 982 1471 1072 1541; x_wconf 88' lang='lat' dir='ltr'><strong>qui</strong></span> <span class='ocrx_word' id='word_1_124' title='bbox 1098 1482 1182 1528; x_wconf 88' lang='lat' dir='ltr'><strong>est</strong></span> <span class='ocrx_word' id='word_1_125' title='bbox 1210 1475 1353 1530; x_wconf 88' lang='lat' dir='ltr'><strong>Deus</strong></span> <span class='ocrx_word' id='word_1_126' title='bbox 1388 1477 1702 1535; x_wconf 85' lang='lat' dir='ltr'><strong>benedictus</strong></span> <span class='ocrx_word' id='word_1_127' title='bbox 1733 1481 1786 1535; x_wconf 91' lang='lat' dir='ltr'><strong>in</strong></span> <span class='ocrx_word' id='word_1_128' title='bbox 1813 1483 2027 1539; x_wconf 64' lang='lat' dir='ltr'><strong>sawula.</strong></span> 
     </span>
    </p>
   </div>
   <div class='ocr_carea' id='block_1_18' title="bbox 446 1556 637 1610">
    <p class='ocr_par' dir='ltr' id='par_1_18' title="bbox 446 1556 637 1610">
     <span class='ocr_line' id='line_1_18' title="bbox 446 1556 637 1610; baseline 0.01 -2"><span class='ocrx_word' id='word_1_129' title='bbox 446 1556 637 1610; x_wconf 80' lang='lat' dir='ltr'><strong>Amen.</strong></span> 
     </span>
    </p>
   </div>
   <div class='ocr_carea' id='block_1_19' title="bbox 1177 1652 1290 1711">
    <p class='ocr_par' dir='ltr' id='par_1_19' title="bbox 1177 1652 1290 1711">
     <span class='ocr_line' id='line_1_19' title="bbox 1177 1652 1290 1711; baseline 0.027 -4"><span class='ocrx_word' id='word_1_130' title='bbox 1177 1652 1290 1711; x_wconf 80' lang='lat' dir='ltr'><strong>LX.</strong></span> 
     </span>
    </p>
   </div>
   <div class='ocr_carea' id='block_1_20' title="bbox 509 1753 1972 1844">
    <p class='ocr_par' dir='ltr' id='par_1_20' title="bbox 509 1753 1972 1844">
     <span class='ocr_line' id='line_1_20' title="bbox 509 1753 1972 1844; baseline 0.014 -36"><span class='ocrx_word' id='word_1_131' title='bbox 509 1753 533 1776; x_wconf 64' lang='grc' dir='ltr'><strong>θ</strong></span> <span class='ocrx_word' id='word_1_132' title='bbox 569 1771 796 1812; x_wconf 73' lang='lat' dir='ltr'><strong>uomua</strong></span> <span class='ocrx_word' id='word_1_133' title='bbox 836 1775 890 1814; x_wconf 73' lang='lat' dir='ltr'><strong>1N</strong></span> <span class='ocrx_word' id='word_1_134' title='bbox 928 1777 1126 1818; x_wconf 78' lang='lat' dir='ltr'><strong>\‘iGtLlA</strong></span> <span class='ocrx_word' id='word_1_135' title='bbox 1161 1781 1387 1822; x_wconf 66' lang='lat' dir='ltr'><strong>mnus</strong></span> <span class='ocrx_word' id='word_1_136' title='bbox 1413 1784 1619 1826; x_wconf 73' lang='lat' dir='ltr'><strong>Domst.</strong></span> <span class='ocrx_word' id='word_1_137' title='bbox 1655 1773 1802 1844; x_wconf 69' lang='lat' dir='ltr'><strong>(xxn‘</strong></span> <span class='ocrx_word' id='word_1_138' title='bbox 1829 1780 1972 1844; x_wconf 68' lang='lat' dir='ltr'><strong>nec.)</strong></span> 
     </span>
    </p>
   </div>
   <div class='ocr_carea' id='block_1_21' title="bbox 521 1845 2028 1935">
    <p class='ocr_par' dir='ltr' id='par_1_21' title="bbox 521 1845 2028 1935">
     <span class='ocr_line' id='line_1_21' title="bbox 521 1845 2028 1935; baseline 0.017 -36"><span class='ocrx_word' id='word_1_139' title='bbox 521 1845 759 1904; x_wconf 79' lang='lat' dir='ltr'><strong>Tandem</strong></span> <span class='ocrx_word' id='word_1_140' title='bbox 798 1851 866 1906; x_wconf 89' lang='lat' dir='ltr'><strong>de</strong></span> <span class='ocrx_word' id='word_1_141' title='bbox 910 1856 1047 1909; x_wconf 91' lang='lat' dir='ltr'><strong>mari</strong></span> <span class='ocrx_word' id='word_1_142' title='bbox 1095 1857 1162 1912; x_wconf 89' lang='lat' dir='ltr'><strong>ad</strong></span> <span class='ocrx_word' id='word_1_143' title='bbox 1214 1871 1469 1928; x_wconf 85' lang='lat' dir='ltr'><strong>portum,</strong></span> <span class='ocrx_word' id='word_1_144' title='bbox 1521 1865 1588 1918; x_wconf 91' lang='lat' dir='ltr'><strong>de</strong></span> <span class='ocrx_word' id='word_1_145' title='bbox 1642 1868 1910 1935; x_wconf 86' lang='lat' dir='ltr'><strong>promisso</strong></span> <span class='ocrx_word' id='word_1_146' title='bbox 1958 1870 2028 1925; x_wconf 85' lang='lat' dir='ltr'><strong>ad</strong></span> 
     </span>
    </p>
   </div>
   <div class='ocr_carea' id='block_1_22' title="bbox 423 1932 2028 2026">
    <p class='ocr_par' dir='ltr' id='par_1_22' title="bbox 423 1932 2028 2026">
     <span class='ocr_line' id='line_1_22' title="bbox 423 1932 2028 2026; baseline 0.016 -37"><span class='ocrx_word' id='word_1_147' title='bbox 423 1932 743 2008; x_wconf 70' lang='lat' dir='ltr'><strong>&#39;prtemium,</strong></span> <span class='ocrx_word' id='word_1_148' title='bbox 797 1943 862 1997; x_wconf 89' lang='lat' dir='ltr'><strong>de</strong></span> <span class='ocrx_word' id='word_1_149' title='bbox 900 1944 1089 2001; x_wconf 87' lang='lat' dir='ltr'><strong>labore</strong></span> <span class='ocrx_word' id='word_1_150' title='bbox 1129 1948 1197 2002; x_wconf 89' lang='lat' dir='ltr'><strong>ad</strong></span> <span class='ocrx_word' id='word_1_151' title='bbox 1248 1952 1510 2020; x_wconf 79' lang='lat' dir='ltr'><strong>requiem,</strong></span> <span class='ocrx_word' id='word_1_152' title='bbox 1553 1955 1619 2010; x_wconf 91' lang='lat' dir='ltr'><strong>de</strong></span> <span class='ocrx_word' id='word_1_153' title='bbox 1651 1959 2028 2026; x_wconf 84' lang='lat' dir='ltr'><strong>desperatione</strong></span> 
     </span>
    </p>
   </div>
   <div class='ocr_carea' id='block_1_23' title="bbox 439 2025 2028 2117">
    <p class='ocr_par' dir='ltr' id='par_1_23' title="bbox 439 2025 2028 2117">
     <span class='ocr_line' id='line_1_23' title="bbox 439 2025 2028 2117; baseline 0.018 -40"><span class='ocrx_word' id='word_1_154' title='bbox 439 2025 508 2079; x_wconf 84' lang='lat' dir='ltr'><strong>ad</strong></span> <span class='ocrx_word' id='word_1_155' title='bbox 535 2042 710 2095; x_wconf 89' lang='lat' dir='ltr'><strong>spem,</strong></span> <span class='ocrx_word' id='word_1_156' title='bbox 738 2029 804 2084; x_wconf 89' lang='lat' dir='ltr'><strong>de</strong></span> <span class='ocrx_word' id='word_1_157' title='bbox 826 2032 911 2085; x_wconf 85' lang='lat' dir='ltr'><strong>via</strong></span> <span class='ocrx_word' id='word_1_158' title='bbox 959 2035 1025 2087; x_wconf 88' lang='lat' dir='ltr'><strong>ad</strong></span> <span class='ocrx_word' id='word_1_159' title='bbox 1053 2037 1284 2104; x_wconf 88' lang='lat' dir='ltr'><strong>patriam</strong></span> <span class='ocrx_word' id='word_1_160' title='bbox 1323 2043 1689 2108; x_wconf 85' lang='lat' dir='ltr'><strong>pervenimus.</strong></span> <span class='ocrx_word' id='word_1_161' title='bbox 1720 2025 2028 2117; x_wconf 81' lang='lat' dir='ltr'><strong>scripserat</strong></span> 
     </span>
    </p>
   </div>
   <div class='ocr_carea' id='block_1_24' title="bbox 439 2115 2025 2197">
    <p class='ocr_par' dir='ltr' id='par_1_24' title="bbox 439 2115 2025 2197">
     <span class='ocr_line' id='line_1_24' title="bbox 439 2115 2025 2197; baseline 0.019 -32"><span class='ocrx_word' id='word_1_162' title='bbox 439 2115 656 2183; x_wconf 87' lang='lat' dir='ltr'><strong>quidem</strong></span> <span class='ocrx_word' id='word_1_163' title='bbox 679 2120 833 2174; x_wconf 88' lang='lat' dir='ltr'><strong>nobis</strong></span> <span class='ocrx_word' id='word_1_164' title='bbox 855 2119 1230 2192; x_wconf 87' lang='lat' dir='ltr'><strong>frequentibus</strong></span> <span class='ocrx_word' id='word_1_165' title='bbox 1244 2129 1488 2197; x_wconf 85' lang='lat' dir='ltr'><strong>epistolis</strong></span> <span class='ocrx_word' id='word_1_166' title='bbox 1515 2152 1532 2182; x_wconf 76' lang='grc' dir='ltr'><strong><em>ι</em></strong></span> <span class='ocrx_word' id='word_1_167' title='bbox 1561 2134 1803 2190; x_wconf 90' lang='lat' dir='ltr'><strong>calamus</strong></span> <span class='ocrx_word' id='word_1_168' title='bbox 1832 2115 2025 2195; x_wconf 65' lang='lat' dir='ltr'><strong>scribae</strong></span> 
     </span>
    </p>
   </div>
   <div class='ocr_carea' id='block_1_25' title="bbox 438 2204 2025 2294">
    <p class='ocr_par' dir='ltr' id='par_1_25' title="bbox 438 2204 2025 2294">
     <span class='ocr_line' id='line_1_25' title="bbox 438 2204 2025 2294; baseline 0.017 -35"><span class='ocrx_word' id='word_1_169' title='bbox 438 2204 696 2262; x_wconf 81' lang='lat' dir='ltr'><strong>velociter</strong></span> <span class='ocrx_word' id='word_1_170' title='bbox 729 2212 1021 2268; x_wconf 89' lang='lat' dir='ltr'><strong>scribentis</strong></span> <span class='ocrx_word' id='word_1_171' title='bbox 1058 2215 1230 2286; x_wconf 78' lang='lat' dir='ltr'><strong>(Psal.</strong></span> <span class='ocrx_word' id='word_1_172' title='bbox 1276 2222 1445 2292; x_wconf 70' lang='lat' dir='ltr'><strong>XLIV).</strong></span> <span class='ocrx_word' id='word_1_173' title='bbox 1494 2242 1513 2275; x_wconf 75' lang='grc' dir='ltr'><strong><em>ι</em></strong></span> <span class='ocrx_word' id='word_1_174' title='bbox 1548 2225 1838 2294; x_wconf 81' lang='lat' dir='ltr'><strong>Exspecta,</strong></span> <span class='ocrx_word' id='word_1_175' title='bbox 1868 2245 2025 2285; x_wconf 80' lang='lat' dir='ltr'><strong>reex-</strong></span> 
     </span>
    </p>
   </div>
   <div class='ocr_carea' id='block_1_26' title="bbox 437 2303 2024 2391">
    <p class='ocr_par' dir='ltr' id='par_1_26' title="bbox 437 2303 2024 2391">
     <span class='ocr_line' id='line_1_26' title="bbox 437 2303 2024 2391; baseline 0.018 -42"><span class='ocrx_word' id='word_1_176' title='bbox 437 2308 654 2365; x_wconf 86' lang='lat' dir='ltr'><strong>specta;</strong></span> <span class='ocrx_word' id='word_1_177' title='bbox 715 2303 808 2356; x_wconf 90' lang='lat' dir='ltr'><strong>sed</strong></span> <span class='ocrx_word' id='word_1_178' title='bbox 860 2319 957 2359; x_wconf 75' lang='lat' dir='ltr'><strong>nos</strong></span> <span class='ocrx_word' id='word_1_179' title='bbox 984 2345 999 2371; x_wconf 94' lang='lat'><strong>,</strong></span> <span class='ocrx_word' id='word_1_180' title='bbox 1036 2309 1180 2376; x_wconf 90' lang='lat' dir='ltr'><strong>quod</strong></span> <span class='ocrx_word' id='word_1_181' title='bbox 1231 2311 1614 2384; x_wconf 88' lang='lat' dir='ltr'><strong>subjungitnr,</strong></span> <span class='ocrx_word' id='word_1_182' title='bbox 1660 2318 1841 2373; x_wconf 90' lang='lat' dir='ltr'><strong>dicere</strong></span> <span class='ocrx_word' id='word_1_183' title='bbox 1874 2331 2024 2391; x_wconf 87' lang='lat' dir='ltr'><strong>pote-</strong></span> 
     </span>
    </p>
   </div>
   <div class='ocr_carea' id='block_1_27' title="bbox 436 2393 2017 2483">
    <p class='ocr_par' dir='ltr' id='par_1_27' title="bbox 436 2393 2017 2483">
     <span class='ocr_line' id='line_1_27' title="bbox 436 2393 2017 2483; baseline 0.018 -43"><span class='ocrx_word' id='word_1_184' title='bbox 436 2401 678 2445; x_wconf 89' lang='lat' dir='ltr'><strong>ramus:</strong></span> <span class='ocrx_word' id='word_1_185' title='bbox 745 2411 763 2444; x_wconf 78' lang='grc' dir='ltr'>ι</span> <span class='ocrx_word' id='word_1_186' title='bbox 809 2393 1078 2451; x_wconf 82' lang='lat' dir='ltr'><strong>Modicum</strong></span> <span class='ocrx_word' id='word_1_187' title='bbox 1135 2399 1243 2464; x_wconf 93' lang='lat' dir='ltr'><strong>ibi,</strong></span> <span class='ocrx_word' id='word_1_188' title='bbox 1317 2411 1373 2458; x_wconf 88' lang='lat' dir='ltr'><strong>et</strong></span> <span class='ocrx_word' id='word_1_189' title='bbox 1430 2408 1698 2463; x_wconf 89' lang='lat' dir='ltr'><strong>modicum</strong></span> <span class='ocrx_word' id='word_1_190' title='bbox 1752 2411 1824 2465; x_wconf 91' lang='lat' dir='ltr'><strong>ibi</strong></span> <span class='ocrx_word' id='word_1_191' title='bbox 1862 2413 2017 2483; x_wconf 83' lang='lat' dir='ltr'><strong>(Isa.</strong></span> 
     </span>
    </p>
   </div>
   <div class='ocr_carea' id='block_1_28' title="bbox 437 2481 2022 2567">
    <p class='ocr_par' dir='ltr' id='par_1_28' title="bbox 437 2481 2022 2567">
     <span class='ocr_line' id='line_1_28' title="bbox 437 2481 2022 2567; baseline 0.018 -36"><span class='ocrx_word' id='word_1_192' title='bbox 437 2481 647 2550; x_wconf 77' lang='lat' dir='ltr'><strong>xxviii).</strong></span> <span class='ocrx_word' id='word_1_193' title='bbox 682 2501 701 2534; x_wconf 73' lang='grc' dir='ltr'><strong><em>ι</em></strong></span> <span class='ocrx_word' id='word_1_194' title='bbox 749 2481 1160 2543; x_wconf 68' lang='lat' dir='ltr'><strong>Przecurrerant</strong></span> <span class='ocrx_word' id='word_1_195' title='bbox 1210 2506 1463 2549; x_wconf 86' lang='lat' dir='ltr'><strong>cursores</strong></span> <span class='ocrx_word' id='word_1_196' title='bbox 1499 2481 2022 2567; x_wconf 20' lang='lat' dir='ltr'><strong>promissionevdivi-</strong></span> 
     </span>
    </p>
   </div>
   <div class='ocr_carea' id='block_1_29' title="bbox 434 2575 2015 2654">
    <p class='ocr_par' dir='ltr' id='par_1_29' title="bbox 434 2575 2015 2654">
     <span class='ocr_line' id='line_1_29' title="bbox 434 2575 2015 2654; baseline 0.017 -29"><span class='ocrx_word' id='word_1_197' title='bbox 434 2581 554 2637; x_wconf 88' lang='lat' dir='ltr'><strong>tes,</strong></span> <span class='ocrx_word' id='word_1_198' title='bbox 607 2575 702 2629; x_wconf 91' lang='lat' dir='ltr'><strong>sed</strong></span> <span class='ocrx_word' id='word_1_199' title='bbox 752 2577 1088 2637; x_wconf 76' lang='lat' dir='ltr'><strong>exhibitione</strong></span> <span class='ocrx_word' id='word_1_200' title='bbox 1144 2588 1498 2654; x_wconf 87' lang='lat' dir='ltr'><strong>pauperrimi.</strong></span> <span class='ocrx_word' id='word_1_201' title='bbox 1565 2592 1788 2648; x_wconf 88' lang='lat' dir='ltr'><strong>Dicebat</strong></span> <span class='ocrx_word' id='word_1_202' title='bbox 1834 2595 2015 2651; x_wconf 86' lang='lat' dir='ltr'><strong>alius:</strong></span> 
     </span>
    </p>
   </div>
   <div class='ocr_carea' id='block_1_30' title="bbox 435 2663 2018 2745">
    <p class='ocr_par' dir='ltr' id='par_1_30' title="bbox 435 2663 2018 2745">
     <span class='ocr_line' id='line_1_30' title="bbox 435 2663 2018 2745; baseline 0.019 -30"><span class='ocrx_word' id='word_1_203' title='bbox 435 2681 456 2715; x_wconf 70' lang='grc' dir='ltr'>ι</span> <span class='ocrx_word' id='word_1_204' title='bbox 501 2663 741 2722; x_wconf 88' lang='lat' dir='ltr'><strong>Viriliter</strong></span> <span class='ocrx_word' id='word_1_205' title='bbox 782 2685 903 2740; x_wconf 83' lang='lat' dir='ltr'><strong>age,</strong></span> <span class='ocrx_word' id='word_1_206' title='bbox 935 2683 989 2726; x_wconf 92' lang='lat' dir='ltr'><strong>et</strong></span> <span class='ocrx_word' id='word_1_207' title='bbox 1018 2675 1360 2732; x_wconf 84' lang='lat' dir='ltr'><strong>confortetur</strong></span> <span class='ocrx_word' id='word_1_208' title='bbox 1393 2695 1489 2735; x_wconf 91' lang='lat' dir='ltr'><strong>cor</strong></span> <span class='ocrx_word' id='word_1_209' title='bbox 1531 2691 1706 2745; x_wconf 88' lang='lat' dir='ltr'><strong>tuum.</strong></span> <span class='ocrx_word' id='word_1_210' title='bbox 1730 2696 1784 2740; x_wconf 90' lang='lat' dir='ltr'><strong>ct</strong></span> <span class='ocrx_word' id='word_1_211' title='bbox 1811 2689 2018 2745; x_wconf 81' lang='lat' dir='ltr'><strong>sustine</strong></span> 
     </span>
    </p>
   </div>
   <div class='ocr_carea' id='block_1_31' title="bbox 430 2753 2016 2836">
    <p class='ocr_par' dir='ltr' id='par_1_31' title="bbox 430 2753 2016 2836">
     <span class='ocr_line' id='line_1_31' title="bbox 430 2753 2016 2836; baseline 0.02 -30"><span class='ocrx_word' id='word_1_212' title='bbox 430 2753 715 2810; x_wconf 89' lang='lat' dir='ltr'><strong>Dominum</strong></span> <span class='ocrx_word' id='word_1_213' title='bbox 745 2756 916 2828; x_wconf 79' lang='lat' dir='ltr'><strong>(Psal.</strong></span> <span class='ocrx_word' id='word_1_214' title='bbox 965 2765 1144 2834; x_wconf 76' lang='lat' dir='ltr'><strong>xxvi);</strong></span> <span class='ocrx_word' id='word_1_215' title='bbox 1186 2785 1204 2816; x_wconf 79' lang='grc' dir='ltr'><strong><em>ι</em></strong></span> <span class='ocrx_word' id='word_1_216' title='bbox 1249 2769 1388 2824; x_wconf 89' lang='lat' dir='ltr'><strong>alter</strong></span> <span class='ocrx_word' id='word_1_217' title='bbox 1426 2786 1555 2825; x_wconf 89' lang='lat' dir='ltr'><strong>vero</strong></span> <span class='ocrx_word' id='word_1_218' title='bbox 1604 2791 1618 2826; x_wconf 87' lang='lat'><strong>:</strong></span> <span class='ocrx_word' id='word_1_219' title='bbox 1666 2792 1684 2824; x_wconf 75' lang='grc' dir='ltr'><strong><em>ι</em></strong></span> <span class='ocrx_word' id='word_1_220' title='bbox 1721 2774 1775 2829; x_wconf 91' lang='lat' dir='ltr'><strong>Si</strong></span> <span class='ocrx_word' id='word_1_221' title='bbox 1809 2792 2016 2836; x_wconf 85' lang='lat' dir='ltr'><strong>moram</strong></span> 
     </span>
    </p>
   </div>
   <div class='ocr_carea' id='block_1_32' title="bbox 430 2842 2009 2943">
    <p class='ocr_par' dir='ltr' id='par_1_32' title="bbox 430 2842 2009 2943">
     <span class='ocr_line' id='line_1_32' title="bbox 430 2842 2009 2943; baseline 0.018 -46"><span class='ocrx_word' id='word_1_222' title='bbox 430 2842 639 2910; x_wconf 78' lang='lat' dir='ltr'><strong>fecerit,</strong></span> <span class='ocrx_word' id='word_1_223' title='bbox 653 2859 906 2917; x_wconf 77' lang='lat' dir='ltr'><strong>exspecta</strong></span> <span class='ocrx_word' id='word_1_224' title='bbox 920 2868 1064 2918; x_wconf 91' lang='lat' dir='ltr'><strong>eum,</strong></span> <span class='ocrx_word' id='word_1_225' title='bbox 1077 2857 1203 2924; x_wconf 90' lang='lat' dir='ltr'><strong>quia</strong></span> <span class='ocrx_word' id='word_1_226' title='bbox 1221 2861 1442 2917; x_wconf 88' lang='lat' dir='ltr'><strong>veniens</strong></span> <span class='ocrx_word' id='word_1_227' title='bbox 1457 2866 1633 2920; x_wconf 89' lang='lat' dir='ltr'><strong>veniet</strong></span> <span class='ocrx_word' id='word_1_228' title='bbox 1651 2867 1877 2936; x_wconf 80' lang='lat' dir='ltr'><strong>(Ilabac.</strong></span> <span class='ocrx_word' id='word_1_229' title='bbox 1893 2872 1975 2943; x_wconf 88' lang='grc' dir='ltr'><strong>ιι).</strong></span> <span class='ocrx_word' id='word_1_230' title='bbox 1989 2892 2009 2925; x_wconf 75' lang='grc' dir='ltr'><strong><em>ι</em></strong></span> 
     </span>
    </p>
   </div>
   <div class='ocr_carea' id='block_1_33' title="bbox 427 2933 2011 3023">
    <p class='ocr_par' dir='ltr' id='par_1_33' title="bbox 427 2933 2011 3023">
     <span class='ocr_line' id='line_1_33' title="bbox 427 2933 2011 3023; baseline 0.02 -36"><span class='ocrx_word' id='word_1_231' title='bbox 427 2933 552 2990; x_wconf 86' lang='lat' dir='ltr'><strong>Pari</strong></span> <span class='ocrx_word' id='word_1_232' title='bbox 583 2939 806 2995; x_wconf 90' lang='lat' dir='ltr'><strong>consilio</strong></span> <span class='ocrx_word' id='word_1_233' title='bbox 836 2945 1082 3001; x_wconf 77' lang='lat' dir='ltr'><strong>exierant</strong></span> <span class='ocrx_word' id='word_1_234' title='bbox 1115 2948 1183 3002; x_wconf 92' lang='lat' dir='ltr'><strong>de</strong></span> <span class='ocrx_word' id='word_1_235' title='bbox 1231 2955 1543 3010; x_wconf 90' lang='lat' dir='ltr'><strong>sanctuario</strong></span> <span class='ocrx_word' id='word_1_236' title='bbox 1579 2933 1693 3023; x_wconf 89' lang='lat' dir='ltr'><strong>Dei,</strong></span> <span class='ocrx_word' id='word_1_237' title='bbox 1745 2962 1880 3016; x_wconf 89' lang='lat' dir='ltr'><strong>nihil</strong></span> <span class='ocrx_word' id='word_1_238' title='bbox 1920 2933 2011 3018; x_wconf 76' lang='lat' dir='ltr'><strong>sc-</strong></span> 
     </span>
    </p>
   </div>
   <div class='ocr_carea' id='block_1_34' title="bbox 2146 395 3723 472">
    <p class='ocr_par' dir='ltr' id='par_1_34' title="bbox 2146 395 3723 472">
     <span class='ocr_line' id='line_1_34' title="bbox 2146 395 3723 472; baseline 0.01 -25"><span class='ocrx_word' id='word_1_239' title='bbox 2146 395 2360 460; x_wconf 91' lang='lat' dir='ltr'><strong>nobilis,</strong></span> <span class='ocrx_word' id='word_1_240' title='bbox 2389 405 2441 448; x_wconf 92' lang='lat' dir='ltr'><strong>et</strong></span> <span class='ocrx_word' id='word_1_241' title='bbox 2471 395 2724 465; x_wconf 79' lang='lat' dir='ltr'><strong>profundi</strong></span> <span class='ocrx_word' id='word_1_242' title='bbox 2754 399 3023 454; x_wconf 88' lang='lat' dir='ltr'><strong>sermonis</strong></span> <span class='ocrx_word' id='word_1_243' title='bbox 3069 399 3370 456; x_wconf 88' lang='lat' dir='ltr'><strong>urbanitate</strong></span> <span class='ocrx_word' id='word_1_244' title='bbox 3400 404 3723 472; x_wconf 60' lang='lat' dir='ltr'><strong>prtelucidus</strong></span> 
     </span>
    </p>
   </div>
   <div class='ocr_carea' id='block_1_35' title="bbox 2142 483 3722 565">
    <p class='ocr_par' dir='ltr' id='par_1_35' title="bbox 2142 483 3722 565">
     <span class='ocr_line' id='line_1_35' title="bbox 2142 483 3722 565; baseline 0.01 -29"><span class='ocrx_word' id='word_1_245' title='bbox 2142 483 2452 539; x_wconf 79' lang='lat' dir='ltr'><strong>allectuosis</strong></span> <span class='ocrx_word' id='word_1_246' title='bbox 2479 487 2796 542; x_wconf 82' lang='lat' dir='ltr'><strong>excessibus</strong></span> <span class='ocrx_word' id='word_1_247' title='bbox 2826 488 3160 546; x_wconf 85' lang='lat' dir='ltr'><strong>inealescens</strong></span> <span class='ocrx_word' id='word_1_248' title='bbox 3193 509 3205 544; x_wconf 92' lang='lat'><strong>:</strong></span> <span class='ocrx_word' id='word_1_249' title='bbox 3259 511 3277 542; x_wconf 76' lang='grc' dir='ltr'>ι</span> <span class='ocrx_word' id='word_1_250' title='bbox 3310 491 3543 563; x_wconf 82' lang='lat' dir='ltr'><strong>Propter</strong></span> <span class='ocrx_word' id='word_1_251' title='bbox 3574 495 3722 565; x_wconf 89' lang='lat' dir='ltr'><strong>Sion,</strong></span> 
     </span>
    </p>
   </div>
   <div class='ocr_carea' id='block_1_36' title="bbox 2143 572 3725 650">
    <p class='ocr_par' dir='ltr' id='par_1_36' title="bbox 2143 572 3725 650">
     <span class='ocr_line' id='line_1_36' title="bbox 2143 572 3725 650; baseline 0.009 -23"><span class='ocrx_word' id='word_1_252' title='bbox 2143 572 2338 642; x_wconf 86' lang='lat' dir='ltr'><strong>inquit,</strong></span> <span class='ocrx_word' id='word_1_253' title='bbox 2393 589 2499 628; x_wconf 91' lang='lat' dir='ltr'><strong>non</strong></span> <span class='ocrx_word' id='word_1_254' title='bbox 2566 575 2782 644; x_wconf 87' lang='lat' dir='ltr'><strong>tacebo,</strong></span> <span class='ocrx_word' id='word_1_255' title='bbox 2837 585 2893 633; x_wconf 91' lang='lat' dir='ltr'><strong>et</strong></span> <span class='ocrx_word' id='word_1_256' title='bbox 2947 589 3168 650; x_wconf 89' lang='lat' dir='ltr'><strong>propter</strong></span> <span class='ocrx_word' id='word_1_257' title='bbox 3223 580 3568 640; x_wconf 83' lang='lat' dir='ltr'><strong>Hierusalem</strong></span> <span class='ocrx_word' id='word_1_258' title='bbox 3623 603 3725 643; x_wconf 89' lang='lat' dir='ltr'><strong>non</strong></span> 
     </span>
    </p>
   </div>
   <div class='ocr_carea' id='block_1_37' title="bbox 2139 667 3726 750">
    <p class='ocr_par' dir='ltr' id='par_1_37' title="bbox 2139 667 3726 750">
     <span class='ocr_line' id='line_1_37' title="bbox 2139 667 3726 750; baseline 0.013 -35"><span class='ocrx_word' id='word_1_259' title='bbox 2139 667 2414 734; x_wconf 83' lang='lat' dir='ltr'><strong>quiescam</strong></span> <span class='ocrx_word' id='word_1_260' title='bbox 2447 667 2618 722; x_wconf 91' lang='lat' dir='ltr'><strong>donec</strong></span> <span class='ocrx_word' id='word_1_261' title='bbox 2655 670 2965 739; x_wconf 88' lang='lat' dir='ltr'><strong>egrediatur</strong></span> <span class='ocrx_word' id='word_1_262' title='bbox 3003 680 3062 725; x_wconf 89' lang='lat' dir='ltr'><strong>ut</strong></span> <span class='ocrx_word' id='word_1_263' title='bbox 3089 672 3341 742; x_wconf 88' lang='lat' dir='ltr'><strong>splendor</strong></span> <span class='ocrx_word' id='word_1_264' title='bbox 3379 673 3567 744; x_wconf 87' lang='lat' dir='ltr'><strong>justus</strong></span> <span class='ocrx_word' id='word_1_265' title='bbox 3613 679 3726 750; x_wconf 83' lang='lat' dir='ltr'><strong>ejus</strong></span> 
     </span>
    </p>
   </div>
   <div class='ocr_carea' id='block_1_38' title="bbox 2141 756 3726 835">
    <p class='ocr_par' dir='ltr' id='par_1_38' title="bbox 2141 756 3726 835">
     <span class='ocr_line' id='line_1_38' title="bbox 2141 756 3726 835; baseline 0.011 -26"><span class='ocrx_word' id='word_1_266' title='bbox 2141 756 2275 826; x_wconf 76' lang='lat' dir='ltr'><strong>(lsa.</strong></span> <span class='ocrx_word' id='word_1_267' title='bbox 2308 759 2462 827; x_wconf 75' lang='lat' dir='ltr'><strong>an).</strong></span> <span class='ocrx_word' id='word_1_268' title='bbox 2510 778 2528 811; x_wconf 71' lang='grc' dir='ltr'><strong>ι</strong></span> <span class='ocrx_word' id='word_1_269' title='bbox 2569 760 2805 826; x_wconf 84' lang='lat' dir='ltr'><strong>Utinam,</strong></span> <span class='ocrx_word' id='word_1_270' title='bbox 2862 763 2960 825; x_wconf 89' lang='lat' dir='ltr'><strong>ait,</strong></span> <span class='ocrx_word' id='word_1_271' title='bbox 3016 764 3385 835; x_wconf 88' lang='lat' dir='ltr'><strong>disrumperes</strong></span> <span class='ocrx_word' id='word_1_272' title='bbox 3439 767 3636 834; x_wconf 70' lang='lat' dir='ltr'><strong>cmlos,</strong></span> <span class='ocrx_word' id='word_1_273' title='bbox 3673 780 3726 826; x_wconf 84' lang='lat' dir='ltr'><strong>et</strong></span> 
     </span>
    </p>
   </div>
   <div class='ocr_carea' id='block_1_39' title="bbox 2139 848 3724 928">
    <p class='ocr_par' dir='ltr' id='par_1_39' title="bbox 2139 848 3724 928">
     <span class='ocr_line' id='line_1_39' title="bbox 2139 848 3724 928; baseline 0.009 -26"><span class='ocrx_word' id='word_1_274' title='bbox 2139 848 2526 905; x_wconf 84' lang='lat' dir='ltr'><strong>descenderes!</strong></span> <span class='ocrx_word' id='word_1_275' title='bbox 2571 851 2710 921; x_wconf 81' lang='lat' dir='ltr'><strong>(Isa.</strong></span> <span class='ocrx_word' id='word_1_276' title='bbox 2751 854 2898 924; x_wconf 77' lang='lat' dir='ltr'><strong>thv)</strong></span> <span class='ocrx_word' id='word_1_277' title='bbox 2936 864 2993 910; x_wconf 89' lang='lat' dir='ltr'><strong>et</strong></span> <span class='ocrx_word' id='word_1_278' title='bbox 3029 855 3132 909; x_wconf 91' lang='lat' dir='ltr'><strong>alia</strong></span> <span class='ocrx_word' id='word_1_279' title='bbox 3161 857 3350 923; x_wconf 90' lang='lat' dir='ltr'><strong>multa,</strong></span> <span class='ocrx_word' id='word_1_280' title='bbox 3398 874 3522 928; x_wconf 67' lang='lat' dir='ltr'><strong>qua:</strong></span> <span class='ocrx_word' id='word_1_281' title='bbox 3571 860 3724 916; x_wconf 87' lang='lat' dir='ltr'><strong>fasti-</strong></span> 
     </span>
    </p>
   </div>
   <div class='ocr_carea' id='block_1_40' title="bbox 2139 939 3726 1008">
    <p class='ocr_par' dir='ltr' id='par_1_40' title="bbox 2139 939 3726 1008">
     <span class='ocr_line' id='line_1_40' title="bbox 2139 939 3726 1008; baseline 0.009 -15"><span class='ocrx_word' id='word_1_282' title='bbox 2139 939 2285 993; x_wconf 86' lang='lat' dir='ltr'><strong>diosa</strong></span> <span class='ocrx_word' id='word_1_283' title='bbox 2311 942 2596 1008; x_wconf 71' lang='lat' dir='ltr'><strong>prnlixitas</strong></span> <span class='ocrx_word' id='word_1_284' title='bbox 2623 953 2771 998; x_wconf 83' lang='lat' dir='ltr'><strong>vetat</strong></span> <span class='ocrx_word' id='word_1_285' title='bbox 2797 945 3056 1000; x_wconf 89' lang='lat' dir='ltr'><strong>inserere.</strong></span> <span class='ocrx_word' id='word_1_286' title='bbox 3084 945 3184 1002; x_wconf 91' lang='lat' dir='ltr'><strong>llic</strong></span> <span class='ocrx_word' id='word_1_287' title='bbox 3210 949 3372 1002; x_wconf 88' lang='lat' dir='ltr'><strong>etiam</strong></span> <span class='ocrx_word' id='word_1_288' title='bbox 3407 952 3726 1008; x_wconf 78' lang='lat' dir='ltr'><strong>morosioris</strong></span> 
     </span>
    </p>
   </div>
   <div class='ocr_carea' id='block_1_41' title="bbox 2137 1036 3724 1115">
    <p class='ocr_par' dir='ltr' id='par_1_41' title="bbox 2137 1036 3724 1115">
     <span class='ocr_line' id='line_1_41' title="bbox 2137 1036 3724 1115; baseline 0.008 -27"><span class='ocrx_word' id='word_1_289' title='bbox 2137 1037 2324 1103; x_wconf 67' lang='lat' dir='ltr'><strong>gratia:</strong></span> <span class='ocrx_word' id='word_1_290' title='bbox 2364 1036 2760 1108; x_wconf 82' lang='lat' dir='ltr'><strong>longinquitate</strong></span> <span class='ocrx_word' id='word_1_291' title='bbox 2794 1056 3112 1111; x_wconf 89' lang='lat' dir='ltr'><strong>suspensus,</strong></span> <span class='ocrx_word' id='word_1_292' title='bbox 3153 1052 3208 1097; x_wconf 88' lang='lat' dir='ltr'><strong>et</strong></span> <span class='ocrx_word' id='word_1_293' title='bbox 3240 1043 3407 1115; x_wconf 77' lang='lat'><strong>318</strong></span> <span class='ocrx_word' id='word_1_294' title='bbox 3443 1044 3724 1101; x_wconf 87' lang='lat' dir='ltr'><strong>nimietate</strong></span> 
     </span>
    </p>
   </div>
   <div class='ocr_carea' id='block_1_42' title="bbox 2137 1124 3722 1203">
    <p class='ocr_par' dir='ltr' id='par_1_42' title="bbox 2137 1124 3722 1203">
     <span class='ocr_line' id='line_1_42' title="bbox 2137 1124 3722 1203; baseline 0.008 -24"><span class='ocrx_word' id='word_1_295' title='bbox 2137 1124 2340 1180; x_wconf 88' lang='lat' dir='ltr'><strong>doloris</strong></span> <span class='ocrx_word' id='word_1_296' title='bbox 2395 1131 2681 1196; x_wconf 78' lang='lat' dir='ltr'><strong>excedens,</strong></span> <span class='ocrx_word' id='word_1_297' title='bbox 2737 1132 3081 1203; x_wconf 90' lang='lat' dir='ltr'><strong>impatienter</strong></span> <span class='ocrx_word' id='word_1_298' title='bbox 3145 1134 3399 1201; x_wconf 88' lang='lat' dir='ltr'><strong>oblatrat,</strong></span> <span class='ocrx_word' id='word_1_299' title='bbox 3467 1136 3659 1191; x_wconf 84' lang='lat' dir='ltr'><strong>dicens</strong></span> <span class='ocrx_word' id='word_1_300' title='bbox 3705 1151 3722 1190; x_wconf 90' lang='lat'><strong>:</strong></span> 
     </span>
    </p>
   </div>
   <div class='ocr_carea' id='block_1_43' title="bbox 2141 1214 3722 1294">
    <p class='ocr_par' dir='ltr' id='par_1_43' title="bbox 2141 1214 3722 1294">
     <span class='ocr_line' id='line_1_43' title="bbox 2141 1214 3722 1294; baseline 0.01 -29"><span class='ocrx_word' id='word_1_301' title='bbox 2141 1232 2159 1264; x_wconf 74' lang='grc' dir='ltr'>ι</span> <span class='ocrx_word' id='word_1_302' title='bbox 2196 1214 2332 1269; x_wconf 75' lang='lat' dir='ltr'><strong>Ecce</strong></span> <span class='ocrx_word' id='word_1_303' title='bbox 2359 1228 2574 1283; x_wconf 79' lang='lat' dir='ltr'><strong>gentes,</strong></span> <span class='ocrx_word' id='word_1_304' title='bbox 2603 1221 2757 1289; x_wconf 91' lang='lat' dir='ltr'><strong>quasi</strong></span> <span class='ocrx_word' id='word_1_305' title='bbox 2811 1238 2915 1276; x_wconf 91' lang='lat' dir='ltr'><strong>non</strong></span> <span class='ocrx_word' id='word_1_306' title='bbox 2964 1223 3092 1288; x_wconf 90' lang='lat' dir='ltr'><strong>sint,</strong></span> <span class='ocrx_word' id='word_1_307' title='bbox 3124 1224 3204 1278; x_wconf 92' lang='lat' dir='ltr'><strong>sic</strong></span> <span class='ocrx_word' id='word_1_308' title='bbox 3232 1237 3360 1278; x_wconf 84' lang='lat' dir='ltr'><strong>sunt</strong></span> <span class='ocrx_word' id='word_1_309' title='bbox 3393 1239 3581 1280; x_wconf 87' lang='lat' dir='ltr'><strong>coram</strong></span> <span class='ocrx_word' id='word_1_310' title='bbox 3609 1241 3675 1294; x_wconf 77' lang='lat' dir='ltr'><strong>eo</strong></span> <span class='ocrx_word' id='word_1_311' title='bbox 3705 1243 3722 1281; x_wconf 91' lang='lat'><strong><em>:</em></strong></span> 
     </span>
    </p>
   </div>
   <div class='ocr_carea' id='block_1_44' title="bbox 2135 1305 3718 1388">
    <p class='ocr_par' dir='ltr' id='par_1_44' title="bbox 2135 1305 3718 1388">
     <span class='ocr_line' id='line_1_44' title="bbox 2135 1305 3718 1388; baseline 0.011 -33"><span class='ocrx_word' id='word_1_312' title='bbox 2135 1305 2287 1378; x_wconf 83' lang='lat' dir='ltr'><strong>quasi</strong></span> <span class='ocrx_word' id='word_1_313' title='bbox 2321 1307 2565 1371; x_wconf 81' lang='lat' dir='ltr'><strong>nihilum,</strong></span> <span class='ocrx_word' id='word_1_314' title='bbox 2593 1319 2648 1364; x_wconf 91' lang='lat' dir='ltr'><strong>et</strong></span> <span class='ocrx_word' id='word_1_315' title='bbox 2673 1310 2837 1367; x_wconf 88' lang='lat' dir='ltr'><strong>inane</strong></span> <span class='ocrx_word' id='word_1_316' title='bbox 2864 1323 3123 1382; x_wconf 82' lang='lat' dir='ltr'><strong>reputata:</strong></span> <span class='ocrx_word' id='word_1_317' title='bbox 3150 1324 3277 1368; x_wconf 91' lang='lat' dir='ltr'><strong>sunt</strong></span> <span class='ocrx_word' id='word_1_318' title='bbox 3306 1315 3356 1370; x_wconf 91' lang='lat' dir='ltr'><strong>ei</strong></span> <span class='ocrx_word' id='word_1_319' title='bbox 3392 1315 3532 1386; x_wconf 77' lang='lat' dir='ltr'><strong>(lsa.</strong></span> <span class='ocrx_word' id='word_1_320' title='bbox 3556 1317 3668 1388; x_wconf 75' lang='lat' dir='ltr'><strong>XL).</strong></span> <span class='ocrx_word' id='word_1_321' title='bbox 3696 1336 3718 1372; x_wconf 76' lang='grc' dir='ltr'><strong><em>ι</em></strong></span> 
     </span>
    </p>
   </div>
   <div class='ocr_carea' id='block_1_45' title="bbox 2133 1389 3723 1472">
    <p class='ocr_par' dir='ltr' id='par_1_45' title="bbox 2133 1389 3723 1472">
     <span class='ocr_line' id='line_1_45' title="bbox 2133 1389 3723 1472; baseline 0.014 -28"><span class='ocrx_word' id='word_1_322' title='bbox 2133 1389 2396 1450; x_wconf 84' lang='lat' dir='ltr'><strong>Jeremias</strong></span> <span class='ocrx_word' id='word_1_323' title='bbox 2443 1397 2495 1450; x_wconf 92' lang='lat' dir='ltr'><strong>iu</strong></span> <span class='ocrx_word' id='word_1_324' title='bbox 2547 1414 2732 1455; x_wconf 83' lang='lat' dir='ltr'><strong>vocem</strong></span> <span class='ocrx_word' id='word_1_325' title='bbox 2781 1402 3189 1472; x_wconf 67' lang='lat' dir='ltr'><strong>gratulabunda:</strong></span> <span class='ocrx_word' id='word_1_326' title='bbox 3239 1405 3414 1461; x_wconf 88' lang='lat' dir='ltr'><strong>laudis</strong></span> <span class='ocrx_word' id='word_1_327' title='bbox 3465 1407 3723 1466; x_wconf 88' lang='lat' dir='ltr'><strong>adverbio</strong></span> 
     </span>
    </p>
   </div>
   <div class='ocr_carea' id='block_1_46' title="bbox 2133 1485 3722 1570">
    <p class='ocr_par' dir='ltr' id='par_1_46' title="bbox 2133 1485 3722 1570">
     <span class='ocr_line' id='line_1_46' title="bbox 2133 1485 3722 1570; baseline 0.012 -32"><span class='ocrx_word' id='word_1_328' title='bbox 2133 1485 2539 1546; x_wconf 86' lang='lat' dir='ltr'><strong>demonstrante</strong></span> <span class='ocrx_word' id='word_1_329' title='bbox 2590 1509 2995 1564; x_wconf 86' lang='lat' dir='ltr'><strong>prorumpens:</strong></span> <span class='ocrx_word' id='word_1_330' title='bbox 3043 1517 3059 1550; x_wconf 70' lang='grc' dir='ltr'><strong>ε</strong></span> <span class='ocrx_word' id='word_1_331' title='bbox 3097 1497 3264 1566; x_wconf 83' lang='lat' dir='ltr'><strong>Ecce,</strong></span> <span class='ocrx_word' id='word_1_332' title='bbox 3314 1499 3512 1570; x_wconf 91' lang='lat' dir='ltr'><strong>inquit,</strong></span> <span class='ocrx_word' id='word_1_333' title='bbox 3562 1500 3722 1557; x_wconf 77' lang='lat' dir='ltr'><strong>faciet</strong></span> 
     </span>
    </p>
   </div>
   <div class='ocr_carea' id='block_1_47' title="bbox 2133 1576 3720 1656">
    <p class='ocr_par' dir='ltr' id='par_1_47' title="bbox 2133 1576 3720 1656">
     <span class='ocr_line' id='line_1_47' title="bbox 2133 1576 3720 1656; baseline 0.01 -27"><span class='ocrx_word' id='word_1_334' title='bbox 2133 1576 2394 1634; x_wconf 89' lang='lat' dir='ltr'><strong>Dominus</strong></span> <span class='ocrx_word' id='word_1_335' title='bbox 2425 1599 2624 1638; x_wconf 88' lang='lat' dir='ltr'><strong>novum</strong></span> <span class='ocrx_word' id='word_1_336' title='bbox 2653 1601 2815 1656; x_wconf 91' lang='lat' dir='ltr'><strong>super</strong></span> <span class='ocrx_word' id='word_1_337' title='bbox 2843 1596 3067 1654; x_wconf 91' lang='lat' dir='ltr'><strong>terram,</strong></span> <span class='ocrx_word' id='word_1_338' title='bbox 3098 1598 3152 1643; x_wconf 89' lang='lat' dir='ltr'><strong>et</strong></span> <span class='ocrx_word' id='word_1_339' title='bbox 3181 1591 3376 1645; x_wconf 89' lang='lat' dir='ltr'><strong>mulier</strong></span> <span class='ocrx_word' id='word_1_340' title='bbox 3415 1591 3720 1647; x_wconf 86' lang='lat' dir='ltr'><strong>circumda-</strong></span> 
     </span>
    </p>
   </div>
   <div class='ocr_carea' id='block_1_48' title="bbox 2059 1665 3720 1750">
    <p class='ocr_par' dir='ltr' id='par_1_48' title="bbox 2059 1665 3720 1750">
     <span class='ocr_line' id='line_1_48' title="bbox 2059 1665 3720 1750; baseline 0.01 -31"><span class='ocrx_word' id='word_1_341' title='bbox 2059 1672 2102 1731; x_wconf 84' lang='lat' dir='ltr'><strong>B</strong></span> <span class='ocrx_word' id='word_1_342' title='bbox 2133 1665 2406 1722; x_wconf 89' lang='lat' dir='ltr'><strong>bitvirum</strong></span> <span class='ocrx_word' id='word_1_343' title='bbox 2439 1671 2575 1740; x_wconf 85' lang='lat' dir='ltr'><strong>(Jer.</strong></span> <span class='ocrx_word' id='word_1_344' title='bbox 2625 1677 2834 1745; x_wconf 71' lang='lat' dir='ltr'><strong>XXXI).D</strong></span> <span class='ocrx_word' id='word_1_345' title='bbox 2869 1675 2975 1732; x_wconf 86' lang='lat' dir='ltr'><strong>Sed</strong></span> <span class='ocrx_word' id='word_1_346' title='bbox 3022 1686 3201 1734; x_wconf 90' lang='lat' dir='ltr'><strong>tamen</strong></span> <span class='ocrx_word' id='word_1_347' title='bbox 3253 1681 3553 1750; x_wconf 76' lang='lat' dir='ltr'><strong>repentina:</strong></span> <span class='ocrx_word' id='word_1_348' title='bbox 3598 1681 3720 1736; x_wconf 89' lang='lat' dir='ltr'><strong>sub-</strong></span> 
     </span>
    </p>
   </div>
   <div class='ocr_carea' id='block_1_49' title="bbox 2131 1758 3716 1840">
    <p class='ocr_par' dir='ltr' id='par_1_49' title="bbox 2131 1758 3716 1840">
     <span class='ocr_line' id='line_1_49' title="bbox 2131 1758 3716 1840; baseline 0.013 -33"><span class='ocrx_word' id='word_1_349' title='bbox 2131 1758 2402 1814; x_wconf 81' lang='lat' dir='ltr'><strong>versionis</strong></span> <span class='ocrx_word' id='word_1_350' title='bbox 2446 1761 2702 1834; x_wconf 82' lang='lat' dir='ltr'><strong>lacrymis</strong></span> <span class='ocrx_word' id='word_1_351' title='bbox 2753 1767 3031 1834; x_wconf 88' lang='lat' dir='ltr'><strong>edocetur,</strong></span> <span class='ocrx_word' id='word_1_352' title='bbox 3091 1779 3150 1823; x_wconf 91' lang='lat' dir='ltr'><strong>ut</strong></span> <span class='ocrx_word' id='word_1_353' title='bbox 3216 1772 3367 1840; x_wconf 89' lang='lat' dir='ltr'><strong>prius</strong></span> <span class='ocrx_word' id='word_1_354' title='bbox 3420 1773 3716 1828; x_wconf 76' lang='lat' dir='ltr'><strong>Iumentum</strong></span> 
     </span>
    </p>
   </div>
   <div class='ocr_carea' id='block_1_50' title="bbox 2127 1850 3712 1928">
    <p class='ocr_par' dir='ltr' id='par_1_50' title="bbox 2127 1850 3712 1928">
     <span class='ocr_line' id='line_1_50' title="bbox 2127 1850 3712 1928; baseline 0.012 -28"><span class='ocrx_word' id='word_1_355' title='bbox 2127 1850 2427 1918; x_wconf 83' lang='lat' dir='ltr'><strong>suscipiens</strong></span> <span class='ocrx_word' id='word_1_356' title='bbox 2481 1869 2641 1920; x_wconf 88' lang='lat' dir='ltr'><strong>quam</strong></span> <span class='ocrx_word' id='word_1_357' title='bbox 2694 1857 3026 1923; x_wconf 89' lang='lat' dir='ltr'><strong>adventum,</strong></span> <span class='ocrx_word' id='word_1_358' title='bbox 3086 1861 3298 1928; x_wconf 86' lang='lat' dir='ltr'><strong>penitus</strong></span> <span class='ocrx_word' id='word_1_359' title='bbox 3363 1865 3712 1919; x_wconf 87' lang='lat' dir='ltr'><strong>conticescat.</strong></span> 
     </span>
    </p>
   </div>
   <div class='ocr_carea' id='block_1_51' title="bbox 2127 1940 3715 2025">
    <p class='ocr_par' dir='ltr' id='par_1_51' title="bbox 2127 1940 3715 2025">
     <span class='ocr_line' id='line_1_51' title="bbox 2127 1940 3715 2025; baseline 0.011 -32"><span class='ocrx_word' id='word_1_360' title='bbox 2127 1940 2332 1997; x_wconf 85' lang='lat' dir='ltr'><strong>Dauieli</strong></span> <span class='ocrx_word' id='word_1_361' title='bbox 2362 1944 2561 2000; x_wconf 91' lang='lat' dir='ltr'><strong>dicitur</strong></span> <span class='ocrx_word' id='word_1_362' title='bbox 2600 1964 2614 2000; x_wconf 90' lang='lat'><strong>:</strong></span> <span class='ocrx_word' id='word_1_363' title='bbox 2657 1966 2674 1998; x_wconf 83' lang='grc'><strong>‹</strong></span> <span class='ocrx_word' id='word_1_364' title='bbox 2712 1949 2859 2003; x_wconf 77' lang='lat' dir='ltr'><strong>Visio</strong></span> <span class='ocrx_word' id='word_1_365' title='bbox 2890 1960 2972 2004; x_wconf 85' lang='lat' dir='ltr'><strong>est</strong></span> <span class='ocrx_word' id='word_1_366' title='bbox 3010 1951 3062 2005; x_wconf 94' lang='lat' dir='ltr'><strong>in</strong></span> <span class='ocrx_word' id='word_1_367' title='bbox 3092 1951 3225 2017; x_wconf 89' lang='lat' dir='ltr'><strong>dies,</strong></span> <span class='ocrx_word' id='word_1_368' title='bbox 3267 1961 3321 2006; x_wconf 91' lang='lat' dir='ltr'><strong>et</strong></span> <span class='ocrx_word' id='word_1_369' title='bbox 3366 1955 3422 2008; x_wconf 90' lang='lat' dir='ltr'><strong>in</strong></span> <span class='ocrx_word' id='word_1_370' title='bbox 3473 1967 3715 2025; x_wconf 77' lang='lat' dir='ltr'><strong>tempora</strong></span> 
     </span>
    </p>
   </div>
   <div class='ocr_carea' id='block_1_52' title="bbox 2125 2036 3713 2119">
    <p class='ocr_par' dir='ltr' id='par_1_52' title="bbox 2125 2036 3713 2119">
     <span class='ocr_line' id='line_1_52' title="bbox 2125 2036 3713 2119; baseline 0.009 -28"><span class='ocrx_word' id='word_1_371' title='bbox 2125 2036 2284 2105; x_wconf 79' lang='lat' dir='ltr'><strong>longa</strong></span> <span class='ocrx_word' id='word_1_372' title='bbox 2337 2039 2502 2109; x_wconf 83' lang='lat' dir='ltr'><strong>(Dan.</strong></span> <span class='ocrx_word' id='word_1_373' title='bbox 2538 2057 2544 2060; x_wconf 90' lang='grc'><strong>·</strong></span> <span class='ocrx_word' id='word_1_374' title='bbox 2575 2040 2664 2113; x_wconf 79' lang='lat' dir='ltr'><strong>x).</strong></span> <span class='ocrx_word' id='word_1_375' title='bbox 2696 2062 2715 2094; x_wconf 71' lang='grc' dir='ltr'><strong>ι</strong></span> <span class='ocrx_word' id='word_1_376' title='bbox 2761 2043 2828 2098; x_wconf 85' lang='grc' dir='ltr'><strong>Ει</strong></span> <span class='ocrx_word' id='word_1_377' title='bbox 2876 2044 3127 2100; x_wconf 88' lang='lat' dir='ltr'><strong>Ezechiel</strong></span> <span class='ocrx_word' id='word_1_378' title='bbox 3180 2048 3347 2103; x_wconf 89' lang='lat' dir='ltr'><strong>tantis</strong></span> <span class='ocrx_word' id='word_1_379' title='bbox 3393 2047 3713 2119; x_wconf 82' lang='lat' dir='ltr'><strong>caliginibus</strong></span> 
     </span>
    </p>
   </div>
   <div class='ocr_carea' id='block_1_53' title="bbox 2126 2127 3714 2204">
    <p class='ocr_par' dir='ltr' id='par_1_53' title="bbox 2126 2127 3714 2204">
     <span class='ocr_line' id='line_1_53' title="bbox 2126 2127 3714 2204; baseline 0.008 -22"><span class='ocrx_word' id='word_1_380' title='bbox 2126 2127 2424 2182; x_wconf 89' lang='lat' dir='ltr'><strong>involvitur</strong></span> <span class='ocrx_word' id='word_1_381' title='bbox 2453 2139 2512 2184; x_wconf 92' lang='lat' dir='ltr'><strong>ut</strong></span> <span class='ocrx_word' id='word_1_382' title='bbox 2537 2131 2628 2184; x_wconf 84' lang='lat' dir='ltr'><strong>vix</strong></span> <span class='ocrx_word' id='word_1_383' title='bbox 2665 2131 2908 2203; x_wconf 83' lang='lat' dir='ltr'><strong>dignosci</strong></span> <span class='ocrx_word' id='word_1_384' title='bbox 2954 2135 3126 2204; x_wconf 88' lang='lat' dir='ltr'><strong>possit</strong></span> <span class='ocrx_word' id='word_1_385' title='bbox 3173 2136 3314 2192; x_wconf 89' lang='lat' dir='ltr'><strong>unde</strong></span> <span class='ocrx_word' id='word_1_386' title='bbox 3360 2137 3574 2202; x_wconf 86' lang='lat' dir='ltr'><strong>veniat,</strong></span> <span class='ocrx_word' id='word_1_387' title='bbox 3622 2148 3714 2194; x_wconf 80' lang='lat' dir='ltr'><strong>aut</strong></span> 
     </span>
    </p>
   </div>
   <div class='ocr_carea' id='block_1_54' title="bbox 2123 2219 3711 2295">
    <p class='ocr_par' dir='ltr' id='par_1_54' title="bbox 2123 2219 3711 2295">
     <span class='ocr_line' id='line_1_54' title="bbox 2123 2219 3711 2295; baseline 0.009 -25"><span class='ocrx_word' id='word_1_388' title='bbox 2123 2231 2231 2287; x_wconf 92' lang='lat' dir='ltr'><strong>quo</strong></span> <span class='ocrx_word' id='word_1_389' title='bbox 2255 2219 2440 2273; x_wconf 83' lang='lat' dir='ltr'><strong>vadat.</strong></span> <span class='ocrx_word' id='word_1_390' title='bbox 2489 2220 2732 2290; x_wconf 89' lang='lat' dir='ltr'><strong>Denique</strong></span> <span class='ocrx_word' id='word_1_391' title='bbox 2779 2224 2957 2278; x_wconf 88' lang='lat' dir='ltr'><strong>omnis</strong></span> <span class='ocrx_word' id='word_1_392' title='bbox 2997 2225 3085 2279; x_wconf 90' lang='lat' dir='ltr'><strong>ille</strong></span> <span class='ocrx_word' id='word_1_393' title='bbox 3114 2226 3449 2295; x_wconf 85' lang='lat' dir='ltr'><strong>prepbetalis</strong></span> <span class='ocrx_word' id='word_1_394' title='bbox 3478 2243 3711 2284; x_wconf 77' lang='lat' dir='ltr'><strong>conven-</strong></span> 
     </span>
    </p>
   </div>
   <div class='ocr_carea' id='block_1_55' title="bbox 2123 2309 3706 2386">
    <p class='ocr_par' dir='ltr' id='par_1_55' title="bbox 2123 2309 3706 2386">
     <span class='ocr_line' id='line_1_55' title="bbox 2123 2309 3706 2386; baseline 0.008 -24"><span class='ocrx_word' id='word_1_395' title='bbox 2123 2317 2210 2363; x_wconf 90' lang='lat' dir='ltr'><strong>tus</strong></span> <span class='ocrx_word' id='word_1_396' title='bbox 2255 2309 2414 2379; x_wconf 86' lang='lat' dir='ltr'><strong>longa</strong></span> <span class='ocrx_word' id='word_1_397' title='bbox 2476 2313 2745 2369; x_wconf 87' lang='lat' dir='ltr'><strong>tardantis</strong></span> <span class='ocrx_word' id='word_1_398' title='bbox 2798 2315 2987 2385; x_wconf 68' lang='lat' dir='ltr'><strong>gratia:</strong></span> <span class='ocrx_word' id='word_1_399' title='bbox 3038 2318 3352 2372; x_wconf 88' lang='lat' dir='ltr'><strong>morositate</strong></span> <span class='ocrx_word' id='word_1_400' title='bbox 3401 2328 3706 2386; x_wconf 66' lang='lat' dir='ltr'><strong>pertaesus,</strong></span> 
     </span>
    </p>
   </div>
   <div class='ocr_carea' id='block_1_56' title="bbox 2121 2404 3706 2478">
    <p class='ocr_par' dir='ltr' id='par_1_56' title="bbox 2121 2404 3706 2478">
     <span class='ocr_line' id='line_1_56' title="bbox 2121 2404 3706 2478; baseline 0.008 -25"><span class='ocrx_word' id='word_1_401' title='bbox 2121 2414 2266 2454; x_wconf 90' lang='lat' dir='ltr'><strong>nunc</strong></span> <span class='ocrx_word' id='word_1_402' title='bbox 2297 2404 2556 2472; x_wconf 89' lang='lat' dir='ltr'><strong>rogando,</strong></span> <span class='ocrx_word' id='word_1_403' title='bbox 2585 2420 2730 2460; x_wconf 88' lang='lat' dir='ltr'><strong>nunc</strong></span> <span class='ocrx_word' id='word_1_404' title='bbox 2756 2409 3155 2474; x_wconf 82' lang='lat' dir='ltr'><strong>conquerenda,</strong></span> <span class='ocrx_word' id='word_1_405' title='bbox 3177 2408 3352 2463; x_wconf 85' lang='lat' dir='ltr'><strong>variat</strong></span> <span class='ocrx_word' id='word_1_406' title='bbox 3379 2411 3706 2478; x_wconf 86' lang='lat' dir='ltr'><strong>orationem,</strong></span> 
     </span>
    </p>
   </div>
   <div class='ocr_carea' id='block_1_57' title="bbox 2121 2489 3706 2570">
    <p class='ocr_par' dir='ltr' id='par_1_57' title="bbox 2121 2489 3706 2570">
     <span class='ocr_line' id='line_1_57' title="bbox 2121 2489 3706 2570; baseline 0.008 -28"><span class='ocrx_word' id='word_1_407' title='bbox 2121 2497 2174 2542; x_wconf 89' lang='lat' dir='ltr'><strong>et</strong></span> <span class='ocrx_word' id='word_1_408' title='bbox 2200 2489 2520 2562; x_wconf 89' lang='lat' dir='ltr'><strong>plerumque</strong></span> <span class='ocrx_word' id='word_1_409' title='bbox 2567 2495 2910 2550; x_wconf 88' lang='lat' dir='ltr'><strong>sermonibus</strong></span> <span class='ocrx_word' id='word_1_410' title='bbox 2969 2498 3264 2554; x_wconf 73' lang='lat' dir='ltr'><strong>exorativis</strong></span> <span class='ocrx_word' id='word_1_411' title='bbox 3311 2500 3706 2570; x_wconf 82' lang='lat' dir='ltr'><strong>indignatorios</strong></span> 
     </span>
    </p>
   </div>
   <div class='ocr_carea' id='block_1_58' title="bbox 2124 2576 3706 2659">
    <p class='ocr_par' dir='ltr' id='par_1_58' title="bbox 2124 2576 3706 2659">
     <span class='ocr_line' id='line_1_58' title="bbox 2124 2576 3706 2659; baseline 0.009 -29"><span class='ocrx_word' id='word_1_412' title='bbox 2124 2576 2480 2635; x_wconf 90' lang='lat' dir='ltr'><strong>intermiscet.</strong></span> <span class='ocrx_word' id='word_1_413' title='bbox 2519 2581 2628 2638; x_wconf 89' lang='lat' dir='ltr'><strong>Nos</strong></span> <span class='ocrx_word' id='word_1_414' title='bbox 2675 2600 2888 2655; x_wconf 85' lang='lat' dir='ltr'><strong>quoque</strong></span> <span class='ocrx_word' id='word_1_415' title='bbox 2917 2586 3074 2650; x_wconf 87' lang='lat' dir='ltr'><strong>satis,</strong></span> <span class='ocrx_word' id='word_1_416' title='bbox 3125 2588 3367 2659; x_wconf 82' lang='lat' dir='ltr'><strong>satisque</strong></span> <span class='ocrx_word' id='word_1_417' title='bbox 3413 2605 3512 2645; x_wconf 91' lang='lat' dir='ltr'><strong>eos</strong></span> <span class='ocrx_word' id='word_1_418' title='bbox 3556 2589 3706 2645; x_wconf 85' lang='lat' dir='ltr'><strong>audi-</strong></span> 
     </span>
    </p>
   </div>
   <div class='ocr_carea' id='block_1_59' title="bbox 2118 2667 3705 2752">
    <p class='ocr_par' dir='ltr' id='par_1_59' title="bbox 2118 2667 3705 2752">
     <span class='ocr_line' id='line_1_59' title="bbox 2118 2667 3705 2752; baseline 0.009 -31"><span class='ocrx_word' id='word_1_419' title='bbox 2118 2667 2320 2735; x_wconf 82' lang='lat' dir='ltr'><strong>vimus,</strong></span> <span class='ocrx_word' id='word_1_420' title='bbox 2366 2678 2422 2725; x_wconf 91' lang='lat' dir='ltr'><strong>ct</strong></span> <span class='ocrx_word' id='word_1_421' title='bbox 2453 2674 2612 2728; x_wconf 91' lang='lat' dir='ltr'><strong>nobis</strong></span> <span class='ocrx_word' id='word_1_422' title='bbox 2643 2674 2696 2729; x_wconf 92' lang='lat' dir='ltr'><strong>in</strong></span> <span class='ocrx_word' id='word_1_423' title='bbox 2726 2674 3001 2730; x_wconf 85' lang='lat' dir='ltr'><strong>fastidiqu</strong></span> <span class='ocrx_word' id='word_1_424' title='bbox 3029 2678 3358 2748; x_wconf 84' lang='lat' dir='ltr'><strong>releguntur.</strong></span> <span class='ocrx_word' id='word_1_425' title='bbox 3391 2679 3514 2735; x_wconf 87' lang='lat' dir='ltr'><strong>Jam</strong></span> <span class='ocrx_word' id='word_1_426' title='bbox 3541 2679 3705 2752; x_wconf 78' lang='lat' dir='ltr'><strong>fugiat</strong></span> 
     </span>
    </p>
   </div>
   <div class='ocr_carea' id='block_1_60' title="bbox 2120 2758 3702 2845">
    <p class='ocr_par' dir='ltr' id='par_1_60' title="bbox 2120 2758 3702 2845">
     <span class='ocr_line' id='line_1_60' title="bbox 2120 2758 3702 2845; baseline 0.009 -32"><span class='ocrx_word' id='word_1_427' title='bbox 2120 2758 2331 2832; x_wconf 82' lang='lat' dir='ltr'><strong>Moyses</strong></span> <span class='ocrx_word' id='word_1_428' title='bbox 2361 2764 2570 2834; x_wconf 72' lang='lat' dir='ltr'><strong>(Exod.</strong></span> <span class='ocrx_word' id='word_1_429' title='bbox 2616 2773 2724 2838; x_wconf 84' lang='lat' dir='ltr'><strong>vi);</strong></span> <span class='ocrx_word' id='word_1_430' title='bbox 2781 2768 3142 2838; x_wconf 88' lang='lat' dir='ltr'><strong>impcditioris</strong></span> <span class='ocrx_word' id='word_1_431' title='bbox 3194 2773 3462 2842; x_wconf 87' lang='lat' dir='ltr'><strong>siquidem</strong></span> <span class='ocrx_word' id='word_1_432' title='bbox 3513 2775 3702 2845; x_wconf 64' lang='lat' dir='ltr'><strong>lingua!</strong></span> 
     </span>
    </p>
   </div>
   <div class='ocr_carea' id='block_1_61' title="bbox 2116 2851 3697 2937">
    <p class='ocr_par' dir='ltr' id='par_1_61' title="bbox 2116 2851 3697 2937">
     <span class='ocr_line' id='line_1_61' title="bbox 2116 2851 3697 2937; baseline 0.009 -32"><span class='ocrx_word' id='word_1_433' title='bbox 2116 2851 2289 2909; x_wconf 88' lang='lat' dir='ltr'><strong>factus</strong></span> <span class='ocrx_word' id='word_1_434' title='bbox 2336 2865 2421 2911; x_wconf 91' lang='lat' dir='ltr'><strong>est</strong></span> <span class='ocrx_word' id='word_1_435' title='bbox 2453 2857 2607 2914; x_wconf 88' lang='lat' dir='ltr'><strong>nobis</strong></span> <span class='ocrx_word' id='word_1_436' title='bbox 2649 2876 2663 2912; x_wconf 91' lang='lat'><strong>:</strong></span> <span class='ocrx_word' id='word_1_437' title='bbox 2696 2859 2848 2915; x_wconf 62' lang='lat' dir='ltr'><strong>Isaia}</strong></span> <span class='ocrx_word' id='word_1_438' title='bbox 2886 2861 3027 2915; x_wconf 89' lang='lat' dir='ltr'><strong>labia</strong></span> <span class='ocrx_word' id='word_1_439' title='bbox 3074 2863 3348 2919; x_wconf 90' lang='lat' dir='ltr'><strong>immunda</strong></span> <span class='ocrx_word' id='word_1_440' title='bbox 3385 2874 3516 2919; x_wconf 92' lang='lat' dir='ltr'><strong>sunt</strong></span> <span class='ocrx_word' id='word_1_441' title='bbox 3565 2865 3697 2937; x_wconf 77' lang='lat' dir='ltr'><strong>(lsa.</strong></span> 
     </span>
    </p>
   </div>
   <div class='ocr_carea' id='block_1_62' title="bbox 2114 2946 3692 3027">
    <p class='ocr_par' dir='ltr' id='par_1_62' title="bbox 2114 2946 3692 3027">
     <span class='ocr_line' id='line_1_62' title="bbox 2114 2946 3692 3027; baseline 0.009 -27"><span class='ocrx_word' id='word_1_442' title='bbox 2114 2946 2226 3015; x_wconf 82' lang='lat' dir='ltr'><strong>vi);</strong></span> <span class='ocrx_word' id='word_1_443' title='bbox 2267 2947 2533 3005; x_wconf 82' lang='lat' dir='ltr'><strong>Jerentias</strong></span> <span class='ocrx_word' id='word_1_444' title='bbox 2561 2953 2732 3007; x_wconf 90' lang='lat' dir='ltr'><strong>nescit</strong></span> <span class='ocrx_word' id='word_1_445' title='bbox 2763 2952 2930 3022; x_wconf 89' lang='lat' dir='ltr'><strong>loqui,</strong></span> <span class='ocrx_word' id='word_1_446' title='bbox 2974 2955 3100 3023; x_wconf 91' lang='lat' dir='ltr'><strong>quia</strong></span> <span class='ocrx_word' id='word_1_447' title='bbox 3149 2971 3285 3024; x_wconf 91' lang='lat' dir='ltr'><strong>puer</strong></span> <span class='ocrx_word' id='word_1_448' title='bbox 3328 2966 3411 3012; x_wconf 89' lang='lat' dir='ltr'><strong>est</strong></span> <span class='ocrx_word' id='word_1_449' title='bbox 3452 2956 3588 3027; x_wconf 86' lang='lat' dir='ltr'><strong>(Jer.</strong></span> <span class='ocrx_word' id='word_1_450' title='bbox 3616 2960 3692 3027; x_wconf 85' lang='grc' dir='ltr'><strong>ι);</strong></span> 
     </span>
    </p>
   </div>
   <div class='ocr_carea' id='block_1_63' title="bbox 426 3008 2009 3119">
    <p class='ocr_par' dir='ltr' id='par_1_63' title="bbox 426 3027 2005 3117">
     <span class='ocr_line' id='line_1_63' title="bbox 426 3027 2005 3117; baseline 0.02 -39"><span class='ocrx_word' id='word_1_451' title='bbox 426 3039 568 3085; x_wconf 91' lang='lat' dir='ltr'><strong>cum,</strong></span> <span class='ocrx_word' id='word_1_452' title='bbox 613 3027 717 3082; x_wconf 91' lang='lat' dir='ltr'><strong>nisi</strong></span> <span class='ocrx_word' id='word_1_453' title='bbox 754 3034 1170 3099; x_wconf 87' lang='lat' dir='ltr'><strong>promissionum</strong></span> <span class='ocrx_word' id='word_1_454' title='bbox 1216 3041 1616 3098; x_wconf 89' lang='lat' dir='ltr'><strong>multitudinem</strong></span> <span class='ocrx_word' id='word_1_455' title='bbox 1651 3061 2005 3117; x_wconf 83' lang='lat' dir='ltr'><strong>reportantes.</strong></span> 
     </span>
    </p>
   </div>
   <div class='ocr_carea' id='block_1_64' title="bbox 2117 3008 3698 3119">
    <p class='ocr_par' dir='ltr' id='par_1_64' title="bbox 2117 3039 3698 3119">
     <span class='ocr_line' id='line_1_64' title="bbox 2117 3039 3698 3119; baseline 0.008 -27"><span class='ocrx_word' id='word_1_456' title='bbox 2117 3039 2365 3094; x_wconf 85' lang='lat' dir='ltr'><strong>Ezechiel</strong></span> <span class='ocrx_word' id='word_1_457' title='bbox 2414 3042 2619 3112; x_wconf 91' lang='lat' dir='ltr'><strong>polluto</strong></span> <span class='ocrx_word' id='word_1_458' title='bbox 2664 3059 2802 3114; x_wconf 90' lang='lat' dir='ltr'><strong>pane</strong></span> <span class='ocrx_word' id='word_1_459' title='bbox 2849 3047 3087 3101; x_wconf 89' lang='lat' dir='ltr'><strong>vescitur</strong></span> <span class='ocrx_word' id='word_1_460' title='bbox 3136 3045 3351 3119; x_wconf 74' lang='lat' dir='ltr'><strong>(Ezeclr.</strong></span> <span class='ocrx_word' id='word_1_461' title='bbox 3383 3049 3491 3119; x_wconf 82' lang='lat' dir='ltr'><strong>tv);</strong></span> <span class='ocrx_word' id='word_1_462' title='bbox 3535 3049 3698 3106; x_wconf 86' lang='lat' dir='ltr'><strong>Oseas</strong></span> 
     </span>
    </p>
   </div>
   <div class='ocr_carea' id='block_1_65' title="bbox 409 3114 2008 3216">
    <p class='ocr_par' dir='ltr' id='par_1_65' title="bbox 409 3114 2008 3216">
     <span class='ocr_line' id='line_1_65' title="bbox 409 3114 2008 3216; baseline 0.021 -47"><span class='ocrx_word' id='word_1_463' title='bbox 409 3114 582 3187; x_wconf 80' lang='lat' dir='ltr'><strong>Unde</strong></span> <span class='ocrx_word' id='word_1_464' title='bbox 618 3128 672 3174; x_wconf 93' lang='lat' dir='ltr'><strong>et</strong></span> <span class='ocrx_word' id='word_1_465' title='bbox 725 3122 1007 3182; x_wconf 81' lang='lat' dir='ltr'><strong>citharista</strong></span> <span class='ocrx_word' id='word_1_466' title='bbox 1053 3140 1240 3187; x_wconf 89' lang='lat' dir='ltr'><strong>noster</strong></span> <span class='ocrx_word' id='word_1_467' title='bbox 1286 3133 1400 3204; x_wconf 88' lang='lat' dir='ltr'><strong>jam</strong></span> <span class='ocrx_word' id='word_1_468' title='bbox 1455 3114 1849 3199; x_wconf 75' lang='lat' dir='ltr'><strong>dormitaverat</strong></span> <span class='ocrx_word' id='word_1_469' title='bbox 1899 3163 2008 3216; x_wconf 71' lang='lat' dir='ltr'><strong>pra:</strong></span> 
     </span>
    </p>
   </div>
   <div class='ocr_carea' id='block_1_66' title="bbox 405 3211 2009 3310">
    <p class='ocr_par' dir='ltr' id='par_1_66' title="bbox 405 3211 2009 3310">
     <span class='ocr_line' id='line_1_66' title="bbox 405 3211 2009 3310; baseline 0.02 -48"><span class='ocrx_word' id='word_1_470' title='bbox 405 3211 608 3284; x_wconf 68' lang='lat' dir='ltr'><strong>taedio,</strong></span> <span class='ocrx_word' id='word_1_471' title='bbox 649 3225 704 3268; x_wconf 89' lang='lat' dir='ltr'><strong>et</strong></span> <span class='ocrx_word' id='word_1_472' title='bbox 736 3215 788 3269; x_wconf 93' lang='lat' dir='ltr'><strong>in</strong></span> <span class='ocrx_word' id='word_1_473' title='bbox 818 3218 990 3288; x_wconf 90' lang='lat' dir='ltr'><strong>ipsum</strong></span> <span class='ocrx_word' id='word_1_474' title='bbox 1019 3221 1186 3277; x_wconf 90' lang='lat' dir='ltr'><strong>Deum</strong></span> <span class='ocrx_word' id='word_1_475' title='bbox 1232 3227 1410 3282; x_wconf 86' lang='lat' dir='ltr'><strong>tacitis</strong></span> <span class='ocrx_word' id='word_1_476' title='bbox 1445 3230 1863 3300; x_wconf 84' lang='lat' dir='ltr'><strong>obligationibus</strong></span> <span class='ocrx_word' id='word_1_477' title='bbox 1899 3211 2009 3310; x_wconf 44' lang='grc'><strong>’[³1-</strong></span> 
     </span>
    </p>
   </div>
   <div class='ocr_carea' id='block_1_67' title="bbox 422 3298 2007 3383">
    <p class='ocr_par' dir='ltr' id='par_1_67' title="bbox 422 3298 2007 3383">
     <span class='ocr_line' id='line_1_67' title="bbox 422 3298 2007 3383; baseline 0.021 -32"><span class='ocrx_word' id='word_1_478' title='bbox 422 3298 804 3378; x_wconf 89' lang='lat' dir='ltr'><strong>legationibus]</strong></span> <span class='ocrx_word' id='word_1_479' title='bbox 829 3316 996 3363; x_wconf 91' lang='lat' dir='ltr'><strong>totam</strong></span> <span class='ocrx_word' id='word_1_480' title='bbox 1032 3311 1246 3382; x_wconf 88' lang='lat' dir='ltr'><strong>culpam</strong></span> <span class='ocrx_word' id='word_1_481' title='bbox 1299 3318 1472 3374; x_wconf 90' lang='lat' dir='ltr'><strong>modis</strong></span> <span class='ocrx_word' id='word_1_482' title='bbox 1520 3298 1787 3380; x_wconf 76' lang='lat' dir='ltr'><strong>flebilibus</strong></span> <span class='ocrx_word' id='word_1_483' title='bbox 1836 3298 2007 3383; x_wconf 70' lang='lat' dir='ltr'><strong>infor-</strong></span> 
     </span>
    </p>
   </div>
   <div class='ocr_carea' id='block_1_68' title="bbox 420 3392 2002 3487">
    <p class='ocr_par' dir='ltr' id='par_1_68' title="bbox 420 3392 2002 3487">
     <span class='ocr_line' id='line_1_68' title="bbox 420 3392 2002 3487; baseline 0.02 -44"><span class='ocrx_word' id='word_1_484' title='bbox 420 3392 640 3459; x_wconf 88' lang='lat' dir='ltr'><strong>quebat.</strong></span> <span class='ocrx_word' id='word_1_485' title='bbox 684 3396 806 3452; x_wconf 70' lang='lat' dir='ltr'><strong>«Tu</strong></span> <span class='ocrx_word' id='word_1_486' title='bbox 853 3415 1001 3466; x_wconf 88' lang='lat' dir='ltr'><strong>vero,</strong></span> <span class='ocrx_word' id='word_1_487' title='bbox 1055 3404 1245 3474; x_wconf 91' lang='lat' dir='ltr'><strong>inquit,</strong></span> <span class='ocrx_word' id='word_1_488' title='bbox 1299 3410 1542 3478; x_wconf 88' lang='lat' dir='ltr'><strong>repulisti</strong></span> <span class='ocrx_word' id='word_1_489' title='bbox 1589 3423 1645 3467; x_wconf 89' lang='lat' dir='ltr'><strong>et</strong></span> <span class='ocrx_word' id='word_1_490' title='bbox 1690 3416 2002 3487; x_wconf 81' lang='lat' dir='ltr'><strong>despexisti,</strong></span> 
     </span>
    </p>
   </div>
   <div class='ocr_carea' id='block_1_69' title="bbox 419 3482 2005 3575">
    <p class='ocr_par' dir='ltr' id='par_1_69' title="bbox 419 3482 2005 3575">
     <span class='ocr_line' id='line_1_69' title="bbox 419 3482 2005 3575; baseline 0.021 -39"><span class='ocrx_word' id='word_1_491' title='bbox 419 3482 676 3540; x_wconf 89' lang='lat' dir='ltr'><strong>distulisti</strong></span> <span class='ocrx_word' id='word_1_492' title='bbox 710 3489 984 3546; x_wconf 88' lang='lat' dir='ltr'><strong>Christum</strong></span> <span class='ocrx_word' id='word_1_493' title='bbox 1019 3503 1168 3550; x_wconf 92' lang='lat' dir='ltr'><strong>tuum</strong></span> <span class='ocrx_word' id='word_1_494' title='bbox 1215 3497 1386 3568; x_wconf 82' lang='lat' dir='ltr'><strong>(Psal.</strong></span> <span class='ocrx_word' id='word_1_495' title='bbox 1424 3507 1741 3575; x_wconf 52' lang='lat' dir='ltr'><strong>uxxvm)»</strong></span> <span class='ocrx_word' id='word_1_496' title='bbox 1787 3482 1861 3565; x_wconf 83' lang='lat' dir='ltr'><strong>De</strong></span> <span class='ocrx_word' id='word_1_497' title='bbox 1903 3482 2005 3570; x_wconf 50' lang='lat' dir='ltr'><strong>ﬁeri</strong></span> 
     </span>
    </p>
   </div>
   <div class='ocr_carea' id='block_1_70' title="bbox 422 3574 2003 3663">
    <p class='ocr_par' dir='ltr' id='par_1_70' title="bbox 422 3574 2003 3663">
     <span class='ocr_line' id='line_1_70' title="bbox 422 3574 2003 3663; baseline 0.019 -35"><span class='ocrx_word' id='word_1_498' title='bbox 422 3574 517 3629; x_wconf 90' lang='lat' dir='ltr'><strong>bili</strong></span> <span class='ocrx_word' id='word_1_499' title='bbox 542 3593 760 3648; x_wconf 91' lang='lat' dir='ltr'><strong>quoque</strong></span> <span class='ocrx_word' id='word_1_500' title='bbox 786 3583 852 3635; x_wconf 85' lang='lat' dir='ltr'><strong>ad</strong></span> <span class='ocrx_word' id='word_1_501' title='bbox 882 3583 1354 3656; x_wconf 89' lang='lat' dir='ltr'><strong>intemperativum</strong></span> <span class='ocrx_word' id='word_1_502' title='bbox 1395 3574 1690 3651; x_wconf 87' lang='lat' dir='ltr'><strong>conversus</strong></span> <span class='ocrx_word' id='word_1_503' title='bbox 1719 3608 1823 3663; x_wconf 88' lang='lat' dir='ltr'><strong>est,</strong></span> <span class='ocrx_word' id='word_1_504' title='bbox 1873 3618 2003 3658; x_wconf 80' lang='lat' dir='ltr'><strong>exa-</strong></span> 
     </span>
    </p>
   </div>
   <div class='ocr_carea' id='block_1_71' title="bbox 415 3663 2001 3756">
    <p class='ocr_par' dir='ltr' id='par_1_71' title="bbox 415 3663 2001 3756">
     <span class='ocr_line' id='line_1_71' title="bbox 415 3663 2001 3756; baseline 0.019 -39"><span class='ocrx_word' id='word_1_505' title='bbox 415 3664 624 3731; x_wconf 76' lang='lat' dir='ltr'><strong>gitante</strong></span> <span class='ocrx_word' id='word_1_506' title='bbox 677 3669 1035 3740; x_wconf 90' lang='lat' dir='ltr'><strong>impatientia,</strong></span> <span class='ocrx_word' id='word_1_507' title='bbox 1065 3663 1184 3745; x_wconf 68' lang='lat' dir='ltr'><strong>quae</strong></span> <span class='ocrx_word' id='word_1_508' title='bbox 1236 3690 1411 3735; x_wconf 85' lang='lat' dir='ltr'><strong>mater</strong></span> <span class='ocrx_word' id='word_1_509' title='bbox 1437 3693 1520 3737; x_wconf 91' lang='lat' dir='ltr'><strong>est</strong></span> <span class='ocrx_word' id='word_1_510' title='bbox 1550 3686 1896 3756; x_wconf 72' lang='lat' dir='ltr'><strong>impudentiae</strong></span> <span class='ocrx_word' id='word_1_511' title='bbox 1945 3701 2001 3747; x_wconf 90' lang='lat' dir='ltr'><strong>et</strong></span> 
     </span>
    </p>
   </div>
   <div class='ocr_carea' id='block_1_72' title="bbox 415 3754 1993 3849">
    <p class='ocr_par' dir='ltr' id='par_1_72' title="bbox 415 3754 1993 3849">
     <span class='ocr_line' id='line_1_72' title="bbox 415 3754 1993 3849; baseline 0.019 -41"><span class='ocrx_word' id='word_1_512' title='bbox 415 3754 791 3815; x_wconf 79' lang='lat' dir='ltr'><strong>frontositatis.</strong></span> <span class='ocrx_word' id='word_1_513' title='bbox 846 3782 864 3813; x_wconf 70' lang='grc' dir='ltr'><strong><em>ι</em></strong></span> <span class='ocrx_word' id='word_1_514' title='bbox 895 3764 996 3830; x_wconf 89' lang='lat' dir='ltr'><strong>Qui</strong></span> <span class='ocrx_word' id='word_1_515' title='bbox 1029 3768 1205 3832; x_wconf 89' lang='lat' dir='ltr'><strong>sedes,</strong></span> <span class='ocrx_word' id='word_1_516' title='bbox 1256 3770 1450 3841; x_wconf 89' lang='lat' dir='ltr'><strong>inquit,</strong></span> <span class='ocrx_word' id='word_1_517' title='bbox 1493 3754 1657 3844; x_wconf 80' lang='lat' dir='ltr'><strong>super</strong></span> <span class='ocrx_word' id='word_1_518' title='bbox 1691 3781 1993 3849; x_wconf 91' lang='lat' dir='ltr'><strong>cherubim,</strong></span> 
     </span>
    </p>
   </div>
   <div class='ocr_carea' id='block_1_73' title="bbox 414 3846 1997 3932">
    <p class='ocr_par' dir='ltr' id='par_1_73' title="bbox 414 3846 1997 3932">
     <span class='ocr_line' id='line_1_73' title="bbox 414 3846 1997 3932; baseline 0.02 -35"><span class='ocrx_word' id='word_1_519' title='bbox 414 3846 767 3905; x_wconf 84' lang='lat' dir='ltr'><strong>manifestare</strong></span> <span class='ocrx_word' id='word_1_520' title='bbox 820 3851 993 3921; x_wconf 79' lang='lat' dir='ltr'><strong>(Psal.</strong></span> <span class='ocrx_word' id='word_1_521' title='bbox 1051 3860 1258 3924; x_wconf 71' lang='lat' dir='ltr'><strong>Lxxn).</strong></span> <span class='ocrx_word' id='word_1_522' title='bbox 1297 3880 1315 3910; x_wconf 75' lang='grc' dir='ltr'><strong><em>ι</em></strong></span> <span class='ocrx_word' id='word_1_523' title='bbox 1348 3861 1416 3916; x_wconf 89' lang='lat' dir='ltr'><strong>Ut</strong></span> <span class='ocrx_word' id='word_1_524' title='bbox 1451 3866 1576 3932; x_wconf 90' lang='lat' dir='ltr'><strong>quid</strong></span> <span class='ocrx_word' id='word_1_525' title='bbox 1616 3869 1798 3923; x_wconf 88' lang='lat' dir='ltr'><strong>tandiu</strong></span> <span class='ocrx_word' id='word_1_526' title='bbox 1826 3846 1997 3928; x_wconf 48' lang='lat' dir='ltr'><strong>domi;</strong></span> 
     </span>
    </p>
   </div>
   <div class='ocr_carea' id='block_1_74' title="bbox 416 3937 1997 4026">
    <p class='ocr_par' dir='ltr' id='par_1_74' title="bbox 416 3937 1997 4026">
     <span class='ocr_line' id='line_1_74' title="bbox 416 3937 1997 4026; baseline 0.022 -39"><span class='ocrx_word' id='word_1_527' title='bbox 416 3937 615 3992; x_wconf 87' lang='lat' dir='ltr'><strong>uatrici</strong></span> <span class='ocrx_word' id='word_1_528' title='bbox 673 3941 884 4026; x_wconf 47' lang='lat' dir='ltr'><strong>sedens‘</strong></span> <span class='ocrx_word' id='word_1_529' title='bbox 923 3945 976 3998; x_wconf 92' lang='lat' dir='ltr'><strong>in</strong></span> <span class='ocrx_word' id='word_1_530' title='bbox 1030 3949 1309 4013; x_wconf 88' lang='lat' dir='ltr'><strong>cathedra,</strong></span> <span class='ocrx_word' id='word_1_531' title='bbox 1375 3953 1894 4018; x_wconf 78' lang='lat' dir='ltr'><strong>circurm&#39;olantibus</strong></span> <span class='ocrx_word' id='word_1_532' title='bbox 1941 3975 1997 4020; x_wconf 84' lang='lat' dir='ltr'><strong>et</strong></span> 
     </span>
    </p>
   </div>
   <div class='ocr_carea' id='block_1_75' title="bbox 412 4016 1993 4116">
    <p class='ocr_par' dir='ltr' id='par_1_75' title="bbox 412 4016 1993 4116">
     <span class='ocr_line' id='line_1_75' title="bbox 412 4016 1993 4116; baseline 0.022 -39"><span class='ocrx_word' id='word_1_533' title='bbox 412 4027 738 4084; x_wconf 89' lang='lat' dir='ltr'><strong>vallantibus</strong></span> <span class='ocrx_word' id='word_1_534' title='bbox 767 4016 993 4103; x_wconf 68' lang='lat' dir='ltr'><strong>angelis,</strong></span> <span class='ocrx_word' id='word_1_535' title='bbox 1025 4053 1132 4093; x_wconf 91' lang='lat' dir='ltr'><strong>non</strong></span> <span class='ocrx_word' id='word_1_536' title='bbox 1175 4044 1403 4111; x_wconf 88' lang='lat' dir='ltr'><strong>respicis</strong></span> <span class='ocrx_word' id='word_1_537' title='bbox 1444 4061 1606 4116; x_wconf 88' lang='lat' dir='ltr'><strong>super</strong></span> <span class='ocrx_word' id='word_1_538' title='bbox 1636 4051 1774 4108; x_wconf 83' lang='lat' dir='ltr'><strong>ﬁlios</strong></span> <span class='ocrx_word' id='word_1_539' title='bbox 1820 4055 1993 4112; x_wconf 88' lang='lat' dir='ltr'><strong>homi-</strong></span> 
     </span>
    </p>
   </div>
   <div class='ocr_carea' id='block_1_76' title="bbox 410 4124 1994 4217">
    <p class='ocr_par' dir='ltr' id='par_1_76' title="bbox 410 4124 1994 4217">
     <span class='ocr_line' id='line_1_76' title="bbox 410 4124 1994 4217; baseline 0.023 -49"><span class='ocrx_word' id='word_1_540' title='bbox 410 4133 558 4183; x_wconf 88' lang='lat' dir='ltr'><strong>num,</strong></span> <span class='ocrx_word' id='word_1_541' title='bbox 615 4136 752 4190; x_wconf 91' lang='lat' dir='ltr'><strong>qnos</strong></span> <span class='ocrx_word' id='word_1_542' title='bbox 801 4124 1080 4181; x_wconf 85' lang='lat' dir='ltr'><strong>absorbuit</strong></span> <span class='ocrx_word' id='word_1_543' title='bbox 1125 4139 1177 4184; x_wconf 90' lang='lat' dir='ltr'><strong>et</strong></span> <span class='ocrx_word' id='word_1_544' title='bbox 1222 4131 1846 4210; x_wconf 64' lang='lat' dir='ltr'><strong>absorbuit&#39;iniquilas,</strong></span> <span class='ocrx_word' id='word_1_545' title='bbox 1897 4165 1994 4217; x_wconf 89' lang='lat' dir='ltr'><strong>per</strong></span> 
     </span>
    </p>
   </div>
   <div class='ocr_carea' id='block_1_77' title="bbox 405 4208 1990 4298">
    <p class='ocr_par' dir='ltr' id='par_1_77' title="bbox 405 4208 1990 4298">
     <span class='ocr_line' id='line_1_77' title="bbox 405 4208 1990 4298; baseline 0.02 -36"><span class='ocrx_word' id='word_1_546' title='bbox 405 4208 576 4264; x_wconf 81' lang='lat' dir='ltr'><strong>Adam</strong></span> <span class='ocrx_word' id='word_1_547' title='bbox 603 4213 817 4281; x_wconf 90' lang='lat' dir='ltr'><strong>quidem</strong></span> <span class='ocrx_word' id='word_1_548' title='bbox 847 4220 1167 4286; x_wconf 85' lang='lat' dir='ltr'><strong>commissa,</strong></span> <span class='ocrx_word' id='word_1_549' title='bbox 1200 4225 1292 4278; x_wconf 87' lang='lat' dir='ltr'><strong>sed</strong></span> <span class='ocrx_word' id='word_1_550' title='bbox 1321 4239 1349 4277; x_wconf 91' lang='lat' dir='ltr'><strong>a</strong></span> <span class='ocrx_word' id='word_1_551' title='bbox 1386 4237 1436 4282; x_wconf 92' lang='lat' dir='ltr'><strong>te</strong></span> <span class='ocrx_word' id='word_1_552' title='bbox 1466 4208 1750 4298; x_wconf 85' lang='lat' dir='ltr'><strong>permissa.</strong></span> <span class='ocrx_word' id='word_1_553' title='bbox 1790 4208 1990 4292; x_wconf 82' lang='lat' dir='ltr'><strong>Memo-</strong></span> 
     </span>
    </p>
   </div>
   <div class='ocr_carea' id='block_1_78' title="bbox 2111 3129 3690 3211">
    <p class='ocr_par' dir='ltr' id='par_1_78' title="bbox 2111 3129 3690 3211">
     <span class='ocr_line' id='line_1_78' title="bbox 2111 3129 3690 3211; baseline 0.007 -27"><span class='ocrx_word' id='word_1_554' title='bbox 2111 3129 2464 3187; x_wconf 88' lang='lat' dir='ltr'><strong>foruicariam</strong></span> <span class='ocrx_word' id='word_1_555' title='bbox 2516 3145 2570 3188; x_wconf 90' lang='lat' dir='ltr'><strong>et</strong></span> <span class='ocrx_word' id='word_1_556' title='bbox 2617 3136 2917 3190; x_wconf 88' lang='lat' dir='ltr'><strong>adulteram</strong></span> <span class='ocrx_word' id='word_1_557' title='bbox 2950 3138 3100 3192; x_wconf 91' lang='lat' dir='ltr'><strong>ducit</strong></span> <span class='ocrx_word' id='word_1_558' title='bbox 3150 3155 3373 3194; x_wconf 76' lang='lat' dir='ltr'><strong>uxorem</strong></span> <span class='ocrx_word' id='word_1_559' title='bbox 3427 3138 3577 3209; x_wconf 78' lang='lat' dir='ltr'><strong>(Ose.</strong></span> <span class='ocrx_word' id='word_1_560' title='bbox 3614 3141 3690 3211; x_wconf 86' lang='lat' dir='ltr'><strong>t);</strong></span> 
     </span>
    </p>
   </div>
   <div class='ocr_carea' id='block_1_79' title="bbox 2110 3223 3688 3304">
    <p class='ocr_par' dir='ltr' id='par_1_79' title="bbox 2110 3223 3688 3304">
     <span class='ocr_line' id='line_1_79' title="bbox 2110 3223 3688 3304; baseline 0.008 -28"><span class='ocrx_word' id='word_1_561' title='bbox 2110 3223 2298 3278; x_wconf 88' lang='lat' dir='ltr'><strong>Daniel</strong></span> <span class='ocrx_word' id='word_1_562' title='bbox 2327 3240 2424 3294; x_wconf 87' lang='lat' dir='ltr'><strong>per</strong></span> <span class='ocrx_word' id='word_1_563' title='bbox 2451 3225 2714 3282; x_wconf 81' lang='lat' dir='ltr'><strong>visionem</strong></span> <span class='ocrx_word' id='word_1_564' title='bbox 2744 3229 2982 3298; x_wconf 72' lang='lat' dir='ltr'><strong>graviter</strong></span> <span class='ocrx_word' id='word_1_565' title='bbox 3005 3230 3310 3286; x_wconf 80' lang='lat' dir='ltr'><strong>infirmatur</strong></span> <span class='ocrx_word' id='word_1_566' title='bbox 3351 3232 3520 3302; x_wconf 84' lang='lat' dir='ltr'><strong>(Dan.</strong></span> <span class='ocrx_word' id='word_1_567' title='bbox 3551 3234 3688 3304; x_wconf 85' lang='lat' dir='ltr'><strong>vui).</strong></span> 
     </span>
    </p>
   </div>
   <div class='ocr_carea' id='block_1_80' title="bbox 2111 3312 3688 3388">
    <p class='ocr_par' dir='ltr' id='par_1_80' title="bbox 2111 3312 3688 3388">
     <span class='ocr_line' id='line_1_80' title="bbox 2111 3312 3688 3388; baseline 0.008 -20"><span class='ocrx_word' id='word_1_568' title='bbox 2111 3312 2314 3370; x_wconf 89' lang='lat' dir='ltr'><strong>Omnes</strong></span> <span class='ocrx_word' id='word_1_569' title='bbox 2361 3317 2644 3386; x_wconf 77' lang='lat' dir='ltr'><strong>propheta:</strong></span> <span class='ocrx_word' id='word_1_570' title='bbox 2690 3319 2933 3388; x_wconf 81' lang='lat' dir='ltr'><strong>elingues</strong></span> <span class='ocrx_word' id='word_1_571' title='bbox 2975 3329 3180 3376; x_wconf 88' lang='lat' dir='ltr'><strong>suntet</strong></span> <span class='ocrx_word' id='word_1_572' title='bbox 3232 3323 3387 3377; x_wconf 82' lang='lat' dir='ltr'><strong>ututi.</strong></span> <span class='ocrx_word' id='word_1_573' title='bbox 3442 3321 3567 3378; x_wconf 78' lang='lat' dir='ltr'><strong>Jam</strong></span> <span class='ocrx_word' id='word_1_574' title='bbox 3607 3325 3688 3380; x_wconf 59' lang='lat' dir='ltr'><strong>lie-</strong></span> 
     </span>
    </p>
   </div>
   <div class='ocr_carea' id='block_1_81' title="bbox 2107 3403 3688 3477">
    <p class='ocr_par' dir='ltr' id='par_1_81' title="bbox 2107 3403 3688 3477">
     <span class='ocr_line' id='line_1_81' title="bbox 2107 3403 3688 3477; baseline 0.009 -22"><span class='ocrx_word' id='word_1_575' title='bbox 2107 3403 2232 3467; x_wconf 89' lang='lat' dir='ltr'><strong>tari,</strong></span> <span class='ocrx_word' id='word_1_576' title='bbox 2261 3412 2315 3457; x_wconf 90' lang='lat' dir='ltr'><strong>et</strong></span> <span class='ocrx_word' id='word_1_577' title='bbox 2339 3405 2613 3460; x_wconf 85' lang='lat' dir='ltr'><strong>exsultare</strong></span> <span class='ocrx_word' id='word_1_578' title='bbox 2643 3422 2749 3460; x_wconf 92' lang='lat' dir='ltr'><strong>non</strong></span> <span class='ocrx_word' id='word_1_579' title='bbox 2779 3423 3089 3477; x_wconf 89' lang='lat' dir='ltr'><strong>possumus,</strong></span> <span class='ocrx_word' id='word_1_580' title='bbox 3120 3411 3224 3466; x_wconf 90' lang='lat' dir='ltr'><strong>nisi</strong></span> <span class='ocrx_word' id='word_1_581' title='bbox 3264 3412 3551 3467; x_wconf 86' lang='lat' dir='ltr'><strong>osculetur</strong></span> <span class='ocrx_word' id='word_1_582' title='bbox 3595 3429 3688 3470; x_wconf 85' lang='lat' dir='ltr'><strong>nos</strong></span> 
     </span>
    </p>
   </div>
   <div class='ocr_carea' id='block_1_82' title="bbox 2103 3493 3690 3560">
    <p class='ocr_par' dir='ltr' id='par_1_82' title="bbox 2103 3493 3690 3560">
     <span class='ocr_line' id='line_1_82' title="bbox 2103 3493 3690 3560; baseline 0.008 -13"><span class='ocrx_word' id='word_1_583' title='bbox 2103 3493 2291 3547; x_wconf 89' lang='lat' dir='ltr'><strong>osculo</strong></span> <span class='ocrx_word' id='word_1_584' title='bbox 2321 3494 2432 3548; x_wconf 89' lang='lat' dir='ltr'><strong>oris</strong></span> <span class='ocrx_word' id='word_1_585' title='bbox 2459 3496 2543 3550; x_wconf 92' lang='lat' dir='ltr'><strong>sui</strong></span> <span class='ocrx_word' id='word_1_586' title='bbox 2569 3513 2584 3560; x_wconf 90' lang='lat'><strong>;</strong></span> <span class='ocrx_word' id='word_1_587' title='bbox 2636 3497 2804 3550; x_wconf 88' lang='lat' dir='ltr'><strong>auditi</strong></span> <span class='ocrx_word' id='word_1_588' title='bbox 2858 3508 2912 3552; x_wconf 91' lang='lat' dir='ltr'><strong>et</strong></span> <span class='ocrx_word' id='word_1_589' title='bbox 2941 3501 3177 3554; x_wconf 78' lang='lat' dir='ltr'><strong>exauditi</strong></span> <span class='ocrx_word' id='word_1_590' title='bbox 3207 3502 3360 3557; x_wconf 88' lang='lat' dir='ltr'><strong>estis.</strong></span> <span class='ocrx_word' id='word_1_591' title='bbox 3392 3503 3566 3558; x_wconf 83' lang='lat' dir='ltr'><strong>Adest</strong></span> <span class='ocrx_word' id='word_1_592' title='bbox 3599 3504 3690 3559; x_wconf 80' lang='lat' dir='ltr'><strong>be-</strong></span> 
     </span>
    </p>
   </div>
   <div class='ocr_carea' id='block_1_83' title="bbox 2103 3585 3683 3668">
    <p class='ocr_par' dir='ltr' id='par_1_83' title="bbox 2103 3585 3683 3668">
     <span class='ocr_line' id='line_1_83' title="bbox 2103 3585 3683 3668; baseline 0.009 -30"><span class='ocrx_word' id='word_1_593' title='bbox 2103 3585 2340 3656; x_wconf 85' lang='lat' dir='ltr'><strong>nignitas</strong></span> <span class='ocrx_word' id='word_1_594' title='bbox 2365 3597 2417 3641; x_wconf 91' lang='lat' dir='ltr'><strong>et</strong></span> <span class='ocrx_word' id='word_1_595' title='bbox 2445 3589 2751 3644; x_wconf 88' lang='lat' dir='ltr'><strong>lmmanitas</strong></span> <span class='ocrx_word' id='word_1_596' title='bbox 2776 3589 3072 3646; x_wconf 88' lang='lat' dir='ltr'><strong>Salvatoris</strong></span> <span class='ocrx_word' id='word_1_597' title='bbox 3100 3596 3270 3649; x_wconf 87' lang='lat' dir='ltr'><strong>nostri</strong></span> <span class='ocrx_word' id='word_1_598' title='bbox 3303 3597 3394 3650; x_wconf 89' lang='lat' dir='ltr'><strong>Dei</strong></span> <span class='ocrx_word' id='word_1_599' title='bbox 3426 3596 3558 3666; x_wconf 79' lang='lat' dir='ltr'><strong>(Tit.</strong></span> <span class='ocrx_word' id='word_1_600' title='bbox 3582 3599 3683 3668; x_wconf 82' lang='lat' dir='ltr'><strong>ut),</strong></span> 
     </span>
    </p>
   </div>
   <div class='ocr_carea' id='block_1_84' title="bbox 2100 3678 3686 3758">
    <p class='ocr_par' dir='ltr' id='par_1_84' title="bbox 2100 3678 3686 3758">
     <span class='ocr_line' id='line_1_84' title="bbox 2100 3678 3686 3758; baseline 0.009 -30"><span class='ocrx_word' id='word_1_601' title='bbox 2100 3691 2221 3746; x_wconf 71' lang='lat' dir='ltr'><strong>qua:</strong></span> <span class='ocrx_word' id='word_1_602' title='bbox 2247 3678 2331 3732; x_wconf 86' lang='lat' dir='ltr'><strong>vel</strong></span> <span class='ocrx_word' id='word_1_603' title='bbox 2358 3678 2584 3744; x_wconf 73' lang='lat' dir='ltr'><strong>differri,</strong></span> <span class='ocrx_word' id='word_1_604' title='bbox 2628 3681 2714 3735; x_wconf 87' lang='lat' dir='ltr'><strong>vel</strong></span> <span class='ocrx_word' id='word_1_605' title='bbox 2763 3681 2964 3736; x_wconf 86' lang='lat' dir='ltr'><strong>auferri</strong></span> <span class='ocrx_word' id='word_1_606' title='bbox 3009 3697 3128 3748; x_wconf 50' lang='lat' dir='ltr'><strong>,nou</strong></span> <span class='ocrx_word' id='word_1_607' title='bbox 3179 3687 3417 3756; x_wconf 89' lang='lat' dir='ltr'><strong>patiatur</strong></span> <span class='ocrx_word' id='word_1_608' title='bbox 3458 3688 3686 3758; x_wconf 78' lang='lat' dir='ltr'><strong>amplius</strong></span> 
     </span>
    </p>
   </div>
   <div class='ocr_carea' id='block_1_85' title="bbox 2099 3769 2771 3840">
    <p class='ocr_par' dir='ltr' id='par_1_85' title="bbox 2099 3769 2771 3840">
     <span class='ocr_line' id='line_1_85' title="bbox 2099 3769 2771 3840; baseline 0.01 -21"><span class='ocrx_word' id='word_1_609' title='bbox 2099 3781 2344 3822; x_wconf 89' lang='lat' dir='ltr'><strong>amorem</strong></span> <span class='ocrx_word' id='word_1_610' title='bbox 2378 3769 2771 3840; x_wconf 86' lang='lat' dir='ltr'><strong>languentium.</strong></span> 
     </span>
    </p>
   </div>
   <div class='ocr_carea' id='block_1_86' title="bbox 2167 3858 3685 3931">
    <p class='ocr_par' dir='ltr' id='par_1_86' title="bbox 2167 3858 3685 3931">
     <span class='ocr_line' id='line_1_86' title="bbox 2167 3858 3685 3931; baseline 0.008 -19"><span class='ocrx_word' id='word_1_611' title='bbox 2167 3858 2304 3926; x_wconf 89' lang='lat' dir='ltr'><strong>Quid</strong></span> <span class='ocrx_word' id='word_1_612' title='bbox 2327 3861 2468 3915; x_wconf 90' lang='lat' dir='ltr'><strong>enim</strong></span> <span class='ocrx_word' id='word_1_613' title='bbox 2491 3863 2751 3918; x_wconf 87' lang='lat' dir='ltr'><strong>audistis?</strong></span> <span class='ocrx_word' id='word_1_614' title='bbox 2776 3882 2793 3915; x_wconf 74' lang='grc' dir='ltr'><strong><em>ι</em></strong></span> <span class='ocrx_word' id='word_1_615' title='bbox 2826 3864 3276 3931; x_wconf 84' lang='lat' dir='ltr'><strong>Sanctificamini,</strong></span> <span class='ocrx_word' id='word_1_616' title='bbox 3305 3866 3395 3920; x_wconf 81' lang='lat' dir='ltr'><strong>lilii</strong></span> <span class='ocrx_word' id='word_1_617' title='bbox 3422 3867 3610 3931; x_wconf 84' lang='lat' dir='ltr'><strong>Israel,</strong></span> <span class='ocrx_word' id='word_1_618' title='bbox 3633 3879 3685 3925; x_wconf 87' lang='lat' dir='ltr'><strong>et</strong></span> 
     </span>
    </p>
   </div>
   <div class='ocr_carea' id='block_1_87' title="bbox 2095 3954 3678 4024">
    <p class='ocr_par' dir='ltr' id='par_1_87' title="bbox 2095 3954 3678 4024">
     <span class='ocr_line' id='line_1_87' title="bbox 2095 3954 3678 4024; baseline 0.006 -20"><span class='ocrx_word' id='word_1_619' title='bbox 2095 3962 2270 4007; x_wconf 89' lang='lat' dir='ltr'><strong>estote</strong></span> <span class='ocrx_word' id='word_1_620' title='bbox 2292 3954 2488 4022; x_wconf 89' lang='lat' dir='ltr'><strong>parati,</strong></span> <span class='ocrx_word' id='word_1_621' title='bbox 2511 3955 2637 4024; x_wconf 69' lang='lat' dir='ltr'><strong>Quia</strong></span> <span class='ocrx_word' id='word_1_622' title='bbox 2667 3959 2906 4012; x_wconf 88' lang='lat' dir='ltr'><strong>crastina</strong></span> <span class='ocrx_word' id='word_1_623' title='bbox 2934 3958 3020 4013; x_wconf 88' lang='lat' dir='ltr'><strong>die</strong></span> <span class='ocrx_word' id='word_1_624' title='bbox 3044 3959 3335 4014; x_wconf 86' lang='lat' dir='ltr'><strong>descendet</strong></span> <span class='ocrx_word' id='word_1_625' title='bbox 3356 3958 3640 4016; x_wconf 85' lang='lat' dir='ltr'><strong>Dominus.</strong></span> <span class='ocrx_word' id='word_1_626' title='bbox 3659 3981 3678 4014; x_wconf 76' lang='grc' dir='ltr'>ι</span> 
     </span>
    </p>
   </div>
   <div class='ocr_carea' id='block_1_88' title="bbox 2092 4041 3684 4120">
    <p class='ocr_par' dir='ltr' id='par_1_88' title="bbox 2092 4041 3684 4120">
     <span class='ocr_line' id='line_1_88' title="bbox 2092 4041 3684 4120; baseline 0.006 -25"><span class='ocrx_word' id='word_1_627' title='bbox 2092 4041 2388 4097; x_wconf 84' lang='lat' dir='ltr'><strong>Residuum</strong></span> <span class='ocrx_word' id='word_1_628' title='bbox 2435 4045 2540 4099; x_wconf 84' lang='lat' dir='ltr'><strong>dici</strong></span> <span class='ocrx_word' id='word_1_629' title='bbox 2598 4047 2756 4116; x_wconf 85' lang='lat' dir='ltr'><strong>hujus</strong></span> <span class='ocrx_word' id='word_1_630' title='bbox 2802 4058 2856 4102; x_wconf 86' lang='lat' dir='ltr'><strong>et</strong></span> <span class='ocrx_word' id='word_1_631' title='bbox 2884 4063 3047 4120; x_wconf 88' lang='lat' dir='ltr'><strong>super</strong></span> <span class='ocrx_word' id='word_1_632' title='bbox 3082 4057 3323 4103; x_wconf 70' lang='lat' dir='ltr'><strong>ventura:</strong></span> <span class='ocrx_word' id='word_1_633' title='bbox 3373 4050 3556 4104; x_wconf 89' lang='lat' dir='ltr'><strong>noctis</strong></span> <span class='ocrx_word' id='word_1_634' title='bbox 3599 4053 3684 4105; x_wconf 74' lang='lat' dir='ltr'><strong>vix</strong></span> 
     </span>
    </p>
   </div>
   <div class='ocr_carea' id='block_1_89' title="bbox 2091 4137 3678 4213">
    <p class='ocr_par' dir='ltr' id='par_1_89' title="bbox 2091 4137 3678 4213">
     <span class='ocr_line' id='line_1_89' title="bbox 2091 4137 3678 4213; baseline 0.005 -24"><span class='ocrx_word' id='word_1_635' title='bbox 2091 4137 2376 4192; x_wconf 87' lang='lat' dir='ltr'><strong>medianda</strong></span> <span class='ocrx_word' id='word_1_636' title='bbox 2439 4141 2748 4209; x_wconf 85' lang='lat' dir='ltr'><strong>progressio</strong></span> <span class='ocrx_word' id='word_1_637' title='bbox 2790 4141 3050 4196; x_wconf 91' lang='lat' dir='ltr'><strong>dirimunt</strong></span> <span class='ocrx_word' id='word_1_638' title='bbox 3086 4157 3183 4196; x_wconf 88' lang='lat' dir='ltr'><strong>nos</strong></span> <span class='ocrx_word' id='word_1_639' title='bbox 3224 4157 3253 4194; x_wconf 90' lang='lat' dir='ltr'><strong>a</strong></span> <span class='ocrx_word' id='word_1_640' title='bbox 3291 4140 3441 4195; x_wconf 87' lang='lat' dir='ltr'><strong>vultu</strong></span> <span class='ocrx_word' id='word_1_641' title='bbox 3475 4143 3678 4213; x_wconf 69' lang='lat' dir='ltr'><strong>gloriae,</strong></span> 
     </span>
    </p>
   </div>
   <div class='ocr_carea' id='block_1_90' title="bbox 2091 4227 3682 4300">
    <p class='ocr_par' dir='ltr' id='par_1_90' title="bbox 2091 4227 3682 4300">
     <span class='ocr_line' id='line_1_90' title="bbox 2091 4227 3682 4300; baseline 0.006 -23"><span class='ocrx_word' id='word_1_642' title='bbox 2091 4240 2119 4277; x_wconf 91' lang='lat' dir='ltr'><strong>a</strong></span> <span class='ocrx_word' id='word_1_643' title='bbox 2153 4241 2323 4295; x_wconf 91' lang='lat' dir='ltr'><strong>puero</strong></span> <span class='ocrx_word' id='word_1_644' title='bbox 2350 4227 2480 4291; x_wconf 89' lang='lat' dir='ltr'><strong>Deo,</strong></span> <span class='ocrx_word' id='word_1_645' title='bbox 2513 4243 2543 4280; x_wconf 88' lang='lat' dir='ltr'><strong>a</strong></span> <span class='ocrx_word' id='word_1_646' title='bbox 2577 4232 2865 4300; x_wconf 87' lang='lat' dir='ltr'><strong>puerperio</strong></span> <span class='ocrx_word' id='word_1_647' title='bbox 2897 4230 3179 4300; x_wconf 87' lang='lat' dir='ltr'><strong>singulari.</strong></span> <span class='ocrx_word' id='word_1_648' title='bbox 3210 4230 3449 4298; x_wconf 87' lang='lat' dir='ltr'><strong>Currite,</strong></span> <span class='ocrx_word' id='word_1_649' title='bbox 3475 4232 3682 4288; x_wconf 81' lang='lat' dir='ltr'><strong>celeres</strong></span> 
     </span>
    </p>
   </div>
   <div class='ocr_carea' id='block_1_91' title="bbox 408 4306 2009 4420">
    <p class='ocr_par' dir='ltr' id='par_1_91' title="bbox 408 4306 1986 4420">
     <span class='ocr_line' id='line_1_91' title="bbox 408 4306 1986 4384; baseline 0.019 -31"><span class='ocrx_word' id='word_1_650' title='bbox 408 4315 530 4355; x_wconf 90' lang='lat' dir='ltr'><strong>rare</strong></span> <span class='ocrx_word' id='word_1_651' title='bbox 582 4317 702 4372; x_wconf 58' lang='lat' dir='ltr'><strong>qua}</strong></span> <span class='ocrx_word' id='word_1_652' title='bbox 752 4306 825 4360; x_wconf 92' lang='lat' dir='ltr'><strong>sit</strong></span> <span class='ocrx_word' id='word_1_653' title='bbox 874 4323 991 4362; x_wconf 88' lang='lat' dir='ltr'><strong>mea</strong></span> <span class='ocrx_word' id='word_1_654' title='bbox 1047 4311 1370 4382; x_wconf 88' lang='lat' dir='ltr'><strong>substantia,</strong></span> <span class='ocrx_word' id='word_1_655' title='bbox 1413 4318 1479 4372; x_wconf 90' lang='lat' dir='ltr'><strong>ad</strong></span> <span class='ocrx_word' id='word_1_656' title='bbox 1521 4330 1622 4376; x_wconf 71' lang='lat' dir='ltr'><strong>tum</strong></span> <span class='ocrx_word' id='word_1_657' title='bbox 1670 4326 1986 4384; x_wconf 83' lang='lat' dir='ltr'><strong>substantiae</strong></span> 
     </span>
     <span class='ocr_line' id='line_1_92' title="bbox 408 4389 1715 4420; baseline 0 0"><span class='ocrx_word' id='word_1_658' title='bbox 408 4389 809 4420; x_wconf 61' lang='lat' dir='ltr'><strong>ain-.il2n...l:..-_.</strong></span> <span class='ocrx_word' id='word_1_659' title='bbox 862 4396 1118 4420; x_wconf 69' lang='lat' dir='ltr'><strong>r_|.__g__._</strong></span> <span class='ocrx_word' id='word_1_660' title='bbox 1194 4419 1197 4420; x_wconf 32' lang='grc' dir='ltr'><em>ν</em></span> <span class='ocrx_word' id='word_1_661' title='bbox 1259 4405 1270 4416; x_wconf 65' lang='grc' dir='ltr'><strong>ρ</strong></span> <span class='ocrx_word' id='word_1_662' title='bbox 1383 4416 1392 4420; x_wconf 84' lang='grc'><strong>-</strong></span> <span class='ocrx_word' id='word_1_663' title='bbox 1435 4409 1446 4420; x_wconf 89' lang='grc'>.</span> <span class='ocrx_word' id='word_1_664' title='bbox 1609 4413 1620 4420; x_wconf 94' lang='grc'><strong>.</strong></span> <span class='ocrx_word' id='word_1_665' title='bbox 1703 4415 1715 4420; x_wconf 91' lang='grc'><strong>-</strong></span> 
     </span>
    </p>
   </div>
   <div class='ocr_carea' id='block_1_92' title="bbox 2117 4306 3676 4420">
    <p class='ocr_par' dir='ltr' id='par_1_92' title="bbox 2117 4309 3676 4390">
     <span class='ocr_line' id='line_1_93' title="bbox 2117 4309 3676 4390; baseline 0.006 -19"><span class='ocrx_word' id='word_1_666' title='bbox 2117 4333 2258 4382; x_wconf 69' lang='lat' dir='ltr'><strong>torte,</strong></span> <span class='ocrx_word' id='word_1_667' title='bbox 2295 4309 2350 4372; x_wconf 86' lang='lat' dir='ltr'><strong>et</strong></span> <span class='ocrx_word' id='word_1_668' title='bbox 2395 4320 2654 4389; x_wconf 89' lang='lat' dir='ltr'><strong>rapidiori</strong></span> <span class='ocrx_word' id='word_1_669' title='bbox 2703 4337 2864 4390; x_wconf 88' lang='lat' dir='ltr'><strong>passu</strong></span> <span class='ocrx_word' id='word_1_670' title='bbox 2918 4322 3169 4378; x_wconf 86' lang='lat' dir='ltr'><strong>conlicite</strong></span> <span class='ocrx_word' id='word_1_671' title='bbox 3219 4331 3392 4377; x_wconf 88' lang='lat' dir='ltr'><strong>metas</strong></span> <span class='ocrx_word' id='word_1_672' title='bbox 3443 4334 3676 4389; x_wconf 85' lang='lat' dir='ltr'><strong>vestras,</strong></span> 
     </span>
    </p>
   </div>
   <div class='ocr_carea' id='block_1_93' title="bbox 403 4389 1985 4474">
    <p class='ocr_par' dir='ltr' id='par_1_93' title="bbox 403 4389 1985 4474">
     <span class='ocr_line' id='line_1_94' title="bbox 403 4389 1985 4474; baseline 0.021 -33"><span class='ocrx_word' id='word_1_673' title='bbox 403 4389 810 4449; x_wconf 83' lang='lat' dir='ltr'><strong>similitudinem</strong></span> <span class='ocrx_word' id='word_1_674' title='bbox 861 4396 1147 4466; x_wconf 88' lang='lat' dir='ltr'><strong>fabricata,</strong></span> <span class='ocrx_word' id='word_1_675' title='bbox 1179 4405 1304 4472; x_wconf 90' lang='lat' dir='ltr'><strong>quia</strong></span> <span class='ocrx_word' id='word_1_676' title='bbox 1346 4409 1447 4463; x_wconf 88' lang='lat' dir='ltr'><strong>etsi</strong></span> <span class='ocrx_word' id='word_1_677' title='bbox 1474 4413 1654 4467; x_wconf 92' lang='lat' dir='ltr'><strong>omnis</strong></span> <span class='ocrx_word' id='word_1_678' title='bbox 1702 4415 1863 4473; x_wconf 91' lang='lat' dir='ltr'><strong>homo</strong></span> <span class='ocrx_word' id='word_1_679' title='bbox 1907 4421 1985 4474; x_wconf 90' lang='lat' dir='ltr'><strong>vi-</strong></span> 
     </span>
    </p>
   </div>
   <div class='ocr_carea' id='block_1_94' title="bbox 405 4485 1984 4573">
    <p class='ocr_par' dir='ltr' id='par_1_94' title="bbox 405 4485 1984 4573">
     <span class='ocr_line' id='line_1_95' title="bbox 405 4485 1984 4573; baseline 0.02 -41"><span class='ocrx_word' id='word_1_680' title='bbox 405 4494 536 4535; x_wconf 89' lang='lat' dir='ltr'><strong>vens</strong></span> <span class='ocrx_word' id='word_1_681' title='bbox 561 4491 642 4537; x_wconf 89' lang='lat' dir='ltr'><strong>est</strong></span> <span class='ocrx_word' id='word_1_682' title='bbox 673 4485 905 4552; x_wconf 88' lang='lat' dir='ltr'><strong>vanitas,</strong></span> <span class='ocrx_word' id='word_1_683' title='bbox 940 4488 993 4542; x_wconf 91' lang='lat' dir='ltr'><strong>in</strong></span> <span class='ocrx_word' id='word_1_684' title='bbox 1027 4490 1258 4562; x_wconf 88' lang='lat' dir='ltr'><strong>imagine</strong></span> <span class='ocrx_word' id='word_1_685' title='bbox 1285 4504 1464 4553; x_wconf 88' lang='lat' dir='ltr'><strong>tamen</strong></span> <span class='ocrx_word' id='word_1_686' title='bbox 1496 4509 1581 4554; x_wconf 88' lang='lat' dir='ltr'><strong>tua</strong></span> <span class='ocrx_word' id='word_1_687' title='bbox 1614 4508 1984 4573; x_wconf 87' lang='lat' dir='ltr'><strong>pertransiens</strong></span> 
     </span>
    </p>
   </div>
   <div class='ocr_carea' id='block_1_95' title="bbox 399 4565 1980 4667">
    <p class='ocr_par' dir='ltr' id='par_1_95' title="bbox 399 4565 1980 4667">
     <span class='ocr_line' id='line_1_96' title="bbox 399 4565 1980 4667; baseline 0.021 -47"><span class='ocrx_word' id='word_1_688' title='bbox 399 4565 572 4639; x_wconf 77' lang='lat' dir='ltr'><strong>(Psal.</strong></span> <span class='ocrx_word' id='word_1_689' title='bbox 619 4576 866 4645; x_wconf 81' lang='lat' dir='ltr'><strong>xxxvm),</strong></span> <span class='ocrx_word' id='word_1_690' title='bbox 906 4579 1117 4635; x_wconf 89' lang='lat' dir='ltr'><strong>vanitas</strong></span> <span class='ocrx_word' id='word_1_691' title='bbox 1163 4598 1285 4638; x_wconf 91' lang='lat' dir='ltr'><strong>esse</strong></span> <span class='ocrx_word' id='word_1_692' title='bbox 1340 4602 1444 4640; x_wconf 92' lang='lat' dir='ltr'><strong>non</strong></span> <span class='ocrx_word' id='word_1_693' title='bbox 1497 4565 1695 4659; x_wconf 80' lang='lat' dir='ltr'><strong>potest.</strong></span> <span class='ocrx_word' id='word_1_694' title='bbox 1728 4593 1980 4667; x_wconf 86' lang='lat' dir='ltr'><strong>Nunquid</strong></span> 
     </span>
    </p>
   </div>
   <div class='ocr_carea' id='block_1_96' title="bbox 400 4660 1978 4752">
    <p class='ocr_par' dir='ltr' id='par_1_96' title="bbox 400 4660 1978 4752">
     <span class='ocr_line' id='line_1_97' title="bbox 400 4660 1978 4752; baseline 0.021 -41"><span class='ocrx_word' id='word_1_695' title='bbox 400 4660 469 4712; x_wconf 90' lang='lat' dir='ltr'><strong>ita</strong></span> <span class='ocrx_word' id='word_1_696' title='bbox 524 4676 661 4718; x_wconf 89' lang='lat' dir='ltr'><strong>vane</strong></span> <span class='ocrx_word' id='word_1_697' title='bbox 717 4669 1048 4725; x_wconf 76' lang='lat' dir='ltr'><strong>constituisti</strong></span> <span class='ocrx_word' id='word_1_698' title='bbox 1101 4687 1294 4729; x_wconf 88' lang='lat' dir='ltr'><strong>omnes</strong></span> <span class='ocrx_word' id='word_1_699' title='bbox 1340 4676 1479 4733; x_wconf 82' lang='lat' dir='ltr'><strong>filios</strong></span> <span class='ocrx_word' id='word_1_700' title='bbox 1527 4660 1978 4752; x_wconf 22' lang='lat' dir='ltr'><strong>hominumide</strong></span> 
     </span>
    </p>
   </div>
   <div class='ocr_carea' id='block_1_97' title="bbox 396 4749 1974 4833">
    <p class='ocr_par' dir='ltr' id='par_1_97' title="bbox 396 4749 1974 4833">
     <span class='ocr_line' id='line_1_98' title="bbox 396 4749 1974 4833; baseline 0.022 -35"><span class='ocrx_word' id='word_1_701' title='bbox 396 4749 590 4815; x_wconf 86' lang='lat' dir='ltr'><strong>quibus</strong></span> <span class='ocrx_word' id='word_1_702' title='bbox 619 4753 755 4808; x_wconf 89' lang='lat' dir='ltr'><strong>dicis</strong></span> <span class='ocrx_word' id='word_1_703' title='bbox 787 4773 798 4807; x_wconf 93' lang='lat'>:</span> <span class='ocrx_word' id='word_1_704' title='bbox 845 4776 863 4808; x_wconf 70' lang='grc' dir='ltr'>ι</span> <span class='ocrx_word' id='word_1_705' title='bbox 898 4758 954 4810; x_wconf 86' lang='grc' dir='ltr'><strong>ΕΙ</strong></span> <span class='ocrx_word' id='word_1_706' title='bbox 988 4759 1195 4816; x_wconf 73' lang='lat' dir='ltr'><strong>deliciae</strong></span> <span class='ocrx_word' id='word_1_707' title='bbox 1233 4779 1367 4820; x_wconf 76' lang='lat' dir='ltr'><strong>mea:</strong></span> <span class='ocrx_word' id='word_1_708' title='bbox 1395 4782 1515 4821; x_wconf 90' lang='lat' dir='ltr'><strong>cum</strong></span> <span class='ocrx_word' id='word_1_709' title='bbox 1546 4769 1670 4826; x_wconf 87' lang='lat' dir='ltr'><strong>liliis</strong></span> <span class='ocrx_word' id='word_1_710' title='bbox 1695 4749 1974 4833; x_wconf 88' lang='lat' dir='ltr'><strong>hominum</strong></span> 
     </span>
    </p>
   </div>
   <div class='ocr_carea' id='block_1_98' title="bbox 397 4837 1976 4925">
    <p class='ocr_par' dir='ltr' id='par_1_98' title="bbox 397 4837 1976 4925">
     <span class='ocr_line' id='line_1_99' title="bbox 397 4837 1976 4925; baseline 0.023 -36"><span class='ocrx_word' id='word_1_711' title='bbox 397 4837 580 4906; x_wconf 83' lang='lat' dir='ltr'><strong>(Prov.</strong></span> <span class='ocrx_word' id='word_1_712' title='bbox 639 4845 780 4914; x_wconf 82' lang='lat' dir='ltr'><strong>vui),</strong></span> <span class='ocrx_word' id='word_1_713' title='bbox 812 4868 830 4898; x_wconf 73' lang='grc' dir='ltr'><strong><em>ι</em></strong></span> <span class='ocrx_word' id='word_1_714' title='bbox 875 4858 933 4902; x_wconf 91' lang='lat' dir='ltr'><strong>ut</strong></span> <span class='ocrx_word' id='word_1_715' title='bbox 979 4867 1074 4906; x_wconf 88' lang='lat' dir='ltr'><strong>eos</strong></span> <span class='ocrx_word' id='word_1_716' title='bbox 1105 4856 1355 4911; x_wconf 89' lang='lat' dir='ltr'><strong>verberet</strong></span> <span class='ocrx_word' id='word_1_717' title='bbox 1400 4868 1454 4912; x_wconf 89' lang='lat' dir='ltr'><strong>et</strong></span> <span class='ocrx_word' id='word_1_718' title='bbox 1490 4861 1800 4920; x_wconf 89' lang='lat' dir='ltr'><strong>diverberet</strong></span> <span class='ocrx_word' id='word_1_719' title='bbox 1855 4881 1976 4925; x_wconf 87' lang='lat' dir='ltr'><strong>arte</strong></span> 
     </span>
    </p>
   </div>
   <div class='ocr_carea' id='block_1_99' title="bbox 396 4927 1976 5018">
    <p class='ocr_par' dir='ltr' id='par_1_99' title="bbox 396 4927 1976 5018">
     <span class='ocr_line' id='line_1_100' title="bbox 396 4927 1976 5018; baseline 0.023 -41"><span class='ocrx_word' id='word_1_720' title='bbox 396 4927 816 4998; x_wconf 86' lang='lat' dir='ltr'><strong>malignissimus</strong></span> <span class='ocrx_word' id='word_1_721' title='bbox 857 4937 943 4992; x_wconf 89' lang='lat' dir='ltr'><strong>ille</strong></span> <span class='ocrx_word' id='word_1_722' title='bbox 972 4939 1250 5010; x_wconf 89' lang='lat' dir='ltr'><strong>deceptor,</strong></span> <span class='ocrx_word' id='word_1_723' title='bbox 1307 4945 1398 5014; x_wconf 92' lang='lat' dir='ltr'><strong>qui</strong></span> <span class='ocrx_word' id='word_1_724' title='bbox 1447 4947 1718 5018; x_wconf 89' lang='lat' dir='ltr'><strong>decipere,</strong></span> <span class='ocrx_word' id='word_1_725' title='bbox 1766 4954 1870 5010; x_wconf 93' lang='lat' dir='ltr'><strong>nisi</strong></span> <span class='ocrx_word' id='word_1_726' title='bbox 1926 4966 1976 5013; x_wconf 85' lang='lat' dir='ltr'><strong>te</strong></span> 
     </span>
    </p>
   </div>
   <div class='ocr_carea' id='block_1_100' title="bbox 392 5020 1975 5110">
    <p class='ocr_par' dir='ltr' id='par_1_100' title="bbox 392 5020 1975 5110">
     <span class='ocr_line' id='line_1_101' title="bbox 392 5020 1975 5110; baseline 0.021 -41"><span class='ocrx_word' id='word_1_727' title='bbox 392 5020 780 5085; x_wconf 83' lang='lat' dir='ltr'><strong>permittente,</strong></span> <span class='ocrx_word' id='word_1_728' title='bbox 832 5043 939 5080; x_wconf 88' lang='lat' dir='ltr'><strong>non</strong></span> <span class='ocrx_word' id='word_1_729' title='bbox 986 5032 1196 5098; x_wconf 85' lang='lat' dir='ltr'><strong>potuit?</strong></span> <span class='ocrx_word' id='word_1_730' title='bbox 1248 5033 1451 5089; x_wconf 88' lang='lat' dir='ltr'><strong>lnclina</strong></span> <span class='ocrx_word' id='word_1_731' title='bbox 1499 5039 1668 5095; x_wconf 73' lang='lat' dir='ltr'><strong>cmlos</strong></span> <span class='ocrx_word' id='word_1_732' title='bbox 1718 5051 1871 5110; x_wconf 88' lang='lat' dir='ltr'><strong>tuos,</strong></span> <span class='ocrx_word' id='word_1_733' title='bbox 1920 5057 1975 5103; x_wconf 88' lang='lat' dir='ltr'><strong>et</strong></span> 
     </span>
    </p>
   </div>
   <div class='ocr_carea' id='block_1_101' title="bbox 393 5109 1971 5189">
    <p class='ocr_par' dir='ltr' id='par_1_101' title="bbox 393 5109 1971 5189">
     <span class='ocr_line' id='line_1_102' title="bbox 393 5109 1971 5189; baseline 0.018 -29"><span class='ocrx_word' id='word_1_734' title='bbox 393 5109 678 5174; x_wconf 87' lang='lat' dir='ltr'><strong>descende,</strong></span> <span class='ocrx_word' id='word_1_735' title='bbox 710 5119 765 5164; x_wconf 89' lang='lat' dir='ltr'><strong>et</strong></span> <span class='ocrx_word' id='word_1_736' title='bbox 794 5113 912 5168; x_wconf 84' lang='lat' dir='ltr'><strong>illos</strong></span> <span class='ocrx_word' id='word_1_737' title='bbox 937 5117 1316 5176; x_wconf 89' lang='lat' dir='ltr'><strong>misericordes</strong></span> <span class='ocrx_word' id='word_1_738' title='bbox 1345 5126 1532 5182; x_wconf 90' lang='lat' dir='ltr'><strong>oculos</strong></span> <span class='ocrx_word' id='word_1_739' title='bbox 1563 5128 1776 5186; x_wconf 87' lang='lat' dir='ltr'><strong>miseris</strong></span> <span class='ocrx_word' id='word_1_740' title='bbox 1824 5109 1971 5189; x_wconf 83' lang='lat' dir='ltr'><strong>inlle-</strong></span> 
     </span>
    </p>
   </div>
   <div class='ocr_carea' id='block_1_102' title="bbox 393 5199 1961 5282">
    <p class='ocr_par' dir='ltr' id='par_1_102' title="bbox 393 5199 1961 5282">
     <span class='ocr_line' id='line_1_103' title="bbox 393 5199 1961 5282; baseline 0.02 -36"><span class='ocrx_word' id='word_1_741' title='bbox 393 5206 477 5248; x_wconf 86' lang='lat' dir='ltr'><strong>ete</strong></span> <span class='ocrx_word' id='word_1_742' title='bbox 504 5199 873 5267; x_wconf 89' lang='lat' dir='ltr'><strong>precantibus,</strong></span> <span class='ocrx_word' id='word_1_743' title='bbox 908 5219 1007 5259; x_wconf 88' lang='lat' dir='ltr'><strong>nec</strong></span> <span class='ocrx_word' id='word_1_744' title='bbox 1039 5207 1226 5264; x_wconf 90' lang='lat' dir='ltr'><strong>saltem</strong></span> <span class='ocrx_word' id='word_1_745' title='bbox 1269 5210 1655 5282; x_wconf 84' lang='lat' dir='ltr'><strong>inperpetuum</strong></span> <span class='ocrx_word' id='word_1_746' title='bbox 1682 5219 1961 5276; x_wconf 83' lang='lat' dir='ltr'><strong>oblivisca-</strong></span> 
     </span>
    </p>
   </div>
   <div class='ocr_carea' id='block_1_103' title="bbox 396 5299 622 5328">
    <p class='ocr_par' dir='ltr' id='par_1_103' title="bbox 396 5299 622 5328">
     <span class='ocr_line' id='line_1_104' title="bbox 396 5299 622 5328; baseline 0 0"><span class='ocrx_word' id='word_1_747' title='bbox 396 5299 471 5328; x_wconf 56' lang='grc' dir='ltr'><strong>ΙἹᾹ</strong></span> <span class='ocrx_word' id='word_1_748' title='bbox 522 5300 622 5328; x_wconf 69' lang='lat' dir='ltr'><strong>nnc</strong></span> 
     </span>
    </p>
   </div>
   <div class='ocr_carea' id='block_1_104' title="bbox 2091 4411 3675 4486">
    <p class='ocr_par' dir='ltr' id='par_1_104' title="bbox 2091 4411 3675 4486">
     <span class='ocr_line' id='line_1_105' title="bbox 2091 4411 3675 4486; baseline 0.006 -24"><span class='ocrx_word' id='word_1_749' title='bbox 2091 4418 2149 4462; x_wconf 92' lang='lat' dir='ltr'><strong>ut</strong></span> <span class='ocrx_word' id='word_1_750' title='bbox 2181 4411 2340 4466; x_wconf 90' lang='lat' dir='ltr'><strong>liceat</strong></span> <span class='ocrx_word' id='word_1_751' title='bbox 2370 4412 2553 4466; x_wconf 87' lang='lat' dir='ltr'><strong>videre</strong></span> <span class='ocrx_word' id='word_1_752' title='bbox 2581 4413 2774 4468; x_wconf 89' lang='lat' dir='ltr'><strong>Filium</strong></span> <span class='ocrx_word' id='word_1_753' title='bbox 2814 4415 2908 4469; x_wconf 89' lang='lat' dir='ltr'><strong>Dei</strong></span> <span class='ocrx_word' id='word_1_754' title='bbox 2939 4417 3244 4486; x_wconf 86' lang='lat' dir='ltr'><strong>vagientem</strong></span> <span class='ocrx_word' id='word_1_755' title='bbox 3286 4415 3341 4470; x_wconf 90' lang='lat' dir='ltr'><strong>in</strong></span> <span class='ocrx_word' id='word_1_756' title='bbox 3389 4419 3570 4480; x_wconf 90' lang='lat' dir='ltr'><strong>cunis,</strong></span> <span class='ocrx_word' id='word_1_757' title='bbox 3619 4428 3675 4472; x_wconf 86' lang='lat' dir='ltr'><strong>et</strong></span> 
     </span>
    </p>
   </div>
   <div class='ocr_carea' id='block_1_105' title="bbox 2089 4500 3676 4580">
    <p class='ocr_par' dir='ltr' id='par_1_105' title="bbox 2089 4500 3676 4580">
     <span class='ocr_line' id='line_1_106' title="bbox 2089 4500 3676 4580; baseline 0.007 -26"><span class='ocrx_word' id='word_1_758' title='bbox 2089 4500 2364 4555; x_wconf 89' lang='lat' dir='ltr'><strong>salvatrici</strong></span> <span class='ocrx_word' id='word_1_759' title='bbox 2413 4503 2682 4558; x_wconf 88' lang='lat' dir='ltr'><strong>uativitati</strong></span> <span class='ocrx_word' id='word_1_760' title='bbox 2729 4506 3123 4576; x_wconf 86' lang='lat' dir='ltr'><strong>qualiacunque</strong></span> <span class='ocrx_word' id='word_1_761' title='bbox 3151 4507 3409 4576; x_wconf 88' lang='lat' dir='ltr'><strong>obsequia</strong></span> <span class='ocrx_word' id='word_1_762' title='bbox 3457 4524 3676 4580; x_wconf 59' lang='lat' dir='ltr'><strong>prepa—</strong></span> 
     </span>
    </p>
   </div>
   <div class='ocr_carea' id='block_1_106' title="bbox 2087 4590 3674 4654">
    <p class='ocr_par' dir='ltr' id='par_1_106' title="bbox 2087 4590 3674 4654">
     <span class='ocr_line' id='line_1_107' title="bbox 2087 4590 3674 4654; baseline 0.008 -12"><span class='ocrx_word' id='word_1_763' title='bbox 2087 4606 2230 4645; x_wconf 89' lang='lat' dir='ltr'><strong>rare.</strong></span> <span class='ocrx_word' id='word_1_764' title='bbox 2257 4590 2432 4648; x_wconf 89' lang='lat' dir='ltr'><strong>Credo</strong></span> <span class='ocrx_word' id='word_1_765' title='bbox 2486 4608 2580 4648; x_wconf 92' lang='lat' dir='ltr'><strong>vos</strong></span> <span class='ocrx_word' id='word_1_766' title='bbox 2632 4610 2752 4650; x_wconf 88' lang='lat' dir='ltr'><strong>esse</strong></span> <span class='ocrx_word' id='word_1_767' title='bbox 2786 4596 2925 4652; x_wconf 84' lang='lat' dir='ltr'><strong>ﬁlios</strong></span> <span class='ocrx_word' id='word_1_768' title='bbox 2971 4596 3135 4653; x_wconf 88' lang='lat' dir='ltr'><strong>Israel</strong></span> <span class='ocrx_word' id='word_1_769' title='bbox 3181 4598 3554 4654; x_wconf 86' lang='lat' dir='ltr'><strong>sanctilicatos</strong></span> <span class='ocrx_word' id='word_1_770' title='bbox 3606 4601 3674 4654; x_wconf 88' lang='lat' dir='ltr'><strong>ab</strong></span> 
     </span>
    </p>
   </div>
   <div class='ocr_carea' id='block_1_107' title="bbox 2083 4681 3669 4758">
    <p class='ocr_par' dir='ltr' id='par_1_107' title="bbox 2083 4681 3669 4758">
     <span class='ocr_line' id='line_1_108' title="bbox 2083 4681 3669 4758; baseline 0.007 -24"><span class='ocrx_word' id='word_1_771' title='bbox 2083 4681 2230 4734; x_wconf 91' lang='lat' dir='ltr'><strong>omni</strong></span> <span class='ocrx_word' id='word_1_772' title='bbox 2259 4682 2669 4751; x_wconf 88' lang='lat' dir='ltr'><strong>inquinamento</strong></span> <span class='ocrx_word' id='word_1_773' title='bbox 2702 4687 2910 4752; x_wconf 90' lang='lat' dir='ltr'><strong>carnis,</strong></span> <span class='ocrx_word' id='word_1_774' title='bbox 2955 4698 3010 4744; x_wconf 88' lang='lat' dir='ltr'><strong>et</strong></span> <span class='ocrx_word' id='word_1_775' title='bbox 3038 4690 3281 4758; x_wconf 89' lang='lat' dir='ltr'><strong>spiritus,</strong></span> <span class='ocrx_word' id='word_1_776' title='bbox 3323 4700 3549 4758; x_wconf 87' lang='lat' dir='ltr'><strong>paratos</strong></span> <span class='ocrx_word' id='word_1_777' title='bbox 3603 4693 3669 4745; x_wconf 77' lang='lat' dir='ltr'><strong>ad</strong></span> 
     </span>
    </p>
   </div>
   <div class='ocr_carea' id='block_1_108' title="bbox 2083 4768 3671 4846">
    <p class='ocr_par' dir='ltr' id='par_1_108' title="bbox 2083 4768 3671 4846">
     <span class='ocr_line' id='line_1_109' title="bbox 2083 4768 3671 4846; baseline 0.009 -24"><span class='ocrx_word' id='word_1_778' title='bbox 2083 4768 2191 4824; x_wconf 91' lang='lat' dir='ltr'><strong>diei</strong></span> <span class='ocrx_word' id='word_1_779' title='bbox 2219 4773 2469 4827; x_wconf 70' lang='lat' dir='ltr'><strong>crastina:</strong></span> <span class='ocrx_word' id='word_1_780' title='bbox 2498 4788 2864 4842; x_wconf 88' lang='lat' dir='ltr'><strong>sacramenta,</strong></span> <span class='ocrx_word' id='word_1_781' title='bbox 2899 4787 2952 4833; x_wconf 86' lang='lat' dir='ltr'><strong>et</strong></span> <span class='ocrx_word' id='word_1_782' title='bbox 2982 4779 3214 4834; x_wconf 89' lang='lat' dir='ltr'><strong>sollicita</strong></span> <span class='ocrx_word' id='word_1_783' title='bbox 3253 4781 3566 4846; x_wconf 87' lang='lat' dir='ltr'><strong>devotione,</strong></span> <span class='ocrx_word' id='word_1_784' title='bbox 3614 4792 3671 4836; x_wconf 89' lang='lat' dir='ltr'><strong>et</strong></span> 
     </span>
    </p>
   </div>
   <div class='ocr_carea' id='block_1_109' title="bbox 2083 4859 3665 4934">
    <p class='ocr_par' dir='ltr' id='par_1_109' title="bbox 2083 4859 3665 4934">
     <span class='ocr_line' id='line_1_110' title="bbox 2083 4859 3665 4934; baseline 0.009 -22"><span class='ocrx_word' id='word_1_785' title='bbox 2083 4859 2276 4914; x_wconf 89' lang='lat' dir='ltr'><strong>devota</strong></span> <span class='ocrx_word' id='word_1_786' title='bbox 2307 4862 2690 4920; x_wconf 82' lang='lat' dir='ltr'><strong>sollicitudine.</strong></span> <span class='ocrx_word' id='word_1_787' title='bbox 2719 4867 2859 4934; x_wconf 85' lang='lat' dir='ltr'><strong>Quid</strong></span> <span class='ocrx_word' id='word_1_788' title='bbox 2890 4870 3032 4923; x_wconf 89' lang='lat' dir='ltr'><strong>enim</strong></span> <span class='ocrx_word' id='word_1_789' title='bbox 3059 4869 3203 4924; x_wconf 91' lang='lat' dir='ltr'><strong>aliud</strong></span> <span class='ocrx_word' id='word_1_790' title='bbox 3235 4871 3320 4926; x_wconf 89' lang='lat' dir='ltr'><strong>his</strong></span> <span class='ocrx_word' id='word_1_791' title='bbox 3350 4873 3523 4928; x_wconf 82' lang='lat' dir='ltr'><strong>sacris</strong></span> <span class='ocrx_word' id='word_1_792' title='bbox 3552 4873 3665 4926; x_wconf 82' lang='lat' dir='ltr'><strong>die-</strong></span> 
     </span>
    </p>
   </div>
   <div class='ocr_carea' id='block_1_110' title="bbox 2081 4948 3180 5028">
    <p class='ocr_par' dir='ltr' id='par_1_110' title="bbox 2081 4948 3180 5028">
     <span class='ocr_line' id='line_1_111' title="bbox 2081 4948 3180 5028; baseline 0.008 -25"><span class='ocrx_word' id='word_1_793' title='bbox 2081 4948 2182 5004; x_wconf 87' lang='lat' dir='ltr'><strong>bus</strong></span> <span class='ocrx_word' id='word_1_794' title='bbox 2217 4950 2334 5020; x_wconf 85' lang='lat' dir='ltr'><strong>ejus</strong></span> <span class='ocrx_word' id='word_1_795' title='bbox 2360 4952 2612 5009; x_wconf 89' lang='lat' dir='ltr'><strong>adventui</strong></span> <span class='ocrx_word' id='word_1_796' title='bbox 2662 4957 2927 5014; x_wconf 90' lang='lat' dir='ltr'><strong>dedicatis</strong></span> <span class='ocrx_word' id='word_1_797' title='bbox 2952 4958 3180 5028; x_wconf 84' lang='lat' dir='ltr'><strong>egistis?</strong></span> 
     </span>
    </p>
   </div>
   <div class='ocr_carea' id='block_1_111' title="bbox 2152 5037 3661 5124">
    <p class='ocr_par' dir='ltr' id='par_1_111' title="bbox 2152 5037 3661 5124">
     <span class='ocr_line' id='line_1_112' title="bbox 2152 5037 3661 5124; baseline 0.01 -31"><span class='ocrx_word' id='word_1_798' title='bbox 2152 5037 2270 5094; x_wconf 80' lang='lat' dir='ltr'><strong>Vidi</strong></span> <span class='ocrx_word' id='word_1_799' title='bbox 2302 5057 2401 5112; x_wconf 86' lang='lat' dir='ltr'><strong>ego</strong></span> <span class='ocrx_word' id='word_1_800' title='bbox 2438 5058 2596 5099; x_wconf 85' lang='lat' dir='ltr'><strong>senes</strong></span> <span class='ocrx_word' id='word_1_801' title='bbox 2641 5049 2935 5104; x_wconf 87' lang='lat' dir='ltr'><strong>senectutis</strong></span> <span class='ocrx_word' id='word_1_802' title='bbox 2973 5049 3173 5104; x_wconf 90' lang='lat' dir='ltr'><strong>oblitos</strong></span> <span class='ocrx_word' id='word_1_803' title='bbox 3225 5060 3411 5106; x_wconf 87' lang='lat' dir='ltr'><strong>astare</strong></span> <span class='ocrx_word' id='word_1_804' title='bbox 3459 5051 3661 5124; x_wconf 83' lang='lat' dir='ltr'><strong>vigiliis</strong></span> 
     </span>
    </p>
   </div>
   <div class='ocr_carea' id='block_1_112' title="bbox 2079 5133 3660 5210">
    <p class='ocr_par' dir='ltr' id='par_1_112' title="bbox 2079 5133 3660 5210">
     <span class='ocr_line' id='line_1_113' title="bbox 2079 5133 3660 5210; baseline 0.009 -24"><span class='ocrx_word' id='word_1_805' title='bbox 2079 5133 2252 5188; x_wconf 86' lang='lat' dir='ltr'><strong>sacris</strong></span> <span class='ocrx_word' id='word_1_806' title='bbox 2276 5134 2502 5204; x_wconf 89' lang='lat' dir='ltr'><strong>juvenili</strong></span> <span class='ocrx_word' id='word_1_807' title='bbox 2529 5137 2832 5205; x_wconf 88' lang='lat' dir='ltr'><strong>alacritate,</strong></span> <span class='ocrx_word' id='word_1_808' title='bbox 2865 5150 2920 5196; x_wconf 91' lang='lat' dir='ltr'><strong>et</strong></span> <span class='ocrx_word' id='word_1_809' title='bbox 2958 5139 3186 5209; x_wconf 83' lang='lat' dir='ltr'><strong>juvenes</strong></span> <span class='ocrx_word' id='word_1_810' title='bbox 3223 5141 3511 5210; x_wconf 89' lang='lat' dir='ltr'><strong>juventute</strong></span> <span class='ocrx_word' id='word_1_811' title='bbox 3574 5159 3660 5199; x_wconf 82' lang='lat' dir='ltr'><strong>se-</strong></span> 
     </span>
    </p>
   </div>
   <div class='ocr_carea' id='block_1_113' title="bbox 2079 5223 3654 5298">
    <p class='ocr_par' dir='ltr' id='par_1_113' title="bbox 2079 5223 3654 5298">
     <span class='ocr_line' id='line_1_114' title="bbox 2079 5223 3654 5298; baseline 0.007 -23"><span class='ocrx_word' id='word_1_812' title='bbox 2079 5223 2224 5292; x_wconf 91' lang='lat' dir='ltr'><strong>pulta</strong></span> <span class='ocrx_word' id='word_1_813' title='bbox 2243 5225 2395 5279; x_wconf 89' lang='lat' dir='ltr'><strong>senili</strong></span> <span class='ocrx_word' id='word_1_814' title='bbox 2419 5229 2682 5298; x_wconf 87' lang='lat' dir='ltr'><strong>gravitate</strong></span> <span class='ocrx_word' id='word_1_815' title='bbox 2707 5231 3023 5287; x_wconf 74' lang='lat' dir='ltr'><strong>reverentiae</strong></span> <span class='ocrx_word' id='word_1_816' title='bbox 3049 5233 3348 5288; x_wconf 73' lang='lat' dir='ltr'><strong>divinitati:-</strong></span> <span class='ocrx_word' id='word_1_817' title='bbox 3374 5237 3654 5289; x_wconf 86' lang='lat' dir='ltr'><strong>assistere.</strong></span> 
     </span>
    </p>
   </div>
  </div>
