3978 5328
192 164 293 224 8M

1609 155 1841 217 SERIO
1868 157 1980 212 LX.

3341 167 3446 223 842

183 283 348 340 sorde
383 281 626 347 ἀετοιῑης
681 280 1076 337 solemnitatem
1119 279 1282 337 animi
1323 277 1634 335 indicabant
1685 269 2060 334 hi-Atiferos
2127 269 2329 326 imbres
2414 273 2646 329 infusius
2718 273 3118 330 administrant.
3183 277 3448 338 Occursat

183 375 375 429 laritas
406 373 604 440 vultus,
649 373 914 428 discursio
939 373 1200 442 corporis,
1227 370 1408 442 operis
1431 370 1762 426 sollicitudo.

181 465 401 535 Inspexi
430 464 742 520 sacerdotes
783 463 1134 534 vigilantibus
1183 463 1356 518 oculis
1402 462 1606 531 primos
1655 460 1762 515 diei

180 563 334 609 ortus
379 554 654 608 subtiliter
702 553 976 624 indagare,
1049 552 1539 608 sacramentalibus
1615 549 1764 604 indui

181 645 544 710 vestimentis,
579 644 802 699 introire
840 646 906 699 ad
936 645 1107 699 altare
1138 644 1232 698 Dei
1263 646 1326 698 ad
1351 643 1763 697 sacrificandum

178 752 379 807 corpus
403 747 459 791 et
486 737 801 808 sanguinem
825 735 1218 805 Redemptoris.
1248 735 1366 788 Vidi
1395 735 1762 789 assistentium

189 829 426 891 turbam,
448 826 790 882 ministeriali
818 827 1105 882 devotione
1135 842 1277 880 nunc
1300 825 1515 879 ﬂectere
1567 837 1760 892 genua,

181 932 327 972 nunc
363 916 596 972 osculari
648 931 862 979 manus,
913 925 968 969 et
1019 916 1086 971 ad
1137 914 1518 984 imperantium
1576 923 1761 966 nutum

180 1015 314 1061 nutu
383 1008 544 1062 citius
607 1006 850 1062 obedire.
900 1005 1004 1060 Sed
1051 1015 1107 1059 et
1160 1020 1358 1074 pueros
1410 1004 1616 1073 aspexi,
1669 1001 1762 1072 qui

179 1099 433 1153 nesciunt
461 1097 592 1168 quid
615 1098 687 1153 sit
716 1098 858 1152 inter
894 1097 1174 1152 dexteram
1219 1106 1275 1152 et
1307 1097 1606 1159 sinistram,
1659 1095 1761 1149 sibi

109 1251 112 1253 Α
181 1189 246 1244 ad
295 1189 530 1243 invicem
597 1188 853 1258 psalteria
917 1189 1158 1242 invidere
1216 1195 1271 1242 et
1335 1187 1622 1256 deportare
1695 1186 1762 1240 ad

178 1283 406 1338 lectulos
435 1297 584 1345 suos,
615 1280 782 1334 furari
813 1296 1059 1336 somnum
1099 1281 1168 1335 ab
1222 1279 1393 1335 oculis
1441 1279 1556 1334 suis
1603 1287 1658 1333 et
1704 1280 1757 1332 iu

179 1372 380 1428 lectulo
433 1389 532 1428 suo
579 1388 678 1442 per
727 1383 914 1427 noctes
964 1386 1209 1440 quterere
1273 1387 1433 1441 quem
1508 1370 1762 1440 diligebat

178 1465 359 1519 anima
433 1481 644 1520 eorum.
695 1466 862 1537 319
907 1466 1060 1532 Quod
1111 1466 1239 1522 licet
1291 1475 1479 1520 contra
1533 1479 1752 1519 consue-

178 1554 420 1609 tudinem
459 1567 843 1626 praesumptum
898 1557 986 1617 sit,
1041 1571 1146 1611 non
1207 1565 1382 1610 tamen
1442 1566 1629 1609 contra
1667 1556 1759 1610 (le-

178 1645 480 1700 votiouem.

247 1735 483 1803 Fateor,
537 1739 678 1792 inter
731 1739 844 1793 haec
898 1740 1078 1792 omnia
1135 1737 1437 1808 cogitabam
1491 1756 1502 1790 :
1563 1736 1757 1791 Castra

176 1829 273 1884 Dei
325 1841 462 1885 sunt
499 1832 645 1895 htec;
702 1848 720 1881 ι
756 1830 871 1885 Non
919 1840 1003 1885 est
1056 1831 1144 1884 hic
1200 1831 1364 1892 aliud,
1413 1829 1515 1883 nisi
1564 1829 1758 1884 domus

178 1917 274 1973 Dei
303 1927 360 1973 et
402 1928 557 1988 porta
599 1918 721 1974 caali
755 1917 908 1990 (Gen.
950 1918 1164 1989 vatn).
1193 1938 1211 1970 ι
1269 1918 1491 1982 Vellem,
1540 1917 1755 1982 nollem,

175 2021 358 2067 vestra
393 2013 674 2067 devotione
706 2013 976 2074 trahebar,
1027 2021 1084 2066 et
1133 2011 1282 2066 vobis
1337 2009 1756 2080 negotiantibus,

174 2101 336 2156 otiari
388 2117 494 2156 non
546 2111 812 2172 poteram.
861 2102 1140 2172 Sequehar
1183 2117 1298 2165 vos,
1345 2103 1437 2156 sed
1496 2118 1524 2155 a
1579 2101 1758 2171 longe,

175 2191 257 2246 vel
305 2192 567 2247 aberrans
616 2209 646 2247 a
679 2193 783 2258 via,
818 2192 902 2248 vel
957 2192 1268 2248 claudicans
1305 2207 1340 2260 ag
1363 2193 1572 2247 semitis
1602 2195 1758 2262 meis,

175 2281 369 2353 lugens
395 2291 452 2337 et
499 2283 877 2348 contristatus,
932 2284 1059 2354 quia
1086 2297 1193 2338 non
1246 2293 1492 2353 poteram
1545 2299 1762 2352 :equare

187 2385 494 2430 currentes.
519 2374 678 2429 Novit
708 2375 797 2431 ille
819 2392 978 2440 unus,
1007 2392 1130 2431 cum
1162 2392 1269 2446 quo
1295 2391 1402 2430 uno
1428 2392 1592 2431 unum
1640 2393 1762 2432 esse

177 2465 317 2534 cepi
369 2466 423 2519 in
478 2466 727 2530 Domino,
771 2482 934 2536 quam
975 2467 1348 2537 frequentibus
1385 2469 1622 2537 querelis
1660 2469 1761 2522 itu-

173 2557 434 2626 pleverim
465 2573 624 2614 aures
661 2559 798 2629 ejus,
851 2560 995 2629 quod
1039 2575 1138 2614 vos
1184 2560 1236 2614 in
1291 2560 1516 2615 meridie
1565 2561 1760 2615 essetis

175 2661 298 2700 cum
351 2661 566 2716 sponso,
616 2657 671 2702 et
715 2662 816 2717 ego
857 2649 911 2703 in
959 2650 1266 2718 vespertino
1293 2649 1495 2719 frigore
1523 2663 1759 2703 commo-

174 2749 346 2791 rarer.
398 2736 518 2802 Eia,
549 2735 768 2803 fratres,
801 2738 846 2793 si
877 2737 1072 2808 aliquis
1111 2739 1289 2794 adhuc
1332 2738 1526 2794 inﬂuus
1567 2740 1762 2794 humor

174 2828 240 2883 de
274 2827 498 2885 ﬂumine
542 2830 892 2887 mortalitatis
942 2830 1102 2903 hujus
1149 2840 1359 2887 vestras
1404 2833 1762 2888 circumrorat

175 2917 515 2983 aﬂectiones.
550 2921 762 2992 tergite,
786 2932 842 2976 et
878 2923 1040 2992 tegite
1081 2922 1228 2978 illum
1261 2924 1419 2979 niveo
1461 2924 1758 2980 confessio-

1867 365 2107 436 aspectui
2139 367 2336 434 mentis
2357 367 2499 437 quod
2529 368 2662 423 vidit
2691 377 2745 424 et
2769 369 2992 434 audivit,
3018 370 3160 440 quod
3192 373 3440 431 odoravit

1865 465 1918 510 et
1943 457 2202 528 gustavit,
2236 459 2378 527 quod
2414 457 2652 528 palpavit
2680 468 2735 514 et
2768 460 2961 530 tetigit,
3017 471 3070 515 et
3122 462 3442 534 plerumque

1863 547 2007 614 quod
2031 546 2262 616 simplici
2292 546 2448 601 oculo
2473 547 2804 617 aspeximus,
2835 549 3138 618 versipellis
3158 561 3442 609 contortor

1864 634 1931 688 ad
1953 633 2335 690 oﬂ‘endiculum
2368 645 2644 706 retorquet
2689 645 2744 691 et
2786 637 3117 693 scandalum.
3169 639 3446 711 Fingitsi-

1866 727 2216 794 militudines,
2278 728 2538 798 imagines
2583 729 2780 799 pingit,
2837 729 3045 786 colores
3088 742 3256 800 aptat,
3297 743 3352 788 et
3388 735 3445 790 in

1865 819 2100 873 thalamo
2151 820 2346 875 mentis
2382 821 2633 876 universa
2679 821 2967 886 convolvit,
3019 822 3063 877 si
3123 821 3265 878 forte
3308 840 3444 881 con-

1863 923 2078 964 sensum
2107 910 2287 965 eliciat
2313 919 2366 964 et
2397 911 2600 966 inﬂciat
2636 910 2907 967 aﬂectum.
2950 912 3120 968 Oﬂ‘ert
3150 915 3437 972 horribilia

1864 1001 1930 1055 de
1959 1001 2258 1066 divinitate,
2311 1002 2571 1057 terribilia
2602 1004 2667 1058 de
2709 1003 2831 1068 fide,
2881 1005 3149 1060 mirabilia
3207 1007 3272 1062 de
3321 1008 3446 1065 ﬂdei

1864 1092 2220 1160 institutione,
2245 1104 2298 1148 et
2327 1095 2377 1148 in
2406 1094 2612 1149 alveolo
2647 1097 2844 1149 mentis
2874 1097 3215 1153 veneniferas
3253 1099 3451 1171 ingerit

1863 1185 2128 1254 potiones,
2161 1200 2298 1254 quas
2337 1185 2416 1237 vel
2451 1186 2504 1239 in
2536 1185 2877 1241 confessione
2907 1201 3156 1242 evomere
3194 1199 3447 1259 peccator

1862 1286 2122 1330 oneratus
2143 1277 2420 1333 exhorret.
2449 1277 2606 1331 Venit
2639 1279 2691 1330 in
2717 1279 3035 1342 oratorium,
3069 1280 3444 1336 dormitorium

1861 1377 2119 1436 occupat,
2171 1369 2366 1423 insidet
2415 1369 2726 1434 refectorio,
2770 1370 2964 1424 circuit
3000 1370 3317 1438 clausrrum,
3354 1389 3446 1428 re-

1860 1457 1987 1512 visit
2012 1455 2272 1523 officinas,
2319 1458 2520 1512 nullam
2561 1461 2923 1528 praetermittit
2965 1471 3137 1516 artem
3187 1465 3442 1528 nocendi,

1861 1547 1952 1601 sed
2005 1548 2203 1617 ubique
2233 1564 2344 1603 suae
2371 1549 2683 1604 cailiditatis
2719 1551 2962 1621 assignat
3010 1555 3272 1622 argutias,
3310 1565 3364 1610 et
3392 1555 3448 1610 in

1784 1632 1832 1692 Β
1863 1637 2030 1691 choro
2059 1638 2275 1708 quidem
2306 1638 2445 1691 inter
2472 1640 2734 1692 orandum
2755 1648 2810 1692 et
2837 1640 3174 1710 psallendum
3203 1653 3441 1698 mentem

1861 1727 2127 1794 pertrahit
2172 1727 2225 1780 in
2263 1726 2509 1792 diversa,
2557 1729 2951 1796 praeteritorum
2995 1733 3446 1788 rememoratione

1859 1815 2151 1884 puritatem
2184 1816 2493 1872 intellectus
2519 1818 2815 1874 involvens.

1932 1907 1989 1960 In
2030 1917 2150 1962 toro
2178 1909 2534 1966 multiformes
2572 1911 2812 1966 libidinis
2839 1928 3031 1970 sensus
3071 1916 3311 1982 involvit,
3353 1918 3439 1972 in-

1861 1997 2066 2053 sidians
2090 1999 2365 2055 solitudini
2411 2011 2632 2068 nostrte,
2663 2013 2716 2058 et
2762 2005 2883 2059 telis
2926 2005 3242 2063 fortioribus
3280 2009 3446 2080 320

1863 2105 2198 2161 oppugnans,
2229 2093 2434 2147 utinam
2465 2109 2571 2148 non
2601 2104 2906 2165 expugnet,
2940 2107 3162 2168 pungat,
3197 2114 3303 2153 non
3329 2100 3445 2153 vul-

1862 2185 2050 2239 neret!
2084 2185 2143 2241 In
2170 2184 2456 2242 refectorio
2497 2197 2677 2243 autem
2717 2189 2898 2261 gulam
2946 2191 3114 2247 allicit
3143 2194 3209 2248 ad
3258 2193 3448 2248 viden—

1861 2275 1987 2329 dum
2017 2291 2136 2344 qua:
2183 2276 2546 2346 perferantur,
2599 2287 2655 2333 et
2708 2280 2911 2351 ingenti
2955 2283 3214 2339 aviditate
3259 2296 3452 2340 onerat

1861 2365 2153 2421 distentum
2195 2377 2456 2434 ventrem,
2489 2378 2548 2423 ut
2584 2369 2789 2438 majore
2817 2387 2979 2441 opera
3014 2375 3081 2428 ad
3111 2377 3440 2445 egerendum

1862 2464 2018 2525 egeat
2053 2472 2214 2527 quam
2259 2460 2326 2513 ad
2379 2459 2754 2531 ingerendum.
2801 2460 2860 2516 In
2896 2462 3133 2518 claustro
3163 2465 3332 2520 libros
3366 2482 3452 2521 re-

1861 2547 2011 2600 vellit
2041 2563 2070 2601 a
2103 2549 2369 2612 manibus,
2417 2551 2735 2605 memoriam
2772 2562 2980 2607 resecat
3011 2554 3442 2626 Scripturarum,

1861 2647 1916 2694 et
1949 2655 2094 2695 nunc
2123 2642 2188 2696 de
2211 2641 2302 2696 illo
2331 2642 2398 2696 ad
2440 2643 2602 2697 istum
2630 2660 2754 2698 cum
2801 2645 2972 2716 signis
3019 2656 3074 2700 et
3107 2649 3443 2704 scurrilitate

1865 2733 2199 2786 transvertit.
2239 2731 2343 2787 Per
2384 2733 2721 2790 oﬂicinarum
2763 2738 3161 2794 multitudinem
3214 2750 3264 2796 te
3317 2741 3453 2798 facit

1861 2836 2150 2877 excurrere
2177 2831 2232 2879 et
2273 2825 2593 2894 vagabundo
2621 2841 2680 2882 se
2705 2829 2959 2884 comitem
2989 2831 3135 2895 facit,
3169 2832 3340 2889 donec
3368 2843 3453 2889 ta-

1860 2913 2192 2970 citurnitatis
2220 2916 2440 2979 ostium,
2468 2926 2559 2971 aut
2585 2920 2818 2988 aperiat,
2847 2928 2940 2974 aut
2965 2922 3450 2993 confringat.Quid

173 3010 261 3065 nis
286 3012 511 3076 amictu,
552 3021 607 3068 ει
633 3012 872 3067 calceata
912 3029 1008 3069 νος,
1043 3013 1097 3068 ίη
1139 3014 1539 3084 praeparatione
1575 3015 1752 3069 Eva..-
1782 3018 1830 3084 ς
1861 3003 2048 3074 plura?
2088 3005 2142 3059 In
2173 3007 2338 3062 choro
2365 3008 2726 3076 devotionem,
2771 3011 2824 3064 in
2855 3020 2970 3067 toro
3016 3014 3346 3083 castitatem,
3391 3017 3450 3071 in

173 3097 298 3168 gelii
354 3100 506 3170 pacis
559 3100 777 3171 (Ephes.
828 3101 940 3171 vr),
985 3112 1046 3157 ut
1091 3103 1209 3158 sitis
1261 3104 1326 3158 de
1378 3105 1574 3174 quibus
1629 3105 1761 3162 dicit

173 3199 396 3246 sanctus
447 3205 462 3243 :
516 3210 534 3243 ι
572 3191 626 3245 In
664 3191 887 3246 ﬂumine
935 3194 1347 3262 pertransibunt
1392 3194 1526 3262 pede
1583 3194 1756 3266 (Psal.

172 3282 320 3352 ιη).
353 3300 373 3335 ι
409 3282 551 3350 Quid
589 3289 767 3339 autent
817 3294 939 3354 post
987 3283 1137 3340 haec?
1178 3303 1196 3336 t
1226 3284 1300 3341 lbi
1353 3285 1654 3340 ltetabimur
1705 3287 1757 3339 in

173 3372 313 3444 ipso.
350 3393 370 3426 ι
414 3373 489 3428 De
536 3372 757 3430 ﬂumine
806 3376 938 3439 hoc,
996 3376 1105 3431 imo
1153 3376 1220 3431 de
1267 3375 1578 3431 ﬂuminibus
1640 3377 1760 3431 istis

172 3461 343 3519 Isaias
391 3464 656 3534 propheta
719 3465 772 3519 in
831 3466 1114 3520 nocturnis
1162 3465 1487 3522 lectionibus
1555 3465 1759 3537 largius

173 3552 490 3624 disputavit.
539 3573 560 3606 ι
623 3555 925 3622 Percutiet,
972 3557 1176 3627 inquit,
1229 3557 1488 3614 Dominus
1536 3557 1758 3613 ﬂuvium

172 3643 392 3717 Egypti
416 3645 472 3701 in
498 3653 704 3716 septem
727 3647 877 3712 rivis,
894 3648 967 3702 ita
989 3659 1048 3703 ut
1069 3657 1347 3703 transeant
1369 3663 1466 3718 per
1498 3663 1622 3704 eum
1650 3648 1761 3703 eal-

173 3737 315 3792 ceati
366 3737 507 3808 (Ita.
546 3739 645 3809 ιι).
681 3756 700 3790 ι
738 3737 870 3793 Volo
907 3738 974 3794 de
1001 3738 1165 3796 ﬂuvio
1190 3750 1246 3794 et
1271 3741 1442 3796 ruinis
1469 3739 1588 3810 ejus
1628 3755 1760 3810 pau-

172 3825 343 3898 lisper
393 3827 728 3886 confabulari
801 3829 1082 3887 vobiscum
1109 3869 1125 3897 ,
1179 3833 1449 3902 quomodo
1501 3841 1558 3888 et
1627 3848 1760 3903 qna-

171 3917 298 3976 liter
346 3919 745 3989 percutiantur,
795 3927 852 3976 et
903 3919 1034 3992 quid
1076 3922 1150 3978 sit
1196 3923 1430 3978 transire
1491 3937 1590 3996 per
1633 3937 1758 3978 eum

173 4007 466 4066 calceatus.

239 4101 351 4158 Per
375 4100 667 4174 Egyptum
702 4102 1001 4176 ﬁguraliter
1025 4105 1255 4176 exprimi
1283 4105 1541 4160 mundum
1571 4105 1756 4169 istum,

174 4192 482 4251 divinorum
535 4194 870 4266 eloquiorum
924 4206 1259 4254 scrutatores
1317 4197 1619 4261 aﬂirmant,
1664 4200 1754 4269 qui

171 4289 385 4360 positus
426 4298 514 4346 est
555 4289 611 4344 in
653 4290 911 4362 maligno,
958 4291 1050 4362 qui
1099 4290 1338 4347 tenebris
1386 4299 1442 4346 et
1483 4290 1755 4347 confusio-

1865 3095 2153 3151 refectorio
2217 3099 2571 3166 parcitatem,
2617 3100 2668 3154 in
2719 3101 2960 3157 claustro
3007 3102 3329 3171 lectionem,
3389 3105 3450 3161 in

1861 3187 2087 3244 oﬂicinis
2154 3191 2349 3245 silentii
2397 3192 2652 3247 virtutem
2700 3196 2915 3250 virtutis
2965 3196 3214 3252 inimicus
3252 3198 3453 3253 exstir-

1859 3289 1970 3349 pat.
2026 3277 2136 3334 Nec
2191 3281 2389 3336 suﬂicit
2441 3298 2495 3336 In
2545 3283 2818 3353 vigilando
2872 3287 3166 3342 subtilibus
3226 3287 3450 3358 spiculis

1861 3369 2042 3424 cordis
2107 3371 2387 3425 terebrare
2442 3373 2692 3439 muralia,
2735 3375 2830 3429 sed
2885 3376 3202 3431 dormienda
3255 3378 3444 3447 singu-

1860 3460 1958 3516 lari
2014 3477 2073 3518 se
2125 3472 2353 3527 versat,
2403 3473 2459 3518 et
2509 3474 2755 3520 reversat
2789 3467 3031 3532 astutia;
3072 3482 3193 3537 quae
3254 3469 3449 3524 melius

1859 3562 2051 3609 vestra:
2093 3554 2437 3611 conscientia:
2465 3570 2626 3624 quam
2651 3557 2776 3627 styli
2823 3558 3060 3613 scientiae
3098 3558 3443 3629 derelinquo.

1933 3647 2039 3703 Sed
2099 3655 2155 3702 et
2210 3648 2277 3702 ad
2326 3648 2499 3704 altare
2553 3649 2765 3705 Domini
2824 3651 3088 3706 virtutum
3144 3663 3448 3722 sequuntur

1859 3753 1956 3794 vos
1984 3739 2208 3810 spiritus
2237 3739 2347 3808 isti,
2389 3741 2442 3795 in
2473 3741 2619 3811 ipsos
2648 3743 2846 3799 mentis
2893 3744 3081 3800 oculos
3106 3745 3411 3802 involantes
3430 3789 3447 3811 ,

1859 3837 1916 3884 et
1959 3831 2050 3885 vix
2093 3830 2294 3901 aliqua,
2334 3831 2420 3886 vel
2457 3834 2735 3889 nascentis
2773 3833 2870 3890 Dei
2919 3834 3002 3890 vel
3050 3837 3336 3906 pendentis
3393 3838 3448 3893 in

1860 3935 2046 3987 cruce,
2083 3931 2311 3992 possunt
2341 3924 2602 3995 memoria
2633 3923 2930 3981 deturbari.
2960 3924 3186 3996 Magnus
3218 3927 3306 3983 ille
3352 3942 3449 3998 pa-

1861 4013 2100 4069 triarcha
2128 4013 2214 4068 vix
2244 4013 2492 4071 volucres
2512 4015 2819 4087 hujusmodi
2853 4031 2884 4072 a
2906 4017 3019 4073 suis
3047 4018 3330 4077 sacrificiis
3353 4021 3449 4075 ab—

1859 4108 2058 4178 igebat.
2089 4107 2198 4165 Nos
2225 4110 2357 4180 quid
2388 4125 2599 4176 sumus,
2646 4111 2738 4182 qui
2789 4110 2981 4181 fugare
3022 4113 3404 4182 praesumimus
3424 4115 3450 4167 3

1857 4200 1990 4268 Quis
2035 4200 2090 4256 in
2133 4201 2238 4257 hoc
2284 4200 2419 4265 rivo,
2453 4201 2538 4258 vel
2585 4217 2845 4270 mersum,
2880 4203 2965 4258 vel
3003 4204 3346 4259 submersum
3385 4219 3448 4259 se

1857 4307 1978 4349 esse
2008 4292 2324 4364 negaverit?
2350 4292 2561 4348 Videris
2601 4309 2763 4364 quam
2808 4292 3057 4348 turbidus
3103 4303 3333 4357 torrens,
3391 4304 3450 4348 et

172 4384 333 4440 nibus
359 4392 447 4439 est
471 4383 729 4455 repletus.
775 4384 1004 4441 Flumen
1045 4383 1223 4440 ﬂuxus
1268 4384 1490 4439 humani
1541 4376 2051 4456 gerierileimosa
2102 4382 2445 4453 regurgitans
2491 4382 2833 4447 annositate,
2877 4381 2968 4452 qui
3016 4381 3130 4447 vix,
3189 4390 3284 4437 aut
3307 4398 3445 4436 nun-

173 4484 276 4542 est,
331 4477 429 4548 qui
480 4477 550 4533 de
592 4477 782 4547 primis
831 4477 1144 4547 parentibus
1197 4475 1398 4532 infelici
1447 4492 1582 4532 vena
1628 4492 1757 4548 pro-

173 4581 455 4639 rumpens,
510 4567 870 4638 impetuosum
902 4577 1201 4624 torrentem
1248 4583 1346 4639 per
1375 4576 1544 4622 totam
1573 4570 1756 4623 mundi

173 4655 515 4714 latitudinem
568 4659 919 4729 instagnavit,
969 4659 1061 4730 qui
1107 4658 1161 4714 in
1190 4668 1396 4728 septem
1427 4659 1760 4714 torrentibus

173 4749 474 4816 derivatos,
504 4749 673 4805 vaﬂes
714 4758 770 4804 et
817 4750 1140 4821 campestria
1191 4748 1456 4820 profunda
1503 4749 1761 4820 voragine

175 4840 520 4912 supersedit,
573 4840 706 4910 ipsis
765 4855 981 4911 quoque
1043 4841 1306 4895 montium
1382 4839 1758 4896 cacuminibus

173 4934 422 4988 eamdem
476 4930 808 4987 refusionem
838 4933 1136 4995 intentans,
1189 4932 1332 4986 unde
1380 4945 1520 4983 unus
1567 4931 1634 4986 de
1682 4933 1760 4987 al-

174 5025 404 5080 tioribus
451 5024 655 5078 eJamat
684 5042 695 5076 :
739 5040 759 5074 ι
789 5022 1086 5081 Torrentes
1133 5020 1434 5093 iniquitatis
1463 5024 1759 5079 conturba-

173 5127 368 5172 verunt
420 5131 510 5172 me
541 5114 717 5185 (Psaf.
746 5120 912 5186 xvn);
950 5135 968 5169 ι
1021 5125 1076 5169 et
1107 5132 1119 5168 :
1174 5134 1192 5166 t
1224 5116 1572 5170 Intraverunt
1604 5131 1758 5187 aqum

173 5221 343 5276 usque
370 5206 438 5262 ad
475 5204 715 5260 animam
768 5222 942 5262 meam
970 5203 1140 5273 (Psal.
1176 5200 1386 5272 vam).
1414 5219 1432 5251 ι

239 5299 451 5328 Ὼ-ἓηιηι-
491 5295 650 5328 Ian:le
698 5295 933 5328 {lumbus
984 5295 1124 5328 νῖινιιο
1193 5306 1267 5328 nnl
1311 5291 1567 5328 nnailalin
1591 5298 1732 5328 ΜΑΙΑ

1859 4489 2020 4544 quam
2059 4473 2129 4528 ad
2158 4474 2260 4527 hoc
2284 4472 2500 4526 ducitur
2534 4481 2594 4525 ut
2633 4473 2847 4540 penitus
2895 4471 3242 4548 .exsiccetur.
3326 4471 3442 4528 Non
3481 4499 3487 4511 -

1861 4573 1991 4636 puto
2035 4564 2177 4634 quod
2207 4563 2314 4626 ille,
2339 4563 2434 4632 qui
2463 4561 2660 4617 clausit
2681 4561 2877 4617 coelum
2899 4562 3145 4617 oratione
3173 4560 3288 4630 (111
3316 4561 3443 4632 Reg.
3485 4612 3490 4618 .

1860 4659 2016 4728 xvu),
2047 4656 2304 4713 clauserit
2349 4655 2586 4710 animum
2618 4671 2648 4710 a
2675 4655 3025 4722 cogitatione,
3059 4663 3117 4708 ut
3145 4654 3357 4721 facilius
3378 4656 3451 4712 sit
3486 4689 3494 4716 λ

1863 4750 2060 4804 coelum
2095 4749 2351 4804 obserare
2379 4762 2540 4816 quam
2570 4748 2830 4801 animum.
2900 4748 2903 4750 ’
3432 4799 3437 4804 λ

1937 4845 2218 4900 Secundus
2263 4843 2412 4896 rivus
2477 4850 2562 4898 est
2608 4841 2809 4896 locutio
2857 4853 3136 4910 perversa.
3187 4839 3453 4912 Linguam
3495 4875 3502 4888 ο

1865 4940 2046 4996 nullus
2103 4939 2386 4998 hominum
2455 4937 2676 4993 domare
2723 4944 2934 5004 potest,
2984 4935 3061 4990 ait
3118 4937 3397 5008 apostolus
3443 4959 3459 4992 ι

1868 5033 2172 5088 membrum
2210 5029 2531 5097 inquietum,
2587 5027 2894 5083 membrum
2927 5026 3292 5091 mortiferum,
3325 5028 3466 5084 faci~

1868 5130 1934 5186 lis
1965 5133 2030 5186 ad
2061 5123 2411 5202 loquendum,
2440 5125 2508 5177 ad
2555 5121 2961 5191 obsequendum
3009 5119 3305 5188 proclivior
3344 5121 3436 5193 (er

1871 5221 1983 5276 σοὺ.
2018 5224 2121 5294 ιιι).
2149 5221 2216 5276 Et
2242 5215 2537 5271 notandum
2562 5213 2705 5284 quod
2732 5214 2981 5279 nascitur
3007 5213 3145 5266 alter
3164 5227 3228 5267 ex
3265 5211 3461 5276 altero,

2613 5320 2793 5328 ...ΑΔ-ΠΜ
2849 5310 3142 5328 ΙΑΛιιοζΑαιῖι.
3185 5310 3307 5328 ΞΑ-..-
