3978 5328
515 140 620 233 835

1142 174 1198 227 s.
1228 171 1431 228 rem
1467 169 1748 225 DAMIANI
1775 169 1922 224 ore.
1960 130 2140 225 rans
2180 170 2312 226 seu
2355 169 2590 227 'I'OMUS
2627 170 2689 225 ιι.
2724 202 2791 212 -
2828 170 3217 230 SERMONES.

3688 184 3796 240 846

510 288 685 344 loculi
728 295 853 342 sunt
880 284 1249 354 unusquisque
1283 285 1351 339 ad
1383 285 1687 352 proximum
1718 299 1872 338 suunt
1923 281 2100 353 (Psal.
2131 293 2175 348 Α
2207 285 2397 349 οωιοε,
2431 287 2474 340 si
2515 302 2620 340 non
2645 272 2925 341 descendit
2961 289 3026 342 ad
3062 304 3177 352 vos,
3209 300 3262 343 et
3311 291 3529 360 projieit
3584 294 3638 348 iu
3671 314 3792 366 pro-

511 381 630 451 ait);
664 399 682 432 t
724 377 865 432 aliud
893 377 1237 439 maledicum,
1285 377 1351 430 de
1392 391 1498 445 quo
1543 377 1831 445 Apostolus
1857 378 2045 431 scribit
2081 395 2094 430 ε

514 493 532 524 ο
571 471 755 542 Neque
775 469 1020 525 maledici
1066 484 1290 536 regnum
1339 469 1432 523 Dei
1487 470 1835 538 possidebunt
1881 471 1930 542 (Ι
1972 472 2094 526 Cor.

509 561 628 630 vi);
667 579 687 608 ι
739 558 882 613 aliud
939 558 1291 628 impudicuut,
1339 559 1404 614 de
1449 574 1558 628 quo
1582 561 1722 615 idem
1779 578 1793 614 :
1846 581 1862 613 ι
1897 563 2095 633 Turpis

507 669 690 709 sermo
712 655 777 707 de
796 667 892 707 ore
915 661 1098 707 vestro
1113 667 1217 706 non
1245 651 1498 722 procedat
1525 650 1740 721 (Epltes.
1771 652 1844 723 tv)
1862 669 1878 719 ;
1899 671 1917 706 ι
1947 653 2092 708 aliud

507 746 934 808 cxcusalorium,
962 745 1104 800 unde
1144 743 1433 798 Psalmista
1467 760 1480 797 :
1527 761 1545 794 ‹
1573 742 1690 798 Non
1730 743 1968 799 declines
1997 760 2094 798 cor

504 855 683 894 meum
727 840 779 894 in
832 839 992 892 verba
1031 837 1268 901 malitia),
1313 837 1380 890 ad
1415 835 1758 891 excusandas
1785 837 2095 892 excusatio-

503 946 604 988 nes
650 931 704 984 in
753 929 989 1000 peccatis
1036 927 1208 998 (Psal.
1244 927 1412 994 cxc):
1455 947 1474 980 ›
1517 926 1664 981 aliud
1711 927 1992 992 dolosmn,
2028 929 2094 982 de

503 1037 613 1095 quo
654 1022 964 1093 Pmpheta:
1003 1041 1020 1073 σ
1051 1021 1334 1091 Disperdat
1372 1021 1631 1076 Dominus
1658 1021 1908 1076 universa
1950 1021 2089 1076 labia

501 1114 692 1169 dolosa
741 1112 913 1185 (Paul.
966 1114 1078 1181 x1);
1116 1131 1135 1163 ι
1200 1111 1344 1166 aliud
1385 1112 1641 1178 otiosum,
1688 1111 1756 1167 de
1796 1125 1905 1181 quo
1950 1112 2088 1166 idem

504 1208 762 1262 Dominus
805 1225 819 1261 :
867 1224 886 1257 ι
926 1206 1000 1262 De
1053 1207 1200 1260 omni
1254 1207 1420 1262 verbo
1499 1208 1676 1262 otioso
1735 1209 1878 1278 quod
1925 1205 2087 1263 locuti

501 1295 705 1352 fuerint
733 1296 1000 1361 homines,
1034 1296 1262 1350 reddent
1309 1297 1572 1352 rationem
1598 1299 1662 1352 de
1692 1313 1758 1352 eo
1802 1299 1853 1353 in
1882 1299 1968 1353 die
2005 1299 2094 1369 ju-'

498 1387 624 1441 dicii
659 1385 878 1458 (Matth.
923 1385 1062 1454 xu):

499 1478 666 1546 pestis
723 1477 902 1547 hujus,
954 1491 1075 1546 qua:
1113 1491 1212 1530 nos
1262 1477 1411 1530 brevi
1461 1476 1600 1531 saltu
1659 1477 1929 1532 transilire
1977 1494 2082 1532 non

495 1584 655 1639 νοεειι
663 1584 713 1623 ηι
719 1584 800 1623 IIS.

1102 1405 1119 1438 ι
1180 1395 1234 1442 et
1286 1387 1331 1441 si
1381 1403 1501 1457 qua:
1550 1387 1654 1443 alia
1710 1399 1834 1443 sunt
1885 1405 2083 1460 genera
2140 1437 2145 1446 ,

2206 380 2429 432 fundum
2465 381 2632 432 maris
2663 381 2844 434 omnia
2876 391 3094 449 peccata
3119 393 3316 438 vestra.
3351 387 3483 450 Quis
3519 390 3668 443 enim
3709 405 3791 447 est

2201 473 2291 540 qui
2326 472 2484 541 hujus
2513 473 2656 527 tertii
2697 473 2852 530 rivuli
2891 489 2998 529 non
3049 475 3119 528 sit
3175 490 3382 532 mersus
3413 489 3470 531 et
3518 495 3792 541 remot-sus

2202 563 2496 618 instantia?

2269 655 2508 722 Quartus
2532 657 2681 711 rivus
2707 666 2791 713 est
2809 656 3051 711 defensio
3075 669 3441 728 peccatorum.
3476 662 3533 716 In
3561 665 3789 722 veritate

2200 748 2320 803 dico
2354 749 2505 804 vobis
2542 749 2668 818 quia
2698 749 2829 804 nihil
2865 750 2944 804 sic
2970 761 3259 819 exasperat
3302 753 3436 807 iram
3486 755 3788 813 divinitatis

2198 856 2362 910 quant
2406 841 2705 911 iniquitatis
2749 840 3010 896 defensio.
3057 841 3236 910 .lEquo
3286 846 3429 898 enim
3489 851 3788 906 certamine

2197 945 2298 984 nos
2323 929 2665 985 decertamus
2690 945 2811 984 cum
2846 930 3093 994 Domino,
3125 947 3248 986 eum
3275 934 3622 991 defendimus
3648 941 3787 1008 quod

2195 1021 2328 1084 odit,
2373 1037 2495 1077 cum
2529 1022 2685 1076 nobis
2739 1023 2916 1091 placet
2963 1022 3106 1089 quod
3154 1022 3397 1092 displ'cet
3434 1027 3533 1080 illi.
3600 1028 3784 1100 Magna

2195 1111 2392 1180 quippe
2437 1110 2740 1166 differentia
2777 1120 2861 1165 est
2895 1111 3038 1166 inter
3078 1114 3368 1181 superbum
3424 1127 3482 1171 et
3528 1119 3783 1174 humilem

2193 1211 2558 1270 peccatorem,
2602 1218 2724 1257 cum
2758 1203 2905 1256 illttnt
2950 1203 3234 1272 despiciat,
3291 1206 3434 1261 hunc
3487 1211 3781 1278 respiciat:

2193 1295 2318 1364 quia
2352 1312 2371 1346 ι
2414 1295 2639 1349 humilia
2688 1295 2928 1365 reSpicit,
2977 1306 3032 1350 et
3071 1297 3178 1349 alta
3239 1313 3266 1349 a
3310 1298 3467 1370 longe
3505 1306 3786 1371 cognoscit

2194 1386 2366 1455 (Psal.
2391 1387 2656 1456 cxxxvu).
2693 1406 2710 1437 ι
2757 1385 2984 1452 Quando
3026 1389 3204 1441 sanari
3251 1399 3454 1458 poterit
3496 1394 3588 1460 qui
3619 1396 3784 1448 medi-

2193 1492 2314 1531 cum
2343 1477 2571 1547 Spernit,
2604 1478 3233 1553 tnetlicinam.conculcat
3267 1491 3323 1535 et
3351 1481 3629 1539 infirmant
3661 1487 3784 1540 sub-

2191 1568 2858 1623 stantiamcontrariorum
2881 1570 3189 1640 receptione
3216 1575 3628 1629 succendit?Tu
3647 1578 3779 1632 dicis

572 1659 808 1722 Tertius,
843 1667 931 1714 est
972 1658 1117 1714 actio
1167 1672 1358 1728 prava.
1415 1657 1542 1712 Post
1591 1658 1994 1728 cogitationem,
2035 1669 2089 1714 et
2123 1654 2162 1711 li
2193 1658 2392 1711 malum
2421 1657 2642 1722 bonum,
2671 1673 2921 1714 amarunt
2962 1661 3138 1725 dulce,
3175 1665 3428 1719 tenebras
3472 1667 3675 1739 lucem,
3727 1680 3779 1724 et

494 1751 820 1807 locutionem
861 1751 1080 1806 venitur
1127 1751 1192 1805 ad
1249 1765 1436 1820 opera,
1493 1749 1712 1821 quando
1763 1752 2084 1806 exhibemus

491 1843 736 1897 membra
767 1849 952 1897 nostra
979 1855 1132 1895 arma
1158 1839 1460 1911 iniquitatis
1488 1849 1734 1909 peccato,
1787 1852 1842 1896 et
1893 1849 2083 1896 contu-

490 1933 666 1989 meliis
695 1932 958 1988 allicimus
983 1946 1212 2003 corpora
1253 1941 1458 1986 nostra.
1489 1929 1628 1997 Quid
1675 1931 1822 1986 enim
1872 1931 2084 2002 turpius

491 2036 653 2092 quam
686 2021 930 2076 membra
965 2019 1169 2077 Christi
1195 2021 1457 2090 sanguine
1502 2029 1823 2076 consecrata
1867 2031 1924 2076 et
1948 2037 2079 2076 con-

493 2113 702 2184 sepulta
730 2113 781 2168 ei
812 2113 867 2168 in
896 2113 1220 2182 baptismate
1249 2111 1550 2168 libidinosis
1581 2113 1870 2168 ardoribus
1897 2128 2080 2166 maeu-

492 2207 630 2274 lare,
662 2223 763 2264 nec
798 2207 1080 2263 attendere
1130 2211 1490 2262 reverentiam
1521 2207 1802 2276 prmsentis
1833 2206 1949 2272 Dei,
1984 2208 2081 2261 mi-

489 2300 673 2356 nantis
737 2314 980 2372 poenam,
1030 2299 1258 2371 gloriam
1335 2299 1724 2369 promittentis.
1809 2300 1965 2354 Absit
2022 2310 2080 2355 ttt

489 2392 687 2462 aliquis
744 2401 985 2447 vestrum
1023 2392 1150 2446 huic
1182 2391 1326 2446 idolo
1369 2393 1770 2456 substernatur,
1821 2403 1880 2446 ut
1911 2393 2076 2446 lilium

491 2481 730 2552 Virginis
773 2483 824 2536 in
861 2482 1084 2536 Veneris
1123 2481 1320 2550 templo
1359 2481 1641 2551 suscipiat,
1671 2491 1730 2536 ιιι
1773 2498 1954 2537 arcam
1987 2483 2076 2537 ltci

483 2575 642 2644 juxta
663 2577 847 2646 Dagon
877 2575 1125 2641 collocet,
1157 2589 1226 2629 ne
1252 2575 1490 2631 nutritus
1520 2575 1572 2630 in
1600 2577 1807 2632 croceis
1837 2584 2076 2632 stercora

485 2667 644 2739 321
684 2667 1090 2738 complectatur.
1141 2667 1280 2735 Quid
1330 2669 1491 2724 Petro
1535 2685 1657 2724 cum
1721 2671 1909 2741 mago?
1939 2669 2076 2737 Quid

489 2757 711 2812 Christo
742 2772 865 2812 cum
913 2759 1289 2815 Antichristo?
1326 2759 1464 2827 Quid
1500 2761 1695 2831 virgini
1739 2771 1794 2816 et
1830 2762 2077 2818 libidini?

487 2852 630 2920 Quid
671 2851 892 2922 pttritati
969 2863 1025 2907 et
1091 2854 1433 2924 impuritati?
1481 2855 1635 2908 Absit
1683 2865 1742 2909 ut
1787 2856 2074 2925 quisquam

485 2955 728 3001 vestrum
785 2944 1028 3000 ambulet
1072 2947 1126 3000 in
1182 2947 1432 3016 passione
1479 2947 1734 3001 desiderii
1764 2987 1778 3009 ,
1831 2947 1969 3002 sicut
2020 2959 2076 3002 et

2186 1748 2238 1802 in
2269 1745 2584 1803 Creatorem
2616 1749 2858 1804 refundis
2883 1749 3134 1818 injurias,
3162 1763 3242 1808 .ut
3287 1757 3428 1825 quod
3478 1757 3780 1816 laudaverit

2187 1850 2242 1895 tu
2264 1841 2559 1911 vitupercs,
2601 1843 2743 1912 quod
2775 1843 3158 1913 vituperaverit
3187 1855 3239 1900 tu
3282 1847 3486 1904 laudes.
3535 1851 3655 1905 Non
3696 1862 3778 1909 est

2183 1932 2284 1988 hoc
2321 1933 2594 2004 palpativa
2625 1934 3055 1992 dissimulatione
3107 1940 3418 2006 tacendum,
3469 1958 3594 1997 cum
3626 1946 3775 2000 vide—

2183 2023 2284 2078 rint
2335 2026 2598 2094 quosdatn
2633 2035 2871 2081 vestrum
2918 2027 3081 2083 tantis
3131 2029 3480 2100 impatientiac
3537 2037 3772 2092 stimulis

2181 2116 2373 2184 agitari
2403 2126 2459 2169 ut
2489 2117 2555 2170 ad
2587 2117 2791 2192 primas
2833 2119 3191 2186 correptionis
3242 2136 3402 2176 voces
3454 2138 3563 2178 non
3601 2125 3773 2181 solum

2180 2209 2608 2273 excusationem,
2653 2209 2747 2264 sed
2803 2210 3172 2265 defensionem
3223 2214 3538 2276 exhibeant.
3587 2228 3646 2271 et
3673 2221 3770 2272 nisi

2180 2297 2546 2366 disciplinatis
2568 2299 2719 2369 vigor
2739 2299 3060 2363 obviaverit,
3095 2302 3161 2354 ad
3192 2303 3451 2358 tumultus
3494 2316 3550 2359 et
3595 2307 3768 2377 jurgia

2179 2387 2476 2456 prosilitur.
2521 2387 2645 2444 Haec
2681 2398 2764 2443 est
2805 2389 3051 2459 impietas
3092 2393 3324 2446 ntaxima
3355 2394 3404 2447 in
3439 2395 3605 2450 Deum
3649 2398 3771 2466 (Job

2181 2479 2354 2548 xxxi),
2379 2478 2633 2534 delictum
2657 2480 2976 2546 maximum,
3003 2496 3121 2550 quae
3137 2483 3222 2535 vir
3243 2483 3466 2553 simplex
3485 2496 3539 2539 et
3573 2499 3768 2552 rectus,

2179 2575 2234 2622 et
2282 2585 2415 2638 puer
2461 2570 2671 2625 Domini
2702 2586 2912 2626 summa
2939 2573 3420 2643 circomspectionc
3441 2577 3670 2635 devitat.

2251 2661 2720 2733 Elegantissimam
2751 2677 2914 2733 super
2945 2665 3028 2720 his
3054 2666 3518 2735 comparationem
3566 2670 3766 2724 inducit

2180 2757 2463 2825 propheta,
2487 2772 2649 2826 quam
2674 2759 2741 2811 de
2771 2758 3016 2813 sacrario
3049 2760 3218 2814 sancti
3251 2758 3490 2830 Spiritus
3524 2774 3765 2832 asporta.

2181 2848 2294 2902 vit:
2331 2848 2366 2901 ἰ
2419 2849 2536 2910 lbi,
2592 2850 2801 2919 inquit,
2859 2851 3049 2905 habuit
3091 2850 3303 2906 foveam
3373 2854 3584 2908 ericius
3633 2855 3759 2923 (lin.

2182 2940 2390 3010 xxxiv).
2415 2963 2432 2992 ι
2468 2941 2630 3012 322
2654 2942 2868 2997 Ericius
2911 2944 2954 2996 si
2985 2945 3310 3013 apprehendi
3335 2960 3396 3000 se
3431 2948 3656 3008 sentiat,
3689 2950 3763 3000 vel

478 3044 695 3107 gentes,
731 3051 851 3106 quae
893 3037 1145 3107 ignorant
1191 3036 1382 3102 Deum,
1421 3038 1510 3106 qui
1538 3053 1735 3108 corpus
1755 3037 1956 3093 Cltristi
1984 3048 2076 3092 aut
2103 3029 2147 3090 C
2179 3035 2440 3105 contingi,
2471 3035 2544 3089 ita
2582 3035 2981 3092 confertissima
3024 3037 3340 3106 spinositate
3371 3040 3637 3094 densatus
3683 3051 3761 3093 est

485 3126 844 3190 consecratis,
876 3134 970 3180 aut
1000 3125 1203 3180 Christi
1250 3127 1462 3197 corpori
1515 3127 1863 3191 ministratis,
1914 3127 2071 3182 electi

478 3220 690 3274 servire
714 3218 1050 3289 imperatori,
1080 3227 1138 3273 ut
1165 3235 1286 3274 cum
1315 3219 1638 3290 imperatore
1667 3219 1921 3284 sedeatis,
1947 3235 2069 3274 cum

481 3309 687 3365 sederit
712 3310 766 3364 in
795 3309 924 3365 sede
953 3309 1259 3380 majestatis
1288 3324 1420 3365 suae.
1458 3310 1574 3377 Qua
1628 3309 1825 3374 fronte,
1875 3312 2071 3380 quibus

479 3405 654 3460 oculis
706 3406 918 3460 videret
964 3420 1084 3469 nos,
1136 3405 1345 3458 viveret
1392 3403 1714 3464 nobiscmn,
1762 3401 1852 3471 qui
1908 3402 2071 3455 tantis

479 3498 625 3552 inter
675 3511 776 3551 nos
815 3496 1264 3552 ohscoeuitatibus
1292 3491 1632 3548 deserviret?
1681 3489 1796 3556 Qua
1865 3502 2065 3552 tuente,

478 3605 585 3660 qua
628 3589 966 3645 conscientia
1021 3589 1310 3644 accederet
1366 3587 1430 3640 ad
1481 3584 1682 3638 Sancta
1732 3593 2062 3646 sanetormn,

478 3680 1079 3737 immolare‘Sanetum
1141 3689 1492 3740 sanctorum,
1544 3677 1698 3746 cujus
1749 3676 1888 3730 fama
1939 3692 2067 3730 cou-

477 3774 824 3845 temptibilis,
882 3774 992 3829 vita
1050 3773 1336 3837 notabilis,
1385 3784 1566 3827 sermo
1628 3767 2069 3839 reprehensibilis

476 3866 770 3920 haberetur
790 3865 814 3918 *ἔ

549 3957 656 4012 Sed
679 3958 724 4011 si
771 3956 928 4021 forte,
959 3957 1252 4010 humanum
1287 3955 1478 4023 loquor
1507 3960 1725 4021 propter
1769 3948 2061 4003 infirmita-

479 4059 584 4102 tem
629 4048 811 4104 carnis
857 4059 1074 4112 nostrrc,
1114 4049 1309 4118 aliquis
1343 4055 1588 4100 nostrum
1639 4043 1742 4098 tale
1774 4043 1972 4111 aliquid
2010 4044 2060 4096 in

475 4136 726 4192 cubiculo
763 4137 1106 4193 conseicnlize
1155 4135 1515 4205 complieavit,
1549 4131 1781 4202 duplicct
1815 4132 1940 4185 illud
1968 4148 2064 4202 per

473 4230 866 4286 confessionem
905 4240 959 4286 ct
995 4230 1390 4301 paenitentiam,
1421 4236 1476 4281 et
1502 4240 1604 4296 ego
1631 4226 1678 4279 ei
1729 4225 1795 4279 de
1843 4224 2060 4278 miseri-

473 4323 658 4377 cordia
686 4325 958 4378 nascentis
983 4323 1131 4392 pueri
1162 4319 1478 4390 repromitto
1503 4317 1652 4387 quia,
1689 4314 1737 4371 si
1777 4313 2058 4369 confessus

2178 3136 2235 3179 ιιι
2277 3127 2511 3196 undique
2544 3128 3046 3197 compunetionibus
3098 3140 3154 3183 et
3208 3129 3412 3185 aculeis
3468 3134 3758 3195 vestiatur;

2174 3232 2296 3270 cum
2329 3232 2458 3271 vero
2478 3233 2537 3272 se
2571 3217 2914 3272 solitudinem
2946 3221 3198 3290 adeptum
3240 3231 3410 3290 putat,
3441 3234 3605 3294 caput
3636 3241 3759 3294 ape-

2174 3307 2265 3370 rit,
2291 3308 2464 3361 exerit
2495 3308 2658 3377 pedes
2686 3319 2737 3362 et
2772 3309 3156 3365 vivificatorios
3183 3321 3361 3366 motus
3399 3314 3559 3383 plana
3590 3315 3760 3370 deam-

2171 3399 2446 3453 bulatione
2474 3400 2831 3454 demonstrat.
2881 3400 2938 3454 Si
2970 3401 3092 3470 quis
3136 3407 3538 3471 supervenerit,
3580 3408 3754 3459 statim

2172 3490 2455 3544 celerrima
2489 3491 2777 3545 velocitate
2809 3500 2970 3561 caput
2998 3508 3118 3546 cum
3150 3493 3377 3561 pedibus
3419 3497 3489 3549 ad
3532 3497 3756 3550 interius

2169 3581 2544 3636 absconditum
2570 3592 2897 3652 reportatur,
2931 3593 2988 3638 ut
3014 3585 3057 3638 si
3106 3585 3254 3638 illum
3289 3597 3473 3641 tenere
3503 3579 3751 3650 volueris,

2169 3673 2319 3740 prius
2345 3673 2528 3728 videas
2563 3673 2886 3744 sanguinem
2931 3684 3079 3728 tututt
3112 3692 3289 3746 quam
3330 3693 3531 3746 corpus
3580 3695 3748 3732 stunn.

2169 3763 2260 3817 Sic
2290 3773 2345 3818 et
2372 3766 2671 3833 peccatoris
2698 3776 2861 3836 caput
2887 3781 3008 3822 cum
3057 3769 3304 3836 pedibus,
3359 3771 3595 3826 intentio
3636 3789 3750 3826 cum

2167 3857 2401 3920 actione,
2450 3873 2479 3912 a
2529 3867 2807 3927 pastorum
2860 3859 3221 3914 sollicitudine
3267 3873 3671 3932 prospectatur,
3700 3873 3748 3917 et

2167 3949 2308 4016 quod
2337 3949 2450 4003 fere
2479 3949 2724 4004 omnium
2775 3951 3112 4019 peccantium
3145 3953 3332 4005 vitium
3369 3963 3476 4016 est,
3528 3971 3650 4008 eum
3691 3957 3752 4006 ab

2164 4040 2414 4094 omnibus
2443 4040 2710 4106 videatur,
2749 4057 2780 4094 a
2817 4042 3031 4096 nomine
3073 4042 3310 4096 :estimat
3358 4060 3418 4096 se
3451 4044 3649 4099 videri.
3696 4046 3748 4100 Si

2165 4131 2353 4184 vitium
2405 4147 2651 4186 resecare
2698 4132 2948 4196 studeas,
3006 4141 3060 4185 et
3117 4133 3430 4186 intentionis
3482 4135 3751 4206 ingressus

2163 4239 2286 4276 cum
2313 4223 2617 4277 actionibus
2639 4224 2968 4294 egressibus,
3000 4225 3315 4280 correctivis
3359 4227 3619 4281 manibus
3668 4229 3748 4281 de

2161 4315 2516 4383 prehendere,
2549 4315 2730 4368 statim
2758 4313 3038 4369 Ciceronis
3084 4313 3395 4384 eloquentia
3436 4327 3746 4378 renovatur,

471 4411 634 4468 fuerit
660 4423 717 4468 et
761 4387 1093 4483 ptenituerit,
1133 4387 1386 4467 nascetur
1413 4411 1468 4466 in
1517 4425 1582 4465 eo
1619 4408 1706 4464 lux
1763 4407 1968 4472 mundi,
2002 4418 2057 4460 ut
2089 4387 2134 4444 υ
2160 4415 2452 4460 excusatur
2495 4415 2550 4458 et
2580 4404 2886 4459 defenditur
2915 4405 3058 4474 quod
3088 4405 3336 4474 opponis,
3384 4410 3668 4462 aceusaris
3697 4420 3747 4462 et

469 4503 691 4560 dimotis
732 4504 1013 4561 fallacibus
1057 4503 1295 4559 tenebris
1342 4502 1686 4574 splendorem
1734 4515 1877 4555 vera:
1921 4499 2057 4554 lucis

469 4595 720 4665 accipiat.
759 4595 1039 4663 Quomodo
1072 4596 1217 4650 enim
1265 4594 1482 4650 miseris
1534 4592 1904 4648 misericordia
1955 4594 2055 4646 hac

469 4695 629 4742 nocte
660 4689 964 4759 negabitur,
997 4688 1050 4742 in
1085 4703 1189 4758 qua
1221 4685 1649 4741 misericorditer
1683 4683 1928 4738 nascitur
1956 4683 2055 4735 mi-

467 4775 704 4830 sericors
723 4785 777 4830 et
807 4777 1091 4832 miserator
1119 4775 1410 4830 Dominus?
1435 4775 1600 4828 Adest
1625 4772 1768 4826 Deus
1792 4782 1846 4826 et
1865 4773 2046 4836 homo,

467 4873 646 4918 mater
669 4872 724 4917 et
750 4865 922 4935 virgo,
953 4882 1082 4920 caro
1122 4874 1178 4919 et
1215 4863 1468 4924 Verbum,
1501 4862 1588 4916 lux
1625 4873 1682 4915 et
1715 4861 2050 4922 illuntiuans,

466 4955 644 5011 bonus
670 4966 727 5010 et
772 4956 1004 5019 bonitas,
1061 4956 1431 5011 misericordia
1465 4965 1520 5008 ct
1553 4953 1773 5016 veritas,
1826 4952 2050 5006 fecunda

467 5046 777 5116 virginitas,
795 5046 1069 5116 virginalis
1085 5047 1407 5112 fecunditas,
1433 5055 1634 5100 aeterna
1660 5044 1891 5107 novitas,
1912 5059 2050 5097 neva

469 5140 787 5202 :cternitas,
845 5138 1025 5192 divina
1082 5139 1432 5203 humanitas,
1490 5139 1722 5192 humana
1776 5137 2049 5198 divinitas,

469 5227 690 5283 humilis
735 5225 1060 5289 sublimitas,
1091 5237 1146 5279 et
1191 5228 1245 5280 in
1276 5228 1360 5281 his
1387 5227 1636 5282 omnibus
1679 5224 2050 5280 misericordia

845 5315 878 5328 Λ

2157 4495 2446 4552 oil'enderis
2470 4497 2560 4565 qui
2584 4496 2858 4566 proponis.
2889 4496 3191 4566 Interrogat
3226 4499 3293 4550 dc
3321 4497 3459 4560 loco,
3513 4501 3581 4554 de
3623 4510 3745 4554 tea;-

2158 4604 2309 4658 pore,
2353 4588 2571 4658 quando
2617 4586 2816 4641 factum
2865 4587 3056 4649 fuerit,
3105 4599 3160 4642 et
3213 4604 3387 4643 novus
3432 4592 3746 4648 dialecticus

2155 4689 2342 4735 exerta
2405 4680 2584 4751 lingua
2647 4681 2985 4749 prorumpit.
3061 4680 3112 4733 in
3176 4683 3422 4734 medium
3497 4694 3745 4751 parentes

2157 4771 2403 4836 advocat,
2432 4771 2860 4840 patrocinatores
2885 4771 3077 4839 quarrit
3109 4812 3123 4836 ,
3167 4772 3381 4839 gravari
3409 4788 3466 4826 se
3492 4772 3703 4840 judicat
3722 4813 3738 4836 ,

2156 4859 2359 4916 indicat
2401 4877 2461 4916 se
2515 4877 2856 4916 recessurum
2899 4863 3167 4931 malleque
3229 4864 3363 4917 mori
3412 4881 3578 4933 quam
3634 4864 3740 4934 pati

2157 4948 2328 5015 talia,
2381 4959 2437 5004 et
2493 4965 2613 5019 quze
2664 4951 2840 5006 vidisti
2887 4967 3128 5021 negans,
3172 4959 3228 5005 et
3282 4968 3406 5022 qua:
3451 4969 3560 5006 non
3612 4954 3738 5007 vi-tit

2155 5040 2209 5094 in
2252 5050 2303 5094 te
2338 5040 2588 5095 convicia
2615 5050 2953 5109 retorquens.
2988 5041 3076 5094 Sic
3105 5043 3314 5111 spinam
3346 5043 3519 5096 sentis
3545 5053 3600 5095 et
3628 5044 3736 5096 eul-

2154 5146 2275 5201 pam
2305 5132 2510 5200 perdis,
2542 5131 2723 5185 odium
2757 5132 3008 5195 incurris,
3054 5147 3153 5186 nec
3189 5132 3438 5200 corrigis,
3485 5141 3540 5186 et
3577 5149 3732 5200 quem

2154 5229 2322 5275 totum
2353 5230 2538 5276 tenere
2589 5223 2839 5291 putabas,
2881 5231 3053 5275 totum
3103 5224 3327 5277 amittis.
3369 5221 3530 5277 Vides
3573 5239 3730 5290 quam
