3978 5328
195 197 304 255 εἲ,ξὶ

197 315 254 368 in
287 314 530 385 peccatis
559 313 698 368 sicut
743 311 795 366 in
829 311 1119 366 virtutibus
1146 309 1440 366 exsultare.
1493 308 1676 376 Nonne
1709 307 1784 362 la-
1813 315 1860 371 Α

197 407 538 462 trocinautes
564 414 616 458 et
643 403 930 458 facinerosi
957 403 1160 474 quique
1189 419 1310 457 cum
1345 411 1591 456 votorum
1619 400 1788 472 pleni-

195 497 442 550 tudinem
489 503 872 564 assequuntur,
911 509 1016 547 non
1059 509 1118 548 se
1161 493 1384 563 capiunt
1430 509 1540 562 pra:
1569 493 1784 562 gaudio,

197 589 274 646 ita
306 590 468 644 etiam
517 597 574 641 ut
629 587 857 640 audeant
891 587 988 656 ipsi
1031 587 1297 640 divinitati
1345 575 1548 656 gratias
1587 587 1784 640 imum-

199 679 338 732 lire?
369 696 388 728 ‹
421 677 670 744 Quicum
697 675 1088 741 malefeccrint,
1122 675 1378 730 laetantur
1411 684 1465 728 et
1509 673 1786 729 exsultant

197 771 252 824 in
287 771 450 824 rebus
483 769 734 839 pessimis
767 755 952 840 (Prov.
989 767 1072 836 ιι).
1101 768 1314 822 Cadent
1338 781 1502 838 super
1543 783 1636 823 eos
1661 783 1784 822 car-

197 863 394 924 hones,
415 871 472 916 et
495 861 546 915 in
578 862 756 932 ignem
785 859 1108 930 dejicienlur
1137 861 1310 932 (Psal.
1343 863 1589 932 cxxnx).
1629 880 1646 912 ι
1679 859 1786 918 Sed

193 963 256 1008 et
287 955 434 1008 rivus
461 955 564 1009 iste
611 969 772 1024 quam
811 955 1018 1010 undosa
1051 953 1344 1010 relluxione
1385 957 1612 1011 miseros
1669 957 1786 1011 ani-

195 1053 412 1098 mantes
433 1041 694 1110 oil'undat,
713 1043 903 1100 melius
931 1045 1262 1100 conscientia
1292 1061 1453 1115 quam
1479 1046 1784 1116 eloquentia

195 1137 633 1206 comprehendit.

271 1229 472 1285 Sextus
500 1239 584 1286 est
628 1231 762 1286 alios
791 1231 986 1286 docere
1029 1231 1094 1286 ad
1123 1232 1344 1286 malum.
1387 1231 1510 1287 llzec
1537 1234 1781 1288 doctrina

197 1322 265 1376 de
291 1325 552 1378 cathedra
581 1323 904 1394 pestilentiae
935 1324 1230 1386 derivatur,
1279 1341 1439 1394 quam
1483 1325 1785 1379 detestatur

195 1423 254 1468 et
309 1413 566 1482 reprobat
609 1414 698 1482 qui
744 1413 897 1468 docet
938 1414 1206 1467 hominem
1255 1415 1538 1468 scientiam
1595 1413 1780 1482 (Psnl.

196 1507 376 1576 xcm).
426 1503 470 1560 Ο
498 1521 662 1575 quam
705 1505 758 1558 in
805 1521 945 1560 vano
975 1506 1172 1574 accipit
1224 1509 1460 1559 animam
1508 1521 1660 1560 suam
1693 1507 1782 1574 qui

197 1593 430 1649 aliorum
457 1593 666 1648 auituas
695 1603 922 1646 venatur
948 1595 1014 1647 ad
1041 1603 1288 1658 mortem,
1321 1595 1414 1664 qui
1462 1595 1628 1649 trahit
1656 1611 1770 1664 pec-

194 1695 320 1740 cata
369 1685 512 1740 sicut
551 1685 764 1755 longam
816 1695 1034 1750 restem,
1093 1687 1185 1755 qui
1235 1688 1426 1741 miscet
1469 1691 1782 1757 sanguinem
1819 1662 1858 1720 Β

195 1778 470 1848 sanguini.
504 1779 588 1832 cui
647 1795 754 1833 non
789 1777 984 1834 Sullirit
1035 1787 1095 1832 ut
1145 1779 1376 1834 intereat
1429 1781 1480 1834 in
1529 1781 1784 1836 saeculum

196 1869 406 1932 saeculi,
439 1869 538 1923 nisi
569 1878 624 1922 et
673 1871 809 1924 alios
839 1872 908 1923 ad
957 1871 1232 1925 interitum
1279 1872 1560 1941 pertrahat
1589 1873 1788 1940 sempi-

195 1965 444 2018 ternum!
507 1961 670 2018 Scitis
715 1965 858 2018 enim
892 1965 1021 2034 quia
1071 1963 1238 2018 multa
1295 1965 1424 2020 vitia
1479 1965 1786 2021 tenerrimis

193 2054 450 2109 :etatibus
475 2054 880 2124 imprimuntur,
911 2071 1032 2125 qua:
1057 2065 1244 2125 postea
1273 2056 1324 2110 in
1341 2071 1538 2124 magno
1559 2071 1787 2124 corpore

198 2145 287 2199 vix
335 2145 624 2216 mitigare,
672 2146 868 2200 nedum
911 2148 1210 2216 exstirpare
1252 2146 1538 2216 quisquam
1591 2145 1783 2215 possit.

197 2233 446 2290 infelices
467 2237 734 2306 magistri,
763 2236 854 2306 qui
887 2235 1190 2306 huiusmodi
1221 2235 1487 2304 plantaria
1515 2233 1788 2304 plantave—

197 2336 342 2392 runt,
375 2345 497 2399 qua:
535 2328 923 2399 explantantur
951 2328 1020 2383 ab
1057 2327 1146 2382 illa
1175 2327 1384 2382 cmlesti
1429 2325 1784 2396 plantatione,

197 2433 362 2490 quam
389 2419 652 2489 plantavit
679 2419 842 2473 Pater
871 2419 958 2473 ille
988 2417 1254 2473 caelestis!
1291 2417 1421 2484 Quis
1468 2417 1788 2486 gloriabitur

197 2525 260 2566 se
279 2509 440 2578 hujus
470 2511 570 2565 rivi
603 2511 934 2564 torrentibus
957 2525 1060 2562 non
1093 2507 1262 2562 fuisse
1291 2507 1585 2562 vallatum?

271 2599 546 2669 Septimus
589 2609 672 2654 est
719 2600 772 2653 in
829 2599 912 2652 his
965 2598 1218 2652 omnibus
1263 2611 1633 2666 perseverare.
1687 2595 1788 2652 Hic

197 2701 455 2760 peccator
509 2691 827 2746 submersus
869 2697 974 2754 est,
1027 2698 1082 2744 et
1131 2689 1438 2757 absorptus,
1491 2696 1546 2742 et
1593 2687 1788 2742 clausit

197 2797 362 2851 super
381 2796 508 2836 eum
533 2790 730 2849 puteus
765 2796 827 2837 os
873 2795 1050 2835 suum.
1094 2779 1230 2835 Cum
1287 2780 1432 2832 enim
1488 2795 1594 2833 non
1643 2778 1787 2833 levat

197 2873 384 2928 oeulos
411 2873 480 2927 ad
510 2874 728 2938 coelum,
777 2889 876 2928 nec
907 2873 1222 2927 recordatur
1254 2871 1580 2942 iudiciorum
1606 2870 1784 2938 just0~

199 2977 341 3028 rum,
359 2973 608 3018 mortmts
633 2971 688 3018 et
709 2962 948 3030 sepultus
975 2971 1056 3016 est
1083 2963 1135 3016 in
1159 2961 1407 3031 sepulcro
1437 2961 1786 3016 conscientiae

195 3069 331 3108 sure.
365 3053 518 3108 Tunc
564 3071 592 3108 a
637 3063 871 3121 mortuo,
926 3065 1180 3123 tanquam
1212 3053 1302 3122 qui
1335 3069 1440 3108 non
1484 3063 1590 3118 est,
1645 3056 1785 3124 perit
1811 3026 1858 3090 Ο

193 3141 468 3200 confessio
497 3143 686 3216 (Ecrli.
721 3147 878 3212 xvii).
911 3146 1064 3200 Tunc
1095 3146 1256 3217 323
1300 3163 1316 3196 σ
1367 3155 1610 3215 peccator
1659 3163 1780 3200 ctnn

195 3235 411 3289 venerit
458 3235 512 3288 in
565 3233 888 3304 profundum
939 3235 1226 3300 malorum,
1271 3236 1567 3291 contemnit
1598 3235 1780 3304 (Prov.

194 3323 376 3395 ινιιι).
413 3341 432 3375 ι
493 3323 592 3378 llic
632 3335 716 3378 est
757 3325 808 3377 in
839 3335 1082 3378 extremo
1103 3323 1384 3378 ﬂuminum
1413 3325 1652 3396 IEgypti.
1685 3327 1784 3381 llic

194 3413 486 3468 multitudo
536 3413 942 3468 trtiserationum
977 3415 1187 3468 Domini
1247 3415 1452 3470 tollitur
1501 3415 1568 3470 ab
1613 3417 1784 3471 oculis

191 3505 332 3576 ejus.
365 3505 413 3562 Ο
466 3505 670 3560 flumen
706 3505 926 3571 malum,
955 3506 1054 3559 rivi
1093 3505 1335 3575 pessimi,
1388 3507 1487 3560 rivi
1530 3507 1785 3560 extermi-

191 3605 392 3649 nantes
423 3613 434 3648 :
469 3595 572 3649 hac
610 3603 768 3649 nocte
801 3595 1060 3649 Dominus
1088 3611 1182 3650 eos
1213 3595 1485 3649 calceatus
1505 3596 1780 3660 transivit,

191 3702 318 3741 cum
349 3686 404 3740 in
429 3685 674 3757 virginali
696 3686 998 3741 substantia
1015 3701 1204 3755 puram
1225 3701 1450 3742 carnem
1469 3696 1523 3740 et
1539 3688 1781 3741 omnium

191 3777 588 3846 prataxatione
615 3775 846 3846 pestium
876 3777 1168 3830 immunem
1200 3777 1430 3846 accepit.
1463 3775 1552 3834 illo
1569 3777 1781 3831 calcea-

193 3875 382 3922 ntento
419 3867 711 3930 calceatus,
741 3867 886 3936 quod
923 3867 978 3921 in
1007 3867 1297 3922 ldumaram
1327 3869 1570 3922 extendit
1606 3867 1778 3939 (Pani.

191 3958 332 4029 ιη),
357 3955 513 4026 cujus
542 3959 832 4028 corrigiam
859 3959 1068 4014 solvere
1097 3975 1202 4014 non
1231 3961 1405 4028 potuit
1437 3977 1664 4031 magnus
1695 3963 1784 4016 ille

191 4049 437 4122 Baptista
467 4049 619 4122 (Luc.
649 4051 754 4121 Ill).
797 4051 941 4106 Misit
969 4051 1034 4106 de
1061 4067 1274 4106 summo
1313 4053 1508 4106 Filium
1545 4069 1701 4108 suum
1727 4063 1782 4108 et

189 4142 408 4212 accepit
435 4157 520 4197 me
545 4143 596 4196 in
625 4151 780 4196 utero
795 4143 1054 4213 Virginis,
1079 4153 1132 4197 et
1157 4145 1234 4198 sic
1259 4145 1470 4198 tandem
1490 4145 1784 4214 assumpsit

193 4245 282 4286 tne
310 4231 380 4287 de
407 4233 562 4302 aquis
601 4233 807 4297 multis,
833 4221 974 4302 quas
1005 4235 1158 4288 vobis
1201 4233 1439 4289 breviter
1481 4235 1781 4303 prtelibavi—

191 4341 338 4382 tuus.
381 4345 402 4377 ε
437 4327 632 4382 Libera
663 4343 773 4390 me,
805 4327 999 4396 inquit,
1037 4329 1106 4381 ab
1137 4329 1222 4382 his
1275 4329 1363 4397 qui
1405 4329 1638 4384 oderunt
1669 4345 1776 4394 me,

189 4427 250 4477 et
269 4420 338 4474 de
365 4419 648 4490 profundis
682 4435 942 4490 aquarum
973 4419 1145 4491 (Psuf.
1179 4422 1390 4492 vam).
1431 4441 1449 4472 ι

263 4507 640 4564 Percuticmus
660 4525 774 4575 eos,
811 4511 854 4564 si
885 4513 1182 4581 cogitemus
1209 4527 1306 4582 pro
1327 4525 1548 4581 peccato
1572 4523 1776 4576 nostro,

192 4601 240 4656 si
287 4601 676 4671 prohibeamus
727 4601 963 4665 linguam
1017 4618 1047 4656 a
1095 4603 1237 4667 dolo,
1275 4605 1318 4659 si
1369 4603 1699 4659 declinemus
1749 4623 1776 4658 ιι

193 4690 338 4745 tnalo
366 4701 421 4744 et
452 4691 719 4746 faciamus
752 4693 951 4747 bonmn
1004 4692 1047 4746 si
1089 4683 1446 4746 confiteantur
1497 4695 1778 4747 adversum

191 4797 292 4837 nos
317 4783 636 4851 iniustitiam
663 4793 903 4837 nostram
949 4783 1196 4851 Domino,
1227 4786 1270 4839 si
1307 4783 1459 4838 dolor
1485 4793 1668 4838 noster
1711 4787 1780 4840 sit
1825 4784 1830 4788 ’

190 4875 496 4941 semper'in
543 4883 832 4943 conspectu
865 4885 1066 4939 nostro,
1119 4879 1166 4932 si
1220 4875 1510 4931 decc-amns
1565 4875 1778 4946 iniquos

188 4963 576 5024 ﬁasDomini,
603 4972 658 5016 et
699 4969 912 5034 semper
951 4964 1062 5018 laus
1106 4965 1206 5024 Dei
1237 4967 1312 5020 sit
1361 4965 1415 5016 in
1441 4979 1536 5018 ore
1569 4975 1776 5021 nostro.

189 5051 276 5120 Et,
309 5065 366 5110 ut
411 5058 482 5110 de
512 5063 634 5108 arte
663 5058 861 5110 sutoria
893 5054 1084 5108 nostris
1133 5055 1384 5117 moribus
1413 5055 1614 5124 aliquid
1645 5075 1777 5113 con-

181 5161 426 5211 suemus,
461 5147 756 5200 habeamus
784 5149 1144 5212 calceamenta
1193 5151 1364 5205 densa
1410 5155 1464 5200 et
1507 5151 1781 5208 subtiliter

179 5252 432 5304 consula,
487 5253 611 5308 quae
647 5243 842 5305 possint
889 5249 1045 5307 aquas
1111 5244 1413 5308 obviantes
1467 5229 1775 5302 excludere.

1660 195 1892 250 Sisini!)
1933 197 2068 252 LXI.

3371 215 3475 272 356

1889 307 2086 367 dicitur
2128 328 2142 367 :
2205 333 2222 364 ι
2259 313 2392 381 Quia
2431 315 2604 372 factus
2654 335 2772 373 sum
2815 321 2956 376 sicut
3003 331 3125 376 uter
3177 325 3229 378 in
3285 329 3480 396 pruina

1887 399 2061 472 (Psal.
2091 409 2306 476 cxvm).
2343 429 2360 460 ι

1961 495 2064 550 Sed
2087 498 2197 566 jam
2228 499 2412 564 corda,
2443 513 2741 572 etcorpora
2769 515 2950 558 nostra
2982 507 3046 559 ad
3071 509 3476 578 suscipiendum

1887 585 2081 640 Filium
2115 587 2347 659 Virginis
2385 603 2684 660 przeparata
2718 595 3055 650 dimittamus
3102 597 3153 651 in
3205 613 3336 667 pace
3363 637 3382 666 ,
3425 615 3482 655 et

1886 691 2074 732 omnes
2107 679 2159 732 in
2191 695 2476 736 commune
2499 683 2677 738 lumen
2715 688 2780 740 ad
2813 689 3193 742 revelationem
3231 691 3475 760 gentium

1887 767 2263 824 innocentibus
2310 771 2548 828 brachiis
2587 777 3000 845 amplectantur,
3054 779 3146 850 qui
3199 789 3284 834 est
3335 779 3479 836 Deus

1889 857 2202 914 benedictus
2231 861 2282 914 in
2306 862 2519 917 sucula.
2549 865 2739 919 Amen.

2611 953 2745 1008 LXI.

2061 1041 2078 1058 ‘
2103 1055 2319 1094 nouunt
2341 1057 2392 1094 IN
2411 1059 2740 1100 NATIV'ITATE
2771 1061 2977 1102 nonum.
3002 1049 3130 1119 (xxv
3153 1051 3297 1122 nec.)

1955 1131 2220 1185 Chai-itali
2255 1143 2467 1198 vestrae,
2497 1133 2696 1190 fratres
2723 1139 3051 1206 charissimi,
3097 1141 3474 1199 aedificationis

1886 1223 2109 1274 verlnuu
2151 1221 2330 1276 facere
2360 1225 2552 1294 gestio,
2585 1227 2678 1280 sed
2701 1229 2848 1296 quia,
2887 1239 2946 1282 ut
2976 1231 3168 1295 nostis,
3198 1249 3369 1302 nuper
3404 1236 3475 1290 ad

1886 1313 2230 1382 episcopatus
2273 1315 2502 1383 apicem,
2554 1315 2664 1372 Deo
2706 1335 2946 1384 illlCtUl'e,
2993 1333 3270 1390 promotus
3329 1341 3472 1386 smn.

1885 1399 2030 1468 loqui
2079 1411 2206 1456 ante
2252 1407 2600 1472 prudentiam
2649 1421 2908 1476 vestram,
2968 1413 3096 1466 dum
3145 1417 3476 1472 conscientia

1886 1493 2094 1558 metuit,
2129 1493 2308 1563 lingua
2343 1497 2502 1550 etiam
2541 1499 2767 1552 necdum
2808 1509 3020 1555 ass-uota
3051 1503 3296 1559 balbutit.
3331 1505 3474 1560 Nun-

1887 1584 2016 1653 quid
2043 1585 2188 1640 enim
2231 1588 2322 1656 qui
2361 1589 2540 1642 navim
2583 1592 2792 1662 remigii
2845 1595 3124 1664 imperitus
3175 1595 3476 1666 ingreditur

1889 1679 2164 1746 suscipere
2189 1680 2610 1748 gubernaculum
2641 1701 2744 1736 non
2779 1687 3029 1739 veretur?
3075 1683 3142 1740 Et
3191 1691 3282 1756 qui
3325 1691 3475 1743 rudis

1889 1767 1994 1822 tiro
2029 1767 2274 1822 militiam
2315 1773 2527 1824 noviter
2547 1773 2734 1840 intrat,
2765 1777 3018 1844 praeferre
3049 1778 3298 1831 vexillum
3331 1779 3480 1848 priu-

1887 1861 2064 1928 cipum
2091 1878 2193 1918 non
2225 1863 2522 1920 formidat?
2550 1867 2654 1922 Sed
2680 1885 2798 1939 ego,
2834 1873 2924 1940 qui
2967 1873 3033 1926 de
3077 1874 3292 1942 propria
3325 1857 3478 1930 infir-

1887 1952 2074 2006 mitate
2105 1953 2306 2020 diffide,
2347 1957 2544 2012 vestris
2589 1959 2928 2014 orationibus
2981 1955 3340 2029 adjuvandum
3389 1981 3475 2018 me

1887 2057 1983 2111 per
2017 2043 2106 2098 Dei
2141 2047 2567 2103 misericordiam
2597 2050 2783 2104 credo.
2807 2051 3056 2121 Alioquin
3085 2057 3354 2123 quomodo
3376 2073 3474 2112 nos

1887 2135 2102 2203 penitus
2134 2137 2426 2206 desperare
2468 2153 2534 2194 oe
2585 2142 2802 2210 propria
2841 2143 3242 2213 imperfectione
3279 2162 3475 2216 possu-

1887 2237 2028 2290 mus,
2062 2227 2150 2294 qui
2181 2229 2292 2280 nati
2319 2228 2615 2284 Salvatoris
2643 2231 2928 2286 infantiam
2955 2234 3334 2290 celebramus?
3372 2237 3478 2304 Qui

1887 2316 2032 2369 enim
2065 2333 2162 2386 per
2199 2327 2419 2372 aetatum
2452 2319 2786 2375 incrementa
2817 2323 3070 2392 dignatus
3099 2335 3185 2380 est
3228 2341 3478 2382 crescere

1891 2411 2036 2464 valet
2062 2411 2226 2463 etiam
2254 2427 2349 2464 nos
2373 2413 2438 2466 de
2469 2413 2705 2467 minimis
2735 2415 2802 2468 ad
2843 2414 3046 2483 majora
3081 2419 3378 2486 provehere
3421 2428 3480 2471 ct

1887 2507 2131 2552 teneram
2181 2501 2352 2554 nostri
2400 2516 2591 2556 sensus
2632 2503 2912 2558 infantiam
2963 2505 3312 2573 perfectionis
3364 2523 3478 2564 sua:

1889 2591 2060 2660 gratia
2085 2591 2364 2646 roborare.
2407 2591 2509 2658 Qui
2542 2593 2796 2648 nimirum
2831 2596 3030 2652 idcirco
3061 2613 3260 2667 parvus
3293 2599 3344 2652 in
3377 2615 3476 2653 no-

1888 2681 2017 2735 stris
2067 2681 2182 2735 fieri
2239 2682 2494 2752 dignatus
2521 2693 2606 2739 est
2648 2695 2706 2738 tu
2739 2701 2835 2741 nos
2865 2688 2916 2740 in
2945 2688 3058 2742 suis
3089 2705 3313 2758 magnos
3363 2692 3476 2744 etiio

1887 2780 2056 2834 ceret,
2087 2773 2288 2828 idcirco
2333 2783 2574 2828 nostram
2607 2775 2976 2834 infirmitatem
3017 2780 3260 2848 pertulit,
3287 2787 3346 2836 ut
3379 2797 3478 2837 nos

1889 2875 2000 2916 sua:
2023 2863 2239 2919 virtutis
2276 2865 2608 2934 plenitudine
2649 2863 2926 2926 solidaret.
3293 2871 3296 2874 ’

1959 2951 2076 3009 Non
2106 2969 2232 3026 ergo
2265 2957 2552 3011 timeamus
2576 2957 2886 3016 defuturum
2912 2963 3066 3018 nobis
3103 2965 3479 3021 transitorium

1889 3045 2136 3112 verbum,
2183 3049 2274 3118 qui
2324 3047 2468 3103 illius
2503 3047 2660 3104 Verbi
2695 3051 2921 3122 gloriam
2971 3055 3284 3124 quaerimus,
3333 3061 3478 3127 quod

1888 3147 2070 3190 manet
2125 3137 2180 3191 in
2231 3149 2514 3204 ίιείεηιιιπη,
2566 3139 2632 3194 de
2683 3155 2791 3209 quo
2835 3141 3088 3196 videlicet
3145 3145 3196 3196 in
3245 3145 3480 3201 lectione

1887 3228 2061 3284 sancti
2087 3229 2359 3298 Evangelii
2382 3231 3174 3304 modo,dum32ﬂlcgeretur,
3206 3236 3434 3290 audistis
3459 3256 3474 3290 :

1891 3339 1910 3372 ‹
1943 3323 2083 3392 Quia
2129 3323 2184 3376 in
2231 3323 2498 3392 pzincipio
2540 3335 2658 3378 erat
2707 3325 2960 3390 Verbum,
3005 3336 3058 3380 et
3093 3327 3324 3381 Verbum
3353 3340 3475 3383 erat

1887 3415 2026 3481 apud
2061 3415 2250 3474 Deum,
2297 3424 2350 3468 et
2380 3414 2523 3470 Deus
2550 3424 2668 3468 erat
2703 3415 2932 3470 Verbum
2959 3417 3140 3487 (Jama.
3187 3423 3250 3490 ι).
3291 3441 3308 3471 ι
3368 3421 3474 3476 Sed

1885 3505 1990 3562 hoc
2016 3505 2081 3560 de
2113 3505 2202 3558 illa
2233 3506 2514 3559 nativitate
2544 3506 2748 3560 dictum
2777 3515 2861 3561 est
2888 3523 3008 3578 qua:
3049 3524 3116 3562 cx
3153 3509 3314 3564 Patre
3365 3521 3471 3574 est,

1886 3607 1992 3666 Qua
2015 3597 2268 3654 videlicet
2315 3597 2454 3652 Deus
2480 3599 2619 3666 apud
2659 3599 2827 3652 Deum
2873 3609 2998 3654 ante
3036 3603 3232 3654 Stecula
3259 3604 3472 3656 exstitit

1885 3696 1940 3740 et
1973 3695 2166 3742 cuncta
2211 3703 2276 3740 ex
2315 3687 2481 3741 nihilo
2528 3688 2742 3756 propria
2790 3688 2992 3742 virtute
3042 3691 3266 3744 creavit.
3317 3689 3472 3744 Unde

1885 3795 1990 3833 non
2017 3779 2288 3832 immerito
2315 3777 2518 3832 dictum
2557 3788 2638 3832 est
2668 3797 2680 3832 :
2731 3798 2748 3830 ι
2781 3778 2917 3844 Quia
2963 3781 3140 3833 omnia
3173 3795 3270 3849 per
3297 3781 3471 3849 ipsum

1885 3869 2025 3924 facta
2056 3879 2199 3932 sunt,
2231 3878 2283 3924 et
2323 3869 2438 3924 sine
2485 3871 2599 3938 ipso
2631 3869 2832 3924 factum
2875 3879 2959 3924 est
3005 3871 3140 3924 nihil
3196 3871 3408 3943 (Ibid)
3448 3893 3465 3922 ι

1887 3959 1992 4014 Sed
2034 3959 2125 4031 qui
2177 3962 2470 4014 secundum
2519 3961 2663 4014 illam
2706 3963 3042 4016 nativitatem
3091 3963 3270 4016 omnia
3315 3961 3469 4028 fecit,

1885 4051 2178 4106 secundum
2209 4051 2367 4104 istam
2395 4067 2512 4121 quae
2539 4051 2798 4106 hodierna
2823 4063 2907 4108 est
2934 4053 3046 4123 ipse
3070 4053 3184 4109 fieri
3213 4055 3469 4126 dignatus

1883 4149 1986 4196 est.
2017 4140 2168 4207 Quod
2201 4141 2341 4196 idem
2369 4144 2560 4198 beatus
2581 4145 2908 4216 evangelista
2937 4153 3184 4215 patenter
3213 4147 3465 4211 innotuit,

1883 4249 2004 4289 cum
2057 4243 2180 4304 post
2220 4235 2474 4289 nonnulla
2529 4235 2858 4304 subjunxit:
2909 4256 2926 4286 ε
2971 4235 3222 4303 Verbum,
3269 4239 3463 4306 inquit,

1884 4343 2011 4382 caro
2038 4326 2236 4382 factum
2255 4337 2356 4392 est,
2380 4337 2434 4382 et
2454 4328 2718 4382 habitavit
2747 4329 2800 4382 in
2829 4329 3004 4383 nobis.
3039 4347 3058 4378 ι
3094 4327 3194 4382 Ubi
3222 4327 3468 4397 protinus

1885 4421 2135 4474 additur:
2191 4439 2208 4470 ι
2247 4420 2312 4473 Et
2339 4421 2570 4474 vidimus
2612 4423 2838 4488 gloriam
2863 4419 2998 4487 ejus,
3036 4419 3264 4486 gloriam
3310 4423 3468 4485 quasi

1885 4510 2156 4580 Unigeniti
2197 4527 2226 4564 a
2255 4511 2414 4564 Patre
2446 4509 2658 4580 (Ibid).
2699 4531 2716 4560 ι

1951 4608 2008 4662 In
2037 4619 2264 4677 utraque
2289 4623 2418 4677 ergo
2443 4617 2634 4662 natura
2667 4608 2806 4662 idem
2836 4617 2916 4662 cst
2939 4606 3030 4659 Dei
3057 4607 3242 4664 Filius,
3279 4616 3472 4664 nostra

1881 4699 2183 4767 suscipiens
2221 4711 2274 4750 et
2331 4713 2547 4767 propra
2587 4714 2692 4754 non
2742 4699 3015 4751 amittens.
3068 4697 3191 4764 Qui,
3229 4695 3356 4749 dum
3420 4701 3480 4757 in

1882 4791 2100 4844 homine
2149 4790 2422 4844 hominem
2482 4799 2744 4854 renovat,
2804 4791 2857 4843 in
2904 4803 2964 4842 se
3014 4789 3491 4850 incommutabili,

1883 4891 2218 4949 perseverat.
2253 4881 2394 4935 [-teus
2415 4881 2584 4948 enim,
2611 4883 2702 4952 qui
2737 4891 2791 4936 ut
2825 4897 2920 4936 nos
2943 4883 3182 4952 erigeret
3219 4893 3278 4932 se
3309 4883 3500 4944 mise-

1886 4971 2168 5030 ricorditer
2209 4970 2516 5038 inclinavit,
2561 4991 2658 5030 nos
2698 4972 2912 5043 quidem
2945 4970 2999 5023 in
3045 4986 3199 5027 suam
3247 4969 3514 5042 gloriam

1885 5065 2180 5129 transtulit,
2230 5063 2322 5116 sed
2375 5061 2733 5120 nihilominus
2782 5063 2896 5132 ipse
2947 5061 3002 5113 in
3053 5079 3150 5118 sua
3195 5060 3528 5136 divinita‘.c

1885 5153 2206 5220 permansit.
2229 5152 2398 5208 Nobis
2431 5159 2687 5222 contulit,
2716 5153 2816 5210 sibi
2845 5149 2976 5205 nihil
3016 5151 3228 5207 n'tinuit.
3260 5149 3344 5204 lta
3375 5172 3535 5226 ma-

1886 5258 2024 5312 gnus
2053 5247 2106 5303 in
2133 5249 2308 5303 forma
2337 5241 2456 5306 Dei,
2498 5250 2580 5304 sic
2603 5247 2780 5304 brevis
2807 5245 2859 5298 in
2885 5241 3061 5298 forma
3089 5242 3255 5304 servi,
3298 5253 3360 5296 ut
3395 5265 3539 5316 nec
