3978 5328
499 153 607 217 ατ

1067 153 1124 212 s.
1147 151 1353 211 PETRI
1400 148 1684 211 parum
1718 127 1872 210 ore.
1912 146 2094 210 rans
2134 150 2267 211 seu
2297 148 2535 214 rosus
2571 135 3176 227 infamastis:

3664 149 3779 216 H8

501 284 632 330 caro
652 266 852 328 factum
876 276 983 334 est,
1006 280 1350 339 nequaquam
1378 260 1588 323 debetis
1614 263 1915 353 intelligere
1940 264 2086 335 quod
2114 295 2161 353 Α
2189 280 2311 321 cum
2354 256 2670 327 hominibus
2708 269 3000 328 multarum
3039 270 3374 335 divitiarum,
3409 268 3497 326 vel
3543 276 3779 330 terrena

500 366 559 420 in
580 374 799 418 carnem
829 358 904 415 sit
929 357 1229 415 Deinatura
1243 365 1468 422 mutata,
1495 357 1592 412 sed
1619 356 1763 426 quod
1780 370 1812 410 a
1826 351 2002 411 Verbo
2031 354 2088 408 in

498 451 708 511 unitate
732 462 981 523 personae
1004 460 1076 506 sit
1094 464 1227 506 caro
1254 457 1526 520 suscepta.
1553 448 1751 505 Carnis
1772 455 1954 504 autem
1986 460 2086 502 no-

500 543 646 600 mine
672 540 839 599 homo
865 540 1150 611 accipitur,
1181 555 1304 596 cum
1326 554 1433 610 quo
1454 538 1596 595 intra
1612 537 1849 610 Virginis
1872 536 2085 593 viscera

498 642 688 691 sancto
734 632 939 703 Spiritu
993 630 1301 699 fecundata,
1346 640 1458 687 tam
1504 630 1952 701 inseparabiliter
1987 629 2084 685 Dei

499 723 668 781 Filius
693 732 778 780 est
804 723 1009 790 unitus,
1024 733 1083 778 ut
1104 723 1195 794 qui
1219 731 1339 778 erat
1358 723 1477 778 sine
1500 729 1741 792 tempore
1753 720 1823 776 de
1843 720 2082 777 essentia

499 815 677 872 Patris
722 814 959 885 genitus,
995 813 1111 884 ipse
1161 814 1233 869 sit
1277 812 1647 885 temporaliter
1680 812 1747 869 de
1776 823 1933 867 utero
1958 811 2082 866 Vir-

498 908 639 979 ginis
672 915 853 963 natus.
888 904 995 961 Sed
1028 906 1130 961 hoc
1163 904 1787 961 Dominicaz-nativitatis
1809 902 2083 960 ineﬂ‘abile

497 1006 917 1063 sacramentum,
969 1015 1090 1069 qua:
1128 1012 1279 1053 mens
1307 997 1790 1068 comprehendere,
1824 1012 1944 1068 qua:
1979 996 2083 1052 lin-

497 1102 597 1160 gua
625 1087 804 1143 valeat
835 1086 1065 1156 pleniter
1098 1087 1408 1157 explicare?
1437 1085 1554 1142 Non
1590 1087 1735 1141 enim
1759 1101 1789 1141 a
1815 1087 2081 1158 propheta

497 1181 611 1235 sine
656 1193 819 1234 causa
860 1179 1062 1235 dictqu
1093 1188 1215 1234 est:
1272 1197 1290 1230 ι
1343 1178 1759 1236 Geuerationem
1792 1179 1909 1252 ejus
1956 1182 2079 1251 quis

496 1269 802 1327 enarrabit?
848 1289 867 1321 ι
895 1256 1030 1341 (lsa.
1060 1269 1201 1342 LIII.)

564 1363 885 1434 Postpositis
914 1362 1079 1432 igitur
1117 1362 1204 1418 his
1228 1376 1350 1432 quas
1380 1362 1446 1417 de
1492 1361 1855 1417 sacratissima
1886 1362 2081 1417 nativi-

494 1463 605 1511 tate
648 1452 959 1510 a-Patribus
988 1453 1189 1509 nostris
1230 1451 1390 1508 latius
1418 1450 1686 1522 disputata
1737 1461 1885 1517 sunt,
1927 1451 2077 1519 libet,

493 1534 689 1601 fratres
717 1544 1044 1612 charissimi,
1072 1544 1345 1615 paulisper
1362 1543 1428 1599 ad
1458 1543 1817 1598 humilitatem
1841 1542 2075 1599 Redem-

429 1713 437 1721 ’
490 1746 588 1802 pro
626 1737 812 1786 nostra
839 1728 1015 1784 salute
1039 1728 1149 1795 jam
1187 1714 1249 1782 in
1290 1727 1406 1798 ipsa
1453 1741 1553 1780 sua
1583 1724 1866 1780 nativitate
1894 1732 2078 1795 pertu-

489 1821 633 1888 terit,
680 1820 951 1877 communi
988 1820 1265 1874 vobiscum
1308 1816 1640 1872 discussione
1667 1830 1914 1885 pensare.
1946 1814 2078 1882 Quis

489 1913 632 1968 enim
660 1911 819 1983 digne
845 1909 1033 1965 mirari
1062 1908 1271 1964 valeat?
1292 1906 1424 1975 Quis
1448 1922 1554 1962 non
1569 1906 1911 1977 Obstupescat
1935 1907 2078 1976 quod

489 2020 557 2070 ts,
586 2004 680 2075 qui
726 2001 851 2059 εαξιί
906 2001 1269 2057 immensitate
1305 2015 1411 2054 non
1457 1999 1689 2069 capitur,
1747 1998 1800 2052 in
1848 2008 2077 2069 angusto

487 2093 751 2165 praesepio
772 2090 1103 2147 reclinatur?
1138 2089 1242 2158 Qui
1284 2088 1488 2145 electos
1524 2104 1652 2145 suos
1682 2087 1819 2144 stola
1850 2088 2075 2143 immor-

488 2182 713 2239 talitatis
745 2180 938 2245 induit,
972 2179 1168 2236 vilibus
1201 2179 1394 2250 pannis
1442 2177 1651 2249 contegi
1683 2192 1791 2233 non
1838 2187 2080 2234 contem-

486 2275 614 2344 psit.
660 2271 715 2327 In
763 2271 1022 2326 stramine
1060 2269 1306 2326 recubuit
1331 2268 1644 2323 animalium
1675 2268 1768 2338 qui
1803 2267 1957 2323 cibus
1994 2274 2080 2322 est

487 2366 824 2437 angelorum.
856 2362 956 2432 Qui
981 2363 1213 2419 marium
1246 2360 1512 2434 procellas
1528 2362 1756 2434 mitigat,
1791 2362 1883 2433 qui
1906 2376 2077 2432 aqua-

486 2474 608 2515 rum
638 2456 1024 2514 abundantiam
1048 2454 1360 2511 ﬂuminibus
1382 2452 1782 2523 subministrat,
1817 2471 1971 2511 raras
2011 2456 2078 2511 de

486 2551 730 2622 virgineo
765 2559 984 2620 pectore
1006 2556 1189 2621 guttas
1215 2547 1375 2602 lactis
1402 2554 1705 2617 exspectat.
1739 2546 2075 2617 Exprimitur

484 2642 570 2695 lac
595 2654 663 2695 ex
689 2638 945 2693 uberibus
970 2636 1206 2709 Virginis
1236 2645 1294 2693 et
1332 2635 1387 2691 in
1423 2651 1648 2692 carnem
1676 2636 1909 2691 vertitur
1952 2635 2073 2691 Sal-

484 2732 710 2787 vatoris.
748 2729 900 2785 Felix
952 2729 1052 2784 ista
1114 2743 1401 2801 puerpera,
1454 2743 1575 2798 qua:
1629 2727 1710 2783 sic
1765 2727 1962 2798 gaudet
2007 2727 2076 2783 de

482 2821 815 2879 fecunditate
842 2820 1030 2891 prolis,
1055 2829 1112 2874 ut
1138 2834 1479 2889 nequaquam
1503 2818 1678 2873 doleat
1699 2819 1765 2874 de
1786 2819 2076 2875 amissione

482 2912 848 2984 virginitatis;
888 2926 1009 2982 qua:
1053 2910 1199 2966 illum
1252 2911 1471 2967 fovebat
1522 2926 1554 2965 a
1600 2926 1708 2980 quo
1749 2909 2071 2977 fovebatur;

2187 356 2487 426 sapientiae,
2514 369 2609 414 aut
2642 374 2925 430 generosa:
2959 360 3279 427 nobilitatis,
3305 363 3401 419 sed
3444 375 3572 416 cum
3601 360 3781 417 homi-

2187 447 2346 504 nibus
2374 448 2530 505 bome
2552 450 2866 509 voluntatis.

2255 538 2600 600 Gaudeamus
2630 544 2836 615 itaque,
2861 543 3222 610 dilectissimi,
3238 551 3293 599 et
3316 543 3445 599 totis
3467 542 3523 598 in
3545 542 3780 599 Domino

2185 631 2485 690 visceribus
2515 633 2871 701 delectemur,
2894 636 3019 706 quia
3045 635 3293 692 Christus
3316 628 3421 707 pax
3444 642 3660 700 nostra,
3687 636 3780 705 qui

2184 723 2313 782 fecit
2341 735 2571 798 utraque
2620 744 2788 783 unum
2817 727 3034 799 (Ephes.
3082 728 3166 800 ιι),
3211 726 3411 783 idcirco
3457 726 3624 783 hodie
3655 710 3781 782 visi~

2186 827 2303 874 tare
2333 818 2584 890 dignatus
2608 827 2695 875 est
2726 819 2986 874 mundum
3024 827 3084 873 ttt
3119 819 3364 873 homines
3398 817 3560 873 bona:
3584 816 3775 872 volun-

2184 907 2313 962 tatis
2339 906 2599 978 perducat
2642 909 2710 963 ad
2759 909 3094 965 consortium
3122 908 3357 965 deitatis.
3390 906 3493 976 Qui
3520 906 3781 962 videlicet

2184 1007 2415 1067 utraque
2460 1013 2625 1053 unum
2663 998 2810 1065 fecit,
2844 999 2969 1070 quia
3016 998 3262 1054 homines
3303 1014 3427 1053 cum
3467 997 3682 1069 angelis
3724 997 3777 1052 in

2185 1102 2434 1158 supernae
2463 1086 2798 1144 Hierusalem
2851 1089 2998 1144 socia
3038 1088 3439 1143 cobabitatione
3470 1087 3777 1157 conjunxit.

2184 1180 2432 1252 Utraque
2466 1197 2633 1237 unum
2682 1181 2833 1248 fecit,
2875 1182 2999 1251 quia
3027 1195 3209 1243 ovem,
3237 1195 3355 1249 qua:
3397 1178 3666 1249 perierat,
3711 1180 3780 1232 ad

2181 1286 2399 1342 gregem
2446 1273 2683 1342 propriis
2716 1272 2959 1328 humeris
3011 1272 3303 1342 reportavit
3333 1259 3554 1341 (Matth.
3591 1267 3773 1337 xvttt).

2178 1362 2335 1418 Jesus
2379 1362 2629 1419 Christus
2669 1363 2929 1419 Dominus
2972 1373 3177 1426 noster,
3204 1360 3296 1431 qui
3347 1375 3468 1415 cum
3519 1358 3683 1412 Patre
3722 1366 3778 1412 et

2181 1453 2389 1524 Spiritu
2420 1465 2609 1512 saneto
2635 1456 2844 1510 vivitet
2872 1463 3063 1527 regnat
3105 1454 3422 1509 benedictus
3465 1451 3521 1507 in
3573 1450 3774 1505 mula

2143 1573 2146 1577 ’
2185 1547 2528 1603 smculorum.
2572 1548 2764 1603 Amen.

492 1641 661 1713 ptoris
685 1640 877 1707 nostri,
900 1638 1190 1695 locutionis
1219 1636 1508 1717 articulum
1552 1635 1793 1701 ﬂectere,
1844 1645 1900 1690 et
1944 1635 2073 1706 quid
2105 1649 2151 1711 Β

2385 1702 2533 1775 (us)
2571 1700 2886 1760 ANONYMI
2920 1700 3303 1759 CUJUSPIAM
3336 1698 3573 1758 SERMO

2181 1829 2247 1869 υε
2278 1829 2608 1870 ΝΑΤΙἫΤΔΤΕ
2630 1830 2954 1871 SALVATORIS
2986 1830 3053 1870 ΕΤ
3078 1830 3383 1871 Ριυεοιλιιιε
3413 1828 3700 1870 ιιιιλεῑιις
3722 1828 3773 1868 IN

2597 1901 2665 1941 ss
2686 1901 2891 1942 rxcrts.
2912 1888 3042 1959 (xxv
3073 1887 3327 1956 osseus.)

2249 1994 2364 2051 Non
2384 1998 2583 2067 poterit
2603 1996 2861 2068 explicari
2887 2013 3135 2054 sermone
3154 1997 3298 2068 quod
3320 2006 3501 2053 mente
3525 1998 3770 2066 concepi,

2177 2099 2367 2160 stupor
2392 2091 2537 2144 enim
2562 2090 2951 2146 miraculorum
2972 2090 3228 2161 opprimit
3245 2106 3351 2156 me,
3362 2099 3418 2146 et
3437 2089 3569 2145 dum
3588 2091 3771 2146 omnia

2181 2181 2401 2251 replico,
2416 2180 2595 2236 omnia
2632 2181 3064 2252 complicantur:
3101 2200 3119 2235 ι
3155 2181 3286 2250 Quis
3309 2184 3507 2254 poterit
3528 2184 3771 2253 cogitare

2178 2271 2322 2327 diem
2353 2272 2616 2328 adventus
2642 2272 2802 2343 ejus?
2832 2292 2850 2326 ι
2883 2272 3140 2343 (Malach.
3166 2273 3273 2345 tu.)
3300 2274 3420 2329 Ideo
3447 2273 3509 2328 ﬁt
3539 2274 3772 2345 elinguis

2178 2362 2386 2433 lingua,
2418 2362 2680 2418 memoria
2712 2362 3019 2431 immemor,
3040 2364 3372 2425 insensibilis
3415 2380 3635 2421 sensus.
3688 2365 3773 2420 ln-

2176 2462 2326 2509 sueta
2390 2452 2673 2509 uativitate
2721 2454 2963 2510 relucent
3011 2454 3213 2518 omnia,
3263 2463 3321 2509 et
3357 2454 3541 2510 omnia
3588 2455 3766 2523 partui

2177 2545 2416 2616 Virginis
2445 2545 2839 2617 obsequuntur.
2877 2545 3044 2601 Fiunt
3075 2546 3347 2603 mirabilia
3374 2548 3428 2603 in
3475 2546 3621 2604 ccclo
3651 2563 3768 2602 sur—

2177 2651 2319 2702 sum,
2355 2645 2410 2691 ct
2438 2637 2492 2691 in
2523 2645 2669 2692 terra
2705 2637 2981 2704 deorsum,
3016 2648 3072 2695 et
3094 2639 3344 2694 universa
3391 2638 3446 2693 in
3492 2639 3768 2695 nascentis

2177 2726 2272 2782 Dei
2321 2726 2641 2797 obsequium
2684 2727 3025 2797 iuraverunt.
3095 2727 3467 2797 lnsigniuntur
3516 2746 3762 2785 convexa

2175 2817 2435 2874 cmlorum
2490 2819 2643 2874 stella
2700 2819 3021 2886 lucentiori,
3074 2829 3131 2875 et
3175 2820 3340 2876 multo
3390 2821 3600 2878 lumine
3652 2823 3765 2876 loca

2176 2907 2507 2964 ﬂammantia
2544 2911 3005 2982 prestringuutur.
3063 2910 3441 2967 Diﬂ'uuduntur
3478 2929 3578 2983 per
3604 2913 3767 2984 326

482 3003 635 3059 illum
663 3003 719 3058 in
744 3003 883 3058 ulnis
910 3002 1158 3075 gestabat
1184 2988 1217 3057 a
1242 3017 1350 3073 quo
1397 3002 1558 3057 totius
1587 3002 1771 3057 mundi
1818 3002 2066 3057 machina
2096 2999 2142 3063 C
2172 2999 2533 3070 quadriﬂdum
2561 3001 2747 3056 orbem
2789 3002 2925 3056 radii
2972 3002 3363 3069 rutilantiores,
3392 3012 3450 3058 et
3479 3004 3763 3074 pluralita-

484 3096 814 3153 continetur.
844 3094 1140 3165 Stringitur
1166 3110 1196 3149 a
1235 3101 1407 3150 matre
1430 3093 1728 3164 puerilibus
1760 3093 1940 3149 fasciis
1994 3093 2076 3152 iu-

388 3178 391 3187 }
484 3187 726 3246 fantulus
740 3188 834 3259 qui
862 3203 985 3243 cum
1002 3186 1164 3242 Patre
1190 3186 1434 3243 omnium
1464 3202 1645 3240 rerum
1663 3185 1789 3257 jura
1812 3185 2076 3258 gubernat

483 3285 804 3339 immensus.

556 3372 600 3428 Ο
628 3380 831 3442 quanta
867 3379 995 3425 tunc
1023 3378 1179 3426 erant
1207 3385 1393 3442 regum
1426 3369 1609 3425 mttndi
1664 3369 1857 3424 turrita
1911 3368 2073 3441 325

483 3463 707 3535 palatia,
732 3473 932 3533 quanta
966 3463 1120 3519 miris
1167 3463 1434 3534 lapidibus
1475 3471 1666 3517 ornata
1715 3461 1981 3518 triclinia!
2021 3472 2077 3517 ct

483 3565 665 3611 tamen
689 3555 870 3610 omnia
905 3554 994 3611 illa
1023 3554 1369 3625 contempsit,
1395 3553 1487 3624 qui
1522 3553 1843 3623 praesepium
1879 3554 1946 3609 ad
1975 3568 2071 3607 cu-

484 3647 682 3705 nabula
710 3663 821 3703 suzc
858 3647 1156 3702 nativitatis
1180 3645 1363 3717 elegit.
1379 3644 1507 3701 .Non
1539 3644 1711 3701 lectos
1736 3645 1891 3714 petiit
1916 3658 2076 3698 aura-

485 3739 558 3796 tis
585 3739 830 3795 vestibus
847 3738 1074 3802 obsitos,
1105 3752 1214 3792 non
1236 3750 1492 3807 purpura,
1511 3735 1595 3791 vel
1620 3735 1779 3806 pictis
1806 3735 2075 3806 tapetibus

489 3831 821 3896 adornatos;
846 3831 942 3886 sed
971 3830 1025 3885 in
1049 3827 1300 3886 catabulo
1326 3827 1575 3883 recubuit
1614 3826 1953 3892 animalium,
1980 3825 2075 3897 qui

487 3923 789 3979 innumeris
813 3922 1043 3977 vallatur
1071 3922 1383 3993 angelorum
1409 3920 1745 3990 agminibus;
1795 3919 1950 3989 dejici
1982 3934 2077 3973 vo-

486 4013 593 4071 luit
618 4022 677 4071 ttt
715 4029 814 4070 nos
853 4014 920 4068 ad
955 4028 1168 4070 summa
1206 4014 1562 4084 proveheret;
1613 4028 1819 4084 pauper
1867 4013 1922 4067 in
1973 4013 2077 4067 hoc

488 4107 693 4164 mundo
719 4105 896 4162 factus
920 4115 1025 4167 est.
1056 4114 1118 4161 ut
1145 4120 1245 4161 nos
1265 4105 1574 4160 divitiarum
1603 4120 1821 4163 suarum
1854 4105 2077 4175 partici-

482 4214 584 4271 pes
607 4197 907 4259 exhiberet.

556 4288 709 4345 Hanc
771 4286 1147 4358 Redemptoris
1205 4285 1373 4343 nostri
1423 4284 1823 4351 humilitatem,
1861 4285 2077 4343 .t‘ratres

2177 3101 2282 3146 tem
2313 3089 2674 3148 stellariorum
2726 3090 2931 3163 ignium
2959 3108 3130 3147 novus
3164 3093 3303 3163 ignis
3345 3092 3620 3148 obtundit.
3666 3094 3763 3148 hli-

2175 3194 2327 3239 ratur
2353 3167 2503 3240 orbis
2555 3185 2723 3241 ctelos
2772 3200 2971 3241 novum
3014 3186 3286 3256 peperisse
3314 3186 3682 3256 splendorem,
3710 3197 3764 3240 et

2173 3275 2639 3332 inconvertibilem
2668 3292 2854 3333 eorum
2885 3286 3086 3332 statum
3128 3278 3195 3332 ad
3224 3279 3379 3348 signa
3434 3287 3495 3332 et
3520 3278 3760 3349 prodigia

2174 3365 2340 3422 fuisse
2384 3382 2724 3422 conversum.
2775 3367 2971 3424 Vident
3013 3366 3249 3422 Chaldmi
3303 3368 3356 3422 in
3399 3368 3580 3432 ctelis,
3622 3370 3760 3438 quod

2170 3458 2390 3512 Balaam
2423 3458 2638 3529 reliquit
2667 3458 2721 3514 in
2749 3460 3003 3530 scriptis:
3061 3479 3078 3511 ι
3109 3458 3327 3514 Orietttr
3367 3460 3566 3530 inquit,
3608 3464 3757 3515 stella

2173 3564 2242 3603 ex
2269 3546 2460 3613 Jacob,
2488 3557 2543 3603 et
2573 3558 2864 3620 consurget
2889 3548 3051 3604 homo
3080 3561 3147 3603 ex
3178 3548 3434 3614 lsrael,et
3457 3549 3568 3604 erit
3585 3549 3759 3604 omnis

2178 3648 2321 3694 terra
2343 3639 2614 3709 possessio
2637 3637 2754 3708 ejus
2778 3637 2970 3711 (Num.
3011 3639 3180 3711 xxiv).
3203 3659 3220 3693 ι
3248 3638 3502 3695 Nascitur
3527 3640 3688 3696 stella
3707 3639 3757 3693 iu

2173 3728 2425 3795 excelsis,
2458 3740 2515 3786 et
2536 3728 2680 3785 Deus
2727 3731 2782 3785 in
2830 3731 3015 3794 terris,
3047 3730 3201 3800 cujus
3228 3732 3504 3802 possessio
3547 3747 3581 3786 a
3624 3731 3758 3787 mari

2175 3838 2345 3895 usque
2369 3823 2437 3879 ad
2463 3839 2632 3880 mare.
2662 3822 2979 3895 Prteparant
3001 3840 3062 3882 se
3086 3840 3241 3897 reges
3265 3825 3513 3891 Tharsis,
3553 3811 3757 3881 ut'cutn

2174 3916 2418 3972 novitate
2444 3930 2725 3971 munerum
2753 3916 2977 3973 videant
2999 3932 3198 3973 novatn
3243 3927 3498 3980 matrem,
3527 3916 3630 3972 ﬁlii
3666 3933 3761 3972 no-

2173 4022 2298 4062 vam
2323 4006 2688 4064 nativitatem.
2729 4006 2876 4063 Fons
2896 4007 3002 4064 olei
3025 4007 3092 4065 de
3118 4017 3260 4064 terra
3286 4008 3547 4078 erumpit.
3596 4006 3757 4062 Tem-

2175 4101 2319 4172 plum
2371 4099 2577 4165 Romaa,
2632 4101 2776 4170 quod
2829 4102 3126 4157 vocabatur
3175 4108 3463 4169 eternum,
3532 4100 3759 4163 corruit.

2175 4193 2426 4250 omnibus
2451 4194 2711 4265 impensis
2735 4201 2792 4250 et
2829 4193 2987 4251 Urbis
3037 4202 3093 4250 et
3116 4194 3273 4269 orbis,
3285 4194 3615 4250 mirabiliter
3638 4208 3761 4250 con-

2160 4297 2523 4341 summatum.
2565 4284 2700 4341 Cum
2725 4285 2872 4342 enim
2895 4284 3126 4342 Romani
3158 4288 3213 4341 in
3260 4286 3576 4342 victoriosa:
3614 4285 3759 4341 anti-

482 4378 817 4443 charissimi,
849 4386 960 4432 tota
1004 4376 1173 4432 animi
1225 4375 1662 4432 consideratione
1711 4376 2068 4447 perpendite;
2101 4370 2151 4431 D
2175 4377 2397 4447 quitatis
2422 4379 2735 4433 memoriam
2780 4377 3034 4449 templum
3074 4375 3336 4447 singulari
3369 4376 3653 4432 schemate
3676 4375 3761 4430 las

481 4473 624 4528 hanc
667 4469 895 4527 solerter
922 4467 1124 4524 habere
1151 4477 1363 4533 curate,
1408 4468 1594 4523 mundi
1644 4467 1873 4540 gloriam
1919 4484 2070 4540 sper-

479 4564 613 4629 nite,
645 4577 912 4635 pauperes
945 4576 1067 4617 esse
1087 4577 1210 4616 cum
1231 4561 1450 4617 Christo
1476 4576 1633 4616 veras
1658 4561 1876 4618 divitias
1900 4562 2068 4633 depu-

478 4662 611 4710 tate.
644 4652 984 4709 Sacriﬁcium
1017 4651 1130 4707 Deo
1166 4651 1322 4707 bonae
1364 4650 1656 4729 voluntatis
1695 4649 1895 4707 oﬂ'erre
1920 4660 2082 4708 sata-‘

442 4794 447 4797 ,
478 4745 611 4815 gito,
637 4744 684 4802 si
710 4743 766 4799 in
795 4752 1084 4814 conspectu
1110 4740 1227 4810 ejus
1248 4741 1410 4797 vultis
1430 4741 1545 4803 veri
1566 4741 2065 4821 divitesapparere.

473 4833 722 4888 Audistis
760 4833 906 4887 enim
975 4833 1103 4904 quia
1138 4832 1296 4887 hodie
1344 4840 1472 4887 nato
1501 4832 1729 4889 Domino
1757 4833 1931 4888 sancti
1970 4849 2069 4888 au-

474 4919 579 4991 geli
608 4930 967 4976 cantaverunt
990 4940 1006 5001 ς
1039 4942 1058 4975 ι
1079 4922 1259 4979 Gloria
1287 4924 1340 4978 in
1363 4912 1592 4981 excelsis
1613 4924 1746 4990 Deo,
1767 4933 1821 4978 et
1845 4923 1899 4978 in
1926 4932 2068 4980 terra

474 5027 584 5086 pax
643 5011 953 5068 hominibus
998 5014 1153 5069 bonae
1205 5015 1500 5093 voluntatis
1546 5016 1697 5087 (Luc.
1724 5019 1807 5088 υ).
1835 5036 1853 5070 ι
1896 5016 2069 5075 Hodie

475 5104 679 5177 quippe
703 5116 809 5174 pax
834 5101 944 5157 Deo
977 5118 1100 5158 cum
1134 5104 1446 5161 hominibus
1494 5106 1636 5162 facta
1685 5116 1790 5176 est,
1822 5109 1915 5164 sed
1958 5125 2066 5164 non

551 5234 1450 5328 ξι¹ἓζὲ¹9ἕξίὶῐὶὲίν91ηεηξξεεξ.
1471 5241 1938 5328 “semicrudi!
1978 5258 2065 5300 εει

2173 4486 2299 4527 cere
2326 4470 2709 4532 decrevissent,
2749 4469 2819 4525 ab
2858 4470 3004 4525 omni
3036 4468 3123 4523 illa
3150 4468 3531 4535 deorum,imo
3557 4469 3757 4524 daemo-

2177 4562 2389 4616 niorum
2438 4559 2785 4615 multitudine
2835 4560 3183 4628 quaesierunt,
3226 4572 3515 4629 usquequo
3565 4559 3761 4614 durare

2172 4662 2358 4726 posset
2403 4663 2511 4710 tam
2555 4652 2870 4709 excelientis
2910 4653 3090 4722 operis
3126 4665 3359 4723 operosa
3401 4651 3758 4707 constructio.

2173 4746 2508 4816 Responsum
2533 4752 2617 4800 est
2644 4762 2657 4797 :
2683 4743 2867 4799 Donec
2900 4740 3060 4814 Virgo
3089 4752 3327 4813 pareret.
3357 4743 3435 4798 Illi
3460 4744 3531 4799 ad
3556 4743 3755 4814 impos-

2171 4838 2482 4895 sibilitatem
2520 4832 2801 4892 oraculum
2853 4842 3251 4903 retorquentes,
3299 4832 3560 4904 templum
3598 4840 3755 4889 ater-

2170 4943 2300 4984 num
2331 4926 2634 4996 solemnem
2654 4925 2801 4979 illam
2847 4924 3154 4980 machinam
3186 4934 3541 4981 vocaverunt.
3589 4924 3753 4979 Nocte

2169 5029 2350 5075 autem
2378 5011 2500 5082 ista.
2536 5034 2658 5074 cum
2692 5019 2759 5073 de
2783 5016 3032 5089 virginali
3078 5017 3316 5072 thalamo
3356 5014 3755 5086 virgineusﬂos

2168 5110 2350 5167 Mariae
2373 5126 2624 5181 egressus
2665 5119 2768 5178 est,
2815 5110 2893 5166 ita
2935 5108 3154 5175 cecidit,
3193 5116 3254 5164 et
3299 5106 3754 5164 confractumest

2166 5240 2485 5328 Damianum
2510 5244 2788 5328 octoginta
2833 5241 3171 5328 anuisdiem
3218 5238 3615 5328 obiit,.n_ieutio
3649 5238 3752 5328 ita:
