3978 5328
208 293 327 350 869·

1663 281 1894 341 SERMO
1932 283 2065 338 LXI.

3342 267 3445 326 850

213 406 343 460 illud
371 402 575 459 murale
625 409 679 456 et
702 399 1066 457 columnatum
1099 413 1254 469 opus,
1284 406 1342 452 ut
1372 398 1456 462 vix
1483 399 1857 468 appareantA
1883 395 2120 466 pietatis.
2175 393 2316 450 Puer
2363 392 2595 457 Domini,
2646 390 2712 445 de
2760 403 2866 460 quo
2928 386 3260 456 frequentius
3312 365 3450 439 facio

211 498 440 562 vestigia
465 496 767 551 ruinarum.

286 586 330 642 Ο
359 583 663 640 Bethleem!
693 583 882 638 civitas
923 581 1017 636 Dei
1059 582 1274 645 summi,
1325 591 1380 637 et
1425 583 1478 636 in
1509 591 1584 646 te,
1631 590 1684 637 et
1732 581 1785 635 in

213 675 488 733 suburbiis
535 675 638 730 tuis
666 673 782 729 visa
809 681 934 728 sunt
962 671 1226 729 mirabilia
1270 673 1446 728 hodie.
1478 675 1619 729 Deus
1651 687 1785 742 pen-

214 763 310 820 det
337 763 405 818 ab
433 763 706 829 uberibus,
739 763 958 833 ponitur
993 764 1045 817 in
1076 778 1336 834 praesepe,
1365 764 1560 833 ligatur
1595 765 1649 819 in
1693 780 1788 820 cu-

215 856 324 919 nis,
360 856 550 924 pannis
599 853 908 917 involvitur,
959 861 1014 908 et
1062 853 1254 908 laxatis
1301 853 1556 918 fasciolis,
1609 853 1789 908 felices

217 960 430 1006 manus.
463 953 518 998 et
543 952 729 998 sancta
757 943 1030 998 brachiola
1061 958 1157 1013 per
1181 954 1437 998 cunarum
1469 945 1787 1013 parvitatem

216 1034 493 1104 expandit.
526 1033 724 1087 Alludit
749 1033 963 1104 virgini,
997 1034 1153 1088 matri
1182 1034 1403 1097 arridet,
1429 1045 1484 1089 et
1509 1034 1788 1090 blandien-

218 1132 304 1178 tes
349 1122 534 1178 oculos
589 1121 656 1176 ad
707 1121 929 1176 Mariam
975 1123 1267 1192 intorquet.
1327 1122 1447 1176 Stat
1505 1123 1789 1194 perterrita

216 1214 386 1270 tantis
422 1212 692 1268 miraculis
738 1213 920 1284 regina
951 1213 1230 1274 coriorum.
1279 1213 1488 1269 confert
1530 1215 1583 1268 in
1631 1213 1793 1270 corde

216 1320 318 1360 suo
371 1302 744 1358 salutationem
799 1303 1151 1373 archangeli,
1203 1304 1609 1374 conceptionem
1663 1303 1787 1367 Dei,

217 1394 559 1450 nativitatem
613 1395 796 1463 pueri;
847 1401 904 1448 et
962 1394 1190 1448 miratur
1223 1395 1364 1464 quod
1411 1394 1519 1460 ille,
1571 1395 1662 1466 qui
1714 1394 1792 1450 sic

215 1484 399 1553 potuit
425 1481 490 1536 ad
518 1497 616 1536 nos
645 1481 849 1546 venire,
879 1481 959 1536 sic
985 1481 1152 1537 voluit
1183 1483 1489 1537 subvenire.

287 1571 458 1626 Adest
497 1579 552 1626 et
581 1570 800 1640 Ioseph;
837 1572 930 1626 sed
984 1573 1056 1628 ab
1102 1581 1330 1642 utroque
1359 1583 1619 1638 remotus,
1645 1581 1699 1628 et
1738 1573 1790 1627 in

217 1676 448 1716 excessu
478 1662 672 1716 mentis
719 1662 968 1729 miratur,
997 1671 1052 1717 et
1089 1663 1270 1718 mirari
1301 1664 1433 1718 satis
1459 1680 1565 1718 non
1593 1671 1790 1734 potest,

217 1749 452 1820 qualiter
471 1749 543 1803 sit
576 1751 642 1805 ad
669 1759 827 1806 tanta:
858 1751 1184 1823 dignationis
1213 1754 1484 1809 admissus
1512 1741 1790 1808 arcanum.
1825 1741 1867 1799 Β

216 1841 384 1895 Adest
399 1840 684 1896 multitudo
695 1842 929 1898 caelestis
947 1844 1217 1899 exercitus
1230 1853 1282 1899 et
1297 1845 1514 1900 vocibus
1527 1845 1791 1916 gloriosis,

219 1928 402 1984 Gloria
433 1931 488 1984 in
524 1930 738 1986 excelsis
781 1931 890 1987 Deo
943 1933 1161 1988 auditur
1208 1933 1360 2006 (Luc.
1405 1937 1488 2006 tt).
1541 1936 1795 1990 Pastores

217 2020 464 2087 veniunt,
499 2022 837 2077 etinveniunt
879 2038 1102 2095 puerum
1154 2033 1208 2079 et
1247 2025 1495 2095 puellam.
1546 2025 1794 2081 Procedit

218 2110 392 2175 stella,
427 2125 582 2181 reges
607 2113 890 2178 accedunt,
934 2114 1167 2168 adorant
1203 2114 1393 2180 lilium,
1440 2124 1670 2170 matrem
1699 2130 1792 2171 ve-

221 2209 520 2263 nerantur,
591 2201 822 2256 offerunt
882 2219 1128 2269 munera,
1190 2204 1442 2259 deferunt
1526 2203 1794 2272 majestati

221 2289 437 2361 (Matth.
466 2291 550 2361 tt).
588 2292 874 2347 Cruciatur
899 2293 1166 2358 Herodes,
1197 2293 1568 2365 Hierosolyma
1613 2295 1796 2349 turba-

222 2393 332 2448 tur,
367 2385 712 2453 requiruntur
739 2385 959 2448 Scribaz,
987 2385 1138 2440 locus
1157 2385 1502 2456 praedicitur;
1526 2385 1797 2440 inducitur

221 2473 514 2539 simulatio,
566 2474 848 2529 simulator
895 2475 961 2528 ad
1016 2475 1241 2529 nihilum
1297 2476 1599 2541 deducitur,
1649 2479 1798 2532 dete—

219 2573 420 2633 guntur
463 2573 767 2619 commenta
817 2563 1082 2620 fraudum.
1136 2564 1272 2636 Magi
1304 2581 1400 2636 per
1443 2567 1602 2622 aliato
1652 2569 1794 2620 viam

220 2666 586 2721 revertuntur,
639 2672 742 2727 pax
799 2655 1039 2712 inaudita
1095 2672 1126 2712 a
1181 2658 1378 2712 saeculo
1430 2665 1638 2728 regnat,
1676 2658 1796 2712 uni-

220 2761 412 2804 versus
451 2749 598 2805 orbis
661 2749 726 2803 ad
794 2763 1016 2804 censum
1079 2748 1420 2816 describitur,
1492 2749 1640 2803 rivus
1693 2749 1796 2804 olei

221 2840 288 2892 de
315 2848 457 2894 terra
488 2840 763 2908 persudat,
795 2850 849 2896 et
894 2841 947 2894 in
972 2841 1194 2896 divitem
1219 2856 1409 2896 venam
1446 2839 1622 2910 liquor
1669 2857 1794 2897 san-

221 2930 490 2984 ctificatus
520 2930 728 2987 ebullit.
997 2987 999 2990 .

292 3020 431 3086 Quid
459 3021 684 3086 esthoc,
727 3021 986 3091 nisi'quia
1016 3037 1143 3076 vera
1183 3038 1288 3093 pax
1340 3024 1396 3079 in
1429 3023 1586 3079 terris
1631 3039 1794 3095 appa-

220 3109 352 3174 ruit,
386 3109 489 3164 nisi
518 3112 640 3179 quia
673 3112 739 3166 ad
770 3128 1059 3181 supernum
1094 3129 1314 3184 regnum
1345 3115 1490 3169 cives
1517 3116 1798 3170 ascribun-

223 3209 332 3266 tur,
359 3201 463 3255 nisi
485 3203 611 3270 quia
638 3201 756 3257 fons
785 3203 1168 3258 misericordia:
1204 3205 1271 3258 de
1297 3203 1515 3274 Virgine
1557 3216 1794 3271 emanat,

220 3293 401 3348 oleum
459 3292 686 3348 ell'usum
734 3309 926 3349 nomen
967 3295 1160 3349 tuum?
1210 3294 1386 3365 (Cant.
1434 3297 1498 3365 ι.)
1564 3297 1797 3366 Spiritus

222 3393 450 3436 sanctus
479 3382 774 3452 Scriptura:
803 3384 960 3438 istius
1000 3399 1161 3448 unus,
1186 3394 1238 3438 et
1261 3386 1453 3440 unicus
1482 3386 1797 3450 fabricator,

222 3471 539 3527 nonnullam
563 3487 673 3527 suae
699 3473 1038 3544 pinguedinis
1064 3473 1400 3528 dulcedinem
1439 3476 1537 3530 sub
1561 3475 1664 3530 hoc
1710 3490 1801 3529 ca-

221 3562 394 3632 pitulo
421 3563 726 3633 dereliquit.
759 3563 864 3618 Sed
889 3579 984 3619 vos
1017 3566 1295 3620 nocturnis
1321 3566 1515 3636 vigiliis
1554 3568 1626 3621 ita
1655 3566 1801 3623 defa-

224 3656 380 3726 tigati
409 3657 561 3723 estis,
594 3667 653 3712 ut
676 3659 763 3712 vix
792 3660 1010 3728 possitis
1035 3675 1284 3715 somnum
1320 3662 1387 3716 ab
1417 3663 1588 3718 oculis
1625 3678 1802 3719 remo-

225 3759 370 3798 vere.
423 3745 685 3815 Evigilate
709 3755 890 3802 tamen
917 3748 1204 3818 paulisper,
1240 3760 1291 3805 et
1321 3752 1493 3806 somni
1530 3761 1800 3822 torporem

187 3884 190 3886 .
224 3835 487 3890 excutite.
517 3835 680 3906 327
709 3838 897 3893 Aderit
945 3838 1054 3904 ille,
1088 3841 1153 3894 de
1199 3839 1352 3908 cujus
1395 3843 1678 3897 nativitate
1725 3842 1803 3898 lo-

224 3926 467 3995 qnimur,
500 3927 845 3982 ntilluminet
891 3928 1076 3983 oculos
1118 3939 1352 3997 nostros,
1383 3947 1450 3987 ne
1489 3933 1797 3989 obdormia-

223 4031 366 4070 mus.
413 4015 583 4072 Totus
610 4026 788 4072 autem
833 4020 1113 4074 sententia:
1153 4036 1346 4077 sensus
1392 4037 1456 4076 ex
1505 4022 1647 4079 illius
1677 4039 1800 4078 area

226 4109 584 4175 mutuabitur,
637 4109 788 4178 cujus
837 4111 1120 4166 consilium
1168 4123 1252 4167 est
1306 4114 1460 4182 quasi
1516 4115 1800 4170 consilium

225 4199 344 4253 Dei.
383 4198 503 4267 Ipse
529 4199 615 4254 ille
661 4209 743 4254 est
773 4199 1031 4256 Dominus
1067 4202 1316 4256 videlicet
1348 4202 1800 4272 Clartevallensis,
1853 4217 1856 4220 '

223 4291 382 4358 cujus
430 4289 617 4360 religio
658 4299 713 4344 et
757 4291 1028 4354 discretio,
1072 4291 1333 4360 sapientia
1376 4301 1432 4346 et
1473 4295 1799 4363 eloquentia,

223 4381 338 4434 vita
366 4389 422 4435 et
461 4379 602 4438 fama
647 4395 742 4452 per
786 4391 952 4437 totam
1002 4381 1348 4438 Latinitatem
1395 4399 1500 4438 non
1531 4385 1802 4439 immerito

223 4471 495 4537 decurrit;
523 4471 752 4526 libenter
783 4473 926 4525 enim
969 4471 1112 4526 illius
1136 4472 1380 4527 sarcinas
1426 4473 1590 4529 adoro
1631 4473 1802 4545 (116).

224 4560 335 4617 Sed
358 4563 428 4618 ad
465 4562 798 4633 propositum
830 4572 1184 4618 revertamur.

1837 4439 1884 4497 D

1889 487 2236 551 mentionem,
2284 484 2351 539 ad
2401 484 2542 554 regis
2589 480 2890 536 cubiculum
2936 477 3291 539 introductus,
3344 475 3452 529 duo

1888 582 2042 652 quasi
2088 580 2400 635 sublimiora
2435 576 2501 630 de
2540 575 2706 644 ipsius
2732 589 2826 627 ore
2871 569 3167 626 divinitatis
3194 567 3396 622 audivit
3431 579 3449 620 :

1893 691 1910 722 ε
1947 671 2190 727 Potestas
2213 669 2305 724 Dei
2331 675 2434 732 est,
2452 665 2644 736 inquit,
2661 675 2716 717 et
2743 662 2861 726 tibi,
2877 659 3122 723 Domine,
3143 658 3454 712 misericor-

1889 765 1975 821 dia
2003 763 2294 834 (Isa.t.xt).
2341 780 2358 814 ι
2410 758 2516 815 Sed
2565 765 2619 813 et
2665 757 2777 825 ipse
2830 752 3083 808 Salvator
3130 747 3454 819 prophetica:

1889 854 2102 909 veritati
2134 862 2419 916 attestans,
2458 849 2528 904 ait
2559 863 2572 902 :
2620 866 2638 900 t
2671 846 2778 901 Vos
2816 844 3021 900 vocatis
3063 857 3147 897 me
3174 839 3451 910 magister,

1889 956 1943 1001 ct
1979 945 2286 1008 Domine,et
2303 943 2444 999 bene
2467 940 2665 996 dicitis.
2694 938 2823 994 Sum
2847 936 3044 992 etenim
3069 933 3248 1005 (Jaon.
3275 932 3412 1001 xm).
3433 950 3450 982 ι

1891 1036 2146 1092 Dominus
2189 1048 2381 1090 nomen
2422 1041 2504 1087 est
2549 1029 2867 1100 maiestatis,
2919 1027 3135 1098 pietatis
3180 1023 3457 1094 magister.

1892 1129 1950 1184 Si
1979 1128 2122 1182 enim
2171 1127 2318 1197 pium
2367 1133 2452 1181 est
2505 1123 2748 1194 praebere
2785 1135 2965 1176 escam
3011 1117 3245 1187 corpori,
3293 1113 3459 1168 multo

1893 1217 2295 1274 misericordius
2324 1224 2410 1271 est
2435 1229 2614 1270 escam
2659 1213 2852 1267 animae
2890 1209 3179 1280 impartiri,
3203 1205 3344 1276 quod
3374 1213 3458 1257 est

1892 1310 2110 1382 praprie
2131 1309 2534 1378 magistrorum,
2557 1304 2650 1374 qui
2673 1311 2880 1359 mentes
2901 1297 3324 1369 indisciplinatas
3357 1295 3460 1351 sub

1894 1400 2186 1470 disciplinae
2221 1399 2397 1469 rigore
2423 1403 2695 1452 coercent.

1964 1492 2255 1547 Videamus
2274 1486 2415 1558 quod
2432 1488 2623 1542 borum
2645 1482 2922 1539 nominum
2944 1477 3462 1542 elfunoatur,utrum

1895 1599 2089 1640 nomen
2120 1580 2370 1652 potentia:
2401 1579 2456 1633 in
2494 1591 2687 1632 nomen
2724 1572 2931 1645 gratiae,
2962 1569 3043 1624 vel
3074 1583 3266 1625 nomen
3293 1565 3467 1636 pieta-

1898 1676 1966 1730 tis
1998 1673 2049 1728 in
2079 1669 2377 1740 majestatis
2416 1665 2752 1722 vocabulum.
2795 1662 2971 1726 Absit,
3003 1669 3062 1715 ut
3091 1654 3464 1713 misericordia

1897 1768 1950 1821 in
2007 1763 2246 1836 potentia
2297 1759 2625 1823 includatur,
2682 1759 2807 1824 quia
2845 1744 2892 1805 ‘t
2927 1749 3298 1807 miserationes
3349 1745 3466 1814 ejus

1896 1871 2058 1926 super
2078 1853 2261 1910 omnia
2293 1866 2453 1922 opera
2480 1847 2599 1917 ejus
2645 1844 2817 1918 (Psal.
2843 1841 3042 1913 chtv).
3080 1860 3099 1894 ι
3139 1840 3355 1894 Certum
3382 1843 3467 1890 est

1895 1960 2064 2014 ergo,
2119 1943 2244 2012 quia
2295 1946 2531 2009 potestas
2589 1935 2682 1990 Dei
2737 1935 2791 1988 in
2836 1933 3092 2002 majorem
3139 1928 3295 1983 hodie
3343 1926 3464 1995 pie-

1897 2045 2059 2088 tatem
2090 2032 2261 2086 effusa
2283 2039 2386 2095 est,
2415 2043 2536 2084 cum
2567 2024 2688 2081 cmli
2714 2022 3110 2078 distillaveruut
3130 2034 3159 2071 a
3189 2015 3326 2071 facie
3348 2015 3466 2075 Dei,

1896 2134 1951 2180 et
1980 2125 2045 2178 de
2071 2121 2330 2193 virgineis
2375 2117 2631 2174 membris
2663 2121 2905 2169 vetustus
2949 2111 3157 2166 dierum
3204 2105 3464 2161 exoritur.

1898 2215 2010 2270 Non
2032 2226 2134 2277 est,
2168 2213 2258 2283 qui
2282 2227 2340 2267 se
2367 2209 2660 2266 abscondat
2685 2222 2716 2261 a
2745 2205 2922 2261 calore
2957 2203 3091 2266 isto;
3121 2198 3242 2269 quia
3266 2195 3468 2266 largior

1896 2306 1999 2362 olei
2027 2304 2216 2360 effusio
2245 2318 2273 2356 a
2301 2302 2478 2371 capite
2506 2297 2782 2354 descendit
2807 2295 2862 2350 in
2891 2293 3134 2354 barbam,
3168 2303 3285 2358 quae
3305 2285 3466 2340 etiam

1897 2406 2194 2454 extremam
2241 2392 2547 2449 vestimenti
2601 2387 2869 2444 fimbriam
2932 2383 3134 2454 largius
3193 2376 3466 2434 irroravit.

1899 2489 2069 2543 Tanta
2095 2495 2177 2541 est
2201 2483 2528 2539 abundantia
2555 2478 2886 2539 miserantis,
2929 2483 2988 2528 ιιι
3019 2489 3124 2527 non
3166 2471 3338 2525 solum
3369 2466 3471 2522 sub

1898 2581 2114 2635 nomine
2146 2576 2442 2641 effusionis,
2473 2572 2566 2628 sed
2611 2580 2666 2626 et
2706 2565 3086 2625 exinanitionis
3132 2569 3413 2618 censeatur
3453 2575 3466 2612 :

1903 2689 1922 2720 ‹
1954 2666 2260 2723 Exiuanivit
2285 2663 2652 2732 semetipsum,
2686 2676 2705 2710 t
2733 2659 2806 2712 ait
2834 2653 3151 2726 Apostolus,
3189 2671 3206 2702 ι
3241 2647 3470 2704 fortnam

1899 2761 2039 2818 servi
2063 2779 2080 2811 ι
2117 2758 2377 2814 hodierna
2395 2755 2482 2809 die
2515 2773 2534 2805 ‹
2557 2750 2830 2820 accipiens
2874 2743 3094 2819 (Philip.
3112 2742 3198 2812 ιι),
3221 2761 3240 2792 ι
3265 2747 3320 2793 et
3345 2752 3469 2794 cum

1903 2860 2011 2908 tota
2051 2847 2392 2904 multitudine
2429 2841 2835 2898 miserationum
2873 2850 3091 2892 suarum
3129 2834 3195 2888 de
3236 2830 3472 2887 thalamo

1899 2939 2128 3012 prosiliit
2159 2935 2440 3007 virginali;
2487 2947 2594 2988 non
2625 2931 2767 2986 enim
2798 2927 2986 2982 habuit
3030 2925 3320 2980 dulciorem
3357 2934 3476 2975 mo-

1900 3031 2028 3086 dum
2055 3030 2123 3084 ad
2168 3025 2537 3084 redimendum
2579 3036 2676 3076 nos
2721 3019 2946 3090 abyssus
2991 3015 3082 3070 illa
3129 3012 3474 3069 consiliorum

1903 3124 2020 3189 Dei,
2049 3121 2174 3191 quia
2223 3114 2482 3188 quidquid
2512 3111 2812 3167 divinitatis
2862 3109 2914 3162 in
2963 3107 3214 3162 thesauro
3261 3100 3476 3173 pietatis

1902 3216 2176 3270 inventum
2233 3217 2334 3267 est.
2394 3216 2564 3262 totum
2622 3203 2676 3258 in
2749 3211 2904 3256 utero
2953 3197 3192 3270 Virginis
3251 3203 3334 3251 est
3380 3207 3475 3263 ag-

1900 3314 2127 3378 gestum.

1974 3394 2090 3448 Non
2119 3405 2206 3446 me
2226 3388 2380 3460 capio
2405 3402 2515 3457 prae
2543 3386 2750 3451 laetitia,
2781 3381 2925 3454 quod
2957 3380 3046 3436 illa
3081 3377 3336 3448 majestas
3381 3387 3478 3427 na-

1907 3494 2083 3540 turam
2113 3497 2264 3566 spam
2293 3479 2627 3542 exinaniens,
2659 3477 2713 3530 in
2741 3484 2992 3529 naturam
3021 3484 3155 3526 mea:
3188 3466 3390 3530 carnis,
3419 3473 3475 3518 et

1903 3555 2181 3643 sanguinis
2223 3569 2584 3640 superveniat,
2631 3575 2685 3621 et
2729 3579 2814 3620 nte
2858 3563 3114 3617 miserum
3153 3559 3206 3612 in
3258 3555 3478 3611 divitias

1903 3669 2086 3743 gloriae
2114 3683 2224 3723 sum
2254 3680 2357 3720 non
2387 3665 2453 3719 ad
2483 3663 2693 3722 horam,
2742 3658 2835 3712 sed
2863 3657 2916 3712 in
2965 3654 3349 3724 sempiternum
3395 3648 3478 3701 in-

1905 3742 2104 3816 cludat.
2154 3758 2240 3812 Fit
2284 3755 2452 3810 frater
2494 3767 2666 3815 meus,
2716 3748 2972 3803 Dominus
3003 3759 3187 3809 meus;
3229 3742 3476 3795 timorem

1905 3851 2113 3907 Domini
2148 3848 2330 3902 fratris
2356 3845 2526 3900 vincit
2571 3842 2818 3907 affectus.
2850 3836 3073 3892 Domine
3117 3833 3262 3898 Jesu,
3308 3830 3480 3884 liben-

1908 3953 1988 3995 ter
2019 3950 2070 3995 te
2097 3938 2257 3993 audio
2301 3943 2611 4007 regnantem
2659 3933 2713 3986 in
2753 3929 2924 3993 etelis,
2966 3923 3216 3980 libentius
3246 3933 3504 3974 unseen--

1907 4041 2014 4085 tom
2040 4032 2092 4085 in
2126 4029 2302 4093 terris,
2325 4024 2676 4082 libentissime
2696 4034 2932 4083 erucem,
2957 4016 3137 4072 clavos
3158 4022 3214 4068 et
3239 4011 3481 4065 lanceam

1909 4121 2296 4186 sustinentem;
2333 4119 2449 4172 lucc
2492 4115 2755 4192 siquidem
2803 4109 2990 4167 eli‘usio
3042 4106 3179 4177 rapit
3231 4103 3482 4158 allectum

1911 4228 2113 4276 meum,
2151 4219 2207 4265 et
2238 4211 2463 4265 istorum
2499 4205 2758 4261 memoria
2801 4199 3129 4258 convalescit
3168 4211 3261 4252 cor
3303 4206 3484 4247 meum

1910 4304 2158 4367 visentis,
2205 4310 2261 4357 et
2314 4300 2506 4354 vividae
2547 4295 2784 4368 potionis
2837 4292 3128 4362 asperitate
3175 4293 3484 4357 purgatum.

1911 4399 2078 4472 328
2102 4397 2297 4451 Vivens
2325 4401 2409 4450 est
2435 4394 2537 4448 iste
2565 4405 2742 4446 sermo
2763 4395 2816 4442 et
2844 4386 3054 4441 efficax.
3098 4389 3152 4436 et
3175 4375 3486 4450 penetrabi~

1912 4470 2013 4548 lior
2033 4490 2177 4545 omni
2225 4487 2402 4560 gladio
2437 4483 2680 4552 ancipiti,
2715 4478 3026 4550 pertingens
3065 4474 3148 4528 ad'
3171 4470 3489 4527 divisionem

1912 4582 2125 4645 animae,
2158 4586 2214 4632 et
2256 4577 2500 4646 spiritus,
2526 4577 2844 4641 compagum
2875 4580 3108 4636 quoque,
3145 4578 3208 4618 ac
3236 4560 3492 4616 medulla-

1911 4690 2031 4730 runt
2059 4680 2332 4728 scrutator
2357 4666 2543 4738 (Hebr.
2572 4665 2666 4736 tv).
2786 4657 2790 4662 ’
3212 4672 3216 4678 '

1982 4765 2134 4822 Unus
2164 4763 2402 4824 illorum,
2430 4759 2520 4826 qui
2550 4753 2879 4826 propltetalis
2905 4752 3056 4805 chori
3087 4757 3180 4803 aut
3212 4743 3488 4815 magister,

1917 4870 2011 4916 aut
2037 4860 2178 4914 inter
2208 4855 2500 4927 magistros
2539 4861 2642 4918 est,
2681 4848 2782 4905 sub
2810 4845 3024 4902 senaria
3059 4843 3363 4899 divinorum
3391 4854 3498 4895 no—

1918 4955 2124 5010 minum
2154 4947 2467 5020 partitione,
2491 4946 2560 5000 de
2585 4945 2691 5001 hac
2729 4939 2986 4996 effusione
3024 4932 3346 5020 mirabiliter
3377 4937 3521 5002 quis

223 5025 282 5108 et
307 5030 502 5108 nomen
531 5025 699 5108 tacet,
731 5019 796 5074 de
815 5019 1220 5090 comparatione
1249 5019 1326 5074 nil
1373 5018 1630 5089 loquitur,
1677 5023 1815 5082 nihil
1915 5018 2170 5108 dem’sed
2195 5036 2462 5096 subtiliter
2487 5028 2872 5106 prophetavit:
2911 5044 2930 5077 ε
2961 5025 3283 5086 Vocabitur,
3301 5019 3538 5097 inqu“,

401 5105 466 5162 de
507 5104 788 5164 effusione.
833 5109 1072 5167 Primum
1121 5110 1190 5164 de
1234 5109 1457 5166 nomine
1499 5111 1811 5175 videamus.
1915 5104 2114 5192 nomen
2161 5130 2277 5201 eius
2301 5104 2678 5191 Admirabilis,
2704 5115 3081 5182 Consiliarius,
3118 5117 3280 5178 Deus,
3327 5109 3552 5184 fortis"

224 5199 412 5264 Multa,
437 5209 496 5256 ut
519 5201 776 5270 arbitror,
796 5201 1052 5262 vocabula
1081 5205 1259 5272 sponsi
1288 5217 1388 5271 per
1410 5203 1815 5270 divinamScri-
1917 5229 2080 5284 pater
2106 5199 2272 5281 [amri
2305 5217 2514 5284 saeculi,
2548 5220 2811 5286 Princeps
2837 5211 2987 5283 pacis
3034 5213 3172 5287 (Isa.
3197 5209 3298 5277 Ix).
3333 5222 3352 5256 ι
3387 5204 3564 5272 Era;

995 5294 1086 5328 and
1121 5295 1172 5328 ἶσαι
1202 5296 1411 5328 ιΙιιιΛΙιηα
1449 5297 1623 5328 world“
1683 5305 1776 5328 ---Β

1997 5321 2008 5328 .
2034 5321 2045 5328 -
2219 5316 2232 5328 α
2295 5313 2306 5324 ο
2355 5307 2496 5328 .ι;εΙε-
2561 5311 2600 5328 h
2660 5309 2819 5328 __2_.---
2848 5316 2999 5328 ...Α-ιη
3058 5306 3198 5328 2...--
3521 5321 3566 5328 .-

295 4651 568 4722 Benignus
611 4653 700 4708 ille
747 4653 999 4724 Spiritus,
1033 4656 1099 4710 de
1129 4654 1282 4724 cujus
1330 4656 1611 4711 secretiori
1658 4657 1808 4713 fonte

226 4744 562 4800 canticorum
605 4743 802 4801 flumen
848 4745 1048 4810 evadit,
1079 4745 1132 4799 in
1166 4747 1246 4802 his
1283 4747 1456 4802 tribus
1488 4747 1666 4803 verbis
1704 4750 1805 4803 tria

227 4835 385 4891 nobis
412 4837 736 4907 requirenda
791 4838 1029 4908 reliquit,
1073 4839 1324 4894 videlicet
1370 4853 1564 4893 nomen
1595 4843 1802 4910 sponsi,

223 4941 394 4996 quare
420 4926 540 4983 oleo
565 4937 930 4998 comparetur,
957 4938 1014 4983 et
1043 4931 1310 4999 quomodo
1339 4927 1662 4998 effundatur,
1681 4933 1810 5004 quia

224 5300 437 5328 latrinam
465 5306 656 5328 gnos-aa
686 5292 931 5328 Iona-nn...
995 5294 1086 5328 and
1121 5295 1172 5328 ἶσαι
1202 5296 1411 5328 δικ-ηιηια
1449 5297 1623 5328 ινα-ιλιι,
1683 5305 1776 5328 -___:
