3978 5328
482 348 602 423 ιεδι

1118 343 1176 399 S.
1215 340 1419 396 PETRI
1457 338 1738 394 DAMIANI
1769 337 1920 394 OPP.
1955 336 2088 391 PAR

2192 292 2305 392 seu
2342 333 2580 393 TOMUS
2614 336 2680 419 ιι.
2714 367 2777 378 -
2809 335 3197 405 sennoass,

3667 340 3778 396 $2

497 451 749 521 interra,
780 455 830 509 in
856 454 1011 521 mari,
1034 463 1088 509 et
1118 454 1169 507 in
1192 453 1443 508 omnibus
1470 452 1701 523 abyssis.
1732 452 1845 520 Ego
1873 460 2073 517 autem,
2104 455 2154 515 Α
2181 449 2610 505 substantiarum
2663 451 3047 517 amaritudine,
3098 453 3275 509 oleum
3326 453 3472 524 quod
3505 455 3779 511 exhilarat

497 549 553 603 in
581 547 695 603 luto
720 546 888 612 faecis,
912 555 968 601 et
990 546 1220 599 miseriae
1240 545 1551 609 obvolutus,
1581 544 1745 598 miser
1766 553 1823 598 et
1852 543 2084 598 misera-

495 639 624 694 bilis
665 653 881 694 omnem
931 652 1078 708 spem
1129 636 1437 707 emergcndi
1488 635 1847 706 perdideram.
1896 634 1988 690 ille
2026 636 2080 688 in

497 727 694 799 gloria,
734 742 839 797 ego
872 728 924 781 in
980 727 1229 791 miseria;
1272 726 1358 779 ille
1389 722 1751 788 admirabilis,
1783 738 1882 788 ego
1922 724 2082 799 misef

497 817 706 872 rabilis.
733 836 752 868 ‹
777 816 1035 872 Sanctum
1063 826 1116 872 et
1133 816 1374 873 terribile
1394 832 1589 871 nomen
1614 814 1916 886 cjus(Psa!.
1936 812 2075 883 cx),i

496 911 642 981 quod
674 913 760 965 vix
785 911 984 965 audeat
1015 909 1103 964 illa
1145 910 1362 980 dignior
1391 909 1677 964 nominare
1707 907 1921 962 natura.
1975 905 2089 961 No-'

494 1017 622 1057 men
657 1002 797 1058 istud
840 1002 1081 1057 clausum
1135 1010 1189 1057 et
1231 1002 1525 1071 integrum,
1583 1001 1852 1070 quomodo
1889 1015 2083 1069 capere

492 1104 767 1162 poteram,
795 1108 954 1163 quem
980 1093 1071 1149 vix
1097 1092 1374 1163 augelicus
1398 1092 1588 1151 oculus
1615 1092 1944 1162 prospicere,
1985 1107 2081 1147 ne-

494 1185 625 1239 dum
654 1185 937 1255 percipere
960 1192 1160 1255 potest.

570 1275 681 1331 Sed
726 1277 847 1345 vide
910 1274 1249 1330 ctfusionem.
1295 1274 1405 1341 llle,
1465 1274 1705 1344 quierat
1750 1272 2085 1328 admirabilis

500 1367 811 1435 agminibus
858 1366 1196 1435 angelorum,
1241 1365 1467 1420 inclinat
1510 1364 1699 1428 caelos,
1731 1374 1787 1418 et
1816 1361 1874 1416 ﬁt
1908 1363 2089 1417 consi-

495 1458 689 1513 liarius
714 1457 1015 1512 hominum.
1049 1455 1443 1522 Majestativum
1469 1471 1663 1510 nomen
1697 1455 1749 1508 in
1773 1454 2085 1524 pietativum

499 1548 832 1612 eli‘unditur;
865 1556 920 1603 et
969 1547 1059 1616 qui
1090 1545 1356 1601 mirabilis
1383 1556 1464 1601 est
1490 1547 1541 1601 in
1592 1546 1764 1610 C(elis,
1803 1544 2088 1601 consulere

495 1640 648 1694 venit
700 1640 753 1693 in
784 1639 975 1702 terris;
1032 1638 1317 1693 abscondit
1364 1654 1660 1709 purpuram
1705 1638 1807 1694 sub
1856 1638 2089 1692 miseriae

455 1755 458 1758 ~
495 1729 855 1792 vestimentis,
903 1737 960 1782 ct
1001 1728 1066 1780 ad
1107 1727 1278 1781 lutum
1352 1727 1443 1782 ubi
1480 1726 1752 1795 jacebam,
1800 1727 2091 1781 inclinatus

2184 541 2375 597 faciem
2427 543 2663 598 hominis
2700 543 2877 616 (Psal.
2925 545 3069 618 cm),
3117 545 3260 617 quod
3311 556 3471 602 sanat
3523 546 3776 611 vulnera,

2182 632 2423 706 dolorem
2455 632 2612 697 tollit,
2651 634 2825 688 reddit
2867 635 3211 692 suavitatem.
3257 634 3448 692 Nonne
3475 637 3778 703 Samarita-

2183 739 2284 777 nus
2321 729 2507 779 noster
2534 725 2692 779 nobis
2728 741 2755 778 a
2788 725 2994 781 latrone
3019 727 3256 797 pessimo
3298 727 3604 782 vulneratis
3631 737 3777 781 attu-

2178 798 2244 868 lit
2298 813 2477 868 oleum
2508 822 2561 869 et
2603 814 2785 868 vinum
2831 815 2898 869 ad
2935 819 3294 886 purgandum,
3338 827 3395 871 et
3423 817 3781 887 mitigandam

2184 906 2426 963 vulneris
2476 908 2948 981 magnitudinem?
3000 909 3108 967 Sed
3154 912 3382 967 multum
3410 912 3545 975 olei,
3587 927 3783 982 parum

2184 996 2341 1062 vini;
2397 997 2624 1053 multum
2671 998 3080 1067 misericordia,
3128 999 3353 1069 iustitia:
3417 1016 3637 1071 parum.
3692 1000 3783 1054 Sic

2185 1088 2387 1158 quippe
2415 1088 2642 1144 decebat
2670 1089 3043 1155 miserantem,
3075 1091 3155 1147 sic
3201 1091 3403 1146 misero
3428 1092 3781 1161 expediebat.

2191 1199 2211 1233 ι
2252 1178 2366 1235 Νοιι
2410 1181 2579 1235 intres
2635 1181 2686 1235 in
2722 1181 2988 1251 judicium
3042 1198 3162 1238 cum
3194 1198 3352 1239 servo
3394 1192 3512 1247 tuo,
3553 1182 3787 1237 Domine

2186 1271 2262 1324 ait
2297 1268 2508 1336 Justus,
2536 1270 2667 1340 quia
2715 1286 2821 1326 non
2845 1270 3235 1341 justilieabitur
3274 1275 3326 1328 in
3364 1283 3667 1343 conspectu
3695 1282 3787 1327 tuo

2185 1361 2364 1416 omnis
2392 1361 2579 1416 vivens
2604 1361 2779 1433 (Paul.
2803 1366 3007 1428 exui);
3056 1383 3074 1416 ι
3100 1366 3204 1419 .sed
3237 1379 3436 1420 corona
3470 1381 3562 1420 me
3592 1365 3647 1417 in
3678 1365 3785 1419 mi-

2187 1440 2506 1519 sericordia,
2550 1461 2605 1509 et
2658 1455 3096 1511 miserationibus
3155 1456 3328 1528 (Psal.
3374 1458 3495 1528 cu).
3551 1458 3786 1515 Veniens

2187 1543 2386 1613 quippe
2412 1544 2595 1607 hodie.
2623 1544 2861 1616 quinque
2886 1562 3014 1602 vasa
3039 1547 3220 1603 attulit
3242 1548 3366 1609 olei.
3402 1564 3511 1603 non
3542 1550 3648 1603 nisi
3674 1550 3785 1603 duo

2187 1635 2320 1689 vini.
2352 1634 2590 1705 Spiritus
2625 1636 2772 1691 enim
2827 1638 3109 1706 sapientiae
3167 1648 3224 1694 et
3274 1638 3604 1702 intellectus,
3657 1655 3787 1693 con-

2190 1726 2318 1794 silii,
2346 1728 2588 1784 scientia:
2635 1737 2692 1783 et
2727 1729 2947 1799 pietatis
2991 1729 3130 1800 (lsa.
3170 1730 3275 1801 ιι),
3338 1745 3521 1785 nonne
3547 1730 3788 1786 dulcedi-

501 1836 612 1877 non
644 1821 924 1892 mergitur.
965 1819 1035 1884 ls,
1063 1821 1233 1874 audeo
1258 1820 1461 1884 dicere,
1492 1819 1691 1875 infixus
1720 1822 1773 1874 in
1808 1820 1936 1873 limo
1964 1834 2089 1889 pro.
2122 1811 2162 1867 Β
2192 1836 2315 1874 nem
2347 1828 2526 1884 sonat,
2552 1817 3242 1892 misericordiam'fragrat,
3262 1830 3479 1877 ernetat
3502 1823 3781 1877 abundan-

494 1912 674 1975 fundi,
700 1912 850 1982 operi
881 1925 1140 1967 manuum
1172 1926 1394 1965 suarum
1424 1911 1652 1982 porrigit
1690 1911 1996 1970 dexteram.
2022 1909 2089 1964 de

494 2001 781 2075 profundis
822 2017 1086 2071 aquarum
1128 2002 1390 2070 extrahit,
1418 2010 1721 2063 extractum
1764 2001 1954 2067 abluit,
1988 2002 2087 2056 ab-

497 2095 674 2150 lutum
709 2094 904 2158 induit,
936 2095 1186 2149 indutum
1221 2102 1488 2164 reportat,
1532 2102 1867 2164 reportatum
1892 2092 2088 2148 conﬁr-

497 2195 634 2241 mat.
682 2186 917 2254 Porrigit
947 2187 1226 2240 dexteram
1271 2200 1395 2240 cum
1443 2186 1707 2250 nascitur,
1749 2200 1871 2241 cum
1916 2184 2090 2255 loqui—

496 2288 589 2333 tur
615 2279 873 2342 extrahit,
899 2278 1070 2333 abluit
1093 2293 1221 2335 cum
1251 2278 1506 2341 moritur,
1535 2280 1711 2333 induit
1743 2294 1865 2335 eum
1901 2294 2086 2333 resur-

500 2370 598 2439 git,
631 2385 754 2426 cum
778 2371 1022 2425 ascendit
1052 2378 1313 2439 reportat,
1358 2372 1649 2426 confirmat
1674 2388 1795 2426 cum
1836 2371 2086 2441 spiritum

499 2462 702 2517 emittit
749 2462 817 2519 de
860 2462 1032 2519 etelis.
1074 2462 1254 2519 Bonus
1301 2464 1520 2532 quidem
1586 2464 1953 2528 consiliarius,
1996 2464 2088 2534 qui

499 2552 809 2617 consilium,
833 2555 977 2622 quod
999 2569 1133 2610 voce
1152 2555 1363 2610 dederit
1389 2564 1441 2610 et
1467 2565 1639 2611 morte
1659 2554 1920 2610 defendit.
1959 2556 2089 2610 Erat

498 2645 645 2701 enim
691 2645 916 2711 docens,
948 2647 1022 2701 ait
1067 2646 1418 2718 evangelista,
1449 2648 1589 2703 sicut
1624 2657 1947 2717 potestatem
1990 2649 2087 2703 ha-

496 2736 654 2800 bens,
688 2752 793 2792 non
839 2738 981 2793 sicut
1009 2752 1198 2793 eorum
1230 2737 1443 2793 Scriba:
1496 2748 1552 2793 et
1578 2738 1836 2793 Pharistci
1870 2738 2085 2809 (Manli.

496 2829 635 2899 vu);
668 2827 809 2899 Deus
863 2837 918 2883 et
945 2829 1157 2895 Fortis;
1192 2831 1411 2885 nomina
1466 2840 1596 2885 sunt
1637 2830 1946 2900 potestatis,
1994 2830 2087 2886 sed

497 2916 647 2972 Deus
673 2911 968 2974 eﬂ‘unditur
1017 2919 1072 2974 in
1123 2919 1342 2975 Patrem
1391 2918 1555 2973 futuri
1597 2920 1803 2985 saeculi,
1833 2918 1989 2976 fortis
2034 2921 2087 2977 in

500 3008 806 3077 principem
838 3009 1009 3080 pacis.
1038 3010 1283 3064 Breviter
1308 3025 1491 3077 curro,
1521 3010 1646 3080 quia
1671 3018 1725 3065 et
1754 3008 2013 3083 fatigatis,
2035 3020 2091 3065 et

503 3098 804 3155 scientibus
827 3112 998 3172 legem
1025 3101 1241 3172 loquor.

503 3289 692 3347 sione?
735 3287 993 3344 Clausum
1042 3297 1128 3344 est
1168 3290 1293 3345 tibi
1319 3298 1490 3345 totum
1528 3289 1868 3345 itinerarium
1896 3289 2016 3353 Dei,
2039 3298 2095 3346 et

500 3380 808 3452 malignans
835 3379 1027 3436 oculus
1057 3388 1181 3435 tuus
1218 3379 1306 3435 hic
1334 3380 1560 3435 nimium
1592 3379 1868 3451 caligavit.
1899 3379 2007 3435 Sed
2036 3389 2093 3434 et

503 3472 771 3527 Dominus
801 3486 954 3526 meus
983 3470 1321 3527 admirabilis
1353 3470 1454 3525 fuit
1484 3471 1536 3525 in
1568 3471 1869 3534 nativitate,
1909 3470 2091 3526 consi-

498 3562 692 3618 liarius
737 3561 790 3616 in
828 3561 1232 3632 praedicatione,
1280 3561 1420 3617 Deus
1442 3562 1498 3617 in
1524 3562 1909 3616 miraculorum
1937 3577 2094 3616 coru-

501 3655 768 3719 scatione,
806 3654 962 3710 fortis
1004 3654 1056 3708 in
1100 3655 1374 3724 passione,
1403 3665 1561 3725 pater
1589 3654 1753 3710 futuri
1796 3654 1979 3710 saeculi
2038 3654 2092 3708 in

503 3746 927 3807 resurrectione,
956 3745 1211 3816 princeps
1244 3747 1396 3817 pacis
1419 3746 1475 3800 in
1507 3746 1593 3800 illa
1621 3754 1824 3802 aeterna
1861 3745 2094 3801 beatitu-

504 3837 649 3893 dine.
693 3837 809 3894 Non
845 3840 1155 3894 tcrreamini
1199 3840 1437 3894 novitate
1466 3841 1776 3901 verborum,
1799 3840 1927 3907 quia
1961 3838 2093 3892 nihil

501 3945 701 3985 novum
727 3931 1104 3987 introducitur.
1131 3930 1224 3987 Sic
1250 3942 1305 3988 ct
1326 3932 1454 3986 olim
1487 3931 1705 3986 nomina
1757 3938 2088 3986 commutata

504 4030 563 4076 et
596 4019 765 4075 effusa
802 4032 948 4085 sunt,
989 4022 1193 4075 Abram
1222 4022 1277 4077 in
1326 4022 1626 4087 Abraham,
1668 4020 1853 4076 Sarrai
1900 4021 1952 4075 in
1996 4019 2096 4074 Sa-

509 4128 630 4171 ram
665 4111 821 4183 (Gen.
849 4115 1005 4186 xvn).
1040 4123 1095 4169 ct
1117 4115 1165 4168 si
1191 4129 1336 4205 quas
1353 4114 1490 4169 alias
1533 4114 1862 4169 mutationes
1910 4113 1964 4168 in
2008 4113 2095 4166 illa

508 4204 681 4258 veteri
710 4202 922 4258 ofﬁcina
955 4218 1051 4257 vos
1097 4204 1294 4274 legisse
1320 4202 1592 4259 recolitis.
1643 4204 1748 4261 Sed
1778 4213 1834 4260 et
1864 4204 1932 4258 ab
1966 4204 2096 4272 ipsis

504 4308 652 4363 pene
671 4292 854 4349 mundi
884 4293 1188 4363 principiis,
1232 4294 1287 4348 in
1319 4309 1519 4348 arcano
1565 4293 1798 4362 quodam
1846 4282 2092 4361 Scriptu-

499 4399 687 4440 rarum
718 4384 856 4450 loco,
890 4385 1058 4439 divini
1090 4384 1326 4440 nominis
1360 4382 1676 4439 eﬂusionem
1710 4384 1981 4439 invenisse
2005 4399 2091 4437 me

2190 1911 2319 1965 tiam
2342 1912 2673 1967 suavitatis?
2700 1911 2984 1967 Fortitudo
3012 1922 3067 1967 et
3092 1913 3252 1968 timor
3276 1915 3460 1968 vinum
3495 1922 3645 1968 sunt.
3678 1914 3785 1966 Sed

2189 2003 2291 2057 huc
2321 2002 2447 2058 vino
2499 2012 2719 2073 potatus
2765 2012 2848 2059 est
2873 2012 3066 2078 potens
3118 2005 3230 2071 ille,
3276 2003 3693 2062 cumChristus
3733 2005 3784 2057 in

2189 2094 2379 2164 spiritu
2406 2093 2736 2150 fortitudinis
2763 2096 3043 2153 descendit
3066 2098 3132 2151 ad
3157 2097 3380 2161 inferos,
3410 2114 3519 2153 non
3544 2098 3783 2161 timidus,

2189 2189 2282 2241 scd
2314 2187 2587 2243 timendus

2264 2279 2553 2334 Videamus
2578 2293 2722 2333 nunc
2745 2293 2914 2348 quare
2940 2278 3063 2334 oleo
3111 2287 3463 2349 comparetur
3497 2279 3705 2333 oleum.
3728 2278 3784 2332 Si

2188 2388 2284 2427 vos
2310 2372 2505 2427 melius
2534 2386 2641 2427 non
2671 2371 2905 2438 habetis,
2950 2372 3114 2436 lucet,
3144 2373 3317 2442 pascit
3341 2380 3397 2427 et
3436 2372 3613 2443 ungit.
3647 2372 3784 2426 Idem

2188 2466 2321 2523 facit
2346 2466 2552 2523 Christi
2580 2480 2801 2528 nomen,
2822 2473 2876 2519 et
2922 2479 3021 2534 per
3044 2464 3225 2520 omnia
3255 2472 3525 2519 consonat
3570 2478 3786 2532 compa-

2189 2558 2408 2614 rationi.
2447 2557 2617 2612 Lucet
2662 2556 3035 2626 praedieatum,
3085 2556 3258 2625 pascit
3290 2554 3676 2624 recogitatum,
3708 2554 3785 2605 in-

2182 2660 2441 2706 vocatum
2465 2650 2600 2705 lenit
2622 2657 2680 2703 et
2709 2648 2883 2719 ungit.
2927 2647 3059 2703 Vide
3083 2646 3301 2717 quando
3329 2645 3593 2716 praeclaro
3624 2645 3784 2698 lumi-

2190 2742 2342 2796 naria
2368 2740 2547 2794 lumen
2576 2739 2815 2794 nominis
2842 2737 3002 2808 hujus
3038 2752 3202 2807 super
3226 2736 3553 2806 eloquentia:
3579 2735 3781 2790 cando-

2187 2832 2400 2888 labrum
2423 2838 2796 2903 portaverunt,
2825 2832 2871 2885 si
2896 2846 3001 2886 non
3030 2829 3323 2885 illuxerunt
3366 2828 3786 2884 eoruscationes

2190 2927 2281 2983 Dei
2305 2926 2422 2981 orbi
2450 2934 2627 2993 terrae,
2657 2925 2702 2980 si
2733 2940 2839 2979 non
2859 2924 2911 2979 in
2935 2923 3221 2994 splendore
3248 2920 3476 2993 fulguris
3506 2927 3778 2975 commota

2189 3029 2291 3084 est,
2321 3027 2375 3073 et
2427 3017 2757 3073 contremuit
2803 3026 2969 3072 terra.
3025 3033 3044 3067 ι
3080 3016 3135 3070 1η
3166 3014 3386 3069 nomine
3419 3010 3553 3067 Iesu
3583 3011 3784 3067 Christi

574 3102 804 3155 ientibus
827 3112 998 3172 legem
1025 3102 1241 3172 loquor.
1604 3168 1609 3169 ί

574 3197 715 3265 Quid
760 3197 881 3263 tibi,
920 3198 1328 3254 mussitabunde
1367 3198 1607 3264 Lucifer,
1650 3199 1702 3254 in
1755 3207 1903 3255 tanta
1932 3195 2088 3253 didu-

2192 3123 2372 3178 surge,
2402 3116 2458 3162 et
2495 3106 2712 3161 ambula
2743 3105 2882 3178 (Act.
2912 3104 3019 3175 ιιι),
3066 3122 3086 3155 ›
3126 3104 3257 3159 dicit
3302 3102 3500 3157 claudo
3528 3103 3783 3173 princeps

2194 3201 2581 3265 apostolorum.
2613 3199 2802 3255 Nonne
2845 3199 3000 3265 quasi
3048 3196 3225 3265 fulgur
3277 3195 3523 3251 exsilivit
3572 3194 3644 3249 ab
3695 3209 3783 3249 ore

626 3213 715 3251 uta
760 3213 881 3263 ttDl,
920 3213 1328 3254 mussuauunae
1370 3213 1607 3264 Lucner,
1650 3214 1702 3254 in
1755 3213 1903 3255 tanta
1932 3213 2088 3253 mun-

2194 3201 2581 3271 apostolorum.
2613 3199 2802 3255 Nonne
2845 3199 3000 3268 quasi
3048 3196 3225 3268 fulgur
3277 3195 3523 3251 exsilivit
3572 3194 3644 3249 ab
3695 3209 3788 3249 ore

2192 3294 2362 3358 Petri,
2392 3309 2514 3350 cum
2554 3292 2888 3349 nominatum
2916 3298 3223 3345 estnomen
3285 3287 3431 3358 quod
3478 3303 3543 3342 os
3576 3286 3785 3342 Domini

2193 3385 2535 3441 nominavit?
2571 3402 2590 3435 α
2631 3384 2696 3438 Et
2742 3383 2950 3447 statim,
3008 3382 3207 3450 inquit,
3258 3379 3618 3435 consolidant
3666 3386 3787 3432 sunt

2192 3476 2351 3531 bases
2374 3473 2510 3543 ejus,
2536 3485 2592 3531 et
2612 3475 2829 3545 plantae.
2876 3493 2894 3524 ι
2924 3472 3257 3528 Vocabulum
3308 3471 3459 3531 Jesu,
3492 3471 3637 3525 sicut
3665 3470 3786 3525 Oﬁ-

2193 3571 2345 3641 genis
2373 3568 2553 3640 lingua
2579 3567 2813 3625 nobilior
2859 3564 3129 3631 dillinivit,
3181 3565 3340 3620 dulce
3386 3574 3444 3618 et
3470 3562 3784 3634 gloriosum,

2193 3662 2340 3718 omni
2372 3662 2600 3717 odoratu
2621 3660 2876 3729 cultuque
2904 3659 3303 3730 dignissimum,
3332 3657 3476 3726 quod
3508 3671 3619 3710 non
3641 3655 3787 3725 prius

2195 3750 2264 3805 ab
2294 3749 2601 3805 hominibus
2628 3748 2809 3804 decuit
2835 3746 3016 3803 eﬂ'erri
3054 3748 3106 3801 in
3145 3746 3431 3811 mundum,
3459 3744 3556 3799 sed
3598 3760 3629 3798 a
3657 3759 3784 3815 qua.

2196 3847 2320 3901 dam
2387 3843 2691 3899 sublimiori
2757 3841 3238 3910 excellentiorique
3307 3848 3529 3894 natura.
3589 3836 3786 3893 Omnes

2190 3936 2394 4005 quippe
2441 3933 2718 4005 prephetae
2758 3946 2952 3986 nomen
3005 3931 3149 3984 istud
3187 3939 3282 3984 aut
3318 3930 3655 3990 nescierunt,
3698 3938 3786 3982 aut

2195 4024 2410 4094 penitus
2443 4030 2749 4085 tacuerunt,
2781 4030 2836 4075 et
2868 4028 3147 4075 reservata
3197 4028 3279 4074 est
3313 4019 3689 4088 praerogativa:
3709 4018 3785 4072 di-

2196 4114 2375 4185 gnitas
2401 4111 2733 4182 archangelo
2757 4109 3018 4174 Gabrieli,
3042 4110 3134 4179 qui
3166 4116 3355 4164 saneto
3384 4124 3483 4164 ore
3505 4108 3785 4163 sanctissi-

2196 4220 2298 4260 ma:
2338 4203 2543 4273 Virgini
2580 4202 2710 4256 illud
2756 4202 2991 4271 primum
3022 4200 3222 4255 evolvit
3272 4198 3426 4268 (Luc.
3488 4199 3556 4267 ι).
3608 4197 3787 4253 Nonne

2195 4294 2364 4351 Isaias
2390 4296 2445 4349 in
2473 4308 2756 4349 excessum
2781 4292 2977 4347 mentis
3013 4299 3265 4362 raptatus
3290 4289 3471 4343 verbis
3498 4289 3789 4359 archange-

2196 4386 2314 4443 licis
2346 4386 2549 4442 eisdem
2576 4398 2715 4454 pene
2761 4383 2983 4455 syllabis
3011 4381 3279 4438 consentit
3322 4395 3495 4450 usque
3522 4380 3593 4434 ad
3623 4382 3788 4434 sancti

500 4477 703 4532 recolo.
761 4476 1029 4546 Loquitur
1082 4476 1228 4532 Deus
1273 4477 1339 4530 ad
1393 4475 1612 4546 Moysen
1655 4474 1725 4532 de
1772 4475 2091 4530 liberatione
2122 4520 2169 4578 υ
2195 4480 2433 4535 nominis
2466 4478 2813 4534 novitatem?
2845 4476 2982 4549 (Ira.
3014 4476 3134 4545 vn.)

499 4565 737 4628 lsraelis,
763 4575 818 4621 et
862 4576 989 4636 post
1011 4567 1237 4622 multam
1283 4566 1378 4621 Dei
1403 4576 1455 4621 et
1486 4566 1655 4638 Moysi
1687 4565 2088 4622 confabulatio-

502 4671 650 4720 nem,
694 4658 961 4728 preplicta
1017 4658 1290 4713 subtiliter
1334 4658 1564 4728 inquirit
1608 4673 1805 4719 nomen
1849 4657 1988 4728 ejus,
2037 4665 2094 4711 ct

499 4746 761 4802 Dominus
788 4748 919 4802 dicit
951 4765 963 4800 :
1015 4766 1032 4799 ι
1067 4748 1180 4817 Ego
1212 4763 1333 4803 sum
1393 4748 1483 4816 qui
1511 4763 1629 4801 sum
1659 4767 1671 4802 :
1701 4748 1804 4803 hoc
1833 4747 1965 4802 mihi
1996 4763 2090 4800 no-

499 4853 626 4892 men
668 4839 722 4892 in
745 4847 1033 4893 retentum.
1082 4838 1195 4895 Hoc
1245 4839 1393 4894 dices
1428 4839 1555 4895 ﬁliis
1600 4839 1805 4895 Israel:
1846 4838 1946 4906 Qui
1983 4847 2087 4901 est.

497 4931 648 4984 misit
682 4947 767 4987 me
817 4932 884 4986 ad
939 4947 1033 4985 vos
1083 4930 1277 5002 (Exod.
1314 4931 1418 5003 ιιι).
1469 4952 1488 4985 ι
1541 4931 1709 5003 329
1761 4931 2092 4987 Perterritus

498 5017 1134 5089 Moysesiuextricabilis
1170 5024 1498 5076 auctoritate
1527 5022 1797 5084 vocabuli,
1841 5038 1905 5075 ac
1937 5022 1979 5075 si
2008 5022 2088 5076 di-

499 5116 650 5162 ceret
681 5124 694 5159 :
725 5106 838 5161 Hoc
872 5110 1087 5163 excedit
1121 5111 1454 5167 intellectum
1487 5127 1689 5176 meum,
1730 5126 1832 5166 non
1866 5126 2091 5181 possum

498 5206 720 5268 capere,
767 5198 869 5252 nisi
921 5198 1252 5266 ell‘undatur;
1304 5203 1505 5255 audita
1539 5204 1821 5268 majestate
1859 5220 1872 5254 :
1922 5220 1939 5251 ι
1974 5201 2084 5270 Ego

674 5287 813 5308 n----
869 5288 969 5308 AI,_
1008 5290 1019 5308 I
1054 5306 1059 5307 γ
1199 5293 1236 5308 εκ
1366 5292 1381 5308 ι
1611 5302 1622 5308 -
1667 5292 1705 5308 n

2264 4568 2446 4623 Pascit
2474 4583 2687 4628 revera.
2714 4581 2817 4620 nec
2858 4574 2943 4620 est
2985 4565 3201 4619 felicior
3249 4564 3428 4633 pastio
3460 4563 3515 4617 in
3552 4562 3673 4617 loco
3696 4578 3789 4631 pa-

2194 4673 2356 4722 scuae,
2390 4657 2481 4712 ubi
2510 4672 2608 4712 nos
2638 4656 2902 4735 Dominus
2937 4654 3223 4709 collocavit
3252 4653 3428 4726 (Paul.
3461 4654 3629 4723 nn).
3654 4652 3787 4719 Quid

2192 4766 2347 4821 aeque
2393 4759 2629 4805 mentem
2685 4748 2977 4820 cogitantis
3023 4746 3364 4817 impinguat?
3415 4745 3627 4800 Nomen
3666 4742 3785 4798 .lesn

2193 4837 2298 4892 mel
2330 4838 2382 4891 in
2411 4851 2530 4900 ore,
2554 4836 2608 4889 in
2633 4849 2766 4889 aure
2795 4835 2987 4897 melos,
3023 4833 3076 4886 in
3127 4832 3291 4887 corde
3317 4832 3550 4902 jnbilus.
3601 4830 3786 4885 Oiunis

2193 4926 2364 4989 cibus,
2398 4926 2490 4994 qui
2541 4939 2645 4979 non
2692 4923 2946 4978 conditur
2981 4925 3106 4986 hoc,
3157 4921 3461 4976 infatuatus
3499 4931 3608 4976 est.
3644 4921 3784 4975 Seri-

2194 5026 2373 5087 ptura,
2401 5032 2520 5085 quae
2548 5030 2653 5071 non
2676 5014 2840 5071 fuerit
2867 5014 3103 5081 interlita
3128 5013 3250 5068 oleo
3273 5022 3438 5066 tanta:
3459 5013 3781 5071 devotionis,

2184 5119 2291 5169 .aut
2313 5110 2675 5179 insipida'est,
2704 5117 2796 5163 aut
2836 5122 3043 5163 amara.
3075 5105 3212 5162 Olim
3242 5107 3375 5160 mihi
3429 5105 3641 5160 Tullius
3673 5104 3779 5157 dol.

2194 5200 2461 5261 cescebat,
2482 5198 3146 5259 blandiebanturcarmina
3173 5206 3454 5266 poetarum
3482 5194 3779 5266 philosophi

2338 5292 2349 5304 ⁸
2413 5292 2568 5308 ΑΔ-
2716 5291 2750 5307 γ·
2808 5292 2819 5303 ο
2874 5290 3148 5308 ΪᾉΙ-Α]-Ιμ-
