3978 5328
219 203 334 260 853

1681 200 1912 256 SERMO
1944 198 2101 257 LXI}.

3390 200 3497 256 εει

224 333 355 371 unm
383 323 440 372 ct
467 317 859 373 sententiarum
891 325 1156 371 concentu
1183 330 1371 371 omnes
1403 315 1521 369 illus
1563 330 1697 382 quos
1729 315 1808 366 di-
1840 319 1884 376 Α
1916 312 2114 376 culum,
2148 311 2215 365 ad
2264 312 2407 380 quod
2463 313 2654 376 currit,
2701 312 2793 383 qui
2819 303 3074 368 ’exsultat
3123 331 3142 364 ι
3177 322 3234 368 ut
3257 313 3408 385 gigas
3437 315 3504 369 ad

223 406 398 474 igere
427 421 816 462 consueveram
850 406 1226 474 ineluquentes
1259 405 1433 459 reddit
1460 413 1514 469 et
1545 414 1738 456 mutos.

300 493 458 548 Leuit
487 505 543 550 et
587 495 756 563 ungit,
786 496 909 563 quia
939 494 1073 548 nihil
1120 495 1198 548 sic
1253 503 1464 547 recreat
1506 494 1556 546 in
1591 492 1813 545 tribula-

226 587 399 640 tione.
430 585 674 655 Denique
697 598 750 642 et
781 589 1008 656 probare
1035 587 1192 642 licet:
1219 606 1235 637 ι
1269 587 1461 641 luvoca
1486 603 1588 647 me.
1621 587 1812 656 inquit,

227 677 281 730 in
308 677 396 732 die
425 678 786 733 tribulationis
818 697 830 743 ;
881 695 1068 732 eruam
1106 690 1175 743 te,
1208 689 1260 732 et
1303 680 1700 734 honorificahis.
1732 695 1816 733 me

226 768 405 830 (Paul.
429 772 600 841 χιιι).
639 792 656 822 ι
719 771 827 825 lloc
861 783 942 827 est
973 788 1192 837 nomen,
1224 773 1324 826 hoc
1352 784 1435 828 est
1473 773 1670 838 oleum,
1706 775 1817 827 haec

225 860 329 912 oiei
375 858 585 914 effusio.
622 863 794 915 Amen
849 862 968 916 dicO
1011 862 1180 923 vobis,
1232 878 1336 916 non
1383 861 1592 916 deﬁciet
1625 865 1707 916 hic
1740 863 1812 916 le-

226 951 422 1021 cythus
473 951 600 1016 olei,
641 968 739 1006 nec
788 953 1062 1006 utinm-tur
1097 954 1268 1005 donec
1314 953 1546 1021 pluviam
1580 953 1816 1006 volunta-

228 1043 367 1094 riam
395 1040 512 1109 (ΙΙΙ
540 1041 668 1111 Ileg.
698 1042 853 1112 xvii).
903 1057 1024 1113 quze
1053 1053 1334 1112 segregata
1383 1054 1464 1096 est
1512 1043 1811 1096 luereditati

226 1131 347 1200 ejus
393 1132 638 1188 dilfusins
694 1135 937 1196 iustillet,
990 1137 1159 1190 donec
1211 1134 1582 1189 faciatcmlnm
1611 1152 1810 1189 novum

225 1235 283 1279 et
333 1233 535 1280 terram
574 1243 767 1282 novam
819 1227 994 1299 (Psal.
1023 1228 1215 1294 ικνιι),
1270 1229 1396 1298 quia
1445 1229 1812 1283 misericordia

226 1313 347 1382 ejus
376 1317 445 1371 ab
464 1327 689 1384 aeterno,
718 1328 767 1372 ct
802 1335 970 1389 usque
1003 1320 1056 1373 in
1108 1329 1368 1374 aeternum
1411 1336 1576 1390 super
1617 1321 1816 1374 timcn-

228 1415 312 1463 ωε
335 1423 458 1462 eum
481 1406 634 1479 (Ρεαι
687 1413 806 1480 cu).

303 1501 408 1555 Sed
432 1503 544 1572 jam
572 1519 858 1574 surgamus
888 1515 944 1561 et
989 1521 1357 1577 przeparemus
1389 1523 1487 1561 nos
1523 1507 1589 1560 ad
1622 1507 1817 1560 solem-

228 1593 401 1648 nioris
432 1593 608 1648 missae
627 1594 1030 1663 jubilatiouem,
1076 1613 1172 1651 nec
1199 1598 1456 1652 cordibus
1510 1610 1816 1667 parcentes,

1918 401 2237 458 currendum
2269 402 2407 456 viam
2436 399 2609 473 (l’sal.
2641 403 2796 473 xvnt)
2835 422 2882 468 ι,
2913 414 2967 459 et
2994 403 3275 459 videamus
3311 404 3507 473 quibus

1919 493 2086 546 armis
2111 502 2352 546 armatus
2380 491 2648 547 vexillifer
2676 502 2976 564 martyrum
3014 493 3070 548 in
3118 509 3370 564 campum
3401 509 3505 562 pu-

1918 594 2178 654 guaturus
2207 583 2510 650 descendit,
2556 595 2611 640 et
2637 596 2694 640 ut
2734 585 3044 655 diligentius
3095 585 3370 641 elucescat
3397 589 3510 641 sin-

1919 674 2121 745 gularis
2148 676 2391 746 martyrii
2421 675 2593 744 prima
2640 676 2997 746 praerogativa
3026 692 3040 740 ;
3101 691 3416 732 revocemns
3442 677 3508 730 ad

1921 770 2237 823 memoriam
2265 767 2685 838 apostolicorum
2720 769 2952 824 Actuum
2983 768 3423 839 descriptionem,
3453 768 3508 823 in

1918 864 2114 934 quibus
2140 862 2414 917 historicis
2445 871 2499 915 et
2528 859 2842 932 ﬁguralibus
2867 860 3028 915 dictis
3075 859 3425 916 conversatio
3453 866 3510 914 et
3553 929 3558 935 Ι

1918 956 2101 1025 passio
2125 953 2369 1024 belligeri
2404 951 2593 1008 militis
2620 952 2952 1007 continetur.
3563 953 3586 960 ”

1995 1068 2012 1099 ι
2051 1046 2378 1118 Stephanus.
2413 1047 2681 1116 inquiunt,
2724 1045 2915 1116 plenus
2975 1045 3145 1116 gratia
3198 1054 3253 1099 et
3295 1043 3512 1099 fortitu-

1919 1140 2064 1202 dine,
2099 1139 2332 1193 faciebat
2363 1138 2613 1207 prodigia
2656 1146 2710 1192 et
2759 1137 2911 1208 signa
2968 1154 3162 1208 magna
3217 1137 3272 1190 in
3317 1135 3511 1207 pupulo

1920 1232 2055 1300 (Act.
2089 1233 2184 1301 Vl).
2240 1253 2258 1283 ι
2296 1229 2411 1284 Νοη
2460 1245 2684 1299 parvum
2741 1229 2874 1283 latet
2928 1231 3016 1284 hic
3046 1231 3385 1301 mysterium,
3410 1243 3516 1286 nec

1919 1321 2294 1392 vihpendenda
2355 1319 2778 1391 simplicioribus
2848 1317 3146 1389 Scriptura:
3226 1317 3514 1372 manifesta

1919 1413 2136 1484 positio.
2169 1412 2250 1467 Ad
2307 1411 2580 1482 Virginem
2632 1411 2833 1481 quippe
2878 1410 3106 1481 loquens
3154 1409 3516 1480 archangelus

1919 1506 2085 1557 verba
2112 1503 2179 1557 de
2221 1503 2536 1558 cmlcstihus
2593 1502 2810 1558 scriniis
2861 1509 3100 1572 smnpta,
3152 1515 3254 1554 nec
3287 1499 3516 1554 alterius

1923 1594 2023 1648 nisi
2073 1593 2241 1664 ipsius
2286 1593 2380 1647 Dei
2429 1591 2634 1663 Spiritu
2684 1589 2970 1655 fabricata,
3014 1605 3153 1644 nova
3194 1587 3518 1644 salutatione

227 1697 331 1736 nec
360 1684 580 1739 vocibus
609 1686 674 1740 ad
711 1685 971 1740 honorem
1017 1687 1169 1756 pueri
1202 1688 1291 1754 qui
1345 1697 1504 1741 natus
1547 1695 1632 1741 est
1659 1687 1816 1741 nobis
1851 1684 1894 1743 Β
1922 1696 2160 1756 perorat.
2225 1685 2363 1738 Nulli
2425 1684 2646 1740 dubium
2722 1684 2851 1753 quin
2920 1681 3163 1736 omnium
3223 1681 3516 1734 verborum

227 1773 320 1841 qui
347 1782 433 1827 est
461 1771 605 1828 Deus
641 1775 957 1830 benedictus
985 1777 1039 1830 in
1073 1777 1292 1830 saecula.
1320 1778 1512 1830 Amen.

786 1867 818 1896 ⁸
847 1865 1081 1922 SERMO
1109 1866 1267 1920 LXII.

301 1969 368 2006 ns
405 1969 450 2008 s.
496 1969 772 2011 srsrmxo
813 1971 1264 2012 PBOTOHARTVRB.
1306 1958 1456 2026 (xxv:
1494 1959 1746 2029 uacuus.)

301 2043 492 2098 Adhuc
540 2044 733 2099 Filium
780 2045 1022 2118 Virginis
1070 2047 1331 2104 habemus
1382 2049 1436 2102 in
1488 2051 1738 2105 manibus
1765 2060 1820 2105 et

222 2133 569 2192 obsecutoria
593 2138 908 2195 definitione
956 2141 1221 2210 vagientis
1252 2141 1346 2196 Dei
1384 2142 1712 2198 honoramus
1742 2145 1822 2197 in-

230 2221 480 2279 fantium.
508 2225 662 2281 Ducit
687 2243 786 2283 nos
811 2227 974 2298 Virgo
1013 2231 1079 2284 ad
1111 2231 1415 2285 veneranda
1445 2233 1740 2298 cunabula,
1766 2242 1822 2288 et

228 2318 471 2386 speciosa
509 2335 618 2389 pra:
643 2320 857 2376 filiabus
902 2323 1180 2376 hominum
1217 2323 1284 2376 ad
1315 2324 1619 2394 speciosum
1648 2325 1821 2380 forma

229 2424 340 2479 pra:
363 2408 488 2463 filiis
516 2410 791 2465 hominum
821 2411 1000 2482 (Paul.
1027 2419 1202 2483 xciv);
1231 2415 1511 2470 benedicta
1540 2414 1683 2469 inter
1709 2431 1824 2469 mu-

231 2497 393 2553 lieres
430 2500 497 2554 ad
529 2502 869 2558 benedictum
919 2504 1061 2558 inter
1104 2505 1354 2561 homines
1405 2521 1506 2562 nos
1547 2506 1820 2561 conducit.

235 2587 656 2646 Snbmurmurat
722 2594 880 2649 nobis
935 2595 990 2648 in
1047 2611 1252 2661 aurem,
1313 2612 1383 2652 ne
1445 2596 1586 2652 forte
1634 2598 1825 2652 domus

232 2698 564 2754 exasperans
592 2686 779 2740 audiat
807 2695 862 2741 et
889 2688 1218 2752 concitetur,
1273 2689 1510 2744 revelata
1544 2705 1666 2746 esse
1689 2689 1825 2743 vela-

233 2774 378 2827 mina
433 2776 837 2846 prophetarum,
889 2787 945 2833 et
991 2779 1318 2850 completum
1373 2782 1660 2837 consilium
1705 2781 1817 2836 Dei.

234 2865 427 2920 Videte
473 2867 792 2924 miraculum
847 2871 1038 2926 matris
1099 2871 1334 2937 Domini,
1385 2875 1512 2945 quia
1571 2879 1824 2930 creatura

231 2967 374 3021 erat,
417 2968 471 3013 et
517 2958 743 3015 Creator
785 2972 1022 3017 creatur.
1088 2963 1364 3020 Scintillat
1413 2967 1582 3031 sidus,
1632 2981 1824 3036 magus

1909 1777 2186 1846 excedant
2211 1774 2573 1839 altitudinem,
2603 1782 2789 1841 utpote
2820 1771 2885 1826 de
2919 1769 3234 1826 melioribus
3280 1767 3519 1838 discipli-

1918 1867 2005 1921 nis
2046 1867 2219 1921 sancti
2265 1865 2503 1936 Spiritus
2568 1863 2806 1928 evoluta,
2855 1876 3087 1931 quorum
3141 1859 3518 1915 enuntiatione

1920 1959 2400 2014 confoederandum
2455 1965 2576 2013 erat
2642 1955 2770 2009 illud
2837 1956 3057 2010 uiiicum
3116 1960 3518 2008 sacramentum

1911 2051 2084 2121 Verbi
2107 2059 2158 2106 et
2189 2049 2424 2105 hominis
2447 2048 2816 2104 divinitatiset
2846 2045 3048 2103 carnis.
3077 2065 3094 2096 ‹
3121 2047 3288 2110 Ave,»
3316 2043 3492 2100 iuuuit

1922 2142 2184 2198 fortitudo
2212 2139 2449 2202 Domini,
2483 2158 2501 2190 ι
2527 2139 2700 2210 gratia
2730 2137 2884 2206 plena
2913 2135 3066 2209 (Luc.
3099 2135 3160 2205 ι).
3205 2154 3223 2184 ι

1994 2235 2133 2302 Quid
2184 2243 2363 2288 autem
2411 2233 2477 2287 de
2519 2224 2840 2302 Stephano?
2893 2247 2924 2281 ,ι
2971 2229 3280 2298 Stephanus
3325 2225 3519 2298 plenus

1905 2328 2097 2400 gratia
2137 2337 2191 2382 et
2227 2325 2562 2381 fortitudine.
2614 2344 2632 2376 ι
2682 2323 2868 2379 Nonne
2914 2321 3088 2376 Lucas
3133 2321 3337 2374 eisdem
3380 2333 3518 2389 pene

1909 2419 2122 2484 litteris
2151 2419 2219 2473 de
2249 2418 2494 2486 utrisque
2529 2415 2809 2486 loquitur?
2847 2415 2953 2469 Sed
2995 2413 3122 2468 licet
3153 2411 3310 2482 longe
3338 2409 3517 2465 excel-

1925 2510 2122 2564 lentior
2171 2508 2364 2563 modus
2422 2508 2477 2561 in
2524 2505 2745 2576 Virgine
2796 2504 3142 2573 praedicetur,
3195 2498 3518 2556 secundat-io

1927 2612 2106 2657 tamen
2136 2598 2452 2655 laudaturin
2473 2607 2728 2668 martyre.
2753 2595 2925 2652 Habet
2951 2595 3115 2666 igitur
3146 2592 3377 2664 gratiam
3400 2591 3522 2647 Ste-

1926 2692 2140 2760 phanus
2164 2689 2465 2746 sublimiori
2513 2702 2712 2760 genere
2753 2702 2916 2756 quam
2965 2685 3171 2754 reliqua
3215 2694 3516 2754 martyrum

1928 2781 2235 2846 multitudo,
2263 2781 2454 2852 plenus
2481 2777 2938 2851 gratia,‘refertus
2967 2776 3220 2830 videlicet
3246 2783 3303 2829 et
3327 2790 3518 2830 cuum.

1928 2873 2087 2937 latus,
2121 2873 2262 2942 quod
2295 2888 2422 2927 raro
2449 2873 2501 2926 in
2535 2869 2837 2942 Scripturis
2884 2868 3163 2926 canonicis
3191 2865 3403 2922 subtilis
3436 2866 3518 2920 in-

1928 2967 2158 3036 quisitor
2211 2967 2470 3023 inveniet.
2525 2965 2780 3037 Jungitur
2819 2965 3007 3037 gratia:
3059 2964 3341 3033 fortitudo,
3391 2959 3516 3030 quia

232 3047 446 3108 adorat,
483 3049 720 3104 exsultat
772 3051 945 3120 polus,
1003 3053 1159 3109 tellus
1217 3055 1487 3121 resultat;
1526 3058 1827 3131 gloriantur
1853 3052 1898 3115 C
1931 3061 2109 3116 infuso
2137 3060 2344 3131 Spiritu
2374 3059 2646 3115 libertatis
2671 3059 2872 3130 ignitus
2898 3058 3114 3125 aninms
3141 3056 3195 3110 in
3227 3055 3401 3110 lucem
3430 3068 3521 3104 ve-

233 3139 434 3210 angeli,
491 3152 735 3211 pastores
779 3145 1121 3216 adgaudent;
1169 3146 1333 3218 Virgo
1376 3154 1544 3219 parit,
1585 3153 1828 3207 nascitur

233 3227 400 3293 Deus,
427 3240 483 3284 et
522 3233 785 3288 caelorum
831 3236 1116 3292 luminaria
1153 3238 1371 3295 clariori
1415 3241 1616 3298 lumine
1645 3243 1826 3302 lumen

233 3334 484 3376 exortum
514 3323 566 3377 in
596 3325 832 3380 tenebris
860 3339 1281 3399 prosequuntur.
1305 3331 1362 3385 ln
1392 3332 1684 3390 istisbonis
1705 3349 1830 3388 ver-

234 3424 441 3464 samur.
478 3430 496 3464 ι
534 3412 734 3471 Beatus
759 3417 860 3481 vir,
889 3417 981 3486 qui
1026 3419 1266 3490 implevit
1313 3422 1640 3477 desiderium
1670 3437 1826 3478 suum

235 3513 300 3553 ex
354 3501 489 3569 ipsis
527 3501 701 3573 (Paul.
733 3506 938 3577 cxxvt).
969 3526 988 3559 ι
1031 3507 1158 3564 Scio
1183 3511 1308 3580 quia
1343 3511 1497 3566 dulce
1522 3513 1672 3568 vobis
1701 3526 1781 3568 est
1811 3532 1822 3566 :

240 3610 262 3642 ι
297 3592 351 3646 In
388 3595 656 3665 principio
677 3607 796 3651 erat
842 3599 1116 3666 Verbum;
1166 3621 1184 3653 ι
1234 3602 1444 3658 dulcius
1480 3620 1494 3657 :
1533 3623 1550 3655 ι
1594 3603 1826 3659 Verbum

236 3696 368 3739 caro
395 3684 598 3767 factum
637 3686 818 3757 (Joan.
849 3689 924 3758 ι);
968 3708 987 3742 ι
1044 3691 1438 3759 dulcissimum,
1485 3694 1720 3749 Verbum
1769 3695 1826 3750 in

219 3790 402 3831 lcruce
447 3793 792 3848 suspensum.
831 3782 873 3836 A
917 3791 1068 3838 tanto
1111 3787 1400 3854 puerperio
1439 3787 1560 3856 quis
1607 3788 1827 3842 insanus

235 3869 426 3924 oculos
470 3886 596 3926 suos
636 3888 910 3939 amovere,
966 3875 1188 3931 nedum-
1220 3877 1452 3934 avellere
1512 3888 1824 3948 praesumat,

239 3959 344 4014 nisi
385 3961 500 4031 ipse
541 3961 732 4029 jubeat
771 3966 862 4034 qui
893 3967 1063 4022 dicit:
1127 3987 1146 4021 ι
1179 3970 1378 4024 Averte
1400 3972 1588 4027 oculos
1636 3982 1756 4028 tuos
1795 3990 1826 4028 a

236 4067 348 4115 me,
375 4054 501 4122 quia
533 4055 633 4123 ipsi
665 4057 750 4111 uie
785 4058 1003 4114 avolare
1039 4060 1322 4116 fecerunt?
1350 4081 1367 4112 ι
1408 4063 1583 4133 (Cant.
1620 4067 1718 4135 vi.)

314 4143 458 4199 Ecce
477 4146 602 4199 dum
632 4148 909 4202 osculatur
956 4165 1054 4205 nos
1083 4151 1266 4206 osculo
1305 4153 1415 4208 oris
1447 4155 1530 4207 sui
1559 4153 1734 4225 (Cant.
1761 4157 1822 4227 l),

239 4234 368 4289 dum
392 4237 555 4290 tantis
586 4237 859 4293 miraculis
901 4249 956 4295 et
995 4242 1238 4311 stupidos
1281 4259 1378 4298 nos
1424 4243 1630 4300 facitet
1655 4255 1827 4302 atten-

239 4335 348 4392 tos,
394 4327 700 4398 Stephanus
752 4333 942 4402 plenus
993 4336 1186 4404 gratia,
1238 4345 1293 4390 et
1343 4337 1658 4393 fortitudine
1699 4339 1828 4395 facit

1929 3150 2105 3204 ritatis
2139 3151 2397 3220 erumpit,
2435 3164 2535 3204 nec
2565 3149 2769 3219 patitur
2810 3147 2920 3202 ullo
2969 3156 3128 3218 pacto
3164 3146 3398 3216 rigorem
3427 3141 3522 3196 tri—

1928 3246 2112 3310 stitiae,
2145 3244 2231 3300 vel
2261 3245 2507 3300 submitti
2545 3242 2857 3313 aliquando,
2901 3241 2986 3296 vel
3029 3239 3252 3294 dimitti.
3281 3237 3372 3292 Sic
3393 3235 3523 3290 lori-

1929 3347 2085 3393 catus
2112 3337 2284 3408 gratia
2316 3347 2370 3398 et
2413 3336 2568 3391 hasta
2610 3332 2944 3388 fortitudinis
2987 3331 3263 3400 sapienter
3313 3326 3520 3402 infren-

1930 3430 2065 3486 dens
2092 3428 2326 3485 faciebat
2351 3428 2592 3498 prodigia
2623 3438 2678 3481 et
2708 3425 2861 3496 signa
2893 3438 3086 3492 magna
3113 3423 3166 3476 in
3195 3419 3410 3491 populo.
3430 3417 3524 3474 Ille

1930 3531 2108 3592 potest
2137 3522 2290 3592 signa
2316 3530 2371 3577 et
2401 3519 2645 3590 prodigia
2670 3517 2874 3583 facere,
2914 3515 2965 3570 in
2988 3529 3096 3584 quo
3126 3513 3300 3583 gratia
3327 3520 3382 3565 et
3409 3509 3520 3564 for-

1933 3615 2104 3670 titudo
2140 3614 2322 3670 sedem
2373 3613 2725 3669 fortissimam
2756 3618 3084 3666 statuerunt.
3128 3607 3221 3662 Sic
3261 3605 3374 3661 exit
3401 3601 3522 3659 Ste-

1932 3707 2145 3774 phanus
2181 3705 2248 3760 ad
2276 3705 2598 3768 homicidas,
2635 3703 2703 3757 ad
2731 3701 2866 3769 legis
2909 3697 3209 3761 adulteros,
3238 3695 3305 3750 ad
3347 3694 3517 3748 cruci-

1933 3796 2134 3852 ﬁxores
2162 3796 2281 3851 Filii
2318 3795 2411 3851 Dei
2437 3794 2613 3850 Patris
2639 3810 2653 3860 ;
2703 3790 2942 3862 loquitur
2967 3789 3112 3860 genti
3144 3784 3437 3858 peccatrici
3469 3785 3522 3837 in

1931 3887 2186 3958 Egy'pto,
2218 3887 2415 3957 populo
2441 3886 2592 3957 gravi
2636 3885 2922 3954 iniquitate
2965 3882 3019 3936 in
3063 3881 3298 3941 deserto,
3327 3875 3521 3932 semini

1931 3996 2166 4050 nequam
2218 3982 2270 4035 in
2323 3989 2469 4035 terra
2517 3976 2914 4049 promissionis,
2970 3974 3093 4028 filiis
3137 3969 3418 4038 sceleratis
3464 3967 3517 4022 in
3563 3985 3570 3987 λλ

1933 4079 2109 4126 morte
2135 4069 2436 4126 Salvatoris
2476 4069 2693 4143 (Isa.i).
2729 4087 2748 4121 ι
2792 4067 2936 4122 Dura
2979 4066 3214 4131 cervice,
3244 4062 3438 4132 inquit,
3467 4070 3523 4123 et

1933 4163 2295 4218 incircumcisi
2325 4164 2508 4227 corde,
2545 4171 2600 4218 et
2625 4163 2867 4225 auribus,
2893 4175 3006 4221 vos
3033 4174 3250 4228 semper
3297 4154 3539 4214 Suiritui.

1933 4263 2122 4310 sancto
2151 4254 2454 4318 restitistis,
2487 4273 2505 4306 ι
2538 4265 2643 4307 etc.
3319 4295 3322 4298 .
3541 4242 3547 4247 ’

2011 4364 2031 4397 ι
2067 4343 2433 4400 Surrexerunt
2455 4353 2634 4398 autem
2648 4342 2866 4412 quidam
2891 4341 2955 4395 de
2978 4339 3260 4408 Synagoga
3296 4354 3313 4386 ι
3339 4335 3524 4404 utique

240 4420 489 4490 prodigia
529 4434 584 4475 et
628 4423 776 4494 signa
801 4442 992 4496 magna
1040 4428 1093 4481 in
1136 4429 1330 4498 populo
1375 4430 1513 4501 (Act.
1558 4433 1654 4502 vr).
1684 4431 1833 4487 Nun-
1859 4404 1909 4463 υ
1937 4433 2172 4499 Satanae,
2205 4435 2446 4505 undique
2487 4404 2898 4504 conglobantur,
2951 4404 3032 4483 vel
3079 4404 3151 4484 ad
3195 4404 3516 4498 convincen-

240 4511 372 4580 quid
400 4528 616 4582 aequum
645 4525 728 4569 est
765 4517 1142 4589 derelinquere
1178 4537 1382 4591 regem,
1424 4533 1477 4576 et
1510 4525 1576 4578 ad
1603 4524 1830 4578 militem

240 4605 433 4658 oculos
485 4609 848 4676 retorquere?
896 4608 1272 4680 Nequaquam,
1323 4615 1425 4667 nisi
1486 4615 1835 4684 imperaverit

245 4693 560 4766 imperator.
594 4697 780 4768 Surgit
807 4699 921 4770 ipse
951 4717 1047 4758 rex
1079 4701 1222 4758 filius
1274 4703 1449 4774 regis,
1487 4715 1542 4759 et
1589 4704 1832 4775 lapidan-

1935 4528 2088 4589 dum,
2120 4526 2204 4580 vel
2249 4527 2316 4580 ad
2355 4526 2750 4589 occidendum;
2803 4523 3011 4576 faciunt
3050 4521 3311 4590 parietem
3337 4534 3521 4588 unum.
3570 4512 3572 4514 ’

1935 4617 2230 4686 impietatis
2275 4631 2499 4685 squama
2561 4629 2800 4686 squama:
2857 4612 3224 4683 conjungitur,
3260 4680 3264 4684 _
3306 4610 3529 4680 sihilaut

1936 4716 2038 4770 sibi
2078 4721 2368 4785 serpentes
2389 4713 2455 4767 ad
2495 4714 2753 4776 invicem,
2811 4721 2864 4765 et
2896 4712 3228 4766 conveniunt
3279 4706 3333 4761 in
3359 4723 3529 4764 unum

245 4787 379 4840 tium
419 4787 568 4841 acies
603 4787 1040 4859 interrumpens,
1082 4795 1500 4864 triumphatorio
1547 4799 1834 4856 certamini

244 4897 348 4935 non
396 4883 513 4937 sine
547 4883 732 4937 dolore
771 4887 952 4941 cordis
988 4887 1214 4942 assistit.
1255 4889 1409 4942 Videt
1445 4891 1677 4960 opprimi
1708 4893 1838 4964 ιρι-ἰ-

245 4987 388 5025 mum
419 4984 470 5027 et
499 4975 870 5043 primicerium
901 4988 1212 5045 purpuraue
1242 4977 1506 5041 cohortis,
1538 4990 1594 5034 et
1621 4983 1841 5053 grandi-

247 5063 393 5116 naria
434 5064 674 5132 lapidum
703 5065 968 5120 densitate
998 5064 1169 5120 fontes
1201 5068 1486 5137 sanguinis
1521 5073 1589 5126 de
1611 5089 1842 5146 corpore

245 5157 660 5227 protomartyris
721 5158 962 5212 ebullire.
1032 5157 1181 5215 Videt
1243 5159 1373 5227 quia
1427 5163 1682 5223 universa
1752 5173 1840 5226 de-

246 5245 526 5302 bacchatio
556 5249 712 5317 331
752 5253 1011 5305 redundat
1038 5248 1090 5303 in
1130 5257 1332 5324 ipsum,
1361 5263 1412 5304 et
1454 5255 1552 5324 ipsi
1590 5265 1686 5317 soli
1728 5265 1834 5320 im-

1893 4823 1904 4838 ~
1937 4807 2196 4862 adversus
2221 4805 2504 4860 Dominum
2555 4817 2614 4862 et
2644 4804 2902 4858 adversus
2939 4813 3158 4855 servum
3196 4797 3334 4866 ejus.
3367 4795 3538 4862 Velit,

1938 4898 2093 4965 nolit,-
2129 4898 2275 4955 cedit
2301 4896 2552 4966 impietas
2580 4896 2792 4974 pietati,
2832 4893 3052 4948 veritati
3095 4906 3269 4953 error,
3302 4894 3544 4952 stultitia

1939 4990 2237 5058 sapientiae,
2281 4987 2506 5057 Spiritui
2561 4997 2759 5050 sancto
2810 4986 3180 5055 praesumptio,
3222 4990 3276 5034 et
3324 4988 3563 5044 vanitas

1943 5084 2168 5152 spiritus
2191 5078 2433 5136 humani.
2470 5097 2488 5128 ι
2525 5080 2616 5148 Et
2637 5096 2744 5143 non
2771 5084 3043 5142 poterant,
3077 5073 3269 5144 inquit,
3293 5072 3576 5139 resistere

1945 5173 2226 5244 sapientiae
2256 5181 2313 5226 et
2361 5170 2636 5248 spiritui,
2691 5169 2778 5242 qui
2805 5164 3146 5233 loquebatur.
3199 5184 3217 5216 ι
3247 5161 3362 5216 Non
3395 5167 3577 5236 dixit,

1944 5265 2060 5321 Non
2092 5263 2349 5321 volebant
2383 5263 2526 5328 quod
2607 5255 3010 5328 rationabilium
3064 5267 3146 5314 est.
3187 5262 3243 5307 et
3285 5253 3586 5320 perfecto.
