3978 5328
466 106 590 162 '855

1059 108 1116 165 S.
1159 110 1363 166 PETRI
1407 111 1686 169 DAMIANI
1727 115 1876 173 OPP.
1927 118 2106 177 PARS
2155 121 2286 179 SEU
2323 121 2557 182 TOMUS
2592 125 2657 183 ΙΙ.
2696 129 3168 190 —SERMONES.

3629 115 3739 195 ssc

477 237 632 276 mens
657 221 1034 293 imperterrita,
1064 240 1184 294 quae
1222 227 1392 296 magis
1433 236 1576 281 amat
1603 227 1863 297 justitiam
1893 249 2054 302 quam
2087 239 2130 298 Α
2161 252 2260 291 nus
2285 237 2441 295 Jcsus
2462 249 2610 296 stans
2637 259 2666 296 a
2693 243 2895 300 dextris
2929 247 3143 302 virtutis
3193 228 3306 304 Dei.
3342 251 3418 307 Nc
3448 251 3612 308 Patre
3638 259 3750 309 ini-1

476 315 838 380 vitam,fidem
866 331 1025 385 quam
1050 320 1389 387 sanguinem,
1409 330 1634 374 mortem
1661 338 1817 392 quam
1837 324 2058 394 justitize

476 407 919 462 taciturnitatem.
971 408 1369 466 Concurrentes
1420 415 1636 482 rapiunt
1686 431 1830 482 cum,
1885 418 2054 472 addu-

471 505 599 551 cunt
628 496 680 550 in
711 497 1018 565 concilium,
1052 509 1106 553 et
1147 502 1382 569 gaudent
1417 518 1537 557 eum
1577 505 1715 558 intra
1763 522 1858 560 sua
1899 510 2056 563 retia-

471 594 590 648 cula
647 597 1018 654 conclusisse:
1076 599 1180 655 Sed
1220 621 1238 651 ‹
1277 600 1476 656 frustra
1525 603 1729 673 jacitur
1774 616 1888 660 rete
1929 615 2056 662 ante

468 683 656 740 oculos
684 695 1042 756 pennatorum
1100 687 1286 761 (Prov.
1314 691 1374 758 ι).
1417 709 1435 743 ι
1470 691 1620 748 Tunc
1667 709 1766 748 vox
1811 694 2050 761 liberior,

468 782 524 828 et
566 775 778 832 illorum
822 779 1068 835 cantibus
1116 795 1296 835 sermo
1347 785 1627 838 exacuitur
1672 785 1934 850 veritatis,
1980 795 2054 843 to-

469 874 695 937 tumque
722 879 1012 943 martyrem
1046 874 1187 942 rapit
1215 874 1316 928 sibi
1351 873 1585 943 Spiritus
1612 877 1728 944 Dei,
1771 888 1824 932 et
1846 893 1911 932 ex
1937 879 2052 950 ejus

449 947 562 1014 ore
592 963 893 1017 sonantiori
941 978 1147 1036 organo
1197 967 1519 1022 modulatur.
1563 969 1799 1038 Apparet
1850 970 1900 1025 ei
1945 947 2048 1026 una

464 1047 632 1108 facies
648 1052 1073 1125 Scripturarum,
1099 1067 1154 1112 et
1177 1059 1384 1114 Veteris
1405 1059 1745 1116 lnstrumenti
1771 1063 2048 1133 dispendia

464 1143 519 1196 in
557 1146 994 1214 compendiosam
1033 1148 1222 1217 redigit
1259 1148 1596 1206 brevitatem.
1649 1150 1893 1221 lic-plicat
1920 1169 2048 1224 pro-

464 1235 753 1292 tnissiones
777 1248 830 1292 et
855 1238 1117 1294 beneficia
1149 1239 1264 1306 Dei,
1301 1243 1750 1297 murmurationes
1780 1253 1834 1299 et
1880 1245 2046 1300 male-

464 1327 593 1384 ﬁcia.
613 1329 819 1400 populi,
867 1331 1004 1386 bona
1031 1333 1292 1403 praestita,
1348 1333 1555 1388 reddita
1597 1335 1757 1403 mala,
1779 1344 1833 1390 et
1856 1337 1922 1391 ad
1949 1353 2044 1392 ex-

461 1428 694 1474 tremum
721 1420 887 1476 divini
915 1423 1192 1493 sanguinis
1227 1425 1520 1494 exprobrat
1548 1425 1887 1483 effusionem.
1940 1429 2042 1484 Vo-

457 1518 548 1564 cat
572 1510 917 1567 refractarios
967 1511 1210 1582 Spiritui,
1245 1515 1377 1569 dura
1423 1517 1656 1582 cervice,
1700 1517 2041 1574 incircumci-

2164 341 2263 380 nor
2293 344 2416 385 esse
2428 341 2664 400 putetur,
2690 343 2797 387 stat
2821 351 2941 390 cum
2966 337 3125 409 333
3153 349 3346 405 stante,
3370 357 3493 396 cum
3510 344 3740 400 bellante

2162 415 2412 484 bellatur,
2447 423 2536 490 qui
2571 421 2839 492 lapidatur
2866 426 2918 479 in
2951 426 3208 496 lapidato.

2230 509 2345 565 Non
2365 514 2652 569 mediocris
2669 526 2856 586 stupor
2873 519 3094 575 involvit
3115 539 3219 589 me,
3238 532 3415 579 utrum
3436 527 3740 593 primitivus

2159 598 2256 653 flos
2283 613 2578 673 martyrum
2609 609 2905 676 corporeis,
2947 627 3014 664 an
3057 613 3388 684 incorporeis
3430 619 3607 672 oculis
3638 621 3736 674 ista

2155 695 2510 760 prospexerit.
2544 694 2761 751 Grande
2802 701 3018 768 quidem
3071 703 3388 760 miraculum
3434 708 3480 762 si
3524 699 3739 765 mortali

2155 778 2352 836 intuitu
2379 784 2722 846 stellantibus
2768 803 2826 844 se
2867 790 3132 847 immersit
3180 797 3415 861 arcanis,
3470 799 3514 852 si
3556 801 3740 856 mundi

2154 870 2318 925 corde
2360 872 2502 927 oculi
2555 882 2664 930 tam
2705 877 2997 934 solemnem
3059 882 3392 952 inspexerint
3444 888 3738 945 visionem.

2152 954 2305 1024 Quod
2335 961 2380 1016 si
2409 965 2816 1034 corporalibus,
2851 978 3060 1024 certum
3095 981 3178 1026 est
3205 974 3348 1030 hunc
3375 991 3540 1031 omne
3570 977 3741 1032 homi-

2151 1063 2278 1103 num
2306 1065 2477 1121 genus
2505 1055 2862 1125 disparilitate
2887 1059 3073 1130 gloriae
3097 1065 3443 1133 praevolasse,
3470 1077 3520 1122 et
3550 1071 3738 1138 pennis

2149 1139 2294 1206 fidei,
2327 1150 2382 1197 et
2408 1144 2692 1212 virtutum,
2735 1147 3057 1222 incorporea
3105 1146 3499 1226 corporeis,'et
3541 1159 3589 1213 si
3634 1175 3736 1214 non

2147 1234 2642 1302 comprehendisse,
2689 1240 3109 1310 apprchendisse
3146 1252 3346 1301 tamen.
3380 1246 3527 1302 Nihil
3566 1251 3735 1306 audeo

2148 1327 2351 1377 temere
2375 1321 2622 1391 definire,
2653 1326 2739 1382 vel
2771 1343 2838 1383 ex
2871 1330 3102 1402 abrupto
3134 1336 3481 1405 praecipitare
3513 1347 3733 1394 senten-

2147 1412 2312 1481 tiam;
2345 1431 2469 1471 cum
2506 1418 2768 1476 finitivam
2807 1436 2974 1493 super
3016 1410 3326 1496 huiusmodi
3371 1430 3618 1500 regulam
3647 1446 3733 1488 me

2144 1519 2250 1560 non
2283 1505 2507 1577 legerim
2537 1510 2832 1569 invenisse.
2864 1513 3122 1573 Securius
3149 1526 3330 1574 tamen
3362 1535 3570 1591 sequor
3593 1524 3736 1593 Apo-

457 1617 548 1656 sos
575 1603 740 1658 corde
787 1612 842 1659 et
869 1604 1110 1670 auribus,
1135 1613 1187 1660 et
1216 1605 1436 1661 sublimi
1477 1622 1607 1662 voce
1653 1608 1948 1664 homicidas
1991 1619 2047 1665 et
2073 1593 2122 1654 Β
2150 1597 2376 1666 εῑοίυηὶν
2413 1600 2526 1657 imo
2564 1600 2828 1673 ερῖνῑιυηι
2876 1604 2972 1661 Dei
3019 1607 3074 1662 in
3128 1610 3411 1678 Ανοείοιο,
3466 1627 3562 1682 (1⁸η
3611 1629 3729 1669 cm“

454 1691 760 1760 prolitores
791 1693 1042 1762 appellat.
1070 1693 1185 1749 Non
1236 1708 1455 1750 veretur
1485 1698 1860 1752 conventicula
1915 1715 2045 1754 con-

454 1792 678 1851 gregata
707 1783 771 1836 de
795 1784 1172 1853 sanguinihus,
1204 1795 1258 1840 et
1293 1786 1434 1841 inter
1472 1802 1662 1842 manus
1684 1791 2042 1859 quaerentium

454 1875 691 1929 animam
722 1875 838 1945 ejus
861 1875 1033 1937 (Psal.
1060 1883 1174 1949 xv),
1202 1879 1590 1943 deliberatione
1627 1881 1852 1950 justitize
1877 1899 2038 1939 cacu-

451 1979 576 2019 men
596 1965 836 2021 veritatis
862 1969 1123 2022 ascendit.
1159 1969 1507 2026 Dissecantur
1527 1972 1799 2041 cordibus,
1827 1983 1882 2030 et
1909 1977 2041 2032 stri-

453 2052 584 2108 dent
607 2054 858 2110 dentibus
893 2057 946 2110 in
987 2072 1134 2124 eum,
1171 2060 1764 2129 concipiuntdolorem,
1791 2071 1844 2119 et
1874 2081 2040 2136 prope

451 2154 537 2198 est
559 2153 618 2199 ut
648 2147 865 2215 pariant
888 2148 1228 2217 iniquitatem
1258 2150 1474 2222 (Ibid).

525 2234 745 2299 Mirum,
772 2238 894 2306 quia
945 2253 1051 2294 non
1083 2250 1406 2296 revocantur
1432 2243 1626 2298 insueti
1669 2246 1907 2300 novitate
1940 2247 2039 2301 mi-

457 2326 628 2380 raculi
654 2328 809 2397 quod
845 2329 1106 2387 luminosa
1147 2335 1566 2404 protomartyris
1617 2335 1779 2392 facies
1806 2353 1911 2392 non
1956 2353 2038 2393 re-

453 2419 634 2474 frenat
659 2420 897 2477 insanos.
934 2440 952 2473 ε
996 2423 1278 2488 Videbant,
1322 2426 1516 2496 inquit,
1555 2426 1748 2484 faciem
1782 2429 1896 2496 ejus
1920 2440 2036 2486 tan-

452 2527 614 2580 quam
647 2514 852 2568 vultum
894 2515 1070 2587 angeli
1101 2518 1295 2573 stantis
1345 2519 1484 2574 inter
1519 2519 1656 2576 illos.
1707 2541 1725 2575 ι
1765 2521 1902 2589 Quid
1930 2531 2034 2590 est,

449 2602 617 2658 ιιιιάξεί
645 2604 669 2657 ?
699 2603 925 2662 Lumine
977 2607 1154 2662 vultus
1194 2608 1284 2662 Dei
1337 2609 1629 2679 insignitur
1666 2613 1937 2684 gloriosus
1962 2615 2037 2668 le-

448 2692 586 2755 vita,
611 2703 669 2748 ut
700 2695 930 2750 vibranti
962 2695 1246 2766 splendore
1269 2697 1576 2768 Stephanus
1615 2712 1919 2768 serenatar,
1954 2719 2038 2760 re-

444 2781 798 2837 verberantur
844 2785 984 2839 oculi
1019 2787 1207 2852 vestri,
1253 2797 1308 2842 et
1358 2797 1537 2844 tamen
1583 2791 1797 2848 invidia:
1827 2795 2036 2864 magni-

447 2870 834 2934 tudo,visionis
861 2873 1195 2942 majestatem
1215 2878 1469 2934 occludit.
1494 2880 1876 2952 Respondeant
1897 2887 2028 2940 mihi

415 2955 748 3016 'divi‘norum
801 2964 1132 3021 voluminum
1187 2968 1511 3034 evolutores,
1566 2972 1656 3026 ubi
1701 2975 2030 3032 revol'verint

412 3046 414 3048 ’
442 3051 716 3106 hominem
743 3053 793 3108 in
815 3056 974 3111 terris
996 3059 1229 3126 positum
1244 3060 1449 3114 vultum
1466 3063 1765 3131 angelicum
1793 3065 2030 3123 induisse

441 3151 635 3197 etcum
668 3143 719 3197 in
753 3145 998 3216 utrisque
1050 3148 1277 3218 legibus,
1327 3151 1410 3205 vel
1459 3167 1604 3215 raro,
1641 3153 1721 3208 vel
1751 3171 2027 3226 nunquam

409 3231 412 3234 ⁴
439 3231 762 3296 invenerint,
797 3245 1084 3304 astupeant
1106 3238 1274 3308 gloria
1303 3240 1704 3310 triumphantis.

515 3321 806 3392 Sequitur:
842 3345 860 3377 ‹
899 3326 1033 3381 Cum
1066 3338 1246 3384 autem
1275 3339 1421 3386 esset
1445 3331 1636 3400 plenus
1668 3333 1873 3404 Spiritu
1906 3353 2029 3392 san-

443 3420 552 3476 clo,
586 3413 872 3478 intendens
904 3417 956 3470 in
983 3418 1179 3473 caelum
1213 3419 1348 3475 vidit
1375 3421 1600 3491 gloriam
1623 3425 1738 3479 Dei.
1781 3447 1798 3479 ι
1832 3427 2026 3484 Mirum

437 3503 607 3567 dictu,
657 3513 713 3558 et
757 3506 921 3561 totius
965 3509 1335 3577 supergressio
1380 3521 1665 3569 creaturae.
1712 3512 2025 3573 lutenditin

410 3592 658 3658 cadum,
695 3595 841 3650 videt
875 3596 988 3667 jam
1023 3613 1130 3653 non
1171 3601 1389 3666 coelum,
1430 3605 1524 3658 sed
1574 3605 1742 3661 caelos
1783 3618 2022 3677 apertos,

438 3683 583 3738 videt
608 3685 834 3756 gloriam
863 3687 980 3752 Dei,
1010 3699 1066 3743 et
1086 3688 1269 3745 Jesum
1298 3701 1531 3748 stantem
1557 3709 1586 3748 a
1622 3696 1828 3751 dextris
1849 3698 2024 3753 virtu-

435 3774 508 3830 tis
528 3773 645 3828 Dei.
681 3777 857 3834 Movet
888 3795 972 3834 me
997 3781 1111 3835 hazc
1152 3781 1404 3849 intentio,
1459 3801 1580 3855 quae
1619 3786 1685 3841 de
1720 3788 1898 3843 cordis
1927 3806 2025 3859 pu-

437 3865 601 3922 ritate
630 3869 834 3936 refusa,
860 3872 968 3927 vim
991 3872 1120 3928 facit
1145 3876 1318 3944 cmlis,
1347 3887 1402 3932 et
1427 3880 1492 3933 ad
1525 3879 1693 3948 ipsius
1724 3881 2024 3938 divinitatis

437 3958 820 4014 consistorium
861 3973 1109 4031 penetrat
1135 3973 1190 4020 et
1237 3969 1469 4038 attingit.
1511 3970 1647 4025 Caeli
1683 3972 2018 4041 aperiuntur,

438 4046 607 4118 gloria
636 4049 727 4105 Dei
758 4051 989 4118 videtur,
1019 4055 1175 4111 Jesus
1217 4061 1570 4129 conspicitur,
1613 4071 1766 4117 stans
1798 4078 1901 4116 non
1935 4079 2022 4118 so-

435 4138 548 4194 lum
578 4157 608 4195 a
639 4142 844 4198 dextris
867 4144 981 4208 Dei,
1007 4147 1098 4200 sed
1121 4163 1150 4200 a
1181 4150 1385 4204 dextris
1399 4152 1635 4207 virtutis.
1671 4151 1820 4206 Hanc
1846 4153 2019 4209 inten-

432 4230 637 4286 tionem
688 4233 894 4288 fecerat
942 4235 1170 4304 abjeetio
1220 4243 1436 4307 mundi,
1498 4252 1841 4315 contemptus
1901 4249 2017 4312 sui,

432 4324 612 4379 cordis
645 4327 932 4394 mundi-tia,
963 4329 1178 4386 dilectio
1208 4330 1325 4396 Dei,
1359 4348 1512 4389 amor
1538 4335 1792 4401 proximi,
1819 4337 2019 4392 verita-

431 4414 506 4471 tis
524 4415 787 4482 defensio,
815 4419 1142 4475 desiderium
1170 4421 1392 4478 Christi.

504 4507 886 4579 Betorquenda
938 4520 1119 4566 essent
1183 4513 1299 4568 haec
1348 4516 1529 4569 omnia
1581 4517 1649 4570 ad
1702 4531 2014 4574 communes

428 4599 682 4654 ﬂosculos
710 4601 1078 4668 mortalitatis,
1110 4603 1213 4658 nisi
1237 4615 1380 4660 esset
1410 4607 1728 4662 excellentia
1758 4610 2014 4678 martyris

430 4691 882 4745 commendanda.
928 4692 1135 4748 Felices
1193 4697 1354 4760 oculi,
1403 4691 1618 4753 subtilis
1666 4700 1845 4765 visus,
1880 4702 2016 4757 visio

429 4779 686 4849 gloriosa.
736 4781 1016 4852 Simulque
1062 4786 1340 4854 signanter
1392 4789 1642 4860 recollige
1690 4793 2011 4860 positionem

429 4870 740 4926 verborum.
769 4871 966 4927 Plenus
994 4884 1078 4929 est
1101 4875 1326 4945 Spiritu,
1353 4889 1408 4932 et
1437 4879 1516 4934 sic
1543 4879 1771 4934 intendit
1819 4882 1872 4936 in
1904 4897 2013 4937 cte-

431 4960 542 5014 lum
566 4962 691 5032 quia
725 4966 816 5033 qui
855 4963 1055 5034 Spiritu
1081 4967 1382 5024 divinitatis
1405 4969 1638 5036 amatur,
1683 4973 2014 5028 conculcatis

433 5054 784 5109 terrestribus
811 5057 1121 5113 coelestibus
1153 5061 1324 5115 inhiat
1371 5071 1428 5116 et
1462 5064 1699 5118 aeternis.
1741 5064 1874 5119 Post
1898 5065 2015 5120 haec

432 5141 751 5210 aperiuntur
790 5145 936 5210 coeli,
979 5148 1232 5217 nullaque
1269 5152 1524 5220 praevalet
1569 5153 1897 5218 obfirmatio,
1930 5155 2015 5209 vel

435 5228 694 5297 claustra,
748 5247 868 5303 quae
909 5249 1016 5290 non
1062 5241 1374 5304 transvolet,
1420 5250 1515 5296 aut
1570 5242 1834 5314 irrumpat
1861 5259 2013 5300 mens

2145 1705 2355 1746 summa
2397 1693 2686 1749 verborum
2732 1695 3118 1754 deliberatione
3160 1702 3331 1772 magis
3371 1719 3584 1759 securae
3617 1722 3732 1760 am-

2143 1778 2390 1847 biguitati
2417 1796 2582 1850 quam
2635 1783 2951 1853 periculosa:
2982 1788 3302 1855 definitioni,
3335 1790 3442 1847 ista
3483 1794 3732 1848 commit-

2145 1870 2228 1924 tit.
2259 1889 2280 1923 ς
2312 1870 2456 1933 Sive,
2499 1872 2694 1942 inquit,
2751 1873 2805 1928 in
2859 1891 3107 1946 corpore,
3151 1879 3267 1934 sive
3308 1889 3464 1934 extra
3508 1896 3706 1938 corpus

2142 1961 2348 2023 nescio,
2392 1961 2535 2016 Deus
2562 1963 2664 2017 scit
2693 1962 2777 2034 (II
2807 1963 2930 2019 Cor.
2963 1965 3063 2036 xl).
3099 1985 3118 2018 ι

2213 2051 2532 2107 Exclamant
2582 2055 2764 2108 statim
2820 2055 3061 2113 clamore
3109 2058 3386 2124 horribili,
3442 2047 3726 2116 continent

2141 2158 2301 2198 aures
2329 2158 2487 2209 suas,
2521 2153 2577 2199 et
2615 2161 2707 2200 eas
2734 2145 3022 2201 obstruunt
3058 2148 3292 2203 veritati.
3326 2150 3595 2220 Impetum
3650 2151 3730 2208 fe-

2143 2243 2335 2289 cerunt
2383 2235 2712 2290 unanimiter
2769 2237 2822 2290 in
2866 2251 3021 2302 eum,
3071 2239 3195 2294 facti
3243 2240 3404 2296 amici
3447 2241 3503 2295 in
3550 2255 3726 2298 morte

2140 2325 2306 2392 illius,
2335 2336 2391 2381 et
2426 2326 2706 2396 ejicientes
2730 2343 2853 2382 eum
2885 2338 3038 2384 extra
3063 2329 3358 2397 civitatem,
3391 2331 3722 2402 lapidabant.

2139 2419 2368 2487 Ejicitur
2404 2427 2613 2489 martyr
2644 2430 2797 2474 extra
2824 2421 3101 2477 civitatem
3141 2424 3490 2494 sanguinum,
3537 2426 3591 2479 in
3624 2442 3722 2495 qua

2139 2507 2512 2577 priusjustitia
2543 2508 2899 2573 habitaverat,
2933 2527 3076 2567 nunc
3115 2521 3292 2567 autem
3325 2513 3637 2580 homicida,
3662 2519 3724 2571 de

2137 2612 2242 2668 qua
2279 2597 2410 2651 dicit
2444 2607 2665 2652 sanctus
2695 2616 2707 2651 :
2746 2617 2764 2650 ‹
2795 2599 3058 2666 Quoniam
3107 2603 3215 2657 vidi
3261 2604 3628 2673 iniquitatem,
3673 2617 3723 2662 et

2137 2687 2618 2743 contradictionem
2659 2689 2712 2743 in
2753 2691 2970 2746 civitate
3016 2690 3188 2763 (Paul.
3225 2695 3371 2763 ην).
3413 2713 3431 2745 ι
3480 2695 3606 2750 Haec
3646 2709 3722 2752 est

2135 2777 2327 2831 civitas
2354 2817 2368 2842 ,
2413 2792 2575 2846 quam
2628 2778 2716 2833 die
2761 2795 2826 2834 ac
2875 2790 3034 2836 nocte
3073 2782 3378 2838 circumdat
3426 2784 3717 2855 iniquitas,

2133 2869 2326 2924 civitas
2373 2869 2654 2924 castellum
2695 2871 3006 2942 despective
3051 2883 3272 2940 vocata,
3323 2877 3469 2943 quod
3533 2887 3718 2931 contra

2133 2960 2406 3027 apostolos
2459 2968 2513 3015 et
2548 2961 2913 3030 apostolorum
2949 2965 3258 3031 Dominum,
3292 2967 3606 3022 durissimis
3637 2969 3719 3023 in-

2132 3050 2408 3106 fidelitatis
2430 3051 2676 3105 vectibus
2715 3061 2798 3107 est
2830 3055 3097 3109 munitum
3127 3053 3342 3124 (Matth.
3375 3057 3515 3125 xxi).
3548 3057 3719 3113 Extra

2129 3151 2339 3212 portam
2392 3142 2629 3196 civitatis
2674 3142 2859 3213 hujus,
2881 3159 3070 3213 passus
3113 3153 3199 3200 est
3238 3145 3524 3211 Dominus,
3563 3157 3714 3202 extra

2127 3244 2248 3284 eam
2287 3229 2562 3300 lapidatur
2609 3245 2800 3285 servus
2842 3233 3030 3286 exiens
3061 3233 3129 3286 ad
3159 3247 3282 3287 eum
3327 3243 3482 3288 extra
3514 3245 3712 3303 castra,

2127 3329 2182 3376 et
2215 3328 2440 3391 portans
2468 3320 2875 3376 similitudinem
2920 3322 3233 3393 improperii
3258 3324 3397 3392 ejus.
3424 3327 3710 3396 Deponun-

2129 3421 2214 3466 tur
2247 3412 2568 3467 vestimenta
2595 3413 2850 3483 martyris
2890 3414 2957 3468 ad
3002 3415 3164 3484 pedes
3204 3419 3594 3486 persecutoris,
3622 3419 3710 3488 qui

2097 3501 2194 3556 ad
2229 3511 2429 3556 tactum
2465 3517 2744 3556 sacrarum
2789 3503 3042 3566 vestium,
3085 3512 3142 3557 et
3189 3504 3526 3559 orationibus
3581 3506 3700 3576 lapi-

2125 3595 2282 3650 dandi
2309 3595 2486 3650 fuerat
2511 3596 2906 3650 convertendus
2937 3613 2948 3648 :
2987 3615 3006 3646 ‹
3041 3595 3106 3649 ΕΙ.
3135 3595 3466 3666 lapidabant,
3503 3599 3707 3668 inquit,

2101 3684 2458 3754 Stephanum
2482 3687 2822 3740 invocantem
2849 3694 2906 3739 et
2947 3685 3213 3740 dicentem
3251 3705 3266 3739 :
3311 3669 3539 3742 Domine
3559 3686 3701 3750 Jesu,

2126 3777 2310 3845 accipe
2339 3776 2588 3846 spiritum
2639 3791 2818 3830 meum
2849 3775 2988 3847 (Act.
3021 3776 3137 3849 vn).
3171 3796 3189 3830 ι
3245 3776 3487 3832 Currunt
3527 3779 3603 3833 illi
3643 3779 3707 3832 ad

2122 3866 2346 3937 lapides,
2369 3878 2424 3923 et
2450 3867 2539 3922 ille
2565 3868 2631 3921 ad
2654 3881 2862 3936 preces,
2889 3866 3092 3936 lapides
3113 3867 3346 3937 lapidem
3369 3871 3704 3938 percutiunt,

2124 3958 2217 4014 sed
2247 3958 2480 4027 lapidem
2507 3957 2827 4022 molliorem,
2856 3958 2924 4012 de
2961 3974 3069 4028 quo
3102 3957 3219 4012 ﬂuit
3249 3958 3429 4014 oleum
3475 3961 3708 4015 charita-

2127 4051 2216 4113 tis,
2252 4059 2306 4104 et
2337 4049 2561 4103 tinnitus
2599 4048 2843 4103 redditur
2886 4048 3124 4118 pictatis.
3175 4048 3401 4103 Domine
3437 4047 3597 4114 Jesu,
3638 4051 3712 4103 in-

2097 4144 2258 4212 quit,
2301 4158 2368 4197 ne
2414 4152 2619 4196 statuas
2672 4141 2775 4195 illis
2823 4142 2926 4196 hoc
2967 4151 3268 4211 peccatum,
3297 4143 3425 4212 quia
3463 4144 3714 4197 nesciunt

2125 4236 2253 4306 quid
2280 4234 2504 4290 faciunt.
2531 4233 2703 4304 Rogat
2732 4234 2930 4302 suscipi
2958 4234 3206 4303 spiritum
3235 4247 3426 4298 suum;
3458 4234 3708 4302 spiritum

2124 4326 2337 4395 utique,
2376 4334 2431 4380 et
2476 4325 2726 4395 spiritum
2777 4324 2959 4389 illum,
3011 4339 3172 4394 quem
3225 4324 3509 4392 signanter
3561 4328 3710 4395 quasi

2119 4419 2388 4489 quoddam
2418 4418 2634 4494 tertium
2657 4417 2948 4486 Apostolus
2974 4417 3026 4471 in
3056 4418 3274 4472 homine
3300 4419 3554 4488 ptmcipit
3575 4434 3710 4474 con-

2116 4509 2343 4566 servari.
2375 4529 2393 4561 ‹
2422 4509 2494 4564 Ut
2516 4509 2746 4577 integer,
2773 4508 2965 4577 inquit,
2997 4509 3176 4562 anima
3201 4522 3344 4570 mea,
3377 4517 3434 4562 et
3460 4511 3706 4578 spiritus,

2115 4612 2171 4656 et
2215 4617 2412 4673 corpus
2466 4601 2521 4656 in
2571 4602 2712 4656 diem
2762 4601 2974 4655 Domini
3023 4600 3143 4656 sine
3186 4597 3413 4670 querela
3461 4611 3710 4654 servetur

2119 4692 2203 4763 (Il
2231 4693 2411 4746 Thess.
2441 4692 2520 4762 v).
2557 4710 2576 4742 ι
2657 4767 2661 4770 .

2188 4782 2232 4837 Ο
2263 4792 2466 4854 quanta
2517 4783 2707 4852 pietas,
2749 4789 2988 4851 quantus
3042 4779 3289 4845 affectus,
3340 4789 3398 4834 et
3439 4780 3706 4835 ardentis-

2117 4875 2267 4929 sima:
2308 4874 2592 4929 charitatis
2643 4873 2946 4945 integritas.
2993 4872 3160 4926 Recte
3209 4870 3458 4942 martyrii
3517 4869 3700 4924 ﬂorem

2118 4969 2221 5022 iste
2251 4966 2350 5021 sibi
2382 4967 2765 5037 praavendicat.
2793 4965 2846 5021 in
2872 4983 2978 5038 quo
3007 4965 3303 5044 similitudo
3333 4963 3547 5018 Domini
3575 4978 3700 5035 pen-

2117 5058 2295 5113 dentis
2335 5059 2388 5112 in
2437 5072 2600 5113 cruce
2643 5049 2980 5114 mirabilibus
3019 5056 3263 5112 formulis
3299 5063 3384 5111 est
3414 5055 3694 5125 impressa.

2117 5149 2172 5204 In
2203 5149 2348 5219 ligno
2375 5151 2518 5206 enim
2559 5151 2750 5220 spinis,
2795 5152 2986 5218 clavis,
3022 5150 3209 5205 lancea
3240 5147 3456 5213 aﬂixus,
3490 5157 3547 5203 et
3581 5163 3698 5201 cru-

2120 5241 2336 5306 cilixus,
2385 5240 2692 5296 dissimulat
2731 5240 2880 5296 illum
2932 5241 3150 5296 unicum
3191 5239 3453 5303 dolorem,
3487 5247 3544 5292 et
3568 5236 3698 5294 obli-
