3978 5328
205 246 314 304 857

1684 217 1913 274 SMU“)
1952 220 2136 278 LXIII.
2179 222 2188 229 ’

3373 239 3478 298 858

207 367 387 422 solum
413 362 618 419 amicus
647 361 854 429 amicis,
896 361 991 418 sed
1021 361 1188 416 velint
1234 359 1425 425 nolint,
1465 374 1672 414 amicus
1695 358 1864 429 pa-A
1893 356 2047 420 bem,
2094 355 2196 434 hoc
2249 362 2362 419 est,
2419 355 2470 408 in
2517 355 2710 408 uivizrm
2769 355 3084 410 substantia:
3135 357 3474 428 claritatem,

207 456 346 508 riter
392 452 648 507 inimicis.
690 469 709 502 ς
739 451 923 518 Pater,
969 452 1164 522 inquit,
1209 451 1431 522 ignosce
1487 450 1615 510 illis.
1665 450 1792 519 quia

206 543 461 599 nesciunt
483 543 613 612 quid
639 539 847 596 faciunt
875 540 1026 612 (Luc.
1054 540 1236 611 χχιιι).
1275 560 1294 593 ›
1329 539 1445 595 Νοιι
1473 539 1646 609 potuit
1672 553 1794 594 esse

207 633 458 689 inculcat
489 633 666 689 oratio
695 633 1002 700 morientis,
1038 634 1180 688 unde
1215 641 1269 687 et
1307 631 1652 687 inimicorum
1682 649 1787 686 nu-

205 725 500 779 merositas
535 725 603 779 ad
630 739 915 779 numerum
946 725 1248 778 amicorum
1279 722 1552 777 transivit.

277 814 444 887 33‘.
477 813 606 870 Vide
652 830 815 885 quam
865 825 1015 880 recto
1064 829 1227 869 cursu
1279 813 1617 883 Stephanus,
1659 813 1792 868 etsi

204 923 315 963 non
355 915 557 977 :equat,
608 906 857 976 sequitur
911 915 1090 961 tamen
1150 906 1585 975 Redemptorem.
1637 903 1794 960 Volat

203 1013 468 1055 saxorum
508 997 704 1066 imber,
748 1008 804 1054 et
837 998 1154 1055 fortissimis
1199 998 1502 1054 invidorum
1544 998 1792 1054 manibus

204 1093 326 1147 loca
372 1091 656 1148 vulnerum
704 1091 1071 1162 duplicantur,
1124 1091 1221 1148 sed
1271 1091 1546 1162 patienter
1589 1091 1794 1162 patitur

205 1191 500 1238 coronatus
546 1191 752 1247 noster,
808 1183 876 1238 de
916 1197 1119 1239 corona
1157 1183 1393 1237 nominis
1436 1181 1504 1236 ad
1531 1195 1791 1237 coronam

207 1273 497 1344 regiminis
525 1271 948 1328 transferendus.
996 1271 1180 1329 Nescit
1215 1272 1470 1328 allectum
1509 1272 1708 1335 carnis,
1738 1281 1795 1327 et

205 1363 401 1420 mortis
424 1364 613 1419 horam
639 1363 884 1434 ignorat;
922 1372 977 1421 et
999 1365 1124 1421 vide
1149 1364 1280 1435 quid
1303 1363 1564 1420 deliberet
1591 1362 1795 1418 facien-

205 1453 357 1508 dum.
389 1451 588 1509 Positis
624 1466 806 1509 autem
851 1455 1080 1524 genibus
1125 1455 1380 1512 clamavit
1417 1469 1553 1510 voce
1593 1467 1794 1522 magna

204 1545 439 1600 dicens:
476 1565 495 1597 ‹
534 1544 760 1601 Domine
804 1561 872 1601 ne
917 1555 1127 1602 statuas
1182 1545 1288 1602 illis
1333 1545 1435 1602 hoc
1486 1553 1792 1616 peccatum,

204 1634 335 1703 quia
369 1635 616 1690 nesciunt
662 1635 791 1704 quid
836 1635 1060 1691 faciunt.
1097 1655 1116 1689 ›
1151 1635 1365 1692 Clamat
1406 1651 1539 1690 voce
1572 1649 1792 1705 magna,

1894 451 2077 506 radios
2107 449 2403 521 puriﬁcatae
2432 449 2628 503 mentis
2658 449 2854 504 inﬁxit.

1962 546 2006 601 0
2031 559 2192 614 quam
2219 544 2464 598 miranda
2511 560 2675 613 super
2715 559 2815 600 nos
2861 543 3100 600 caelestis
3145 548 3355 604 consilii
3394 549 3481 607 di-

1892 637 2196 706 spensatio!
2229 636 2274 691 Ο
2302 651 2464 704 quam
2508 636 2829 703 profundam
2862 637 3056 692 divina:
3085 639 3366 707 sapientia:
3399 651 3482 697 est

1892 712 2151 784 altitudo!
2192 727 2480 783 Descendit
2511 730 2651 783 Deus
2680 731 2748 784 ad
2778 727 3073 792 hominem,
3111 739 3169 783 ut
3203 731 3476 787 occultam

1892 818 2206 874 hominibus
2239 819 2574 889 patefaceret
2600 819 2887 875 Deitatem.
2923 819 3007 876 Ad
3040 820 3200 892 335
3230 823 3484 880 humana:

1893 909 2241 965 mortalitatis
2280 911 2432 966 exire
2476 909 2730 980 dignatus
2765 920 2848 966 est
2884 911 3179 982 publicum,
3224 922 3283 969 ut
3323 912 3483 970 nobis

1891 999 2210 1055 teternitatis
2237 1014 2348 1055 sua:
2389 999 2656 1056 revelaret
2683 1017 2964 1056 arcanum.
2999 1002 3104 1058 Sed
3149 1004 3193 1059 si
3239 1019 3388 1071 mox,
3421 1017 3480 1060 ut

1894 1088 1947 1142 in
1977 1088 2303 1160 evangelicae
2342 1090 2602 1146 doctrinae
2631 1093 2982 1162 cmpitverba
3007 1109 3385 1165 prorumpere,
3415 1109 3480 1151 ac

1893 1192 2047 1232 novae
2087 1179 2276 1247 gratiae
2321 1180 2576 1250 mysteria
2619 1181 2844 1236 rudibus
2883 1181 3060 1238 adhuc
3103 1183 3480 1252 imperitorum

1891 1269 2148 1325 cordibus
2191 1272 2438 1340 aperire,
2485 1272 2670 1328 statim
2717 1273 3017 1329 divinitatis
3054 1291 3167 1330 stne
3220 1277 3482 1346 panderet

1891 1370 2328 1425 sacramentum,
2379 1361 2536 1432 cujus
2587 1376 2773 1432 quaeso
2816 1363 2984 1418 ferret
3035 1366 3278 1428 auditus,
3325 1367 3482 1437 cujus

1892 1462 2130 1518 unquam
2161 1458 2380 1519 caperet
2419 1449 2755 1507 intellectus?
2793 1449 2928 1505 Nam
2984 1461 3044 1507 ut
3086 1452 3153 1508 de
3197 1452 3483 1509 divinitate

1893 1556 2039 1597 nunc
2083 1549 2322 1607 taceam,
2371 1556 2492 1597 cum
2541 1542 2801 1598 Dominus
2847 1544 3103 1600 diceret:
3143 1563 3162 1598 ι
3195 1545 3330 1612 Quia
3375 1545 3480 1601 nisi

1895 1631 2353 1688 manducaveritis
2396 1649 2616 1690 carnem
2670 1634 2764 1690 ﬁlii
2816 1635 3071 1701 hominis,
3126 1646 3181 1693 et
3233 1636 3480 1692 biberitis

204 1723 334 1794 quia
364 1739 559 1795 magna
600 1725 784 1794 utique
819 1726 1120 1791 charitate;
1150 1725 1348 1796 positis
1378 1725 1625 1796 genibus,
1663 1724 1791 1795 quia
1823 1714 1870 1776 Β
1896 1727 2013 1798 ejus
2044 1727 2387 1798 sanguinem,
2428 1741 2534 1781 non
2579 1726 2846 1781 habebitis
2881 1728 3045 1781 vitam
3089 1729 3142 1781 in
3169 1714 3322 1782 vobis
3354 1743 3367 1780 :
3399 1741 3478 1792 et,

205 1829 357 1878 vera,
388 1823 446 1869 et
487 1813 680 1868 humili
726 1815 1092 1885 simplicitate.
1141 1815 1248 1870 Pro
1293 1829 1352 1871 se
1387 1830 1552 1870 orans
1580 1822 1705 1879 stat,
1738 1822 1795 1868 et

203 1905 466 1975 erigitur;
501 1919 599 1974 pro
623 1904 990 1974 lapidantibus
1017 1905 1182 1960 ﬂectit
1203 1921 1396 1976 genua.
1427 1905 1558 1972 Quis
1587 1904 1792 1959 audivit

205 2009 446 2064 unquam
495 1994 682 2060 talem,
734 2003 791 2049 et
841 1996 964 2065 quis
1014 1995 1148 2050 vidit
1194 1995 1320 2050 huic
1366 1993 1792 2049 similem?Plus

206 2085 353 2142 dolet
397 2087 838 2156 persequentium
891 2097 1117 2157 peccata
1168 2103 1331 2158 quam
1377 2104 1474 2144 sua
1525 2088 1786 2146 vulnera:

205 2177 420 2233 illorum
447 2178 786 2248 iniquitatem
811 2193 973 2249 quam
1001 2195 1155 2236 suam
1184 2189 1437 2235 mortem.

279 2287 299 2322 ι
319 2269 523 2325 Etcum
538 2269 640 2326 hoc
654 2270 898 2335 dixisset,
916 2271 1239 2327 obdormivit
1255 2273 1306 2327 in
1327 2273 1572 2328 Domino.
1600 2292 1619 2324 ι
1641 2273 1789 2328 Felix

207 2373 432 2416 somnus
456 2373 581 2414 cum
604 2359 807 2428 requie,
829 2361 1047 2430 requies
1076 2377 1198 2417 cum
1225 2361 1520 2431 voluptate,
1540 2361 1787 2431 voluptas

206 2467 328 2507 cum
345 2452 619 2517 satietate,
642 2452 868 2508 satietas
895 2469 1019 2508 cum
1048 2454 1360 2517 securitate,
1379 2453 1642 2508 securitas
1667 2467 1789 2507 cum

206 2544 530 2600 aeternitate.
549 2542 912 2612 Obdormivit,
937 2546 1129 2616 inquit,
1145 2547 1198 2601 in
1223 2547 1472 2610 Domino,
1502 2547 1792 2616 absorptus

206 2636 260 2693 in
295 2637 567 2692 claritatis
597 2637 874 2709 abyssum,
906 2647 960 2694 et
1008 2641 1151 2694 inter
1191 2639 1286 2694 Dei
1323 2639 1404 2693 sui
1451 2639 1673 2692 brachia
1701 2655 1790 2693 re-

206 2728 514 2798 quiescens.
541 2727 776 2784 Sedebat
800 2745 831 2784 a
857 2730 1062 2786 dextris
1088 2731 1181 2786 Dei
1211 2731 1470 2786 Dominus
1493 2729 1672 2794 Jesus,
1695 2729 1790 2785 sed

205 2819 382 2889 primo
428 2820 660 2893 martyri
689 2831 990 2893 martyrum
1028 2815 1210 2891 caput.
1262 2822 1478 2877 Recolis
1522 2823 1650 2891 quid
1702 2821 1788 2877 illa

205 2909 464 2966 Ecclesiae
507 2911 709 2981 lingua,
756 2913 1116 2985 Augustinum
1165 2913 1378 2984 loquor,
1413 2914 1480 2968 de
1520 2913 1623 2968 hoc
1656 2929 1793 2968 mar-

208 3014 325 3076 tyre
377 3008 645 3074 senserit,
695 3008 787 3078 qui
836 3017 960 3077 post
1003 3017 1231 3064 mortem
1295 3019 1499 3078 septem
1548 3017 1788 3064 mortuos

206 3099 423 3153 asserit.

273 3189 372 3244 Eia
410 3205 529 3254 vos,
571 3190 661 3260 qui
699 3190 914 3246 levitico
961 3191 1152 3247 ordine
1192 3191 1540 3264 prmfulgetis,
1576 3201 1790 3248 cantate

203 3280 327 3336 huic
360 3279 636 3335 canticum
672 3297 891 3348 novum,
937 3291 992 3339 et
1035 3289 1198 3338 tanta:
1245 3283 1530 3339 festivitati
1579 3282 1790 3340 festivis

203 3369 428 3424 vocibus
467 3371 780 3426 incumbite.
820 3372 1095 3429 Fortassis
1137 3374 1312 3429 aderit
1350 3374 1691 3440 canentibus,
1735 3383 1791 3430 et

203 3469 458 3532 suggeret
501 3462 566 3516 de
617 3464 774 3519 nobis
824 3464 1050 3520 Domino
1093 3481 1212 3532 suo,
1244 3465 1412 3534 judici
1451 3477 1636 3522 nostro
1669 3486 1683 3521 ε
1712 3466 1790 3522 Ne

203 3561 414 3609 statuas
439 3553 551 3609 illis
579 3555 780 3626 aliquid
813 3558 880 3611 ad
916 3567 1218 3628 peccatum,
1249 3559 1340 3629 qui
1368 3575 1428 3616 es
1451 3559 1596 3616 Deus
1625 3562 1791 3617 bene-

203 3644 382 3702 dictus
411 3645 467 3702 iu
493 3648 713 3702 saecula.
738 3649 934 3705 Amen.

751 3783 984 3841 SERMO
1021 3785 1198 3841 LXIII.

306 3911 376 3951 DE
414 3910 617 3952 SANCTO
649 3911 846 3952 JOANNE
885 3913 1154 3953 APOSTOLO
1192 3913 1260 3954 ΕΤ
1300 3915 1679 3956 ενΑΝιςειιει-Α.

754 3969 924 4038 (xxvu
957 3972 1208 4039 DECEIIB.)

273 4097 467 4165 Hodie,
515 4101 874 4166 dilectissimi,
923 4114 1124 4160 sanctze
1165 4105 1320 4160 nobis
1355 4106 1552 4161 laetitia)
1591 4108 1787 4178 gaudia

203 4192 571 4262 geminantur,
595 4195 718 4264 quia
743 4197 944 4251 recenti
972 4198 1148 4252 adhuc
1175 4198 1460 4254 nativitate
1483 4200 1784 4262 Dominica,

202 4282 265 4337 B.
292 4281 521 4339 Joannis
545 4288 787 4340 occurrit
806 4286 1121 4343 solemnitas
1147 4287 1400 4359 gloriosa.
1428 4289 1598 4346 Hodie
1620 4291 1788 4346 disci-

201 4375 386 4447 pulus,
418 4391 582 4446 quem
615 4378 868 4447 diligebat
894 4380 1072 4442 Jesus,
1098 4381 1375 4436 dilectoris
1405 4398 1487 4437 Slll
1525 4384 1786 4452 amplexi-

199 4465 302 4521 bus
330 4467 639 4538 stringitur,
666 4470 923 4526 societate
949 4470 1266 4541 perfruitur,
1300 4483 1355 4528 et
1385 4475 1525 4543 quod
1551 4475 1780 4539 viderat,

197 4559 344 4629 quod
376 4558 646 4627 audierat,
680 4562 818 4629 quod
847 4563 1094 4617 manibus
1117 4571 1501 4619 attrectaverat
1529 4565 1593 4619 de
1618 4567 1782 4620 verbo

197 4656 343 4713 VILB,
375 4656 530 4703 tanto
551 4649 666 4719 jam
700 4648 932 4718 liquidus
969 4662 1171 4721 quanto
1217 4651 1499 4706 sublimius
1538 4663 1784 4708 contem-

196 4737 378 4808 platur
404 4737 452 4808 (Ι
485 4739 647 4793 Joan.
677 4741 740 4805 ι).
769 4738 937 4795 llodie
962 4742 1169 4796 scilicet
1201 4741 1287 4796 illa
1314 4743 1576 4798 mirabilis
1602 4743 1781 4812 aquila

197 4843 359 4897 quam
406 4836 463 4882 et
505 4827 635 4881 olim
685 4829 932 4884 Ezechiel
985 4831 1226 4886 eminere
1283 4833 1497 4886 caeteris
1551 4842 1782 4902 quatuor

196 4916 526 4971 animalibus
564 4917 698 4970 vidit
728 4917 940 4985 (Ezeclt.
970 4920 1030 4989 ι),
1063 4927 1118 4972 ct
1148 4919 1260 4987 ipse
1287 4919 1524 4976 Joannes
1558 4922 1778 4987 suimet,

197 5016 254 5062 ut
278 5008 350 5063 ita
381 5007 602 5079 loquar,
629 5008 887 5076 propheta
921 5008 1121 5073 factus,
1160 5011 1431 5065 volantem
1470 5012 1522 5065 in
1552 5014 1778 5084 mystica

194 5097 402 5153 visione
427 5094 738 5166 conspexit,
776 5099 844 5153 ad
892 5099 1106 5156 unicam
1151 5101 1465 5172 angelorum
1499 5110 1553 5158 et
1604 5103 1781 5160 homi-

191 5203 316 5243 num
363 5204 576 5253 escam,
621 5187 814 5256 pennis
855 5189 1048 5246 librata
1094 5190 1406 5248 sublimium
1458 5193 1776 5252 meritorum

191 5279 420 5328 feliciter
462 5277 726 5328 evolavit.
765 5279 908 5328 Licet
941 5283 1083 5328 enim
1116 5284 1426 5328 Ithimrnmte
1458 5283 1621 5328 frum-il
1656 5302 1780 5328 pnn-

1894 1819 1985 1889 qui
2015 1819 2308 1874 manducat
2329 1834 2432 1884 me,
2461 1820 2578 1890 ipse
2595 1820 2741 1876 vivet
2763 1829 2985 1890 propter
3003 1835 3089 1874 me
3110 1819 3293 1889 (Joan.
3321 1821 3430 1890 vi);
3454 1839 3474 1873 ι

1893 1910 2138 1981 protinus
2167 1911 2438 1980 aspernati
2473 1921 2598 1966 sunt
2639 1912 2884 1974 verbum,
2933 1922 2987 1968 et
3029 1914 3362 1967 exhorruere
3398 1912 3481 1966 di-

1893 2013 2080 2059 centes
2112 2021 2126 2058 :
2167 2022 2186 2055 (
2220 2003 2396 2060 Durus
2441 2015 2528 2060 est
2565 2005 2654 2060 hic
2693 2019 2874 2061 sermo
2913 2022 2928 2061 :
2969 2006 3090 2076 quis
3142 2013 3320 2074 potest
3354 2019 3478 2059 eum

1894 2095 2116 2149 audire?
2152 2113 2170 2146 ι
2205 2095 2411 2151 Deinde
2459 2095 2740 2167 Scriptura
2792 2095 3064 2167 subjungit
3102 2113 3116 2150 :
3159 2115 3178 2149 ι
3217 2096 3296 2151 Ex
3340 2096 3477 2163 hoc,

1897 2185 2090 2256 lnquit,
2128 2186 2281 2240 multi
2319 2187 2707 2257 discipulorum
2752 2185 2868 2256 ejus
2916 2187 3166 2243 abierunt
3209 2195 3377 2252 retro,
3423 2193 3482 2242 et

1885 2274 1998 2344 jam
2027 2291 2146 2330 cum
2181 2275 2272 2332 illo
2298 2292 2403 2332 non
2432 2277 2780 2333 ambulabant
2806 2276 2992 2348 (Ibid.)
3022 2297 3042 2331 ι
3080 2277 3330 2334 videlicet
3371 2293 3480 2332 non

1891 2369 1958 2423 de
1994 2369 2183 2434 turba;
2210 2385 2315 2425 non
2345 2369 2572 2439 quilibet
2597 2369 2854 2439 imperiti,
2876 2369 2972 2424 sed
2995 2368 3093 2436 ipsi
3119 2369 3280 2424 etiam
3311 2369 3478 2424 disci-

1890 2458 2002 2529 puli
2035 2459 2358 2529 nequierunt
2389 2473 2586 2527 capere
2623 2457 2844 2512 verbum
2876 2457 3144 2528 mystcrii.
3177 2455 3314 2523 Quid
3343 2471 3480 2527 ergo

1893 2550 1981 2604 isti
2012 2549 2255 2604 facerent
2300 2557 2427 2603 ante
2458 2547 2650 2612 solem,
2681 2548 2774 2618 qui
2821 2549 3008 2602 c:ccati
3043 2556 3181 2602 'sunt
3208 2548 3274 2603 ad
3302 2547 3480 2603 lucrr-

1891 2641 2052 2695 nam?
2099 2640 2379 2708 Quomodo
2426 2640 2648 2695 tonitrui
2704 2640 3008 2695 sustineant
3055 2640 3324 2703 sonitum.
3382 2655 3476 2711 qut

1890 2733 2189 2801 clangentis
2242 2731 2383 2786 tulm
2435 2733 2648 2802 pondus
2703 2731 2845 2787 ferre
2889 2740 3187 2801 nequeunt,
3238 2733 3348 2787 imo
3385 2732 3478 2802 qui

1890 2841 2196 2896 suppressa
2245 2839 2311 2880 ac
2363 2832 2676 2896 temperata:
2728 2823 2979 2878 humana:
3031 2823 3181 2879 vocis
3235 2823 3478 2879 exilitate

1889 2918 2230 2972 surdescunt.

1961 3007 2252 3078 Propterea
2283 3009 2448 3079 igitur
2481 3007 2810 3076 Redemptor
2846 3016 3031 3062 noster
3067 3007 3323 3064 dilectum
3373 3009 3477 3064 sibi

1892 3099 2112 3171 speciali
2161 3101 2519 3170 prrcrogativa
2567 3099 2921 3170 discipulum,
2973 3099 3041 3154 ad
3098 3099 3476 3156 declarandam

1891 3211 2002 3251 suae
2036 3195 2333 3250 divinitatis
2367 3193 2658 3250 essentiam
2697 3191 2964 3263 quoddam
3005 3191 3160 3261 quasi
3209 3207 3477 3261 organum

1891 3286 2039 3352 fecit,
2068 3295 2232 3355 atque
2262 3293 2322 3339 ut
2364 3286 2453 3340 hic
2495 3284 2771 3355 suppleret
2807 3283 2949 3354 quod
2991 3284 3060 3338 ad
3108 3293 3318 3354 tempus
3361 3284 3478 3353 ipse

1890 3376 2150 3431 Dominus
2202 3375 2568 3445 dispensative
2621 3382 3016 3444 suppresserat,
3068 3373 3287 3428 sibimet
3325 3373 3475 3430 vica-

1891 3468 2031 3521 rium
2057 3465 2366 3535 dereliquit,
2394 3473 2662 3535 quatenus
2695 3464 2910 3533 expleto
2952 3463 3241 3533 passionis,
3282 3478 3347 3518 ac
3387 3478 3475 3519 re-

1890 3559 2240 3616 surrectionis
2277 3559 2715 3628 ascensionisque
2742 3557 3018 3627 mysterio,
3062 3565 3181 3626 post
3214 3556 3471 3611 tredecim

1890 3647 2004 3703 fere
2048 3663 2310 3703 annorum
2367 3647 2557 3712 lustra,
2614 3663 2736 3701 cum
2776 3647 2888 3717 jam
2941 3646 3190 3702 videlicet
3228 3647 3477 3702 homines

1889 3739 2199 3795 liberiorem
2260 3739 2329 3793 ad
2392 3737 2783 3807 capessendam
2853 3737 3137 3792 veritatem
3210 3737 3477 3792 haberent

1889 3831 2086 3885 mentis
2127 3830 2398 3895 obtutum,
2434 3829 2522 3884 hic
2559 3829 2951 3894 coessentialis,
2987 3838 3041 3883 et
3078 3829 3332 3884 cowtcrni
3363 3829 3474 3886 Deo
3565 3857 3568 3859 λ

1888 3921 2050 3976 Verbi
2080 3921 2340 3992 panderet
2365 3928 2782 3984 sacramentum,
2811 3919 2996 3975 dicens
3028 3939 3041 3974 :
3076 3941 3094 3972 ι
3122 3920 3179 3975 In
3206 3920 3474 3990 principio

1888 4021 2005 4068 erat
2040 4011 2297 4077 Verbum,
2325 4021 2378 4065 et
2418 4009 2652 4065 Verbum
2684 4018 2802 4063 erat
2831 4010 2970 4079 apud
3004 4008 3170 4063 Deum
3192 4051 3206 4074 ,
3244 4019 3300 4064 et
3332 4010 3474 4064 Deus

1889 4111 2006 4158 erat
2043 4101 2280 4157 Verbum
2311 4099 2493 4171 (locu.
2521 4099 2582 4171 ι).
2619 4120 2651 4153 ι-
2680 4099 2940 4154 Humana:
2969 4100 3165 4169 quippe
3193 4098 3476 4155 imbecilli-

1891 4196 2013 4250 tatis
2038 4195 2171 4249 ordo
2194 4193 2453 4263 poscebat
2479 4201 2538 4247 ιιι
2568 4193 2718 4263 prius
2744 4191 2943 4247 Christi
2977 4192 3330 4246 humanitatis
3359 4190 3474 4260 pri-

1889 4286 2095 4341 mordia
2145 4300 2363 4340 cursum
2414 4285 3045 4351 consunnnationemque
3090 4291 3472 4350 pernoscerct,

1889 4375 2148 4430 miracula
2183 4377 2377 4440 etiam,
2409 4389 2529 4443 qua:
2557 4375 2610 4428 in
2639 4374 2914 4428 hominem
2944 4373 3132 4440 gessit,
3164 4372 3473 4427 addisceret

1887 4469 2075 4535 sicque
2126 4467 2385 4537 paulatim
2438 4466 2504 4520 ad
2558 4465 3121 4534 comprehendendum
3173 4463 3474 4520 divinitatis

1884 4555 2108 4610 occultae
2155 4554 2472 4624 mysterium
2507 4555 2620 4608 suis
2668 4561 2914 4622 vegetata
2947 4553 3290 4622 provectibus
3334 4553 3478 4622 aSpi-

1885 4655 2052 4701 raret.
2084 4646 2422 4714 Quapropter
2457 4645 2626 4700 divini
2668 4643 2768 4698 fuit
2804 4659 2966 4699 causa
3013 4643 3225 4700 consilii
3268 4651 3327 4697 ut
3372 4659 3478 4698 ca:-

1884 4737 1986 4794 teri
2025 4735 2399 4806 Evangelistaz,
2442 4737 2532 4805 qui
2567 4738 2619 4792 in
2653 4735 3004 4792 describenda
3043 4735 3344 4793 Salvatoris
3377 4735 3480 4790 hu-

1885 4827 2145 4881 manitate
2192 4825 2387 4880 versati
2423 4836 2572 4893 sunt,
2611 4829 2766 4895 longe
2801 4827 3198 4896 prtecederent;
3238 4825 3482 4898 Joannes

1887 4934 2040 4984 vero,
2074 4933 2195 4973 cum
2247 4917 2495 4972 homines
2551 4929 2808 4988 tanquam
2849 4920 3026 4988 primo
3072 4923 3339 4976 lactantes
3389 4919 3490 4974 tir-

1887 5013 2060 5068 miora
2091 5009 2204 5080 jam
2246 5010 2298 5064 in
2329 5009 2414 5062 via
2451 5004 2702 5069 veritatis
2739 5012 2962 5081 vestigia
3006 5013 3255 5088 ﬁgerent,
3291 5025 3387 5066 eos
3417 5015 3493 5070 ad

1885 5104 2416 5167 condescendendam
2452 5105 2656 5166 divina:
2710 5104 2949 5162 scientiae
2987 5110 3222 5180 gratiam
3267 5118 3500 5174 promo-

1885 5204 2055 5254 veret.

1958 5290 2109 5328 ιιοιηρ
2161 5286 2392 5328 δριιῖηιιρ
2446 5287 2942 5328 ειιηονοπηίηριιίριη
2991 5289 3192 5328 (“vitam
3243 5284 3502 5328 scienti-.1.
