3978 5328
511 134 618 192 859

1208 124 1417 192 enim
1455 133 1732 191 DAMIANI
1770 116 1919 190 Ope.
1961 131 2142 188 esus
2172 132 2302 189 seu
2346 118 2669 220 "rouusu.
2710 169 2777 179 —
2808 137 3196 195 SERMONES.
3296 160 3303 165 -

3667 134 3776 191 ιω

518 258 577 305 et
613 248 856 304 scientia:
896 248 1219 315 absconditi,
1255 266 1318 306 ex
1352 252 1443 307 illo
1472 250 1680 306 ccclesti
1716 249 2097 321 gampliylacio
2121 248 2176 310 Α
2201 251 2359 305 modo
2410 266 2531 321 quas
2583 252 2937 307 humanitatis
2987 260 3113 306 sunt
3164 249 3321 320 plane
3379 248 3778 319 quodammodo

509 355 779 395 summam
811 341 1002 398 traxit.
1049 341 1188 395 unde
1217 352 1417 396 nostra:
1466 341 1798 412 paupertatis
1850 340 2086 410 inopiam

510 432 725 501 copiosa
772 430 1095 486 liberalitate
1142 432 1353 487 ditavit.
1397 432 1475 487 Ex
1519 431 1628 496 illo,
1663 432 1903 501 inquam,
1933 429 2090 486 nobis

506 524 704 579 aerario
741 523 1053 578 divitiarum
1093 525 1275 594 copias
1317 525 1519 588 attulit,
1558 532 1613 581 et
1650 524 1704 579 in
1747 538 2088 580 communem

508 614 678 671 totius
715 613 898 668 mundi
928 614 1158 670 salutem
1202 615 1341 671 bene
1379 615 1634 686 prodigus
1668 612 1933 684 erogavit,
1980 613 2091 668 imo

505 719 671 774 supra
700 701 906 759 fontem
938 704 1192 773 perennis
1218 704 1344 759 vitae
1371 706 1635 770 recubuit,
1663 712 1723 759 ut
1748 712 1801 760 et
1827 704 1939 775 ipse
1962 712 2092 759 tunc

506 812 724 866 semper
762 797 1035 849 manantia
1068 795 1267 852 ﬂuenta
1312 798 1507 852 divinm
1533 796 1794 853 doctrinm
1826 797 2087 861 hauriret,

501 889 776 941 eteadem
820 887 978 941 nobis
1006 890 1345 957 postmodum
1395 891 1615 960 prmlixo
1650 889 1785 945 certi
1831 888 2091 958 temporis

510 978 743 1033 articulo
769 980 1099 1049 propinaret.

571 1067 795 1141 Magnus
806 1070 1053 1130 videlicet
1068 1073 1298 1141 paradisi
1315 1071 1530 1136 ﬂuvius,
1542 1073 1632 1143 qui
1646 1088 1711 1128 ex
1724 1072 2092 1145 336princi-

502 1162 609 1231 pali
638 1164 717 1217 sui
740 1162 901 1218 fontis
923 1165 1132 1235 origine
1160 1166 1430 1234 proﬂuens
1444 1182 1508 1222 ac
1526 1168 1757 1224 uberiori
1784 1171 2091 1225 caelestium

505 1254 894 1309 charismatum
937 1255 1291 1311 inundatione
1320 1258 1639 1326 procedens,
1669 1260 1969 1329 squalentia
2000 1262 2094 1316 des

505 1356 650 1400 serta
671 1347 1026 1413 humanarum
1055 1348 1314 1403 mentium
1348 1350 1559 1419 irrigat,
1594 1360 1649 1405 et
1677 1351 1742 1406 ad
1769 1351 2089 1421 proferenda

500 1434 769 1490 bonorum
787 1452 1006 1506 Operum
1040 1447 1292 1508 tanquam
1327 1455 1584 1495 novarum
1610 1441 1820 1512 frugum
1845 1443 2090 1512 germina

505 1525 777 1581 uberrima
809 1528 1087 1585 fertilitate
1115 1530 1389 1585 fecundat.
1425 1531 1489 1585 Et
1526 1548 1630 1587 non
1670 1534 1942 1589 immerito
1978 1544 2087 1591 tam

2190 351 2353 413 atque
2381 341 2659 397 humiliter
2696 352 2991 408 asseverat,
3035 343 3176 398 sicut
3226 343 3344 413 ipse
3394 343 3447 397 in
3496 341 3772 413 Evangelii

2187 435 2269 489 sui
2295 434 2555 504 principio
2575 435 2758 505 carpit,
2786 434 2860 489 ita
2887 434 3128 490 seriatim
3152 447 3325 504 usque
3349 433 3416 488 ad
3441 432 3605 488 ﬂnem
3633 433 3771 489 hunc

2188 526 2435 580 eumdem
2464 524 2682 581 modum
2712 542 2810 596 per
2833 541 3047 581 omnem
3083 541 3195 580 suae
3224 524 3611 594 descriptionis
3647 525 3774 577 arti-

2189 616 2368 671 culurn
2407 617 2598 672 tenuit.
2626 616 2784 684 Nam,
2814 615 2955 673 sicut
2992 617 3184 683 nostis,
3217 616 3270 671 in
3311 616 3493 686 capite
3531 616 3618 671 sui
3659 614 3776 668 libri

2190 708 2440 765 deificum
2486 708 2618 764 illud
2663 724 2727 764 ac
2777 709 3054 781 singulare
3098 710 3252 780 ponit
3292 708 3583 764 exordium
3615 722 3632 763 :
3666 725 3686 760 ι
3722 706 3775 761 In

2188 799 2475 870 principio,
2515 799 2791 869 inquiens,
2825 811 2945 855 erat
2973 798 3231 867 Verbum,
3275 809 3334 856 et
3369 797 3614 856 Verbum
3659 792 3775 853 erit

2189 893 2328 962 apud
2365 891 2564 956 Deum,
2593 900 2646 947 et
2676 892 2818 948 Deus
2855 899 2974 947 erat
3002 891 3235 948 Verbum
3273 891 3456 958 (Joan.
3482 892 3547 962 ι).
3585 910 3607 943 ι
3638 890 3784 947 Ecce

2190 983 2368 1053 aquila
2399 984 2493 1037 Dei
2528 982 2595 1038 ad
2638 984 2761 1038 coeli
2806 984 3069 1039 verticem
3106 983 3412 1039 sublimiter
3444 982 3650 1045 evolat,
3683 983 3775 1036 sed

2191 1077 2256 1132 ad
2302 1091 2482 1132 escam
2526 1076 2711 1130 carnis
2751 1091 2971 1132 necesse
3004 1086 3089 1132 est
3131 1085 3191 1131 ut
3218 1075 3483 1146 repressis
3532 1074 3640 1130 alis
3675 1074 3774 1129 ali-

2190 1170 2403 1237 quando
2434 1168 2487 1221 in
2514 1166 2680 1220 imum
2719 1166 2990 1222 submissa
3018 1168 3329 1223 descendat.
3360 1167 3515 1223 Unde
3540 1174 3601 1221 et
3620 1164 3776 1235 paulo

2187 1265 2311 1328 post
2338 1259 2464 1330 quid
2495 1258 2709 1323 subda’t,
2740 1259 2921 1314 audite
2946 1277 2959 1312 :
2989 1278 3007 1309 σ
3037 1259 3556 1331 EtVerbum,337
3579 1259 3775 1329 inquit,

2191 1367 2318 1408 caro
2347 1352 2546 1407 factum
2567 1362 2674 1417 est,
2701 1361 2754 1407 et
2785 1353 3044 1409 habitavit
3073 1354 3127 1409 in
3153 1354 3305 1409 nobis
3332 1353 3549 1425 (Ibid).
3580 1371 3602 1404 ι

2262 1442 2412 1498 llanc
2440 1444 2623 1513 itaque
2657 1444 3023 1501 diversitatem
3055 1444 3409 1500 humanitatis
3440 1457 3612 1513 atque
3643 1443 3779 1497 divi-

2190 1535 2378 1591 nitatis
2419 1537 2583 1590 unita:
2631 1535 2849 1591 sibimet
2905 1545 3069 1607 atque
3127 1535 3420 1591 inconfusze
3479 1550 3682 1605 sponsa
3718 1534 3782 1587 de

505 1606 932 1687 profiiuda,'tam
973 1622 1380 1691 supereminens
1422 1624 1679 1681 revelatio
1718 1625 1935 1681 deitatis
1965 1626 2091 1682 Vir-
2116 1613 2162 1674 Β
2189 1641 2386 1697 sponso
2443 1626 2577 1680 dicit
2629 1626 2681 1682 in
2738 1606 3028 1682 Cantieis:
3086 1646 3104 1678 ι
3143 1626 3366 1689 Venter,
3419 1624 3619 1694 inquit,
3666 1623 3782 1693 ejus

503 1711 614 1782 gini
643 1712 942 1767 debebatur
970 1722 1028 1768 ut
1055 1716 1146 1785 qui
1188 1718 1369 1770 carnis
1398 1717 1614 1772 sibimet
1647 1719 1944 1788 amputavit
1972 1718 2088 1773 ille-

503 1806 728 1867 reliras,
775 1803 916 1860 felici
975 1809 1334 1871 commercio,
1388 1823 1488 1877 pro
1534 1809 1736 1864 carnali
1781 1809 2084 1877 dulcedine,

504 1894 807 1951 emlestium
847 1897 1126 1967 epularum
1159 1899 1363 1955 divitiis
1406 1898 1698 1956 frueretur.
1744 1900 1825 1955 Ad
1878 1909 2087 1957 tantum

504 1988 712 2044 scilicet
746 1991 933 2060 gratiae
972 2001 1260 2060 provectus
1293 2001 1379 2047 est
1415 1993 1754 2064 privilegium
1787 2003 1845 2048 ut
1870 2009 2087 2051 omnem

504 2082 909 2150 transgrediens
951 2069 1282 2149 creaturam,
1329 2082 1454 2137 illuc
1491 2086 1607 2140 acie
1641 2085 1837 2140 mentis
1866 2085 2092 2155 attinge-

501 2179 611 2234 ret,
642 2186 749 2239 quo
778 2188 882 2226 non
911 2174 1191 2243 propheta,
1223 2190 1329 2230 non
1360 2176 1691 2245 patriarcha,
1725 2190 1828 2229 non
1859 2176 2092 2246 denique

503 2262 789 2332 quisquam
836 2264 905 2317 ah
946 2265 1062 2335 ipso
1104 2267 1289 2321 mundi
1318 2266 1617 2337 primordio
1644 2276 2005 2336 cognoscatur
2035 2268 2090 2323 in

504 2368 670 2411 carne
714 2356 924 2424 positus
958 2358 1250 2428 aspirasse.
1299 2358 1408 2414 Nec
1446 2359 1645 2414 mirum
1683 2360 1727 2415 si
1761 2359 2093 2431 Redemptor

504 2453 690 2499 noster
723 2445 883 2500 beato
920 2444 1114 2502 Joanni
1156 2450 1331 2507 vicem
1388 2465 1541 2505 suam
1576 2450 1645 2505 ad
1702 2450 2089 2506 declarandum

505 2533 805 2591 divinitatis
836 2552 947 2591 suae
988 2539 1305 2609 mysterium
1341 2524 1649 2611 'delegavit,
1705 2556 1867 2612 quem
1918 2550 1973 2597 et
2023 2541 2091 2597 ad

506 2625 912 2707 custodiendam
964 2629 1324 2685 venerabilem
1382 2620 1849 2697 matrem'suam,
1905 2646 2095 2703 perpe-

507 2724 655 2772 tuam
707 2719 960 2775 videlicet
1006 2720 1306 2791 Virginem,
1346 2724 1498 2792 quasi
1545 2723 1775 2780 alterum
1812 2724 1978 2780 lilium
2009 2725 2093 2780 sui

506 2806 627 2862 loco
654 2811 967 2879 supposuit:
993 2830 1011 2862 ι
1034 2811 1244 2874 Mulier.
1264 2814 1513 2884 inquiens
1531 2858 1547 2881 ,
1575 2830 1704 2872 ecce
1718 2816 1863 2872 ﬂlins
1883 2825 2036 2883 tuus;
2068 2837 2089 2872 ι

506 2899 577 2954 ad
596 2899 927 2969 discipulum
946 2911 1126 2957 mitem
1154 2922 1167 2956 :
1196 2921 1216 2955 ι
1239 2904 1375 2960 Ecce
1394 2914 1571 2961 mater
1593 2917 1681 2963 tua
1705 2908 1889 2979 (Ionii.
1916 2908 2089 2979 xix)»

2187 1715 2481 1781 eburneus,
2512 1714 2800 1770 distinctus
2830 1716 3100 1787 sapphiris
3127 1714 3302 1784 (Cant.
3334 1717 3412 1784 v).
3449 1734 3467 1765 ι
3521 1714 3577 1769 ln
3611 1728 3779 1768 mem-

2188 1808 2302 1863 bris
2341 1822 2535 1875 nempe
2577 1807 2799 1861 humani
2829 1807 3076 1877 corporis
3100 1806 3190 1859 vix
3219 1805 3420 1875 aliquid
3452 1814 3647 1859 ventre
3678 1805 3782 1860 fra-

2189 1898 2368 1972 gilius,
2398 1900 2512 1954 sive
2553 1899 2792 1953 tenerius
2824 1899 3120 1959 invenitur,
3152 1896 3379 1966 ideoque
3405 1910 3505 1965 per
3534 1906 3778 1951 ventrem

2190 2000 2341 2045 recte
2378 1987 2640 2060 fragilitas
2665 1986 2720 2043 in
2747 1987 2966 2043 Christo
2996 1994 3285 2056 assumptae
3315 1986 3672 2041 humanitatis
3695 2002 3783 2041 ac-

2191 2078 2420 2150 cipitur;
2446 2079 2583 2132 ebur
2613 2086 2791 2132 autem
2820 2091 2883 2133 os
2903 2087 2987 2131 est
3007 2074 3329 2147 elephantis,
3358 2076 3504 2145 quod
3534 2074 3785 2129 videlicet

2193 2172 2394 2228 animal
2426 2170 2597 2226 fertur
2624 2186 2747 2226 esse
2780 2170 3147 2225 castissimum
3179 2167 3663 2238 frigidissimzeque
3687 2182 3780 2220 na-

2191 2273 2347 2322 turae.
2381 2265 2581 2320 Venter
2607 2279 2738 2337 ergo
2768 2264 2949 2333 sponsi
2979 2263 3253 2318 eburneus
3294 2268 3403 2324 est,
3430 2260 3560 2328 quia
3590 2273 3781 2314 susce-

2191 2367 2281 2427 pta
2337 2354 2716 2426 ltedemptoris
2775 2354 3085 2409 humanitas
3134 2352 3203 2405 ab
3227 2350 3378 2405 omni
3431 2358 3783 2419 peccatorum

2192 2448 2444 2520 contagio
2465 2456 2615 2502 casta
2642 2461 2865 2518 prorsus
2886 2454 2944 2500 et
2974 2444 3230 2500 inviolata
3253 2442 3577 2514 permansit.
3606 2441 3787 2510 Siqui-

2194 2541 2313 2597 dem
2344 2547 2624 2609 peccatum
2655 2553 2763 2594 non
2789 2536 2940 2602 fecit,
2981 2550 3083 2592 nec
3111 2535 3268 2592 dolus
3293 2534 3549 2589 inventus
3584 2532 3638 2587 in
3688 2546 3784 2587 ore

2192 2631 2309 2703 ejus
2335 2630 2386 2700 (1
2416 2627 2560 2685 Petr.
2596 2631 2682 2701 ιι).
2712 2628 3016 2700 Sapphirus
3054 2637 3235 2684 autem
3276 2625 3415 2696 lapis
3450 2633 3542 2681 est
3603 2623 3782 2679 sereni

2193 2722 2316 2777 cteli
2347 2721 2585 2777 colorem
2614 2720 2851 2785 habens;
2877 2722 3020 2774 unde
3044 2728 3104 2773 et
3134 2718 3188 2773 in
3214 2716 3423 2771 visione
3454 2714 3673 2770 Domini
3703 2712 3786 2766 di-

2196 2816 2337 2871 citur
2373 2831 2388 2867 :
2439 2832 2458 2866 ι
2506 2814 2637 2868 Erat
2671 2813 2775 2867 sub
2820 2812 3049 2882 pedibus
3094 2810 3211 2879 ejus
3237 2807 3393 2878 quasi
3421 2822 3565 2877 opus
3594 2805 3786 2874 lapidis

2198 2905 2518 2976 sapphirini.
2541 2916 2595 2959 et
2623 2904 2777 2974 quasi
2797 2903 3020 2964 emtum,
3042 2916 3164 2957 cum
3189 2914 3440 2955 serenum
3469 2907 3559 2953 est
3584 2897 3781 2968 (Exod.

508 2958 965 3062 Digntttn'qttippe
986 2992 1166 3048 fuerat
2119 2958 2167 3025 α
2198 2958 2373 3067 ax'iv).
2470 2958 2576 3051 Der
2602 2958 2889 3065 sapphiros
2932 2958 3061 3064 ergo
3089 3007 3252 3062 opera
3298 2958 3609 3045 divinitatis
3636 2987 3791 3043 intel-

506 3080 747 3137 caalestia
777 3085 1144 3141 committeret
1172 3096 1227 3143 et
1261 3097 1495 3146 terrena.

579 3170 646 3225 Et
674 3171 799 3242 quia
838 3172 1099 3230 Mediator
1125 3176 1221 3231 Dei
1251 3185 1306 3232 et
1334 3178 1611 3234 hominum
1653 3195 1719 3235 ex
1763 3180 1974 3238 duabus
1999 3197 2096 3237 na-

510 3265 676 3327 turis,
723 3265 903 3320 divina
961 3264 1214 3324 videlicet
1270 3280 1325 3327 ct
1381 3272 1613 3328 humana
1667 3275 1918 3331 consistit
1955 3291 2095 3331 unus

508 3354 851 3419 l'mmanuel,
880 3373 1093 3428 :equum
1145 3362 1435 3418 admodum
1466 3366 1640 3420 visum
1682 3367 1783 3421 fuit
1820 3377 1878 3422 ut
1903 3367 2095 3424 beatus

506 3441 746 3500 Joannes
771 3447 1058 3519 utriusque
1087 3461 1296 3509 natura:
1323 3455 1493 3512 fidelis
1525 3458 1776 3513 minister
1801 3460 2091 3525 existeret,

505 3538 600 3605 qui
634 3547 691 3593 et
719 3540 1018 3599 divinitatis
1052 3559 1392 3604 sacramenta
1426 3554 1816 3618 conscriberet,
1844 3564 1900 3610 et
1924 3557 2095 3612 beam

508 3627 773 3687 Genitrici
804 3645 1079 3702 perpetua:
1109 3641 1368 3695 custodire
1407 3656 1473 3697 ac
1512 3645 1816 3701 sedulitatis
1852 3662 1962 3702 sua:
1997 3648 2098 3702 mi-

511 3722 798 3779 nisterium
838 3727 1140 3783 exhiberet.
1185 3729 1352 3800 Cujus
1401 3735 1702 3805 utriusque,
1754 3737 2097 3793 excellentis-

512 3815 635 3869 simi
677 3816 929 3873 videlicet
969 3825 1319 3889 sacramenti,
1353 3827 1752 3895 quodammodo
1787 3830 2094 3884 ministrum

513 3920 576 3960 se
606 3921 727 3960 esse
755 3916 1001 3975 testatur,
1032 3927 1154 3966 cum
1191 3928 1288 3983 per
1324 3929 1539 3970 omnem
1579 3918 1874 3986 evangelici
1921 3928 2099 3975 textus

515 3996 598 4049 sui
656 3998 875 4063 seriem,
920 4000 1000 4054 sie
1035 4002 1155 4073 styli
1204 4003 1419 4059 modum
1462 4014 1729 4076 temperet
1773 4017 1827 4061 et
1864 4010 2097 4079 quadam

514 4087 895 4171 vicissitudine~
928 4093 1175 4161 mystica:
1223 4095 1507 4151 varietatis
1558 4097 1793 4153 alternat
1837 4109 1895 4153 ut
1938 4101 2099 4156 modo

512 4180 748 4236 humana
781 4185 1111 4253 pronuntiet,
1140 4186 1299 4241 modo
1322 4188 1498 4243 divina
1533 4190 1752 4257 revelet,
1792 4194 1952 4247 modo
1979 4209 2100 4263 qua:

514 4272 871 4329 humanitatis
901 4284 1029 4331 sunt
1069 4277 1423 4334 historialiter
1478 4281 1714 4346 inserat,
1770 4284 1930 4339 modo
1981 4302 2100 4356 quze

511 4373 640 4419 sunt
692 4365 994 4422 divinitatis
1047 4369 1277 4439 quadam
1340 4372 1650 4427 sublimium
1701 4389 1765 4429 ac
1821 4375 2097 4431 subtilium

511 4456 803 4510 verborum
845 4459 1128 4528 majestate
1162 4461 1461 4530 deproniat.
1501 4463 1784 4534 Tantaque
1812 4465 2101 4521 locutionis

513 4556 633 4599 arte
660 4545 945 4602 verborum
973 4549 1081 4603 vim
1124 4560 1387 4620 temperat
1414 4567 1477 4605 ac
1505 4552 1685 4608 librati
1714 4557 2102 4613 moderaminis

513 4633 808 4690 sobrietate
851 4636 1126 4705 dispensat
1167 4648 1227 4693 ut
1276 4655 1377 4695 nec
1411 4641 1707 4698 divinitatis
1740 4661 1938 4700 arcana
1980 4648 2102 4700 vul-

511 4724 651 4799 gari,
682 4740 781 4781 nec
811 4741 874 4781 ca
908 4742 1027 4798 qua:
1057 4728 1181 4784 fidei
1214 4740 1412 4786 nostra:
1442 4736 1746 4791 necessaria
1779 4745 1904 4791 sunt
1931 4739 2101 4808 patia-

516 4826 603 4868 tur
631 4818 909 4873 abscondi.
1744 4831 1755 4843 '

589 4905 825 4963 Proinde
871 4910 996 4966 dum
1031 4912 1271 4970 historia:
1306 4922 1469 4970 verba
1516 4920 1774 4983 contexit,
1819 4920 1966 4976 velut
2003 4937 2103 4991 per

519 4998 869 5054 tenuissimas
925 5003 1086 5058 rimas
1137 5005 1436 5061 divinitatis
1482 5008 1744 5080 fulgorem
1792 5014 1859 5067 ad
1916 5015 2105 5070 oculos

496 5089 801 5144 oliuiuinum
846 5108 1136 5151 coruscare
1174 5101 1459 5167 permittit,
1508 5103 1694 5173 sicque
1734 5103 1861 5159 dum
1906 5107 2105 5161 tenuis—-

520 5182 660 5237 sitno
690 5182 824 5236 luris
853 5192 1067 5238 aeterna:
1102 5189 1272 5253 radio,
1310 5191 1499 5246 oculus
1530 5196 1726 5250 mentis
1766 5206 1961 5252 nostra:
1990 5213 2105 5266 per-

521 5272 833 5328 strinttitur.
869 5274 935 5328 ad
979 5273 1335 5328 indaeandum
1387 5296 1508 5328 mm:
1558 5282 1685 5328 illml
1734 5286 2104 5328 innonpeeihiln

2090 3120 2097 3125 ε
2196 3089 2455 3162 Ιὶςιιιιιιιι,
2484 3104 2605 3158 quin
2632 3088 2685 3142 in
2723 3101 2889 3141 carne
2915 3084 3176 3140 Dominus
3213 3082 3557 3138 ostendebat.
3592 3079 3789 3135 Venter

2195 3198 2324 3253 ergo
2370 3182 2553 3251 sponsi
2598 3181 2891 3236 distinctus
2922 3186 3043 3233 erat
3087 3175 3377 3247 sapphiris,
3420 3174 3552 3244 quia
3587 3168 3787 3227 Christi

2198 3274 2508 3330 humanitas
2539 3273 2738 3329 divinis
2772 3270 3068 3327 virtutibus
3103 3268 3422 3339 refulgebat.
3452 3266 3568 3321 Nec
3596 3266 3791 3335 plenus

2197 3364 2472 3436 sapphirls
2493 3379 2621 3419 esse
2661 3362 2879 3429 dicitur,
2931 3360 3023 3417 sed
3074 3360 3382 3422 distinctus,
3426 3357 3503 3411 ita
3531 3356 3785 3411 videlicet

2198 3466 2256 3511 ut
2284 3458 2427 3511 inter
2450 3455 2739 3525 sapphiros
2771 3454 2975 3508 candor
2998 3450 3180 3507 eboris
3222 3456 3517 3519 appareret
3539 3446 3670 3517 quia
3710 3445 3788 3499 sic

2194 3547 2457 3602 Dominus
2484 3560 2550 3601 ex
2575 3553 2729 3614 parte
2758 3544 2993 3599 hominis
3019 3541 3285 3611 assumpti
3326 3538 3665 3610 operabatur
3687 3536 3787 3590 ιω.

2198 3655 2358 3695 mana
2406 3644 2466 3693 ut
2515 3636 2807 3707 aliquando
2855 3634 3208 3691 nihilominus
3251 3647 3320 3688 ex
3368 3637 3525 3701 parte
3576 3627 3791 3684 deitatis

2197 3720 2511 3784 ostenderet
2557 3737 2613 3782 et
2660 3726 2862 3781 divina.
2913 3723 3049 3779 Nam
3112 3721 3346 3785 esurire,
3393 3720 3574 3785 sitire,
3641 3717 3795 3780 ﬂere,

2198 3825 2471 3888 postremo
2496 3815 2737 3887 crnciﬂgi
2773 3825 2829 3871 et
2858 3814 2993 3870 mori
3027 3813 3383 3869 humanitatis
3402 3820 3566 3866 erant
3591 3824 3787 3880 opera;

2200 3910 2458 3965 miracula
2494 3924 2624 3964 vero
2664 3907 2863 3975 facere,
2894 3916 2946 3962 et
2984 3922 3087 3962 non
3121 3905 3294 3960 solum
3348 3904 3508 3967 alios,
3558 3903 3657 3957 sed
3702 3917 3788 3958 sc-

2202 4000 2490 4071 metipsum
2523 4016 2553 4055 a
2595 4001 2825 4053 mortuis
2871 3998 3160 4061 suscitare,
3189 3994 3605 4050 evidentissima
3635 4001 3789 4047 erant

2201 4090 2501 4146 divinitatis
2530 4089 2745 4143 indicia.
2781 4086 2892 4143 Hoc
2915 4089 3097 4158 itaque
3129 4085 3290 4140 modo
3330 4085 3525 4138 beatus
3552 4081 3791 4136 Joannes

2202 4188 2355 4256 quasi
2382 4188 2679 4242 eburneum
2709 4198 2952 4242 ventrem
2977 4187 3158 4258 sponsi
3185 4184 3459 4256 sapphiris
3484 4184 3791 4253 distinguit,

2204 4280 2329 4331 dum
2370 4278 2662 4347 aliquando
2711 4288 3052 4332 sacramenta
3091 4274 3391 4331 divinitatis
3436 4273 3639 4344 aperit,
3695 4271 3791 4324 ali-

2202 4370 2416 4437 quando
2442 4368 2793 4423 humanitatis
2839 4367 3051 4422 inﬂrma
3082 4366 3364 4421 describit.

2275 4461 2410 4527 Quia
2442 4461 2607 4531 igitur
2643 4444 2731 4514 hic
2753 4462 2942 4515 beatus
2962 4458 3212 4514 Joannes
3243 4459 3312 4512 de
3335 4458 3447 4512 Deo
3474 4456 3795 4510 mirabiliter

2205 4563 2364 4623 atque
2389 4550 2886 4622 incomparabiliter
2931 4550 3143 4604 caeteris
3183 4547 3502 4602 mortalibus
3532 4548 3789 4617 loquitur,

2198 4646 2323 4715 jure
2352 4644 2551 4700 factum
2583 4654 2668 4698 est
2693 4653 2878 4697 utnon
2917 4643 3090 4697 solum
3121 4659 3149 4694 a
3192 4640 3422 4706 Graecis,
3448 4641 3544 4693 sed
3571 4641 3738 4694 etiam
3763 4654 3792 4693 a

2204 4736 2410 4791 Latinis
2426 4735 2661 4805 undique
2686 4735 2989 4806 Theologus
3011 4733 3331 4804 appelletur.
3350 4731 3665 4786 Theotoeos
3684 4730 3790 4785 iia-

2210 4827 2311 4890 ria,
2347 4826 2473 4897 quia
2503 4827 2670 4880 Deum
2702 4826 2970 4880 veraciter
3011 4824 3228 4893 genuit;
3280 4823 3591 4893 Theologus
3629 4821 3791 4877 Joan-

2209 4930 2325 4979 nes,
2381 4916 2504 4985 quia
2560 4915 2655 4969 Dei
2689 4915 2921 4969 Verbum
2960 4923 3086 4969 ante
3132 4915 3329 4969 saecula
3384 4917 3525 4987 apud
3574 4915 3787 4970 Patrem

2210 5025 2332 5064 esse
2374 5020 2430 5063 et
2475 5009 2642 5063 Deum
2681 5025 2800 5063 esse
2839 5025 2941 5063 nou
2974 5010 3144 5065 solum
3175 5010 3613 5066 inenarrabiliter
3640 5012 3787 5075 vidit,

2212 5103 2304 5156 sed
2357 5110 2411 5155 et
2459 5100 2724 5170 profunda
2773 5101 3106 5156 sublimitate
3146 5103 3454 5172 descripsit.
3500 5100 3655 5158 Unde
3687 5119 3787 5156 non

2214 5191 2486 5247 immerito
2510 5201 2685 5263 potest
2716 5192 2895 5246 dicere
2938 5207 3059 5246 cum
3103 5191 3374 5264 Propheta
3404 5212 3417 5248 :
3453 5212 3472 5246 ι
3515 5195 3788 5249 Eructavit

2210 5298 2308 5328 nnr
2333 5297 2512 5328 meum
2543 5283 2763 5328 verlmm
2791 5282 2986 5328 hnmtm
3018 5281 3190 5328 lel-
3235 5285 3402 5328 νυνι-
3443 5304 3459 5328 ι
3498 5284 3667 5328 Rei-tn
3698 5285 3789 5328 ἰσῑ.
