3978 5328
203 169 306 226 8ῧὶ

1691 159 1922 216 SERMO
1949 155 2126 210 LXIII.

3347 161 3452 216 8"»‘2

203 289 490 354 congruat,
525 291 578 336 ει
607 281 826 337 ﬂoridus
859 281 1032 336 intimi
1079 259 1331 336 curatoris
1361 287 1610 348 aspectus
1635 273 1776 345 quod
1809 283 1850 332 Α
1885 286 1950 322 na
1981 311 1996 334 ,
2053 270 2192 346 inter
2246 271 2569 340 pt-ticcllosas
2617 271 3020 344 ambiguitalum
3084 277 3452 334 fluctuantium

203 373 260 427 in
291 389 347 426 se
373 373 550 426 virere
577 373 882 426 considerat
907 373 1007 428 hoc
1036 387 1262 426 vernare
1291 381 1342 426 et
1383 371 1434 425 in
1479 370 1651 424 altero
1690 369 1780 422 de-

204 461 528 534 prehendat.

281 551 436 606 Libet
469 551 576 616 hic,
627 553 822 606 fratres
853 551 1178 616 charissimi,
1227 549 1505 620 pulchram
1551 549 1784 601 varieta-

203 651 316 696 tem
379 642 573 696 divina:
635 643 1006 712 dispositionis
1058 657 1240 696 coram
1291 641 1554 696 charitate
1605 649 1782 694 vestra

177 733 564 801 ‘pcrpendere,
618 743 668 786 et
727 733 970 804 egregios
1012 733 1144 788 duos
1195 731 1566 800 Redemptoris
1615 731 1782 784 nostri

203 823 499 890 discipulos
531 825 762 892 qualiter
807 809 948 878 inter
1005 839 1062 878 se
1099 823 1332 892 quadam
1381 821 1659 889 dignitatis
1714 821 1786 874 si-

205 911 510 966 militudine
571 923 870 982 congruant
929 913 1290 984 comparare?
1365 911 1582 968 Petrum
1641 912 1786 963 vide-

205 1003 356 1068 licet,
384 1013 439 1058 et
469 1003 752 1060 Joannem.
789 1005 1070 1061 Commisit
1117 1021 1348 1074 namque
1391 1005 1648 1058 Dominus
1689 1001 1788 1056 Pe-

205 1103 293 1146 tro
343 1095 522 1150 claves
569 1095 820 1150 Ecclesia:
867 1095 1082 1164 (Matth.
1121 1095 1278 1168 va);
1323 1093 1488 1148 voluit
1527 1102 1580 1147 et
1633 1094 1787 1146 beato

203 1182 400 1239 Joanni
463 1187 760 1240 custodiam
825 1187 1006 1241 Mariae
1073 1187 1326 1256 delegare
1400 1183 1582 1253 (Joau.
1647 1183 1782 1250 χιιι).

207 1274 456 1346 Utraque
513 1277 764 1332 nimirum
835 1289 1046 1344 mater,
1121 1289 1294 1334 mater
1349 1278 1557 1342 Maria,
1615 1287 1787 1330 mater

207 1367 474 1424 Ecclesia.
521 1369 626 1424 Sed
665 1369 832 1425 Maria
882 1383 1055 1426 mater
1099 1371 1320 1436 Christi,
1377 1371 1614 1426 Ecclesia
1669 1385 1785 1424 ma-

209 1467 294 1512 ter
349 1459 526 1527 populi
593 1461 906 1516 Christiani.
973 1463 1049 1517 De
1101 1463 1270 1516 Maria
1343 1463 1590 1516 Christus
1665 1477 1784 1515 car-

207 1565 332 1603 nem
362 1548 526 1620 338
553 1553 810 1621 suscepit,
861 1553 1160 1608 Ecclesium
1209 1569 1338 1609 vero
1363 1555 1428 1608 de
1473 1553 1655 1606 lateris
1702 1553 1782 1606 sui

1885 371 2230 430 tempestates
2259 363 2494 432 piscator
2519 365 2616 418 iste
2645 365 2886 420 veritatis
2916 369 3208 422 aneboram
3241 369 3380 436 fixit,
3401 381 3456 426 et

1885 453 2184 506 naviculam
2215 453 2334 508 fidei
2367 471 2416 508 m
2449 457 2720 510 tutissimo
2748 459 3020 528 tranquilli
3043 469 3228 529 portus
3251 461 3458 530 gremio

1883 545 2183 600 conoravﬂ.

1955 637 2060 692 Sed
2093 639 2370 692 videamus
2419 651 2597 694 utrum
2643 639 2876 696 Joannes
2908 653 2962 697 et
2991 643 3124 698 huio
3167 645 3318 714 operi
3365 644 3463 698 aii-

1884 743 2044 795 quam
2072 743 2191 780 cum
2225 727 2284 782 li.
2319 727 2477 782 Petro
2503 731 2916 786 similitudinem
2955 743 3151 785 teneat.
3198 733 3463 786 Constan-

1889 818 2112 872 tissima:
2145 819 2323 887 itaque
2357 821 2756 888 pr:cdicationis
2783 822 3052 892 arguitur,
3081 823 3268 889 sicque
3297 838 3322 872 a
3359 821 3462 872 [lo-

1887 907 2114 960 mitiano
2147 917 2272 961 tunc
2302 909 2517 962 (lassare
2549 912 2600 964 in
2629 911 2879 964 exsilium
2913 912 3236 966 destinatur.
3289 911 3466 965 Proti-

1885 1013 1987 1052 nus
2013 999 2250 1052 barrelici
2277 997 2532 1061 Marcion,
2575 1003 2888 1064 Cerinthus,
2937 1001 3128 1068 Ebion,
3177 1001 3469 1070 cteterique

1885 1089 2287 1158 quamplurimi,
2325 1107 2462 1158 quos
2515 1092 2627 1160 ipse
2670 1093 3056 1166 convenienter
3103 1093 3470 1146 Antichristos

1885 1181 2142 1251 appellat,
2175 1183 2358 1236 caulas
2406 1185 2760 1240 ecclesiastici
2811 1188 2990 1256 gregis
3037 1187 3363 1254 irrumpunt,
3414 1193 3470 1238 et

1885 1275 2048 1329 veluti
2095 1275 2202 1344 lupi
2253 1291 2446 1346 graves
2498 1291 2660 1345 super
2693 1278 2852 1331 ovilia
2889 1285 3123 1348 pastoris
3147 1275 3473 1330 adminiculo

1885 1363 2140 1419 destituta
2171 1377 2512 1436 grassantur,
2545 1365 2824 1421 Christum
2853 1369 3058 1422 scilicet
3088 1377 3212 1420 ante
3235 1367 3460 1421 Mariam

1886 1471 1991 1509 non
2027 1455 2191 1510 fuisse
2220 1457 2666 1526 dogmatizantes,
2699 1466 2756 1512 et
2797 1459 2870 1512 ita
2901 1459 3197 1528 simplicem
3229 1477 3458 1530 evange-

1887 1547 2000 1601 licm
2033 1549 2152 1618 fidei
2181 1549 2474 1618 puritatem
2526 1549 2765 1620 perfidim
2793 1566 2903 1604 sua?
2928 1551 3090 1622 339
3119 1552 3463 1620 squalor-ibus

209 1655 378 1696 carne
403 1643 671 1710 produxit.
711 1643 788 1697 Ex
839 1645 940 1697 ista
969 1645 1168 1712 prodiit
1217 1646 1512 1700 secundum
1562 1659 1781 1698 carnem
1817 1625 2315 1708 Bent-rumpentes.
2347 1639 2706 1694 Confuuditur
2761 1643 3010 1706 ιιιιιιιιιιιε,
3067 1642 3312 1696 turbatur
3363 1643 3466 1696 Ec-

207 1737 392 1797 natus,
425 1731 570 1784 illam
599 1733 822 1800 protulit
845 1749 1008 1790 carne
1033 1734 1142 1802 jam
1170 1746 1433 1792 mortuus.
1463 1735 1538 1788 Ex
1569 1735 1670 1790 ista
1693 1749 1785 1788 vo-

207 1817 307 1872 luit
335 1822 501 1884 uasci,
537 1839 632 1892 pro
657 1824 746 1878 illa
773 1825 1019 1896 dignatus
1044 1837 1128 1882 est
1167 1829 1324 1882 mori.
1357 1829 1432 1882 Ex
1479 1844 1583 1881 una
1619 1827 1786 1882 semel

209 1921 370 1964 natus
399 1920 482 1966 est
513 1912 564 1966 in
595 1929 822 1982 persona
847 1931 965 1982 sua,
993 1933 1056 1971 ex
1087 1918 1252 1972 altera
1285 1929 1580 1974 nascuntur
1612 1918 1790 1988 quoti—

209 1999 296 2056 die
325 2005 564 2058 membra
593 2021 710 2060 sua.
737 2007 924 2063 Train
963 2025 1026 2064 ex
1074 2011 1240 2064 altera
1289 2011 1430 2081 quod
1476 2027 1575 2080 pro
1621 2011 1790 2064 altera

209 2105 539 2174 moreretur,
567 2107 754 2167 utquo
780 2109 1006 2170 utraque
1055 2103 1414 2157 communiter
1465 2101 1790 2156 salvaretur.

209 2185 401 2256 Magna
431 2189 595 2260 igitur
625 2199 678 2245 et
703 2191 830 2246 felix
867 2203 1040 2248 mater
1062 2203 1116 2248 et
1147 2196 1298 2248 beata
1327 2194 1479 2264 virgo
1510 2193 1694 2252 Maria,
1726 2207 1788 2246 ex

211 2275 369 2344 cujus
392 2279 690 2334 visceribus
718 2297 846 2336 caro
876 2281 1076 2338 Christi
1106 2285 1388 2352 desumpta
1440 2294 1543 2347 est,
1573 2299 1638 2338 ex
1687 2299 1793 2353 qua

215 2383 402 2424 rursus
433 2385 528 2440 per
553 2387 750 2440 aquam
782 2383 836 2428 et
876 2375 1191 2444 sanguinem
1239 2373 1492 2443 proﬂuxit
1535 2375 1790 2429 Ecclesia.

213 2461 326 2516 lioc
357 2462 538 2531 itaque
575 2464 732 2518 modo
765 2475 820 2519 et
849 2477 912 2519 ex
947 2465 1112 2520 Maria
1141 2467 1406 2535 prodiisse
1435 2467 1648 2520 videtur
1699 2466 1793 2518 Ec-

213 2551 400 2606 clesia.
435 2551 674 2622 Utraque
705 2563 883 2610 tamen
912 2565 1084 2622 casta,
1119 2567 1346 2626 utraque
1396 2560 1614 2621 minuta,
1645 2567 1796 2610 utra—

214 2659 318 2712 que
345 2655 616 2716 perpetua:
646 2647 972 2718 virginitatis
1001 2649 1216 2719 cingulo
1245 2649 1582 2718 prtemunita.

283 2733 486 2789 Harum
519 2735 700 2804 itaque
731 2737 959 2790 duarum
989 2747 1244 2800 matrum,
1277 2738 1504 2792 duarmn
1537 2748 1799 2807 perpetuo

213 2826 508 2896 virginum,
537 2827 762 2882 alteram
797 2829 1056 2884 Dominus
1083 2831 1246 2884 Petro
1269 2834 1631 2897 committere,
1665 2832 1800 2887 alte-

215 2933 330 2970 ram
357 2917 550 2972 Joauui
577 2921 742 2974 voluit
769 2923 1170 2987 conuuendare,
1193 2935 1248 2980 ut
1281 2941 1546 2994 perpenso
1576 2927 1802 2998 diligen-

1888 1732 2072 1794 clesia,
2107 1733 2322 1786 vacillat
2357 1733 2440 1786 fitl-~
2463 1749 2509 1794 s.
2563 1743 2619 1786 ct.
2655 1733 2801 1788 velut
2833 1734 3236 1789 inhorrescentc
3269 1745 3472 1805 teu'pc-

1891 1833 2030 1876 State
2045 1823 2283 1892 perfidite
2305 1824 2516 1894 plurimi
2544 1823 2952 1896 naufragautur.
2967 1827 3104 1892 Quid
3127 1827 3280 1896 plura
3299 1828 3320 1880 ‘3
3343 1827 3456 1880 Tan

1891 1915 2012 1968 dem
2043 1925 2322 1984 perempto
2349 1915 2675 1982 Domitiano,
2707 1917 2840 1970 duce
2871 1917 3047 1971 divina
3086 1919 3278 1986 gratia.
3317 1919 3478 1975 rediit

1891 2005 2133 2060 Joannes
2181 2005 2887 2076 Ephesum,turbatamque
2938 2007 3102 2078 gemit
3153 2009 3475 2064 Ecclesium.

1895 2099 2002 2152 Sed
2033 2099 2294 2169 quidquid
2328 2100 2532 2153 invenit
2561 2099 2766 2154 erroris
2796 2099 3009 2154 turbine
3059 2110 3220 2171 atque
3277 2112 3481 2172 tempe-

1895 2201 2034 2245 state
2065 2191 2359 2248 turbatum,
2395 2187 2619 2242 solidius
2643 2197 2804 2258 atque
2835 2189 3110 2244 robustius
3133 2189 3198 2244 ad
3242 2191 3484 2260 pristinae

1899 2281 2020 2335 fidei
2053 2291 2272 2335 revocat
2295 2281 2724 2334 fomlamentum.
2759 2281 2891 2334 Nam
2923 2293 3162 2350 rogatus,
3191 2294 3248 2336 ut
3275 2283 3342 2338 ab
3373 2283 3484 2338 bis-

1897 2373 2254 2444 toriographis
2287 2373 2540 2436 traditur,
2570 2389 2598 2426 a
2633 2373 2902 2428 charitate
2934 2373 3046 2430 fere
3075 2375 3236 2429 totius
3267 2377 3485 2429 univcr-

1899 2465 2027 2522 salis
2056 2467 2332 2528 Ecclesiat,
2357 2465 2410 2518 in
2445 2465 2574 2520 illud
2607 2465 2821 2520 tandem
2851 2467 3029 2536 erupit
3068 2465 3264 2521 divina:
3313 2467 3484 2537 inspi-

1899 2557 2124 2610 rationis
2153 2555 2384 2626 elogitun
2413 2573 2426 2608 :
2463 2573 2478 2605 ι
2517 2555 2571 2610 In
2601 2557 2884 2626 principio,
2917 2557 3184 2628 inquiens,
3211 2569 3328 2612 erat
3355 2559 3482 2612 Ver-

1901 2647 2051 2706 bum.
2081 2657 2134 2700 et
2165 2645 2399 2699 Verbum
2431 2656 2548 2700 erat
2576 2647 2714 2716 apud
2738 2647 2930 2711 Deum,
2958 2657 3012 2701 et
3043 2647 3180 2701 Deus
3211 2662 3328 2702 erat
3355 2647 3488 2702 Ver-

1901 2734 2027 2788 bum
2059 2733 2240 2802 (Imm.
2271 2737 2334 2805 t).
2373 2755 2391 2786 ι
2427 2735 2538 2789 Hoc
2574 2736 2756 2804 itaque
2802 2735 3080 2806 signaculo
3129 2737 3381 2792 veritatis
3432 2751 3488 2792 et

1904 2829 2276 2882 lucreticorum
2307 2829 2768 2900 tergiversationis
2797 2841 2996 2884 metam
3027 2831 3142 2884 fixit
3165 2841 3220 2885 et
3258 2835 3489 2886 catholi~

1905 2935 2088 2972 corum
2119 2919 2278 2975 fidem
2313 2931 2574 2990 perpetua
2605 2937 2670 2977 ex
2705 2931 2832 2976 tunc
2872 2929 2922 2974 et
2953 2923 3208 2994 deinceps
3259 2926 3487 2980 cer-titus

215 3015 296 3060 ter
327 3007 606 3077 utriusque
637 3011 872 3078 pondere
899 3013 1205 3077 ministerii,
1233 3015 1609 3070 excellentium
1641 3019 1800 3070 mcri-
1829 3001 1872 3060 Ε
1905 3013 2030 3066 dine
2053 3013 2346 3093 roborabit.

215 3111 392 3155 torum
422 3101 659 3170 dignitas
691 3105 742 3158 in
772 3105 982 3160 duobus
1012 3107 1134 3162 caeli
1166 3110 1510 3166 senatoribus
1549 3111 1796 3164 videatur

213 3193 440 3261 :cquari.
473 3192 614 3248 Dicit
645 3195 904 3252 Dominus
952 3197 1150 3252 Petro:
1189 3219 1206 3250 ι
1263 3199 1382 3254 Tibi
1437 3201 1575 3254 dabo
1620 3201 1799 3256 claves

213 3285 643 3352 regnicmlorum
675 3287 890 3357 (Matth.
929 3303 1062 3360 xvi).
1097 3311 1114 3343 ι
1147 3289 1396 3361 Nunquid
1421 3301 1476 3347 et
1501 3293 1655 3346 beata
1683 3291 1800 3347 Vir-

213 3391 300 3446 go,
329 3375 534 3431 fratres
565 3379 920 3444 mei,-eoalum
953 3397 1056 3436 non
1091 3381 1210 3446 fuit,
1241 3383 1292 3436 in
1325 3381 1480 3450 cujus
1509 3393 1662 3438 utero
1692 3384 1800 3436 vir-

213 3467 374 3534 giuali
434 3483 625 3523 novem
679 3473 956 3527 mensibus
1008 3483 1118 3528 tota
1170 3475 1472 3529 divinitatis
1521 3475 1802 3544 plenitudo

213 3559 558 3628 permansit?
589 3559 664 3613 Ex
693 3562 860 3629 ipsius
896 3565 1091 3633 quippe
1113 3567 1283 3620 castis
1335 3566 1657 3634 mundisque
1692 3567 1799 3620 vis-

211 3649 456 3712 ceribus,
487 3649 582 3704 Dei
617 3651 872 3718 Verbum,
922 3669 1018 3722 per
1044 3656 1186 3724 quod
1235 3655 1378 3710 facta
1429 3665 1553 3710 sunt
1597 3657 1800 3718 omnia,

217 3741 576 3796 immaculata
609 3757 666 3796 se
695 3759 862 3798 carne
890 3748 1124 3800 vestivit.
1165 3747 1218 3802 ln
1246 3759 1472 3818 altguslo
1499 3749 1704 3804 sciliCct
1731 3749 1808 3802 la-

213 3833 362 3884 tebat
392 3831 516 3886 alvo
547 3833 854 3900 conclusus,
886 3837 978 3890 sed
1015 3839 1182 3892 totius
1223 3840 1371 3892 orbis
1412 3839 1534 3910 jura
1583 3841 1806 3912 regebat

211 3919 534 3976 immensus.
565 3921 623 3977 In
653 3926 996 3992 brevissimo,
1044 3929 1288 3998 inquam,
1329 3931 1610 4000 virginalis
1663 3931 1802 3985 uteri

213 4010 490 4065 domicilio
519 4014 866 4078 constitutus,
898 4024 950 4070 et
976 4017 1094 4070 cteli
1127 4019 1466 4088 gubernabat
1493 4019 1802 4090 imperium,

211 4111 266 4156 et
293 4113 641 4160 terrenorum
669 4107 908 4161 onmium
957 4124 1062 4163 non
1114 4110 1372 4164 amiserat
1417 4111 1798 4182 principatum.

215 4195 332 4251 Non
384 4211 516 4268 ergo
553 4201 936 4270 priPSUﬂlpiiVC
987 4201 1184 4256 etclam
1237 4203 1435 4256 dicitur
1475 4203 1806 4258 venerabilis

213 4290 374 4360 virgo
412 4290 578 4344 Maria
608 4308 620 4344 :
655 4301 818 4361 atque
845 4293 964 4347 ideo
1011 4293 1226 4348 beatum
1255 4293 1516 4350 Joannem
1547 4296 1806 4350 Dominus

1971 3105 2164 3160 Petrus
2195 3108 2356 3175 igitur
2382 3115 2530 3176 petra
2569 3125 2582 3161 :
2622 3125 2640 3159 ι
2681 3105 2758 3160 Tu
2804 3123 2884 3170 es,
2937 3109 3130 3180 inquit,
3179 3109 3390 3174 Petrus.
3437 3123 3492 3166 et

1902 3210 2066 3262 super
2125 3197 2265 3250 hanc
2349 3207 2554 3266 petram
2629 3197 2909 3252 aedificabo
2961 3199 3259 3254 Ecclesiam
3314 3218 3490 3256 meam

1903 3285 2122 3354 (Matth.
2153 3286 2288 3356 xvi).
2325 3305 2342 3337 ι
2381 3287 2536 3342 Petra
2565 3301 2782 3356 queque
2809 3287 2985 3342 factus
3015 3300 3096 3344 est
3145 3299 3200 3344 et
3224 3288 3488 3357 Joannes,

1903 3393 2062 3445 supra
2091 3377 2243 3446 cujus
2277 3377 2398 3430 litlci
2435 3379 2845 3432 fundamentum
2879 3379 3042 3432 totius
3067 3379 3319 3436 Eettlesite
3343 3392 3490 3436 stru-

1903 3477 2056 3522 ctura
2101 3469 2400 3538 consurgit,
2451 3485 2611 3538 quam
2643 3471 2908 3536 videlicet,
2952 3473 3066 3528 sive
3113 3475 3490 3529 lum-elicorum

1903 3559 2058 3613 furor
2088 3559 2367 3631 impingat,
2397 3561 2511 3614 sive
2540 3565 2894 3616 lentationum
2921 3565 3090 3618 irruat
3122 3565 3354 3634 impetus
3380 3583 3488 3624 non

1904 3651 2116 3706 evertit.
2159 3651 2280 3706 lltec
2307 3663 2456 3721 petra
2487 3655 2596 3708 veri
2652 3655 2818 3708 David
2853 3654 3038 3725 implet
3087 3655 3328 3719 fundam,
3383 3673 3487 3726 qua

1905 3739 2274 3806 Philisthmupt
2312 3743 2524 3799 Coliatb
2565 3746 2842 3813 signanter
2893 3747 2944 3800 in
2999 3745 3178 3800 fronte
3225 3749 3493 3816 percutiat

1903 3836 1955 3906 '(l
1992 3835 2122 3904 Reg.
2157 3836 2312 3904 xvu),
2340 3835 2428 3890 ubi
2459 3837 2706 3892 videlicet
2732 3837 2912 3892 crucis
2947 3837 3198 3892 vexillum
3233 3839 3494 3910 profanus

1906 3935 1958 3977 el
1999 3925 2195 3994 impius
2223 3941 2328 3978 non
2358 3927 2608 3980 habebat.
2643 3925 2768 3981 Ihec
2798 3928 3066 3997 siquidem
3099 3939 3250 3998 petra
3298 3945 3490 3984 onmes

1906 4015 2293 4070 ecclesiastica:
2336 4016 2596 4070 doctrina:
2648 4019 2991 4073 adversarios
3040 4020 3330 4082 destruxit,
3381 4022 3495 4075 lucc

1905 4103 2187 4161 Judaicam
2211 4109 2490 4178 perlidiam
2515 4127 2637 4163 eum
2665 4111 2812 4164 onuti
2837 4127 3059 4180 prorsus
3086 4111 3336 4166 lueretiea
3370 4109 3494 4182 pra;

1907 4197 2072 4252 vitate
2103 4200 2414 4268 prostravit.
2447 4201 2555 4256 Nec
2584 4201 2778 4254 mirum
2809 4203 2852 4256 si
2887 4203 3057 4256 instar
3077 4201 3222 4256 Petri
3251 4215 3304 4255 et
3325 4202 3492 4256 Joan-

1909 4303 2007 4342 nes
2040 4299 2190 4358 petra
2219 4289 2452 4352 dicatur,
2486 4308 2606 4343 cum
2639 4291 2751 4344 luce
2779 4291 2844 4344 ad
2869 4291 3207 4346 Ezechielem
3234 4291 3498 4348 Dom'nns

213 4383 619 4450 quodammodo
639 4383 760 4438 caeli
789 4383 1188 4440 clavicularium
1213 4401 1332 4441 esse
1355 4389 1657 4454 constituit,
1682 4405 1794 4443 Clllll

1909 4379 2054 4432 dicat
2085 4397 2097 4432 :
2130 4399 2148 4428 ι
2193 4379 2330 4432 Ecce
2357 4379 2476 4432 ded:
2513 4381 2702 4434 faciem
2736 4391 2880 4433 tutum
2913 4381 3266 4434 valentiorem
3323 4382 3494 4436 facie-

215 4471 396 4524 beata:
421 4471 716 4526 Cenitricis
743 4489 852 4527 sua:
883 4491 1002 4527 eum
1037 4477 1277 4530 decrevit
1307 4491 1426 4530 esse
1457 4479 1755 4531 custodem.

289 4561 524 4618 Proinde
552 4573 609 4617 ut
635 4567 792 4618 beato
819 4566 978 4620 Petro
1005 4566 1241 4622 Joannes
1269 4561 1640 4637 nmltipli'citer
1660 4585 1808 4624 com—

215 4663 464 4722 paretur,
495 4671 619 4710 cum
652 4657 942 4727 discipulos
973 4675 1101 4714 suos
1133 4659 1465 4730 Redemptor
1491 4669 1675 4716 noster
1721 4664 1806 4716 iu-

217 4749 462 4814 quireret
491 4765 594 4816 qua
625 4749 767 4803 circa
797 4767 853 4806 se
883 4751 1134 4821 opinione
1163 4753 1411 4808 homines
1456 4753 1808 4820 ducerentur,

219 4835 406 4904 illique
430 4840 676 4906 protitms
707 4843 1107 4908 respondissent
1142 4861 1154 4895 :
1187 4843 1274 4896 alii
1306 4841 1568 4896 Joannem
1629 4845 1810 4916 Bapti-

219 4937 392 4995 stam,
424 4929 516 4983 alii
576 4940 756 4983 autem
809 4932 1011 4996 Etiam,
1065 4933 1308 4987 aliivero
1354 4931 1666 5003 Jeremiam,
1715 4943 1810 4990 aut

220 5036 386 5075 unum
417 5037 482 5076 ex
515 5023 793 5092 prophetis
820 5023 1032 5094 (Matt/1.
1068 5027 1194 5098 xvt).
1251 5027 1430 5078 Donec
1479 5027 1544 5077 ad
1583 5029 1806 5085 Petrum

221 5121 442 5166 ventum
481 5123 585 5178 est,
618 5117 841 5170 nutabat
870 5119 1098 5171 assertio
1143 5135 1244 5174 nec
1274 5117 1646 5185 ambiguitatis
1689 5125 1808 5176 vin-

219 5205 397 5258 culum
427 5205 749 5260 solvebatur.
778 5213 844 5264 At
871 5209 958 5264 ubi
989 5211 1112 5277 quid
1162 5211 1362 5265 habeat
1413 5208 1806 5278 discipulorum

219 5308 408 5328 cnncnc
439 5304 638 5328 ηγιιιιίιι
651 5311 672 5328 ιν

756 5299 1008 5328 Άιοινπιιιηιίῖι
1058 5299 1106 5328 επὶ
1161 5299 1409 5328 ..ιι-υἱίοὶίῖν
1459 5299 1808 5328 nnnrn....f..nn

1821 4475 1845 4502 °
1911 4471 2010 4525 bus
2035 4485 2222 4523 eorum
2260 4480 2315 4522 et
2348 4469 2578 4524 frontem
2608 4481 2753 4524 tuam
2787 4471 3058 4525 duriorem
3093 4471 3366 4526 frontibus
3397 4491 3493 4528 eo-

1914 4579 2050 4626 rum,
2085 4572 2144 4616 ut
2170 4563 2510 4616 adamantem
2539 4575 2592 4616 et
2626 4573 2682 4615 ut
2708 4563 2912 4617 silicem
2948 4562 3070 4618 dedi
3123 4561 3317 4616 faciem
3351 4571 3508 4624 tuam

1912 4653 2130 4724 (Ezerlt.
2163 4653 2267 4722 tu).
2307 4673 2325 4704 ι
2541 4659 2548 4666 ’

1985 4747 2150 4802 Plane
2178 4747 2322 4815 quod
2355 4756 2586 4816 uterque
2614 4743 2910 4816 discipulus
2935 4745 3164 4812 protulit
3207 4742 3274 4796 de
3324 4759 3528 4806 saera-

1913 4849 2097 4896 mento
2153 4839 2448 4894 Dominicze
2499 4841 2974 4906 fidei,quanqnam
3023 4835 3537 4908 profundissinmm

1912 4934 1986 4988 sit
2015 4943 2178 5003 atque
2205 4931 2423 4984 omnino
2452 4933 2717 4994 divinum,
2761 4939 2814 4983 et
2861 4935 3164 5004 utrumque
3210 4928 3327 4996 pari
3360 4944 3552 4998 mods

1913 5031 2055 5083 Vires
2081 5029 2328 5082 lmmauar
2361 5030 2558 5079 meritis
2585 5025 2830 5085 excedat,
2861 5036 2964 5074 nec
3013 5027 3270 5081 videallll‘
3325 5021 3378 5074 Ῑιι
3441 5049 3554 5089 ex-

1912 5119 2176 5174 Cellentize
2206 5115 2472 5182 dignitate
2499 5119 2769 5172 diversqu
2797 5116 2940 5182 quod
2970 5120 3170 5173 eodem
3201 5119 3284 5164 est
3317 5110 3556 5180 Spir-im

1917 5211 2154 5266 dictante
2173 5207 2458 5277 prolatum,
2487 5207 2615 5262 illud
2643 5217 2820 5261 tamen
2853 5205 2999 5257 beati
3033 5203 3261 5263 Joannis
3287 5203 3562 5274 singula-

1919 5299 2094 5328 n:lnl:n
2127 5300 2296 5328 Intuli“
2329 5295 2426 5328 ςΗιῖ
2465 5299 2741 5328 Ινῖιιιῖἶηηυιη
2779 5292 3123 5328 nnncn:n:hn~
3178 5289 3302 5328 nni":
3355 5309 3388 5328 l'l
