3978 5328
456 257 564 315 863

1063 254 1118 310 S.
1146 252 1349 309 PILTRI
1386 245 1670 306 DAMLANI
1709 245 1858 302 OPP.
1899 241 2076 299 PARS
2115 241 2248 301 SEU
2283 242 2519 302 TOMUS
2556 244 2620 301 11.
2654 270 2725 288 -—
2757 243 3144 303 SERMONES.

3617 240 3718 298 861

439 379 527 436 his
554 376 780 447 legimus
803 374 1114 448 protulisse.
1142 372 1241 430 Cui
1287 371 1544 427 nimirum
1595 381 1718 424 cum
1767 362 2020 421 Salvator
2049 363 2095 422 Α
2124 362 2310 447 stiuat,
2337 377 2539 433 easque
2568 363 2635 417 ad
2681 362 2948 419 cautelam
2981 361 3106 418 fidei
3144 370 3199 415 et
3229 357 3478 415 studium
3500 357 3719 413 sincera:

441 470 648 525 diceret
674 487 687 522 :
727 484 747 519 ι
777 466 967 522 Omnis
988 465 1080 535 qui
1110 464 1241 519 vivit
1266 473 1322 519 et
1353 463 1525 520 credit
1554 461 1607 518 in
1639 475 1727 517 me
1754 474 1859 516 non
1905 473 2023 514 mo-

446 560 622 616 rietur
651 558 703 613 in
730 566 993 612 mternum
1022 555 1204 623 (Joan.
1239 555 1354 627 x1);
1396 574 1414 607 ι
1451 563 1613 624 atque
1637 552 2022 624 subjungeret:

448 673 466 703 ι
502 652 692 708 Credis
718 651 861 706 hoc?
898 670 915 701 ›
946 649 1091 705 illico
1116 649 1303 704 eodem
1337 647 1565 720 Spiritu,
1596 662 1705 717 quo
1730 653 1785 700 et
1812 644 2025 710 Petrus,

444 742 740 812 inspirante
770 737 1054 810 respondit
1080 754 1094 792 :
1134 755 1153 790 ι
1191 727 1559 809 Εεόοτειὶίάί,
1589 736 1786 806 inquit,
1813 733 1940 804 quia
1972 743 2026 789 tu

439 847 503 887 es
531 830 781 889 Christus
808 818 980 885 Filius
999 828 1097 886 Dei
1124 828 1254 895 vivi,
1287 829 1378 900 qui
1401 828 1455 883 iu
1482 828 1625 883 hunc
1647 826 1910 883 mundum
1933 840 2029 881 ve-

444 926 576 982 nisti
609 923 825 997 (Ibid.).
861 943 882 979 a

515 1017 655 1086 Quid
686 1025 868 1074 autem
909 1017 1133 1085 mirum,
1164 1015 1211 1072 si
1236 1015 1503 1073 Joannem
1533 1014 1601 1069 de
1628 1012 1915 1068 divinitate
1953 1011 2032 1067 lo—

444 1119 731 1182 quentem,
766 1111 926 1166 beato
952 1108 1119 1165 Petro
1153 1108 1514 1179 praeferimus,
1540 1120 1662 1161 cum
1689 1104 1816 1160 illud
1859 1103 2037 1159 Evan-

444 1201 570 1273 gelii
597 1201 680 1257 sui
712 1200 987 1272 singulare
1015 1199 1341 1272 principium
1371 1199 1487 1269 ipsa
1513 1198 1678 1254 etiam
1722 1196 1884 1252 verba
1929 1195 2040 1252 Do-

446 1293 669 1360 minica,
701 1292 746 1347 si
776 1291 881 1347 dici
910 1291 1092 1358 liceat,
1121 1289 1384 1346 excedere
1412 1286 1727 1345 videamus?
1755 1285 1865 1340 Nec
1895 1283 2040 1354 inju-

446 1388 530 1443 ria
578 1386 640 1441 ﬁt
683 1384 1035 1457 Redemptori
1087 1392 1293 1450 nostro,
1343 1382 1390 1439 si
1443 1383 1655 1438 dicatur
1703 1381 1820 1452 ipse
1868 1380 2039 1437 subli-

449 1466 593 1533 mius
618 1476 822 1548 aliquid
850 1478 1169 1548 depromere
1217 1489 1314 1545 per
1357 1473 1677 1544 discipulum
1727 1485 1890 1543 quam
1940 1486 2039 1543 per

449 1568 823 1638 semetipsum,
847 1577 904 1623 et
929 1582 1025 1636 per
1046 1566 1191 1622 illius
1221 1566 1456 1637 linguam
1484 1564 1769 1621 manifeste
1794 1562 2038 1634 proferte

447 1659 592 1730 quod
619 1674 718 1730 per
741 1658 1090 1730 semetipsum
1129 1659 1332 1728 liquido
1380 1657 1556 1713 noluit
1605 1658 1839 1729 aperire.
1876 1656 2035 1724 Nam,

2127 446 2431 512 dilectionis
2458 454 2667 510 invitat.

2201 546 2294 602 Sic
2356 547 2540 616 itaque
2598 543 2946 601 inenarrabili
3000 541 3289 599 cbaritatis
3339 539 3547 595 ardore
3600 551 3723 592 suc-

2129 652 2346 702 census,
2371 638 2481 693 huc
2503 636 2738 707 illucque
2761 651 2819 692 se
2840 645 3080 699 vertens,
3095 632 3337 702 undique
3358 628 3724 691 circumiens,

2130 730 2329 800 ubique
2357 728 2672 786 discurrens
2714 726 2896 783 omnia
2926 725 2995 781 ad
3041 724 3270 780 salutem
3309 720 3598 776 hominum
3639 733 3701 788 ge

2133 838 2262 878 uera
2291 822 2553 888 concitat,
2576 818 2758 875 omnia
2784 827 3006 873 aetatum
3036 816 3371 872 incrementa
3403 811 3723 884 perlustrat,

2131 928 2323 970 omnes
2368 913 2620 969 humana:
2663 910 2993 967 conditionis
3030 908 3248 964 ordines
3292 904 3451 961 oculo
3499 901 3727 959 curiosa:

2132 1004 2512 1062 sollicitudinis
2544 1002 2857 1074 investigat,
2911 1008 2967 1056 et
3011 1008 3267 1068 tanquam
3294 996 3478 1067 Argus
3518 993 3729 1049 univer-

2136 1095 2266 1151 salis
2315 1093 2571 1150 Ecclesia:
2621 1091 2821 1158 factus,
2865 1090 3034 1146 totius
3064 1086 3284 1143 humani
3318 1083 3540 1158 generis
3586 1097 3737 1137 sum»

2136 1200 2302 1250 mam,
2344 1184 2490 1240 ulnis
2534 1192 2777 1255 paterna:
2821 1179 3146 1247 dilectionis,
3188 1175 3542 1249 amplectitur
3571 1182 3731 1243 atque

2136 1278 2204 1332 ad
2233 1273 2614 1348 Redemptoris
2642 1273 2726 1329 sui
2757 1271 3094 1329 consortium
3130 1269 3345 1325 trahere
3370 1277 3732 1343 unumquem-

2106 1384 2243 1441 que
2294 1367 2570 1438 sigillatim
2619 1364 2962 1421 admonendo
3010 1370 3263 1419 conatur.
3315 1359 3490 1413 Amor
3535 1356 3737 1425 quippe

2138 1460 2375 1527 Domim,
2398 1474 2508 1530 quo
2551 1473 2675 1514 eum
2705 1473 2816 1528 prae
2843 1455 3057 1513 cunctis
3083 1450 3403 1509 mortalibus
3450 1446 3647 1502 dilexit
3681 1453 3736 1499 et

2140 1554 2242 1609 hoc
2268 1554 2317 1611 ei
2340 1552 2552 1624 pondus
2574 1551 2827 1607 fraterna:
2862 1546 3169 1604 dilectionis
3197 1541 3469 1605 exhibuit,
3498 1550 3556 1594 ut
3582 1538 3738 1593 nimi-

2140 1661 2259 1701 rum
2300 1645 2423 1716 plus
2462 1652 2671 1699 amaret
2708 1641 2800 1713 qui
2832 1641 2953 1712 plus
2980 1638 3285 1703 amabatur,
3317 1642 3375 1690 et
3401 1633 3496 1704 qui
3528 1631 3735 1702 primus

449 1720 511 1805 ut
535 1759 590 1806 et
618 1720 708 1807 hic
738 1720 983 1821 quaedam
1014 1720 1199 1806 adhuc.
1222 1751 1364 1806 inter
1408 1720 1861 1817 eosdem-beatos
1903 1720 2034 1819 apo;

2157 1747 2261 1792 erat
2297 1737 2349 1792 in
2390 1733 2770 1806 Redemptoris
2798 1746 2987 1788 amore
3032 1727 3337 1801 prmcipuus
3383 1723 3437 1779 iu
3490 1720 3737 1776 fraterna

449 1838 619 1897 stolas
648 1840 986 1911 comparatio
1021 1840 1288 1904 videatur.
1338 1841 1441 1897 hoc
1486 1841 1646 1896 beato
1690 1839 1884 1896 Joanni
1934 1840 2039 1895 Do-

451 1933 630 1988 minus
684 1932 955 1988 concessit
1027 1932 1079 1988 in
1135 1932 1335 1996 verbis,
1388 1931 1535 2001 quod
1587 1940 1642 1987 et
1687 1931 1853 1986 Petro
1907 1946 2040 1986 cou-

454 2020 575 2075 tulit
616 2020 780 2093 3m
824 2021 876 2075 in
928 2021 1227 2087 miraculis,
1259 2016 1595 2077 videlicet'ut
1629 2030 1684 2078 et
1714 2021 1817 2076 iste
1842 2020 2039 2076 altiora

451 2110 725 2183 proferret
768 2119 823 2166 et
859 2110 949 2166 ille
995 2110 1289 2181 majoribus
1338 2111 1598 2166 virtutum
1644 2109 1904 2181 prodigiis
1949 2124 2041 2166 co-

356 2214 362 2223 ‘
454 2212 722 2260 ruscaret.
770 2202 826 2257 ln
878 2202 1246 2273 apostolorum
1288 2203 1435 2258 enim
1465 2202 1691 2258 Actibus
1739 2202 2044 2259 invenimus

453 2295 580 2365 quia
609 2295 662 2350 in
694 2293 886 2366 plateis
931 2291 1224 2362 ejiciebant
1255 2292 1518 2356 infirmos,
1569 2302 1624 2349 et
1671 2293 1942 2364 ponebant
1990 2293 2042 2347 in

454 2388 665 2445 lectulis
684 2396 740 2442 et
762 2383 1058 2459 grahbatis,
1085 2395 1164 2453 ιιι,
1190 2387 1443 2442 veniente
1484 2384 1668 2450 Petro,
1709 2384 1898 2440 saltem
1925 2401 2045 2439 unt-

454 2481 552 2536 bra
603 2479 748 2535 illius
776 2478 1128 2534 obumbraret
1160 2493 1489 2549 quemquam
1543 2476 1756 2532 illorum
1805 2485 1861 2533 et
1908 2476 2043 2531 libe-

457 2582 711 2630 rarentur
739 2573 807 2628 ab
834 2572 1244 2629 infirmitatibus
1268 2572 1382 2627 suis
1406 2570 1545 2643 (Act.
1574 2571 1667 2639 v);
1693 2568 1835 2641 quod
1866 2578 2043 2623 tamen

458 2663 745 2720 Dominum
790 2662 987 2720 fecisse
1015 2678 1282 2735 nusquam
1327 2662 1555 2734 legimus
1578 2671 1637 2717 ut
1665 2677 1763 2734 per
1800 2661 2048 2718 mnbram

455 2756 709 2813 videlicet
733 2756 815 2812 sui
846 2758 1093 2827 corporis
1143 2755 1444 2812 remedium
1473 2754 1726 2810 sanitatis
1764 2753 1926 2809 alicui
1969 2761 2049 2807 at-

459 2846 664 2902 tulerit.
707 2847 814 2903 Sed
848 2850 992 2918 quod
1031 2846 1281 2919 praedixit
1322 2845 1586 2908 exhibuit,
1629 2845 1772 2914 quod
1801 2844 2049 2915 promisit

460 2937 720 3008 implevit.
748 2938 882 2993 Nam
908 2939 962 2993 in
1010 2938 1251 3008 ejusdem
1279 2936 1507 2993 Joannis
1532 2935 1826 3006 Evangelio
1867 2936 1999 2992 dicit
2032 2953 2045 2991 :

465 3022 485 3081 ε
521 3031 713 3090 Amen.
748 3039 906 3085 amen
934 3031 1055 3086 dico
1076 3029 1254 3095 vobis,
1281 3029 1374 3101 qui
1411 3028 1586 3085 credit
1634 3029 1685 3083 in
1727 3044 1834 3091 me,
1864 3044 2050 3101 Opera,

2144 1831 2298 1887 fieret
2335 1829 2541 1885 charita
2551 1833 2621 1884 te.

2214 1920 2486 1988 Quantum
2526 1926 2705 1971 autem
2751 1913 2892 1986 apud
2923 1911 3210 1967 Dominum
3262 1904 3593 1976 impetrandi
3649 1902 3735 1957 lo-

2145 2029 2293 2077 cum,
2322 2025 2484 2081 quam
2529 2007 2815 2078 praecipua:
2860 1997 3249 2057 familiaritatis
3301 1996 3545 2051 Joannes
3600 1993 3741 2048 obti-

2147 2104 2327 2160 nuerit
2355 2100 2718 2173 privilegium,
2747 2098 2876 2153 hinc
2900 2086 3241 2149 manifestius
3263 2088 3522 2159 colligere
3552 2099 3741 2155 possu-

2148 2209 2302 2258 mus;
2330 2190 2473 2264 quod
2505 2190 2645 2244 idem
2678 2188 2872 2242 beatus
2921 2180 3251 2253 evangelista
3302 2180 3561 2240 testatur,
3613 2174 3742 2245 quia

2149 2288 2203 2343 iu
2243 2287 2361 2356 ipso
2389 2280 2570 2338 vitalis
2614 2293 2784 2334 coenae
2822 2275 3071 2331 convivio
3104 2271 3262 2344 35.1
3307 2268 3465 2325 Iesus
3495 2266 3744 2321 turbatus

2148 2378 2472 2449 estspiritu,
2525 2383 2579 2431 et
2626 2378 2961 2444 protestatus
3007 2375 3115 2430 est,
3162 2376 3217 2420 et
3254 2362 3391 2418 dixit
3423 2380 3437 2416 :
3468 2379 3490 2412 ι
3544 2359 3742 2422 Amen,

2150 2486 2306 2526 amen
2333 2468 2453 2524 dico
2481 2465 2653 2529 vobis,
2684 2463 2810 2533 quia
2847 2475 2985 2515 unus
3012 2473 3078 2515 ex
3125 2456 3278 2511 vobis
3330 2454 3513 2508 tradet
3559 2466 3668 2505 me.
3720 2468 3738 2500 ι

2152 2563 2357 2627 Deinde
2386 2560 2664 2631 sequitur:
2687 2555 3204 2626 «Aspiciebantergo
3225 2550 3291 2605 ad
3316 2548 3553 2604 invicem
3578 2544 3744 2600 disci-

2152 2654 2260 2728 puli
2305 2651 2639 2714 htesitantes,
2667 2648 2733 2703 de
2780 2661 2888 2717 quo
2919 2644 3146 2701 diceret.
3184 2659 3203 2694 ι
3243 2639 3475 2708 Moxque
3521 2632 3745 2728 sulijuno

2153 2726 2231 2815 git
2265 2761 2278 2798 :
2317 2762 2336 2795 ι
2370 2742 2502 2797 Erat
2530 2754 2660 2811 ergo
2700 2736 3024 2794 recumbens
3055 2748 3194 2788 unus
3221 2747 3290 2787 ex
3312 2727 3599 2797 discipulis
3628 2726 3746 2795 ejus

2157 2839 2211 2894 iu
2268 2838 2390 2894 sinu
2434 2832 2586 2898 Jesu,
2631 2845 2793 2903 quem
2851 2825 3108 2898 diligebat
3155 2822 3331 2879 Jesus.
3379 2819 3566 2875 lnnuit
3616 2830 3747 2884 ergo

2158 2930 2285 2985 huic
2315 2928 2503 2983 Simon
2526 2924 2742 2986 Petrus,
2781 2930 2843 2976 et
2863 2918 2996 2975 dicit
3022 2914 3073 2971 ei
3101 2932 3116 2970 :
3146 2912 3280 2981 Quis
3308 2919 3395 2966 est
3434 2911 3503 2965 de
3530 2925 3641 2980 quo
3671 2908 3749 2961 di-

2158 3024 2278 3082 cit?
2317 3044 2336 3075 ι
2381 3023 2561 3090 Atque
2588 3027 2644 3073 ut
2677 3015 2920 3072 historia:
2964 3011 3105 3083 stylo
3135 3024 3241 3064 non
3292 3014 3505 3071 tenear,
3551 3002 3747 3059 Joanni

462 3112 583 3190 qua:
605 3137 704 3193 ego
741 3121 900 3184 facio,
931 3131 987 3176 et
1014 3123 1128 3192 ipse
1164 3090 1349 3188 faciet,
1396 3130 1452 3176 et
1491 3119 1694 3189 majora
1742 3090 1934 3177 horum
1969 3090 2055 3179 fa;
2082 3090 2128 3154 ο
2161 3131 2287 3170 mox
2316 3108 2669 3180 interroganti
2703 3104 2962 3161 Dominus
3003 3098 3314 3193 respondit:
3351 3114 3371 3147 ι
3409 3095 3503 3193 Ille
3530 3102 3636 3157 est,
3661 3091 3748 3148 cui

462 3214 593 3278 ciet,
622 3213 746 3295 quia
779 3227 880 3284 ego
909 3213 973 3268 ad
1015 3212 1235 3268 Patrem
1274 3227 1455 3267 meum
1482 3213 1621 3269 vado
1649 3210 1833 3283 (Joan.
1864 3212 1998 3283 xxv).
2034 3232 2052 3265 ι

465 3305 751 3360 Enimvero
781 3304 896 3375 ipse
925 3304 1255 3375 operabatur
1282 3303 1335 3358 in
1375 3303 1559 3371 Petro,
1603 3304 1717 3375 ipse
1742 3303 1955 3361 locutus
1979 3314 2062 3360 est

465 3398 519 3454 in
552 3396 779 3452 Joanne.
813 3417 832 3451 ι
872 3396 987 3452 Νοιι
1017 3395 1409 3468 enim,.inquit,
1440 3412 1537 3453 vos
1559 3397 1715 3463 estis,
1761 3398 1852 3468 qui
1882 3396 2060 3468 loqui-

466 3488 622 3557 mini,
655 3489 747 3543 sed
795 3488 1031 3559 Spiritus
1060 3487 1238 3543 Patris
1268 3486 1454 3552 vestri,
1483 3488 1573 3557 qui
1604 3486 1844 3559 loquitur
1875 3487 1929 3542 in
1962 3501 2061 3542 vo-

466 3582 550 3638 bis
582 3581 802 3652 (Matth.
836 3580 914 3650 κ).
954 3601 972 3635 ι

540 3670 734 3727 Merito
759 3653 955 3741 netnpe
979 3672 1172 3727 beatus
1197 3669 1436 3727 Joannes
1463 3678 1520 3726 et
1549 3669 1920 3740 praecedentes
1948 3654 2066 3725 om-

470 3774 569 3818 nes
605 3776 670 3816 ac
711 3761 1106 3830 subsequentes
1150 3759 1455 3816 divinorum
1500 3760 1796 3830 scriptores
1841 3760 2066 3817 volumi-

467 3867 620 3917 num,
653 3851 821 3922 gloria
864 3840 1153 3921 singularis
1180 3851 1441 3921 prrecedit
1475 3850 1700 3921 eloquii,
1743 3865 1905 3921 quem
1955 3866 2063 3906 non

470 3944 684 3999 luxuria
733 3944 946 4014 polluit,
995 3958 1100 3998 non
1146 3943 1312 3998 libido
1351 3944 1617 4011 corrupit,
1663 3942 1758 3997 sed
1788 3942 2068 4013 virginalis

472 4039 754 4110 integritas
784 4047 1057 4110 perpetua:
1087 4038 1510 4108 iucorruptiouis
1560 4034 1716 4091 titulo
1767 4034 2064 4091 decoravit.

471 4127 577 4197 Qui
627 4128 884 4183 nimirum
918 4129 1171 4199 nuptialis
1216 4129 1424 4200 copulae
1462 4129 1757 4184 thalamum
1789 4130 2065 4193 deserens,

472 4234 690 4275 omnem
741 4217 1010 4273 illecebrae
1062 4218 1299 4273 carnalis
1347 4221 1598 4272 ardorem
1662 4217 1714 4270 in
1763 4216 2067 4272 caelestium

472 4311 789 4368 deliciarum
840 4309 1114 4366 transtulit
1152 4310 1506 4380 voluptatem,
1551 4308 1964 4381 arctissimeque
2011 4323 2071 4363 se

473 4404 529 4459 in
578 4403 659 4458 sui
710 4400 1089 4472 Redemptoris
1134 4417 1199 4458 ac
1241 4402 1517 4457 dilectoris
1546 4415 1731 4454 amore
1768 4397 2065 4468 conjunxit,

471 4504 694 4569 propter
722 4511 884 4568 quem
937 4494 1144 4551 scilicet
1186 4494 1485 4571 conjugalis
1519 4493 1621 4549 tori
1668 4490 1871 4548 foedera
1915 4489 2069 4544 abdi-

472 4587 634 4643 cavit.
671 4584 825 4642 Unde
870 4586 1128 4642 divinitus
1182 4586 1259 4643 illi
1312 4601 1631 4645 concessum
1682 4591 1766 4640 est
1813 4593 1872 4638 ut
1919 4592 2066 4637 tanta

472 4693 570 4733 cor
595 4676 710 4747 ejus
738 4678 900 4732 etiam
927 4677 1071 4733 circa
1098 4676 1296 4733 fratres
1317 4678 1601 4734 cbaritatis
1625 4675 1798 4747 gratia
1826 4674 2067 4745 replere-

474 4777 583 4833 tur,
615 4778 673 4822 ut
700 4779 1108 4824 sacrosanctum
1152 4768 1392 4839 pectoris
1441 4768 1559 4838 ejus
1608 4767 1866 4837 templum
1918 4766 2067 4820 velut

475 4858 722 4914 caminus
774 4860 992 4929 quidam
1049 4860 1215 4914 divini
1263 4860 1538 4915 videretur
1594 4858 1850 4914 incendii.
1916 4856 2071 4925 Quod

477 4950 723 5020 profecto
776 4950 830 5005 in
883 4949 1216 5023 quibuslibet
1281 4949 1581 5021 Scripturis
1646 4947 1765 5017 ejus
1824 4955 2072 5019 patenter

479 5039 808 5086 agnoscitur-
851 5040 903 5086 in
937 5041 1136 5086 nnihns
1165 5041 1354 5086 ntimm
1393 5055 1491 5086 nar
1517 5052 1732 5086 omnem
1762 5037 1877 5072 "Mn
1916 5036 2072 5080 uani-

2158 3222 2258 3278 ego
2283 3203 2571 3261 iutinctum
2600 3213 2794 3270 pauent
2826 3206 3120 3267 porrexero
3152 3187 3337 3261 (Joau.
3368 3185 3517 3254 xm).
3557 3204 3576 3236 ι

2229 3299 2274 3356 0
2321 3295 2622 3353 mirabilem
2670 3302 2833 3362 atque
2884 3282 3364 3358 incomparabilem
3417 3280 3642 3341 virum,
3698 3284 3751 3330 et

2159 3391 2306 3448 omni
2342 3386 2663 3446 Christianae
2691 3381 2993 3439 devotionis
3020 3375 3290 3450 praeconio
3317 3369 3750 3443 praeferendum!

2161 3486 2301 3542 Ecce
2348 3481 2571 3537 verbum
2602 3474 2876 3548 profertur
2904 3473 2957 3527 in
3006 3466 3239 3524 medium
3260 3505 3277 3531 ,
3304 3472 3359 3519 et
3398 3469 3547 3517 totus
3578 3466 3749 3533 tacet,

2163 3591 2230 3631 ac
2277 3571 2377 3629 sub
2417 3567 2617 3626 silentii
2660 3578 2893 3621 censura
2920 3555 3237 3629 reprimitur
3281 3560 3509 3610 senatus
3536 3557 3753 3618 aposto-

2163 3667 2376 3731 lorum;
2411 3671 2562 3718 tanta
2603 3657 2870 3729 siquidem
2924 3648 3168 3722 magistri
3215 3643 3562 3717 praesidentis
3610 3641 3755 3695 video

2166 3762 2326 3816 batur
2374 3751 2702 3815 auctoritas,
2749 3755 2809 3803 ut
2847 3745 2949 3801 sub
2994 3741 3241 3798 districta
3286 3753 3345 3795 se
3385 3741 3756 3806 compesceret

2165 3855 2322 3909 beata
2355 3844 2742 3916 discipulorum
2771 3837 2960 3896 concio
2981 3832 3284 3904 disciplina.
3315 3830 3614 3891 llzesitant,
3646 3840 3759 3879 am-

2169 3943 2391 4013 bigunt,
2434 3946 2605 4007 atque,
2638 3934 2782 3988 inter
2830 3944 2890 3985 se
2940 3926 3169 3982 invicem
3218 3922 3502 3979 oculorum
3536 3916 3758 3973 nutibus

2166 4028 2566 4105 quodammodo
2610 4016 3006 4093 interrogantes
3039 4015 3348 4087 aspiciunt;
3378 4020 3759 4067 verumtamen

2168 4103 2353 4195 lingua
2397 4117 2644 4192 proferre
2685 4113 2827 4185 quod
2879 4108 3152 4181 gestiunt,
3184 4105 3266 4159 vel
3305 4103 3599 4195 [geminum
3633 4115 3761 4156 eon-

2169 4191 2711 4278 sulcuteiuquirere
2753 4218 2857 4259 non
2903 4203 3254 4272 praesumunt.
3308 4191 3475 4248 Tacet
3522 4192 3760 4254 Petrus,

2174 4316 2317 4361 tacet
2342 4301 2465 4359 (ξωιὶ
2497 4296 2899 4356 clavicularius.
2932 4293 3100 4347 Tacet
3130 4287 3365 4359 denique
3410 4285 3620 4355 lingua,
3648 4299 3764 4354 qua:

2173 4396 2341 4452 clavis
2389 4391 2529 4447 iacta
2568 4388 2862 4450 caelorum,
2890 4381 3086 4439 cmlum
3113 4378 3279 4436 simul
3316 4385 3371 4432 et
3400 4385 3609 4431 terram
3638 4368 3764 4445 ligat

2173 4497 2228 4543 et
2276 4483 2453 4540 solvit.
2503 4478 2668 4534 Tacet
2697 4478 2775 4543 is,
2819 4475 3072 4543 inquam,
3102 4468 3187 4525 cui
3217 4476 3386 4538 portae
3433 4464 3631 4520 inferri
3662 4479 3764 4518 non

2172 4575 2504 4649 praevalent,
2532 4570 2623 4640 qui
2651 4565 2851 4639 ligandi
2898 4564 3108 4618 animas
3149 4569 3314 4629 atque
3351 4555 3596 4613 solvendi
3628 4555 3767 4649 obti-_

2174 4643 2266 4723 net
2309 4663 2670 4736 principatum
2708 4656 2925 4728 (Matth.
2975 4651 3107 4723 xvr).
3164 4650 3295 4706 Silet
3338 4647 3627 4713 Andreas,
3677 4643 3767 4714 qui

2172 4762 2275 4830 ipsi
2317 4756 2469 4812 fratri
2519 4755 2585 4808 ad
2628 4751 2829 4806 fontem
2877 4747 3002 4801 vita:
3051 4743 3282 4815 praevius
3322 4740 3424 4794 fuit
3469 4739 3657 4810 (Joan.
3702 4736 3763 4805 I).

2175 4851 2293 4907 Non
2343 4846 2583 4919 loquitur
2614 4843 2880 4903 Thomas,
2936 4839 3028 4908 qui
3078 4836 3221 4890 viam
3269 4849 3327 4889 se
3376 4831 3589 4887 nescire
3645 4845 3769 4902 pro-

2171 4943 2381 5005 fessus,
2423 4937 2674 4992 eumdem
2720 4945 2841 4988 esse
2884 4931 3072 4994 viam,
3117 4926 3404 4984 veritatem
3448 4933 3505 4978 et
3560 4921 3763 4981 vitam.

2171 5033 2290 5086 ipso
2339 5028 2607 5084 refe-reste
2625 5065 2640 5086 .
2667 5020 2918 5086 cognovit
2960 5017 3144 5086 (Joan.
3170 5015 3307 5086 xiv).
3337 5012 3457 5069 Non
3485 5010 3770 5085 prasumit
