3978 5328
201 106 310 165 865

1662 100 1898 160 SERMO
1936 97 2122 154 LXIV.

3383 105 3489 164 860

195 225 431 284 Joannis
458 223 814 295 patrocinium
858 223 1151 295 queritur,
1181 230 1236 278 et
1264 220 1343 277 sic
1387 218 1453 275 ad
1505 219 1582 274 rei
1612 217 1789 272 dubiae
1816 218 1864 280 Α
1891 223 2067 268 matre
2095 210 2255 268 Verbi
2276 220 2653 279 conversatur,
2671 222 2828 270 tanto
2853 223 2910 270 et
2930 214 3031 288 ipsi
3065 215 3293 274 vicinior
3316 218 3490 279 Verbo

201 318 454 375 notitiam
500 319 832 388 pervenitur.
863 317 956 372 ille
984 317 1239 373 nimirum
1257 356 1272 381 ,
1301 313 1792 385 condiscipulorum

198 411 256 466 in
296 424 359 466 se
403 424 635 482 persona
682 417 966 479 suscepta,
1009 405 1291 463 consultor
1334 405 1578 470 accedit,
1607 404 1699 474 qui
1727 405 1793 461 de

195 499 451 570 ampliori
475 497 878 564 familiaritatis,
903 508 1065 567 atque
1093 495 1398 552 dilectionis
1435 493 1789 566 praerogativa

191 589 442 645 conﬁdit.

261 679 427 736 Unde
464 681 917 736 consuierandum
958 681 1072 743 est‘,
1121 679 1322 734 fratres
1374 679 1513 744 mei,
1572 688 1788 748 quanta:

192 770 501 827 devotionis
528 771 781 825 instantia
821 770 963 824 beati
1005 767 1228 824 Joannis
1257 767 1500 840 ﬂagitare
1528 767 1788 823 debemus

191 853 491 926 auxilium,
535 876 694 931 quem
737 861 954 916 sibimet
999 861 1453 924 interventorem,
1502 869 1558 915 et
1601 859 1699 929 ipsi
1730 875 1786 913 a-

189 953 391 1023 postoli
420 953 772 1023 quaesierunt.
806 951 1079 1018 Quantum
1128 953 1268 1022 apud
1302 949 1510 1019 justum
1544 948 1782 1019 iudicem

187 1061 290 1117 pro
338 1046 715 1116 peccatoribus
755 1045 984 1116 poterit,
1033 1043 1124 1113 qui
1163 1053 1218 1098 et
1245 1059 1343 1114 pro
1389 1043 1521 1112 ipsis
1547 1042 1784 1098 caelestis

184 1137 359 1192 curite
391 1137 735 1192 senatoribus
776 1134 1112 1191 intervenit?
1137 1132 1206 1188 Et
1234 1133 1324 1204 qui
1369 1133 1663 1189 advocatus
1696 1134 1780 1189 fa-

185 1238 313 1285 ctus
360 1239 443 1285 est
478 1229 704 1284 summis
728 1269 744 1290 ,
789 1242 949 1297 quam
995 1227 1272 1281 humiliter
1303 1227 1670 1297 implorandus
1699 1239 1781 1282 est

186 1303 551 1377 a'tniniutis?
605 1322 750 1375 lianc
801 1321 1056 1374 nimirum
1108 1319 1342 1374 hominis
1388 1320 1775 1386 eminentiam,

185 1413 332 1467 hanc
362 1413 679 1468 meritorum
703 1411 1014 1466 sublimium
1045 1409 1416 1464 celsitudinem
1447 1411 1668 1480 angelus
1692 1411 1779 1466 ille

185 1505 473 1574 cognovit,
523 1504 616 1575 qui
647 1519 706 1558 se
757 1503 824 1557 ab
873 1502 965 1556 illo
993 1502 1204 1557 adorari
1237 1503 1528 1572 prohibuit.
1564 1522 1581 1553 ι
1621 1503 1772 1568 Vide,

1895 306 2186 361 invenitur.

1965 396 2034 451 Et
2077 396 2333 466 quoniam
2383 409 2490 451 non
2537 398 2607 453 ab
2653 411 2798 464 atto,
2848 403 2943 456 sed
2994 403 3064 455 ab
3098 404 3213 474 ipsa
3245 401 3487 461 Vcritate

1893 487 2078 543 Maria:
2106 489 2284 544 dictus
2327 496 2411 543 est
2452 488 2628 544 ﬁlius:
2663 508 2678 541 ε
2718 488 2929 556 Mulier,
2961 493 3105 568 enim
3133 494 3333 561 inquit,
3363 511 3491 551 ecce

1891 580 2034 634 ﬁlius
2076 589 2228 646 tuus;
2285 601 2302 631 ι
2350 590 2509 650 atque
2555 581 2786 650 idipsum
2826 583 3133 638 reiterando
3171 588 3487 655 conﬁrmat,

1889 669 1955 723 ad
1975 668 2292 739 discipulum
2317 668 2537 724 dicens:
2563 687 2581 720 t
2611 669 2751 725 Ecce
2781 681 2954 726 mater
2977 681 3064 726 tua
3097 672 3278 744 (Jomt.
3303 676 3439 747 xu),
3463 697 3481 729 ο

1888 775 2048 814 nemo
2087 759 2211 827 jure
2261 759 2474 814 videtur
2518 761 2691 831 major
2745 763 2953 818 meritis
2998 778 3092 830 eo,
3125 765 3214 835 qui
3265 767 3488 837 speciali

1886 852 2119 922 quadam
2151 851 2320 922 gloria
2347 851 2516 907 frater
2539 861 2622 908 est
2651 853 2966 910 Salvatoris.

1957 941 2130 1010 liuius
2170 940 2335 1012 igitur
2365 950 2471 994 tam
2512 942 2790 1006 sublimis,
2849 953 2954 997 tam
3009 959 3113 1012 ptt,
3161 953 3268 999 tam
3306 934 3484 1014 casti,

1887 1045 2106 1102 tantque
2139 1029 2624 1100 praecellentissimi
2679 1031 2788 1087 Deo
2843 1033 3050 1097 dilecti,
3101 1034 3299 1090 fratres
3352 1039 3486 1092 cha-

1885 1124 2125 1189 rissimi,
2179 1123 2488 1178 laboremus
2533 1134 2804 1196 praecepta
2852 1138 3118 1192 servare;
3181 1145 3275 1199 per
3325 1130 3487 1201 hujus

1882 1216 2106 1287 vestigia
2126 1257 2140 1282 ,
2179 1216 2232 1270 in
2263 1225 2524 1286 quantum
2555 1232 2874 1286 possumus,
2901 1219 3039 1274 duce
3068 1220 3118 1274 di
3133 1221 3248 1275 vina
3309 1223 3485 1294 gratia

1882 1307 2199 1362 Studeamus
2249 1307 2521 1362 incedere.
2575 1308 2728 1376 Quod
2780 1310 2825 1364 si
2877 1325 3068 1366 omnes
3116 1328 3236 1366 cum
3280 1312 3488 1370 Joanne

1880 1397 2248 1468 virginitatem
2299 1398 2502 1453 habere
2540 1399 2652 1470 jam
2701 1401 2753 1454 in
2801 1415 2968 1457 carne
3027 1418 3130 1458 non
3176 1419 3483 1482 possumus,

1879 1487 2005 1554 quia
2046 1496 2171 1557 post
2221 1487 2560 1560 naufragium
2610 1491 2842 1545 secunda
2889 1502 3059 1547 restat
3108 1485 3318 1561 tabula,
3370 1505 3485 1550 stu-

185 1597 363 1666 inquit
387 1638 402 1661 ν
456 1611 525 1651 ne
561 1595 794 1660 feceris;
828 1609 1122 1649 conservus
1167 1596 1312 1648 enim
1366 1604 1489 1649 mus
1530 1613 1647 1650 sum
1673 1637 1688 1661 ’
1724 1605 1778 1650 ει
1808 1585 1852 1642 Β
1879 1577 2105 1632 deatuus
2135 1575 2327 1632 florere
2353 1578 2677 1644 virtutibus,
2717 1589 2770 1634 et
2807 1581 2886 1635 sic
2918 1584 3243 1652 virginitatis
3273 1586 3487 1642 amissa:

184 1685 414 1740 fratrum
445 1695 659 1741 tuorum
686 1684 996 1740 habentium
1028 1684 1393 1743 testimonium
1427 1685 1574 1752 Jesu,
1608 1686 1775 1742 Deum

183 1776 351 1833 adora
401 1776 590 1848 (Apoc.
624 1776 835 1846 xxvut).
893 1795 912 1828 ι
957 1775 1176 1847 Refugit
1216 1776 1533 1848 obsequium
1577 1779 1644 1834 ab
1688 1779 1778 1835 illo

182 1868 491 1938 suscipere,
540 1882 700 1938 quem
733 1875 958 1922 noverat
993 1870 1131 1936 apud
1174 1882 1516 1926 communem
1539 1869 1775 1939 indicem

184 1959 362 2014 locum
410 1959 598 2029 gratia:
645 1957 981 2013 familiariter
1029 1958 1290 2014 obtinere.
1350 1959 1530 2015 Noluit
1584 1964 1779 2017 adora-

185 2061 390 2116 torem,
434 2066 595 2121 quem
643 2051 970 2107 decernebat
1013 2050 1293 2120 aequalem.
1343 2051 1589 2107 Fratrem
1623 2067 1776 2108 reco-

179 2144 404 2217 gnovit,
451 2144 659 2199 socium
683 2143 984 2211 judicavit,
1017 2141 1364 2211 subjectionis
1411 2144 1770 2199 obedientiam

178 2251 286 2290 non
329 2235 558 2303 accepit.
591 2234 847 2303 Quamvis
876 2235 1018 2289 enim
1047 2233 1102 2289 in
1127 2235 1379 2289 omnibus
1404 2237 1605 2291 sanctis
1630 2251 1773 2290 sem-

178 2340 276 2395 per
303 2326 373 2380 sit
398 2325 656 2396 angelicte
682 2325 956 2380 munditia:
981 2325 1384 2380 contubernalis
1407 2367 1422 2391 ,
1460 2335 1514 2380 et
1541 2336 1769 2398 cognata

178 2415 493 2486 virginitas;
528 2415 716 2470 beatus
739 2426 916 2471 tamen
955 2415 1192 2471 Joannes
1222 2424 1372 2472 tanto
1399 2417 1633 2486 reliquos
1663 2418 1772 2471 vir—

177 2507 331 2573 gines
371 2516 625 2575 superat,
670 2517 883 2577 quanto
931 2508 1230 2578 virginitati
1262 2508 1432 2564 beatae
1463 2508 1645 2562 Mariae
1676 2524 1772 2578 per

176 2599 483 2655 sedulitatis
532 2615 596 2655 ac
647 2609 920 2671 perpetuae
969 2598 1132 2672 342
1183 2601 1440 2656 custodiae
1516 2602 1768 2656 meritum

176 2691 594 2760 apprOpinquat.
624 2691 669 2745 A
700 2707 805 2759 qua
836 2691 949 2745 sola
977 2691 1226 2746 videlicet
1256 2691 1611 2760 prteceditur,
1642 2692 1767 2762 quia

175 2777 478 2835 fecunditas
523 2781 837 2852 virginalis,
883 2796 1002 2850 qua:
1032 2791 1116 2836 est
1164 2781 1218 2835 in
1255 2781 1450 2847 Maria,
1495 2780 1657 2836 nullis
1685 2793 1767 2836 est

172 2873 396 2928 omnino
447 2874 654 2927 meritis
698 2874 1095 2943 comparanda,
1145 2881 1198 2927 et
1246 2887 1352 2927 non
1412 2871 1584 2928 solum
1637 2874 1762 2940 quia

1882 1669 2224 1739 dispendium
2252 1671 2454 1740 optime
2483 1673 2974 1742 compensabitnus.
3003 1673 3117 1729 Non
3143 1675 3302 1744 igitur
3330 1678 3486 1732 nobis

1879 1764 2123 1818 avaritia:
2161 1763 2326 1819 ardor
2364 1765 2684 1827 incandeat;
2720 1782 2826 1820 non
2859 1766 3154 1822 iracundia:
3206 1783 3303 1823 nos
3332 1768 3486 1824 furor

1879 1854 2140 1924 impellat.
2174 1855 2288 1909 Non
2319 1854 2371 1908 in
2403 1855 2559 1920 nobis
2589 1855 2801 1910 ﬂamma
2842 1856 3081 1913 libidinis
3119 1868 3340 1925 aestuet;
3378 1875 3484 1916 non

1880 1945 2051 2012 turpis
2095 1945 2354 2014 cogitatio
2385 1945 2665 2014 pulchram
2695 1947 2888 2002 anima:
2931 1957 3130 2005 nostra}
3159 1967 3340 2006 coram
3371 1953 3482 2007 Deo

1875 2039 2110 2106 speciem
2153 2039 2340 2094 ftedet.
2372 2038 2486 2094 Non
2519 2055 2617 2095 nos
2650 2050 2880 2095 terrena:
2902 2041 3172 2098 facultatis
3203 2044 3483 2099 abundan-

1877 2129 1946 2182 tia
1975 2130 2026 2183 in
2071 2131 2378 2201 superbiam
2420 2133 2626 2203 erigat;
2658 2147 2762 2186 non
2799 2134 3063 2188 tenacitas
3096 2133 3483 2190 misericordiae

1873 2225 2091 2302 viscera
2107 2225 2435 2294 pauperibus
2457 2225 2692 2279 claudat.
2727 2226 2916 2296 Vigcat
2941 2226 2993 2280 in
3023 2227 3179 2282 nobis
3217 2239 3478 2298 perpetua

1873 2317 2116 2380 castitas,
2141 2316 2441 2381 humilitas,
2471 2317 2733 2387 patientia
2755 2357 2769 2381 ,
2799 2318 3088 2382 sobrietas,
3111 2318 3323 2387 iustitia
3350 2334 3472 2374 eum

1871 2408 2104 2476 pietate,
2134 2407 2397 2463 severitas
2428 2423 2550 2462 eum
2584 2408 3019 2463 mansuetudine.

1943 2501 2090 2553 Inter
2121 2501 2259 2563 hrce,
2291 2497 2490 2554 fratres
2516 2499 2849 2565 charissimi,
2882 2509 3311 2571 eteterarumque
3339 2505 3477 2558 dona

1872 2591 2128 2644 virtutum
2151 2630 2166 2655 ,
2216 2590 2487 2654 charitas,
2518 2605 2637 2660 qua:
2666 2600 2843 2644 mater
2874 2601 2958 2646 est
2999 2591 3272 2656 euntium,
3305 2592 3358 2646 in
3392 2607 3480 2646 sa-

1869 2683 2049 2738 crario
2092 2682 2327 2752 pectoris
2366 2683 2535 2737 nostri
2588 2697 2802 2752 semper
2843 2692 3024 2738 teneat
3067 2684 3426 2754 principatum
3459 2698 3475 2747 ;

1868 2773 2016 2844 quia,
2043 2774 2183 2828 sicut
2207 2772 2447 2828 Joannes
2470 2772 2622 2838 dicit,
2651 2791 2669 2824 ‹
2701 2773 2842 2828 Deus
2866 2773 3104 2827 charitas
3131 2786 3215 2828 est
3239 2773 3288 2838 (Ι
3310 2773 3474 2829 Joau.

1871 2863 1978 2935 tv);
2011 2882 2030 2916 ›
2061 2871 2121 2916 ιιι
2168 2863 2294 2932 quia
2339 2876 2436 2932 per
2479 2861 2801 2917 charitatem
2854 2862 2948 2916 Dei
2999 2862 3168 2917 Filius
3197 2865 3479 2919 descendit

171 2961 401 3018 fecunda
450 2973 564 3032 est,
609 2965 702 3020 sed
752 2941 879 3034 quia
908 2964 1126 3019 Deiﬁca.
1175 2963 1449 3033 Virginem
1499 2965 1644 3020 enim
1674 2981 1765 3036 pa-
1793 2941 1837 3002 C
1869 2953 1922 3008 ill
1975 2953 2282 3026 Virginem.
2320 2968 2418 3022 Per
2453 2968 2573 3007 eam
2611 2968 2710 3008 "09
2755 2953 2963 3008 exalia
3007 2953 3073 3008 ad
3099 2953 3259 3026 343
3289 2963 3474 3024 patef-

171 3067 328 3120 t'ere,
360 3071 560 3113 novum
592 3072 656 3111 ac
682 3056 957 3127 singulare
993 3064 1108 3120 est;
1153 3055 1324 3110 Deum
1371 3071 1503 3111 vero
1549 3071 1762 3125 parere,

169 3144 246 3201 ita
292 3164 507 3203 omnem
556 3148 846 3203 novitatem
893 3147 1280 3218 singularitatis
1319 3156 1640 3218 exsuperat,
1695 3149 1767 3202 ita

169 3240 352 3294 omnia
395 3255 516 3309 qua:
566 3241 809 3295 miranda
856 3251 982 3295 sunt
1018 3241 1327 3306 antecedit,
1365 3250 1527 3310 atque
1555 3241 1767 3296 incom-

170 3330 489 3400 parabiliter
517 3312 922 3400 supereminet,
953 3341 1009 3384 ut
1045 3347 1144 3386 nec.
1172 3338 1350 3386 mente
1390 3331 1634 3399 concipi,
1671 3346 1771 3386 nec

171 3423 351 3495 lingua
395 3422 574 3478 valeat
601 3424 943 3494 aliquatenus
976 3426 1255 3495 explicari.
1291 3424 1397 3480 Sed
1436 3427 1578 3480 sicut
1605 3440 1768 3480 vene-

169 3517 355 3571 randa:
397 3517 590 3572 matris
635 3517 848 3573 Domini
882 3519 1164 3588 virginitas
1185 3559 1200 3583 ,
1231 3517 1378 3572 beati
1402 3516 1630 3574 Joannis
1659 3521 1769 3574 vit--

168 3608 453 3678 ginitatem
501 3610 750 3677 excedit,
802 3611 882 3666 sic
925 3611 1038 3680 ipse
1081 3627 1180 3681 pro
1222 3611 1456 3681 glorioso
1499 3612 1616 3684 ejus
1639 3628 1770 3668 con-

168 3701 422 3755 tubernio
449 3711 677 3758 caeteros
708 3718 739 3756 a
778 3703 963 3757 mundi
1011 3703 1309 3772 primordio
1357 3703 1592 3774 virgines
1619 3713 1770 3760 ante-

164 3790 334 3844 cellit.

233 3879 355 3936 Huc
388 3883 634 3949 accedit,
675 3883 818 3955 quod
871 3884 960 3940 ille
1002 3884 1280 3942 recubitus
1321 3886 1375 3942 in
1405 3899 1626 3958 pectore
1651 3887 1770 3944 Sal-

158 3974 409 4040 vatoris,
457 3973 549 4031 ille
595 3975 809 4032 divinus
853 3979 1051 4043 ardor,
1103 3995 1269 4049 quem
1321 3994 1388 4034 ex
1419 3995 1619 4036 arcana
1653 3982 1769 4052 ejus

159 4067 521 4140 inspiratione
551 4071 831 4140 concepit,
866 4072 940 4126 ita
967 4073 1026 4126 in
1050 4073 1168 4143 ejus
1201 4074 1498 4129 visceribus
1525 4075 1766 4129 omnium

156 4161 447 4218 iibidinum
499 4161 738 4218 fomenta
784 4163 998 4219 decoxit
1050 4174 1110 4220 ut
1176 4179 1374 4235 corpus
1424 4163 1542 4234 ejus
1574 4206 1589 4230 ,
1647 4174 1765 4220 tan-

1870 3061 1952 3100 nte
1999 3046 2183 3115 gloria:
2225 3044 2564 3109 claritatem,
2615 3044 2707 3114 qui
2753 3045 2889 3098 vivit
2941 3054 2997 3099 et
3043 3055 3232 3115 regnat
3264 3047 3316 3100 in
3350 3045 3475 3100 Tri-

1871 3137 2036 3192 nitate
2105 3135 2376 3206 perfecta,
2436 3151 2573 3190 tnnts
2634 3146 2688 3190 et
2736 3151 2896 3191 verus
2942 3136 3116 3202 Deus,
3169 3152 3266 3207 per
3291 3139 3474 3194 omnia

1869 3230 2062 3284 smcu'la
2097 3229 2442 3283 saeculorum.
2476 3229 2670 3282 Amen.

2441 3340 2674 3395 SEliMO
2715 3340 2901 3396 LXIV.

1968 3447 2034 3485 υε
2074 3445 2280 3487 SANCTO
2316 3444 2513 3485 JOANIE
2555 3445 2825 3486 APOSTOLO
2865 3446 2934 3487 ΕΤ
2971 3448 3358 3489 ῑνλκεειιετλ.

2413 3503 2582 3571 (xxvi.
2624 3504 2896 3572 anesum).

1939 3615 2276 3682 Gaudemus,
2321 3614 2521 3670 fratres
2565 3616 2907 3684 charissimi,
2961 3619 3240 3689 cepiosuut
3273 3632 3467 3682 vestrae

1869 3709 2229 3764 fraternitatis
2274 3709 2462 3764 adesse
2500 3717 2866 3777 conventum,
2909 3711 3035 3781 quia
3069 3713 3196 3768 dum
3246 3731 3346 3771 nos
3396 3717 3468 3773 ad

1869 3801 2191 3856 hodiernam
2237 3800 2622 3866 festivitatem,
2677 3799 2737 3855 Β.
2785 3799 3011 3859 Joannis
3060 3805 3230 3874 gloria
3261 3823 3464 3878 provo-

1867 3901 1985 3959 cat,
2033 3892 2201 3948 etiam
2253 3890 2491 3962 Spiritus
2536 3899 2792 3958 sanctus,
2843 3901 2902 3948 ut
2956 3902 3064 3950 tam
3108 3910 3462 3970 reverenter,

1869 3993 1978 4039 tam
2023 3982 2280 4054 paeiﬁce,
2315 3991 2422 4038 tam
2467 3983 2656 4038 devote
2686 3987 3058 4054 conveniatis,
3094 3989 3466 4051 indubitanter

1867 4077 2114 4148 inspirat.
2157 4076 2388 4146 Dignum
2434 4076 2632 4147 quippe
2675 4086 2789 4144 est,
2822 4087 2880 4133 ut
2913 4081 3006 4150 qui
3050 4096 3079 4136 a
3111 4081 3326 4140 Christo
3352 4102 3465 4156 prae

1868 4168 2078 4224 cunctis
2107 4167 2428 4223 mortalibus
2457 4166 2766 4236 specialiter
2790 4177 2875 4224 est
2905 4169 3166 4246 dilectus,
3197 4188 3225 4225 a
3257 4173 3461 4231 Christi

153 4267 323 4323 quam
358 4266 548 4306 revera
573 4251 807 4322 Spiritus
834 4252 1006 4307 sancti
1038 4254 1326 4323 templum,
1356 4269 1386 4308 a
1410 4254 1622 4309 cunctis
1647 4269 1770 4314 ver-
1798 4292 1846 4354 υ
1873 4275 2086 4331 quoque
2115 4258 2462 4315 dilectoribus
2490 4259 2823 4328 permaxime
2853 4259 3133 4329 diligatur,
3161 4265 3460 4331 praesertim

153 4353 315 4400 naret
343 4343 632 4399 aestuantis
664 4343 890 4397 luxuria)
916 4342 1258 4412 squaloribus
1279 4345 1629 4410 defzecatum;
1665 4361 1766 4402 nec

155 4437 328 4492 ullum
361 4437 416 4490 in
441 4451 508 4490 eo
531 4436 709 4490 locum
747 4435 1058 4490 vindicabat
1081 4436 1294 4491 ﬁamma
1324 4437 1584 4503 libidinis,
1611 4438 1764 4508 cuius

157 4526 421 4598 templum
454 4527 629 4598 gratia
669 4526 838 4581 sancti
872 4525 1107 4595 Spiritus
1147 4525 1352 4597 iugiter
1379 4527 1760 4582 obnmbrsbat.

155 4617 424 4685 Quocirca
468 4617 690 4689 dignum
741 4617 841 4671 fuit
884 4626 942 4670 ut
983 4617 1176 4672 beatus
1217 4616 1455 4672 Joannes
1485 4617 1759 4687 apostolus

157 4708 490 4778 archangelo
540 4707 776 4764 Gabrieli
832 4709 899 4763 ad
944 4708 1246 4764 custodiam
1300 4709 1490 4763 matris
1545 4707 1756 4763 Domini

156 4802 339 4855 socius
384 4800 714 4863 haberetur,
757 4807 1022 4868 quatenus
1067 4798 1160 4856 ille
1208 4799 1452 4858 emleStis
1494 4799 1622 4854 olim
1658 4816 1756 4871 pa-

159 4895 495 4964 ranymphus
543 4891 803 4945 intactam
855 4891 1129 4961 Virginem
1184 4889 1535 4949 invisibiliter
1579 4900 1761 4946 custo-

158 4984 326 5056 diret,
367 4993 427 5040 et
475 4984 585 5038 iste
633 4981 928 5040 forinsecus
974 4981 1254 5050 fragilitati
1309 4981 1560 5040 felnincm
1619 4987 1748 5044 obe-

157 5073 366 5131 dientiae
419 5089 536 5130 suae
583 5073 926 5130 ministerium
974 5070 1282 5136 exhiberet.
1333 5071 1400 5125 Et
1449 5088 1748 5149 congruum

156 5177 266 5220 erat
307 5177 365 5221 ut
389 5181 513 5236 quae
557 5163 712 5218 talem
747 5167 951 5236 genuit,
984 5163 1069 5232 qui
1102 5169 1236 5228 cceli
1290 5163 1454 5219 simul
1504 5178 1560 5224 et
1591 5178 1749 5226 terra!

155 5259 406 5314 Dominus
429 5264 598 5322 esset,
624 5256 889 5328 utriusque
913 5253 1100 5326 patriae
1126 5268 1291 5323 cives
1318 5254 1371 5309 in
1393 5270 1494 5312 suo
1521 5277 1746 5321 censor-

1873 4368 1995 4408 cum
2037 4360 2092 4407 et
2126 4351 2244 4422 ipse
2294 4350 2437 4404 circa
2490 4363 2590 4402 nos
2628 4356 2792 4401 tantse
2837 4349 3122 4406 eharitatis
3152 4352 3460 4417 exstiterit,

1864 4451 1925 4497 ut
1973 4441 2234 4496 divinitus
2263 4437 2366 4494 sibi
2418 4437 2636 4492 traditis
2664 4437 2944 4507 sapientia:
2983 4447 3039 4493 et
3085 4440 3325 4496 scientia:
3350 4442 3462 4498 cla-

1861 4534 2052 4599 vibus,
2083 4545 2272 4587 omnes
2293 4531 2777 4602 sacramentorum
2822 4528 3125 4586 caelestium
3179 4531 3462 4592 thesauros

1863 4623 2229 4694 expanderet,
2291 4629 2346 4675 et
2394 4628 2613 4675 aeternze
2653 4620 2778 4674 vita:
2832 4619 3085 4688 divitias,
3136 4636 3270 4690 quas
3317 4624 3465 4681 solus

1864 4724 2182 4786 acceperat,
2225 4712 2506 4768 uobiscum
2558 4709 2934 4783 participando
2963 4711 3190 4786 largiter
3226 4728 3290 4767 ac
3333 4713 3471 4769 ﬁde-

1865 4809 1987 4865 liter
2028 4814 2302 4880 erogaret.
2343 4802 2482 4869 Quid
2515 4805 2661 4860 enim
2692 4802 2886 4856 divina:
2935 4803 3218 4875 sapientiae
3247 4805 3474 4873 quazris,

1866 4902 2008 4973 quod
2035 4901 2177 4973 apud
2205 4896 2464 4950 Joannem
2502 4893 2746 4969 reperire
2782 4906 2887 4946 non
2919 4897 3138 4962 possis?
3177 4892 3305 4959 Quae
3326 4896 3481 4955 enim

1860 4996 2112 5052 hmretica
2161 4990 2432 5064 pravitas,
2480 5004 2603 5060 quae
2647 4987 2849 5042 Ariana
2893 4991 3172 5054 perﬁdia,
3222 5001 3339 5055 qua:
3387 4984 3493 5042 ιι.-

1859 5089 2094 5144 datorum
2145 5095 2348 5138 vesana
2377 5080 2687 5146 calumnia,
2735 5093 2858 5153 qua:
2905 5085 3206 5149 gentilium
3242 5078 3492 5146 philoso-

1857 5179 2086 5248 Phowm
2143 5172 2378 5230 νετδιιῑίίι
2416 5210 2432 5235 ν
2503 5190 2628 5244 qua:
2695 5171 2930 5238 denique
3005 5168 3497 5234 schismatit'orum

1855 5269 2220 5328 abominanda
2259 5263 2541 5328 scissura,
2594 5263 2773 5321 beatis
2799 5258 3040 5324 Joannis
3092 5275 3204 5320 non
3257 5253 3498 5314 estelo-
