3978 5328
531 192 632 246 ειη-ι

1147 192 1203 246 s.
1249 189 1450 246 ra'rnt
1495 193 1771 246 namss:
1813 192 1961 246 orr.
2011 193 2187 247 PARS
2229 189 2355 250 seu
2410 195 2644 251 tonsus
2672 197 2732 250 ιι.
2772 225 2845 239 -ο
2883 196 3270 257 Spatiosas.

3703 207 3806 265 868

532 311 608 362 dit
642 309 693 363 in
723 306 982 369 medium,
1011 304 1250 361 Joannes
1299 307 1557 370 occurrit,
1591 305 1824 360 Joannes
1851 306 2119 360 silentium
2153 320 2196 374 Α
2227 323 2255 359 a
2286 307 2536 361 sinistris.
2565 305 2698 361 Nam
2731 320 2992 378 quantmn
3018 313 3084 364 ad
3114 314 3271 366 verba
3290 355 3303 377 ,
3332 329 3431 368 noc
3456 322 3643 384 petere
3668 317 3811 375 visus

532 400 775 455 verbosis
797 398 1041 468 imponit.
1062 397 1285 465 Quoties
1314 399 1576 467 siquidem
1609 399 1674 453 de
1705 414 1834 452 vera
1870 399 2121 452 humani-

530 502 664 556 tate,
689 506 750 546 ac
768 490 1046 544 divinitate
1069 490 1270 545 Christi
1295 501 1569 544 certamen
1599 489 1916 559 qumstionis
1941 491 2122 544 obori-

531 594 638 644 tur,
670 597 789 651 qute
813 581 1063 636 videlicet
1105 581 1355 636 omnibus
1386 582 1532 650 pacis
1559 581 1793 636 inimicis
1819 582 2121 636 communis

525 685 610 727 est
640 673 866 726 materia
885 672 1200 735 dimicandi,
1229 672 1472 740 protinus
1500 672 1565 726 ad
1614 670 1838 726 Joannis
1879 671 2120 741 Evange-

527 766 654 818 lium
676 762 1174 826 curritur,Joaimis
1192 762 1243 815 in
1268 777 1444 832 pugna
1466 762 1822 832 patrocinium
1837 761 2114 831 quaeritur,

525 867 580 909 et
613 856 689 910 sic
719 871 844 909 mox
873 863 1066 910 cuncta
1094 853 1310 923 litigiosi
1335 852 1838 923 certaminisjurgia
1861 851 2117 921 conquie-

524 955 702 999 scunt.

595 1063 733 1130 Quid
765 1063 930 1132 igitur
970 1063 1338 1116 necessarium
1373 1062 1424 1115 in
1457 1061 1751 1126 doctrinis,
1778 1059 1918 1129 quod
1948 1059 2114 1115 Joan-

524 1155 608 1207 nis
658 1153 930 1207 volumina
991 1161 1338 1207 sacrosancta
1391 1169 1497 1206 non
1559 1153 1820 1205 teneant?
1873 1152 2008 1218 Quid
2061 1152 2111 1204 in

522 1247 848 1310 virtutibus,
876 1246 1002 1315 quid
1032 1246 1085 1298 in
1138 1246 1345 1300 meritis
1396 1261 1502 1315 quo
1530 1245 1875 1299 beatissimus
1909 1246 2111 1299 incom-

517 1338 839 1408 parabiliter
863 1355 967 1393 non
1000 1337 1272 1393 excellat?
1303 1338 1589 1408 Apostolus
1615 1338 1876 1408 siquidem
1904 1337 1956 1391 in
1991 1337 2112 1406 Epi-

519 1429 706 1491 stolis,
756 1428 1084 1499 evangelista
1131 1429 1184 1483 in
1236 1429 1554 1498 Evangelio,
1584 1430 1844 1499 propheta
1887 1429 1938 1483 in
1967 1434 2109 1499 Apo-

517 1523 737 1594 calypsi.
765 1521 1034 1592 PrOpheta
1057 1563 1070 1586 ,
1096 1523 1338 1591 inquam,
1366 1531 1546 1575 etnon
1572 1521 1988 1592 qualiscunque,
2016 1521 2109 1576 sed

516 1614 780 1668 mirabils
835 1623 997 1682 atque
1053 1614 1118 1666 ad
1152 1613 1558 1668 similitudinem
1591 1614 1816 1668 alterius
1844 1612 2102 1677 Joannis,

2220 408 2334 460 est,
2383 409 2440 451 ut
2467 414 2533 452 ex
2571 399 2651 453 eis
2695 415 2858 455 unum
2892 400 3151 457 Dominus
3182 419 3301 457 cum
3333 406 3540 458 dextris
3571 407 3807 476 eligeret,

2221 489 2449 542 alterum
2475 507 2501 542 a
2529 490 2767 543 sinistris
2791 507 2913 545 eum
2938 495 3313 561 peccatoribus
3340 497 3674 564 reprobarct.
3707 500 3808 554 Sed

2219 582 2344 650 quia
2370 580 2687 651 insipienter
2712 583 2894 651 petiit,
2927 584 3192 654 repulsam
3221 587 3461 655 patiens.
3504 589 3648 643 illico
3690 608 3807 645 cum

2221 671 2375 734 liliis,
2409 672 2551 742 quod
2593 674 2936 739 merebatur,
2969 676 3174 729 audivit
3200 691 3215 728 :
3245 695 3263 725 ι
3293 676 3527 731 Nescitis
3550 719 3565 742 ,
3600 681 3768 746 inquit
3794 723 3807 743 ,

2186 765 2344 834 'qnid
2401 768 2620 835 petatis.
2673 767 2905 822 Potestis
2957 768 3141 823 bibere
3197 772 3454 834 calicem,
3513 789 3672 841 quem
3714 790 3808 842 ego

2216 853 2484 910 bibiturus
2531 858 2690 911 sum?
2725 877 2743 908 ι
2780 858 3249 927 Respondentibus
3283 870 3462 914 autem
3498 880 3510 914 :
3551 879 3570 912 ι
3615 861 3805 915 Possu-

2217 963 2356 1010 mus,
2390 968 2406 999 ι
2449 958 2644 1018 [ιι-ωεῑο
2682 948 2998 1019 subjungit:
3049 967 3066 1000 ι
3105 949 3338 1004 Calicem
3383 950 3604 1019 quidem
3633 967 3803 1005 meum

2218 1035 2436 1098 bibetis,
2455 1039 2647 1093 sedere
2675 1047 2855 1093 autem
2893 1039 2958 1090 ad
2989 1039 3269 1093 dexteram
3313 1049 3368 1094 et
3419 1041 3490 1094 ad
3533 1040 3801 1095 sinistram

2215 1145 2320 1183 non
2349 1139 2432 1182 est
2464 1144 2640 1183 meum
2672 1131 2800 1183 dare
2829 1130 2979 1183 vobis
3005 1129 3222 1200 (.llatth.
3252 1131 3366 1201 xx).
3406 1151 3423 1182 ι

2281 1221 2421 1275 Ecce
2449 1221 2535 1274 hic
2567 1221 2617 1274 in
2645 1221 2826 1275 verbis
2855 1221 3148 1276 Dominicis
3189 1231 3439 1290 patenter
3471 1222 3798 1282 ostenditur.

2211 1315 2336 1382 quia
2392 1311 2628 1368 Joannes
2663 1324 2718 1368 et
2755 1324 2965 1384 martyr
3014 1312 3146 1379 fuit,
3195 1317 3322 1368 dum
3370 1323 3627 1379 constat,
3683 1317 3801 1383 quia

2213 1405 2422 1460 Domini
2449 1405 2673 1459 calicem
2699 1405 2914 1460 biberit.
2949 1405 3016 1459 Et
3045 1421 3232 1460 revera
3272 1419 3478 1476 martyr
3520 1407 3656 1474 fuit,
3680 1409 3799 1474 quia

2211 1500 2376 1553 multa
2414 1515 2510 1570 pro
2550 1500 2775 1554 Domino
2807 1501 3241 1569 persecutionum
3265 1502 3530 1570 supplicia
3561 1502 3796 1570 pertuliz.

2211 1591 2416 1662 Marlyr
2465 1593 2646 1661 itaque
2692 1592 2825 1656 fuit,
2871 1592 2997 1662 quia
3061 1609 3282 1646 crucem
3327 1593 3542 1645 Domini
3588 1608 3687 1662 per
3719 1595 3797 1646 sui

513 1705 797 1776 plusquam
857 1675 1139 1776 pr'ophcm.
1183 1704 1317 1758 Nam
1369 1705 1498 1776 quia
1544 1706 1822 1775 propheta,
1870 1675 2102 1760 "meum,
2136 1675 2179 1734 Β
2209 1683 2452 1751 corporis
2471 1680 2916 1748 aﬂlictionem,et
2939 1683 3310 1751 proximorum
3333 1685 3637 1737 errantium
3660 1700 3800 1738 eom-

509 1804 595 1850 est
636 1796 814 1850 futura
846 1797 1172 1866 praedicere,
1211 1811 1316 1850 non
1371 1795 1659 1866 praesentia
1705 1795 2103 1861 demonstrare,

512 1886 705 1940 beatus
751 1885 990 1942 Joannes
1028 1887 1267 1956 Baptista
1313 1886 1516 1941 idcirco
1569 1886 1780 1940 caeteris
1829 1887 2103 1957 prephetis

509 1979 733 2044 enituit,
766 1979 890 2048 quia
942 1979 1227 2033 Dominum
1279 1979 1475 2049 digito,
1529 1994 1690 2048 quem
1721 1971 2100 2049 prophetabat,

509 2072 748 2128 ostendit
769 2071 951 2143 (Joan.
987 2072 1047 2143 ι).
1080 2071 1330 2140 Nunquid
1353 2080 1407 2126 et
1434 2071 1535 2126 iste
1555 2070 1790 2126 Joannes
1819 2071 2100 2142 plusquam

508 2170 774 2239 prepheta
825 2177 1076 2233 nonest,
1121 2168 1212 2237 qui
1245 2177 1440 2236 praeter
1469 2166 1710 2220 omnium
1755 2167 2103 2221 consuetudi-

512 2273 634 2312 nem
663 2258 1050 2327 prophetarum
1074 2298 1089 2322 ,
1121 2257 1470 2327 semetipsum
1492 2259 1771 2326 conspexit
1805 2257 1858 2310 in
1884 2257 2094 2325 spiritu,

506 2356 565 2405 et
589 2350 726 2404 inter
745 2348 976 2418 plurima
995 2348 1384 2403 revelatiounm
1407 2346 1710 2402 cmlcstium
1737 2357 2096 2409 sacramenta,

507 2442 635 2496 dum
659 2443 852 2511 aquila:
879 2443 1110 2498 volantis
1133 2441 1539 2496 similitudinem
1567 2441 1720 2508 vidit,
1747 2442 2096 2511 semetipsum

506 2533 771 2587 veraciter
799 2533 1154 2605 recognOvit?
1185 2531 1432 2587 Ezechiel
1463 2541 1641 2587 autem
1669 2533 1914 2588 eamdem
1947 2534 2099 2602 aquio

505 2627 612 2684 lam
643 2631 832 2698 spiritu
860 2630 1132 2686 revelante
1170 2628 1452 2700 conspexit
1479 2627 1700 2698 (Ezech.
1734 2623 1802 2697 ι),
1835 2640 1944 2680 non
1974 2623 2096 2693 qui-

505 2719 627 2774 dem
657 2720 925 2775 volantem
945 2761 960 2783 ,
991 2721 1086 2776 sed
1116 2719 1329 2775 caeteris
1358 2716 1684 2771 animalibus
1706 2715 1934 2782 desuper
1961 2713 2096 2767 emi-

505 2821 743 2864 nentem.
776 2812 910 2866 Cum
940 2827 1047 2880 quo
1077 2809 1324 2864 videlicet
1353 2807 1612 2878 propheta
1646 2807 1834 2858 beatus
1858 2801 2095 2856 Joannes

504 2902 846 2956 considerato
877 2903 1158 2971 utriusque
1197 2899 1470 2954 volumine
1495 2938 1509 2962 ,
1545 2898 1598 2950 in
1628 2895 1810 2950 multis
1840 2910 1944 2947 non
1976 2910 2093 2945 ain-

504 2993 705 3063 bigitur
733 2995 1085 3047 concordare.
1122 2992 1254 3047 Cum
1285 3007 1350 3046 eo
1375 2991 1630 3044 nimirum
1665 2999 1717 3044 et
1742 2989 1965 3052 librum,
1995 2986 2087 3055 qui

503 3085 658 3154 quasi
685 3084 848 3156 3M
884 3084 1019 3148 mel,
1065 3084 1237 3144 dulcis
1276 3092 1426 3145 erat,
1464 3083 1518 3136 in
1563 3097 1658 3136 ore
1705 3081 1973 3140 comedit,
2036 3087 2090 3132 et

503 3176 800 3229 sanctuarii
850 3175 964 3228 loca
1013 3173 1268 3228 describit
1317 3174 1498 3244 (Apoc.
1534 3173 1621 3242 x),
1667 3181 1830 3242 atque
1870 3172 1922 3224 in
1978 3169 2093 3240 pitt-

505 3267 655 3320 ribns
699 3267 820 3319 aliis
867 3268 1128 3336 propheta
1169 3282 1291 3320 cum
1338 3252 1982 3335 apostoloconsonanter
2011 3263 2093 3316 in.

503 3355 667 3410 cedit.

572 3476 616 3531 Ο
661 3490 821 3545 quam
851 3475 1187 3532 admirabilis
1211 3486 1295 3532 est
1321 3477 1547 3531 mutatio
1573 3475 1808 3532 dexterae
1835 3478 2084 3534 Excelsi!

501 3569 674 3640 (Paul.
709 3574 916 3636 Lxxvt.)
940 3571 983 3625 Ο
1005 3586 1168 3638 quam
1197 3571 1456 3625 terribilis
1490 3571 1744 3624 Dominus
1774 3571 1826 3624 in
1854 3571 2092 3625 consiliis

498 3679 663 3733 super
695 3663 834 3716 lilios
863 3664 1140 3716 hominum
1167 3662 1178 3714 !
1205 3660 1377 3732 (Psal.
1413 3662 1558 3732 va.)
1591 3661 1722 3727 Quis
1760 3663 1901 3716 enim
1931 3662 2092 3732 digne

499 3755 841 3819 consideret,
894 3756 960 3809 de
999 3765 1198 3823 quanta
1252 3753 1552 3808 humilitate
1605 3755 1706 3808 iste
1744 3755 1982 3824 piscator
2022 3755 2089 3807 ad

499 3857 715 3916 quanta:
783 3846 1120 3901 celsitudinis
1189 3845 1400 3898 culmen
1460 3845 1724 3900 meruerit
1777 3843 2094 3898 sublimari?

496 3937 788 3995 Enimvero
817 3939 907 4008 qui
937 3939 1062 3994 olim
1081 3939 1168 3993 vili
1198 3939 1442 3994 navicula
1468 3947 1773 4004 contentus,
1801 3947 1855 3994 et
1885 3940 2089 3994 retibus

501 4033 669 4086 maris
711 4032 974 4102 profunda
1015 4033 1329 4102 simpliciter
1359 4031 1742 4098 scrutabatur,
1784 4049 1926 4088 nunc
1965 4033 2086 4087 illit-

499 4136 685 4181 strata:
733 4124 930 4178 mentis
973 4126 1123 4178 radio
1152 4133 1362 4179 secreta
1391 4123 1627 4180 caelestia
1661 4133 1936 4193 penetrat,
1969 4141 2088 4195 my-

497 4217 664 4273 steria
715 4218 968 4280 intonat,
1017 4217 1182 4269 divini
1242 4215 1450 4269 consilii
1513 4216 1724 4269 occulta
1783 4217 2089 4270 hominibus

497 4308 732 4373 revelat,
785 4308 1104 4378 prophetica
1160 4306 1428 4376 depromit
1471 4305 1732 4371 oracula,
1789 4308 2086 4374 apostolica

497 4401 660 4457 tradit
711 4400 1020 4456 hominibus
1077 4399 1396 4454 documenta
1439 4417 1451 4450 :

495 4510 720 4548 smmute
767 4493 1066 4548 divinitatis
1091 4491 1329 4547 essentia
1359 4491 1615 4560 prmcedit
1664 4491 1957 4560 prophetas
1999 4506 2090 4544 su-

495 4586 840 4657 pergreditur
857 4585 1197 4656 patriarchas
1214 4625 1227 4644 ,
1252 4584 1525 4654 apustolos
1545 4595 1786 4651 superat.
1808 4583 2088 4638 Postremo

497 4680 660 4734 totius
688 4679 1039 4734 humanitatis
1065 4677 1396 4732 transcendit
1420 4677 1656 4745 ingenia,
1681 4685 1735 4730 et
1765 4676 1889 4732 illuc
1919 4693 2090 4748 usque

497 4773 692 4826 mentis
713 4773 882 4826 aciem
918 4773 1124 4834 tendit,
1153 4785 1260 4840 quo
1287 4770 1376 4823 vix
1406 4779 1460 4824 et
1491 4770 1736 4838 angelica
1765 4769 1905 4824 valet
1928 4772 2090 4825 attin-

410 4889 414 4894 -
493 4877 624 4936 gere
653 4864 996 4919 creatura.'0
1026 4864 1118 4917 Dei
1147 4865 1302 4934 plene
1331 4863 1535 4932 gratia!
1569 4882 1588 4914 ι
1624 4861 1737 4916 Pax
1790 4864 1934 4917 enim
1969 4863 2085 4928 Dei,

497 4957 640 5011 sicut
680 4957 995 5024 Apostolus,
1033 4963 1324 5024 exsuperat
1357 4969 1572 5008 onmem
1617 4969 1832 5008 sensum
1863 4955 2084 5024 (Philip.

500 5045 574 5112 tv)
615 5063 634 5095 ι
665 5052 722 5097 ιιι
751 5043 877 5098 illud
909 5061 1118 5112 sponsae
1146 5046 1324 5099 dicere
1361 5060 1466 5098 non
1496 5045 1767 5100 immerito
1795 5045 2040 5098 videatur
2071 5062 2084 5098 :

502 5156 522 5190 ι
560 5135 861 5192 Introduxit
904 5153 990 5190 me
1036 5153 1130 5190 rex
1159 5137 1210 5189 in
1250 5137 1384 5192 cella
1425 5137 1663 5203 vinaria,
1696 5136 2087 5191 exsultabimnt

496 5239 552 5286 et
577 5228 882 5283 laetabimur
908 5227 960 5279 in
992 5235 1045 5280 te
1076 5225 1252 5297 (Cant.
1284 5227 1345 5297 ι).
1391 5246 1410 5276 ι

1496 4397 1604 4452 imo
1653 4398 1706 4452 in
1765 4397 2088 4468 speculanda
2120 4392 2169 4453 ι)

2207 1772 2512 1840 passionem
2561 1771 2654 1824 diu
2703 1772 2931 1825 vivendo
2977 1773 3213 1841 portavit
3268 1790 3280 1824 :
3333 1781 3387 1826 et
3433 1787 3542 1842 quo
3591 1774 3798 1826 (‘telCIlS

2205 1863 2466 1932 apostolis
2521 1863 2573 1916 in
2620 1878 2786 1918 carne
2839 1863 3104 1932 prolixius
3160 1865 3398 1928 mansit;
3455 1881 3522 1918 co
3568 1866 3799 1919 durior)

2205 1953 2767 2024 martyrii-tormenta
2813 1953 3088 2008 sustinuit.
3142 1953 3296 2008 Unde
3339 1956 3427 2023 pie
3467 1954 3795 2008 credendum

2202 2054 2285 2099 est
2305 2045 2446 2114 quod
2469 2055 2610 2099 Inter
2633 2056 2850 2100 centum
2878 2045 2965 2098 illa
2988 2046 3342 2115 quadraginta
3366 2056 3605 2115 quatuor
3635 2047 3794 2100 millia

2199 2136 2466 2206 virginum
2492 2176 2508 2202 ,
2553 2136 2645 2204 qui
2697 2137 2898 2190 habent
2939 2153 3133 2192 nomen
3169 2137 3342 2204 Agni,
3379 2147 3435 2193 et
3467 2155 3667 2192 nomen
3699 2138 3796 2192 Pa-

2203 2229 2300 2282 tris
2329 2227 2445 2296 ejus
2485 2230 2744 2297 scriptum
2779 2230 2830 2282 in
2862 2229 3130 2284 frontibus
3157 2230 3273 2285 suis
3294 2271 3308 2296 ,
3339 2231 3431 2299 qui
3468 2230 3642 2298 empti
3673 2241 3795 2284 sunt

2199 2325 2266 2377 de
2318 2333 2498 2389 terra,
2531 2334 2586 2378 et
2637 2333 2860 2378 cantant
2908 2325 3176 2380 canticum
3208 2340 3405 2378 novum
3452 2334 3583 2377 ante
3613 2325 3793 2378 sedem

2203 2418 2294 2472 Dei
2347 2426 2401 2472 et
2453 2417 2624 2486 Agni,
2659 2417 2745 2472 hic
2772 2415 2834 2469 Β.
2873 2415 3108 2472 Joannes
3159 2417 3406 2487 egregius
3460 2416 3538 2469 sit
3582 2426 3639 2469 et
3664 2416 3793 2470 insi-

2199 2513 2356 2582 gnis;
2408 2521 2572 2580 atque
2621 2526 2743 2566 cum
2799 2510 2885 2564 his
2941 2508 3195 2564 omnibus
3237 2518 3390 2563 tanto
3438 2508 3792 2578 propinquior

2195 2606 2407 2674 Agnum
2431 2618 2754 2674 quocunque
2775 2602 2900 2656 ierit
2921 2602 3105 2672 (Apoc.
3147 2599 3268 2669 xm)
3291 2600 3565 2668 sequitur,
3588 2610 3786 2668 quanto

2195 2706 2250 2748 ct
2292 2694 2466 2748 eidem
2495 2695 2652 2764 Agno
2704 2691 2953 2746 dilectior
2997 2705 3062 2744 ac
3099 2688 3426 2744 familiarior
3457 2691 3712 2752 exstitit,
3738 2697 3793 2741 et

2197 2786 2416 2854 insuper
2445 2787 2604 2838 matri
2631 2781 2780 2852 ejus,
2813 2797 2933 2851 quae
2962 2779 3128 2851 Virgo
3153 2789 3236 2834 est
3267 2778 3538 2848 virginum
3559 2819 3575 2842 ,
3604 2792 3790 2847 perpeo

2195 2883 2286 2927 tua
2340 2873 2432 2928 lilii
2475 2873 2812 2943 subjectione
2853 2869 3153 2939 conjunxit.
3196 2869 3328 2922 Nam
3370 2883 3440 2922 ex
3477 2871 3787 2937 utriusque,

2195 2967 2383 3020 matris
2421 2965 2701 3028 videlicet,
2744 2963 2949 3032 ﬁliique
2993 2961 3305 3022 consortio,
3359 2959 3595 3013 Joannis
3629 2959 3788 3028 virgi-

2117 3041 2162 3100 Ο
2196 3057 2337 3111 nitas
2363 3056 2692 3110 excellenter
2729 3054 2950 3115 enituit,
2998 3061 3054 3106 et
3078 3067 3359 3121 quousque
3398 3047 3641 3106 humana
3673 3065 3787 3118 pos-

2194 3153 2321 3200 sunt
2368 3146 2561 3199 merita
2610 3143 2871 3213 provehi,
2917 3141 3074 3212 quasi
3125 3151 3264 3195 meta
3307 3142 3576 3194 virtutum
3615 3141 3784 3194 factus

2195 3235 2565 3290 indesinenter
2594 3234 2853 3289 excrevit.

2262 3325 2424 3398 355
2467 3325 2655 3396 Neque
2684 3326 2828 3379 enim
2875 3323 2966 3377 illa
3006 3322 3190 3388 verba,
3229 3339 3348 3391 qua:
3387 3322 3646 3378 Salvator
3687 3338 3786 3378 no-

2193 3427 2310 3473 ster
2354 3419 2406 3471 in
2451 3431 2614 3472 cruce
2664 3418 2872 3487 positus
2922 3415 3165 3484 protulit,
3199 3435 3216 3466 ι
3252 3414 3465 3476 Mulier,
3511 3415 3781 3483 inquiens,

2193 3526 2320 3565 ecce
2354 3509 2496 3563 lilius
2529 3521 2672 3574 tuus,
2705 3528 2723 3559 ι
2750 3509 2817 3563 ad
2842 3507 3160 3576 discipulum
3191 3517 3369 3561 autem
3400 3525 3412 3560 :
3453 3527 3470 3558 ι
3503 3508 3647 3561 Ecce
3677 3524 3788 3561 mai|

2195 3611 2275 3654 ter
2306 3608 2394 3655 tua
2425 3599 2608 3670 (lauit.
2636 3598 2774 3670 ιιι),
2806 3619 2824 3652 ι
2863 3599 2942 3653 sic
2969 3597 3290 3668 simpliciter
3310 3609 3435 3651 sunt
3467 3600 3784 3667 accipienda

2194 3707 2252 3746 ut
2305 3694 2542 3746 humano
2594 3696 2801 3746 tantum
2852 3691 3140 3745 vidcantur
3188 3706 3338 3745 more
3401 3692 3642 3760 prolata,
3693 3692 3785 3746 sed

2192 3800 2417 3855 prorsus
2471 3782 2711 3839 ctthacia
2761 3793 2905 3846 sunt,
2957 3792 3011 3836 et
3061 3783 3258 3836 divinis
3307 3783 3604 3837 virtutibus
3654 3782 3783 3836 fulta

2191 3887 2353 3944 atque
2387 3874 2682 3930 inerit-ald“
2727 3873 2983 3927 Veritatis
3005 3873 3335 3928 auctoritate
3364 3873 3622 3928 subnixa.
3652 3875 3782 3929 Illud

2191 3967 2338 4020 enim
2390 3968 2608 4023 unicum
2648 3965 2829 4020 Patris
2877 3965 3131 4031 Verbum,
3174 3965 3317 4034 quod
3357 3966 3410 4019 in
3449 3981 3617 4023 cruce
3656 3984 3781 4038 pen—

2190 4055 2382 4119 debat,
2431 4056 2857 4116 snbstantivinn.
2903 4063 2959 4109 et
2999 4055 3461 4110 consubstantiale
3512 4057 3666 4112 Patri
3723 4074 3784 4112 ac

2190 4152 2575 4222 sempiternum
2613 4159 2720 4213 est,
2769 4163 2931 4218 atque
2984 4150 3187 4206 idcirco
3243 4152 3409 4206 verba
3461 4167 3584 4220 qua:
3639 4153 3786 4206 loc-uo

2193 4255 2277 4298 tus
2320 4252 2436 4306 est,
2475 4243 2602 4312 quia
2645 4243 2878 4311 Spiritus
2910 4253 2963 4296 et
2995 4243 3104 4298 vita
3145 4255 3300 4308 sunt,
3338 4243 3576 4298 inaniter
3611 4254 3782 4300 trans-

2193 4334 2270 4388 ire
2297 4348 2400 4388 non
2433 4342 2760 4402 potuerunt:
2791 4351 2808 4383 ‹
2845 4331 3074 4399 Caelum,
3107 4333 3281 4403 inquit
3307 4336 3420 4403 ipse
3453 4334 3576 4403 [tius
3603 4334 3774 4396 Jesns,

2196 4436 2252 4480 et
2291 4436 2436 4480 terra
2492 4425 2820 4488 transibunt,
2865 4427 3025 4478 verba
3052 4435 3228 4478 autem
3282 4441 3400 4478 mea
3451 4441 3557 4478 non
3605 4433 3783 4480 trans-

2193 4520 2345 4574 ibtmt
2371 4518 2588 4589 (ΜιιιιΙι.
2633 4533 2796 4581 xxiv;
2840 4517 3012 4570 Marc.
3057 4517 3195 4588 xm).
3225 4537 3242 4568 ι
3279 4518 3429 4572 Sient
3467 4520 3616 4574 enim
3647 4520 3779 4572 dixit

2195 4611 2386 4664 matri:
2425 4629 2442 4659 ι
2486 4609 2582 4663 llic
2633 4619 2718 4664 est
2749 4609 2890 4662 Illius
2917 4617 3040 4662 tuus
3075 4609 3255 4678 (Joan.
3290 4617 3438 4674 xix),
3489 4629 3507 4660 ι
3546 4611 3620 4663 ita
3647 4609 3778 4664 dixit

2195 4702 2476 4770 discipulis
2507 4719 2520 4754 :
2553 4718 2571 4750 t
2606 4699 2718 4754 Hoc
2772 4711 2854 4752 est
2892 4715 3089 4769 corpus
3137 4715 3312 4753 meum
3347 4698 3562 4770 (Matth.
3607 4717 3770 4762 xxvt;

2192 4794 2321 4847 an.
2357 4795 2510 4864 χχιι).
2539 4812 2556 4843 ι
2588 4792 2652 4845 Ει
2681 4800 2860 4845 tantus
2892 4789 2993 4845 fuit
3028 4791 3080 4844 iu
3120 4789 3222 4844 illis
3258 4791 3440 4844 verbis
3462 4790 3692 4844 effectus
3719 4801 3774 4842 ut

2192 4885 2336 4937 illico
2362 4883 2517 4951 panis
2546 4881 2632 4935 ille
2658 4897 2818 4951 quem
2866 4881 3032 4936 dabat
3078 4881 3414 4935 Doiniuicnui
3463 4883 3614 4937 lieret
3646 4898 3770 4936 cor-

2191 4988 2310 5042 pus.
2340 4972 2670 5035 Dixitenim,
2700 4981 2755 5026 et
2780 4972 2959 5026 omnia
3011 4971 3153 5025 facta
3182 4983 3342 5036 sunt;
3378 4974 3673 5036 mandavit,
3716 4985 3770 5028 ct

2190 5073 2375 5119 creata
2415 5073 2540 5119 sunt
2597 5061 2768 5135 (l’sat.
2796 5063 3040 5134 chvnt).
3072 5063 3150 5116 Ex
3207 5064 3440 5132 quadam
3474 5065 3654 5132 itaque
3697 5068 3767 5117 sic

2192 5155 2514 5219 militudine,
2553 5155 2596 5210 si
2629 5157 2810 5210 dicere
2860 5155 3176 5218 audeamus,
3202 5165 3256 5209 et
3300 5154 3362 5207 Β.
3392 5153 3630 5211 Joannes
3662 5173 3763 5210 nou

2189 5247 2361 5300 Solam
2400 5248 2498 5301 lilii
2555 5249 2758 5315 potitus
2801 5257 2883 5301 est
2928 5247 3165 5313 nomine,
3201 5246 3292 5301 sed
3331 5256 3556 5315 propter
3606 5251 3764 5300 veri:
