3978 5328
163 249 292 317 ω

1644 252 1877 309 8ΕῆΜο
1909 244 2099 310 LXIV.

3341 263 3450 318 870

177 372 494 444 adoptionis
532 385 746 424 arcanae
795 371 1112 439 mysterium
1171 377 1226 422 et
1276 367 1418 422 (ilius
1448 367 1683 438 Virginis
1717 378 1772 422 et
1800 377 1842 430 Λ
1873 383 1995 422 eum
2039 369 2107 423 ad
2154 368 2338 438 gloriae
2385 383 2520 421 meae
2563 369 2894 422 consortium
2954 370 3298 425 transferam.
3349 374 3456 428 Ve-

179 464 351 518 frater
395 472 480 517 est
524 461 843 516 Salvatoris.
902 461 1039 515 Hinc
1075 469 1159 515 est
1193 462 1336 529 quod
1382 468 1617 514 mentem
1654 458 1770 526 cjus

189 560 539 627 omnipotens
585 556 726 610 Deus
781 555 847 610 ad
898 564 1106 608 tantum
1156 555 1404 623 puritatis
1434 570 1496 608 ac
1527 555 1767 624 mysriczc

184 648 534 704 revelationis
563 647 774 701 culmen
828 647 1008 700 evexit
1040 658 1098 699 ut
1126 647 1174 699 ei
1224 662 1328 699 non
1384 647 1543 700 modo
1571 655 1769 698 statum

181 739 440 795 Ecclesiae
471 737 753 806 praesentis
778 737 1108 800 ostenderet,
1142 739 1235 792 sed
1273 738 1434 792 etiam
1463 738 1590 807 quid
1621 739 1771 791 dein-

186 844 318 898 ceps
350 829 592 882 futurum
637 838 784 883 esset
811 836 983 897 usque
1032 828 1084 881 in
1114 838 1434 899 perpetuum
1483 828 1769 882 revelaret.

182 923 340 980 Unde
372 932 426 976 et
459 922 606 976 illam
636 921 872 976 nobilem
918 936 1074 976 suam
1123 922 1343 992 scripsit
1372 921 1768 992 Aporalypsitn,

185 1031 314 1086 quae
366 1014 622 1070 nimirum
685 1014 850 1068 tantis
904 1013 1254 1082 cognoscitur
1301 1013 1607 1068 redundare
1660 1026 1774 1083 my-

165 1104 363 1160 steriis
385 1113 446 1158 ut
466 1112 543 1158 tot
563 1103 812 1157 videatur
835 1102 1036 1156 habere
1063 1111 1398 1156 sacramenta
1428 1111 1558 1172 quot
1583 1101 1770 1164 verba,

180 1198 295 1252 imo
355 1197 407 1252 in
460 1197 640 1250 verbis
686 1194 914 1265 singulis
963 1194 1291 1263 multiplices
1345 1193 1551 1249 lateant
1605 1191 1767 1246 intel-

169 1287 378 1342 flectus.

254 1377 386 1444 Quze
415 1378 658 1445 profecto
708 1391 830 1430 cum
865 1383 1070 1444 septem
1124 1375 1267 1429 Asiae
1296 1374 1554 1431 Ecclesiis
1601 1374 1772 1428 milti-

181 1478 292 1531 tur,
319 1468 467 1523 omni
512 1467 801 1522 universali
850 1467 1123 1532 Ecclesim,
1159 1483 1280 1536 quae
1320 1468 1421 1522 sub
1469 1465 1770 1536 septiformi

175 1557 425 1627 Spiritus
451 1558 625 1612 sancti
659 1557 860 1629 regitur
895 1557 1229 1628 magisterio,
1269 1559 1594 1614 destinatur.
1621 1557 1771 1612 Unde

181 1662 524 1716 consequens
552 1657 636 1703 est
677 1657 738 1701 ut
769 1663 960 1702 omnes
1010 1649 1268 1704 Ecclesiae
1314 1663 1408 1717 per
1436 1649 1621 1703 orbem
1667 1657 1772 1702 ter-

1875 459 2040 517 niam,
2081 470 2142 510 ut
2172 458 2445 512 laboribus
2471 457 2588 526 ejus
2618 458 2792 528 dignae
2834 461 3290 516 remunerationis
3319 477 3457 532 piae-

1820 557 1824 560 ‘
1874 552 2040 604 mium
2069 553 2308 606 reddam.
2341 551 2424 606 Ad
2469 551 2630 621 hujus
2660 551 2895 620 denique
2925 553 3301 620 promissionis
3329 553 3461 610 effe-

1871 655 2015 699 ctmu
2044 645 2250 700 clarum
2273 645 2422 700 dedit
2460 645 2740 708 indicium,
2788 660 2910 699 cum
2961 646 3013 698 in
3055 644 3170 714 ejus
3190 647 3340 700 obitu
3369 663 3461 701 ra-

1873 734 2110 788 diantem
2151 734 2278 790 fecit
2303 735 2610 789 enitescere
2637 734 2836 799 lucem,
2881 749 2978 802 per
3010 750 3170 804 quam
3211 735 3460 789 videlicet

1878 828 2082 896 liquido
2131 828 2306 898 patuit
2351 827 2526 896 ipsum
2582 827 2796 882 coalitus
2840 827 3124 882 advenisse
3186 826 3321 882 lueis
3364 842 3458 881 au-

1874 930 2098 976 ctorem.
2130 920 2296 974 All'uit
2317 922 2500 990 itaque
2533 919 2793 974 Dominus
2817 920 3191 990 promissionis
3218 935 3328 974 suae
3351 935 3456 973 nou

1876 1011 2180 1074 immemor,
2211 1011 2301 1080 qui
2325 1019 2378 1064 et
2401 1011 2636 1065 animam
2670 1010 2787 1081 ejus
2835 1011 2886 1064 in
2917 1011 3004 1064 illa
3047 1025 3294 1080 superna:
3333 1009 3458 1064 Hie-

1875 1101 2108 1156 rusalem
2147 1103 2331 1170 quiete
2377 1102 2676 1171 susciperet
2713 1109 2769 1154 et
2800 1103 3225 1156 sacratissimum
3257 1116 3454 1170 corpus

1877 1193 1929 1246 in
1968 1209 2052 1257 ea,
2083 1207 2202 1262 qua:
2234 1193 2346 1263 ipse
2369 1192 2539 1257 novit,
2567 1192 2762 1247 secreti
2787 1207 3034 1246 recessus
3063 1207 3259 1246 arcana
3288 1200 3461 1244 trans~

1877 1282 2062 1338 ferret.
2090 1282 2223 1337 Nam
2247 1293 2302 1336 et
2325 1284 2390 1338 de
2419 1281 2480 1336 Β.
2514 1283 2699 1336 Enoeb
2728 1281 2923 1352 legitur
2946 1283 3070 1350 quia
3103 1280 3461 1335 ambulaverit

1875 1389 1998 1427 eum
2033 1375 2159 1437 Deo,
2184 1382 2238 1428 et
2273 1388 2379 1428 non
2409 1373 2802 1435 inveniebatur,
2841 1375 2964 1441 quia
3003 1372 3274 1426 transtulit
3300 1371 3450 1426 illiilli

1875 1466 2017 1521 Deus
2041 1464 2192 1536 (Gen.
2215 1465 2293 1536 v).

1943 1555 2062 1610 Jam
2093 1571 2222 1611 vero
2253 1555 2380 1610 illud
2412 1556 2536 1625 quis
2562 1555 2724 1624 digne
2751 1555 2981 1609 miretur
3029 1554 3170 1624 quod
3198 1553 3251 1609 in
3276 1553 3454 1622 sepul-

1875 1662 1969 1702 cro
1995 1647 2112 1717 ejus
2140 1662 2334 1701 manna
2369 1648 2638 1716 reperitur
2683 1652 2737 1699 ct
2792 1646 2843 1698 in
2877 1655 3034 1698 terra:
3086 1659 3250 1714 specu
3304 1644 3455 1714 panis

181 1752 365 1792 rarum
397 1737 818 1807 circumquaque
847 1738 1052 1792 dilfusze
1094 1755 1199 1793 non
1239 1740 1486 1793 dubitent
1524 1739 1584 1792 Β.
1611 1738 1769 1793 Joan-
1804 1732 1847 1792 Β
1875 1737 1998 1791 οωιί
2047 1753 2152 1790 non
2179 1736 2369 1800 semel,
2415 1736 2509 1790 sed
2535 1735 2776 1805 quotidie
2813 1736 3095 1788 nascitur?
3142 1735 3214 1788 De
3260 1749 3455 1786 manna

175 1840 306 1880 item
337 1842 676 1883 communem
711 1845 770 1883 se
808 1829 1011 1883 habere
1060 1830 1359 1885 doctorem.
1390 1831 1595 1898 Quibus
1625 1831 1771 1884 vide-

173 1918 305 1974 licet
331 1927 587 1987 tanquam
617 1919 869 1989 egregius
895 1919 1114 1988 quidam
1163 1920 1360 1990 rogalis
1385 1920 1597 1990 imperti
1635 1936 1772 1974 nun-

181 2009 311 2070 tius,
339 2009 407 2062 ab
426 2008 553 2064 Jesu
597 2008 833 2073 Christo,
869 2011 961 2080 qui
1011 2019 1095 2064 est
1131 2011 1287 2065 testis
1332 2010 1524 2073 ﬁdelis,
1573 2011 1773 2080 primo-

183 2100 401 2168 genitus
453 2101 697 2152 vivorum
748 2108 804 2154 et
851 2108 1186 2154 mortuorum
1217 2141 1231 2166 ,
1280 2110 1334 2154 et
1383 2101 1636 2170 princeps
1688 2117 1774 2154 re-

170 2205 308 2258 gum
361 2197 520 2243 teme
569 2187 789 2244 coalitus
840 2189 1180 2253 destinatus,
1227 2190 1454 2260 gratiam
1508 2189 1666 2243 simul
1719 2198 1774 2243 et

181 2297 366 2351 pacem
418 2282 486 2335 ab
516 2296 582 2335 eo
625 2282 718 2352 qui
756 2293 858 2345 est,
901 2291 955 2337 et
983 2282 1074 2352 qui
1122 2292 1257 2347 erat,
1289 2292 1345 2336 et
1385 2281 1474 2351 qui
1512 2289 1772 2336 venturus

181 2381 284 2436 est,
316 2372 496 2427 attulit
524 2382 580 2427 et
624 2373 790 2428 multa
828 2375 1022 2428 secreti
1051 2373 1288 2428 cmlestis
1317 2375 1574 2444 mysteria
1624 2382 1773 2442 pate-

181 2461 324 2517 fecit.

246 2551 366 2606 Jam
394 2567 522 2607 vero
553 2552 642 2607 illa
708 2553 881 2608 beatae
911 2553 1248 2624 migrationis
1277 2556 1396 2624 ejus
1426 2555 1638 2610 novitas
1669 2555 1771 2609 mi—

175 2640 370 2697 rabilis
390 2657 554 2711 quem
590 2658 694 2696 non
723 2645 978 2698 moveat?
1013 2644 1147 2711 Quis
1175 2643 1500 2700 felicissima:
1520 2661 1772 2701 consum-

181 2733 435 2787 mationis
463 2733 690 2803 gloriam
741 2751 849 2789 non
893 2735 1241 2805 Obstupescat
1269 2733 1292 2790 ?
1318 2735 1454 2802 Quia
1480 2737 1626 2791 enim
1673 2737 1773 2790 mi-

173 2823 428 2877 rabiliter
450 2825 612 2888 vixit,
645 2824 970 2881 mirabiliter
1005 2825 1143 2880 obiit
1173 2842 1188 2885 ;
1217 2836 1272 2880 et
1320 2827 1448 2896 quia
1480 2843 1587 2881 non
1618 2841 1768 2881 com-

180 2930 398 2969 munem
431 2930 560 2969 cum
603 2915 914 2971 hominibus
943 2917 1105 2970 vitam
1151 2917 1322 2978 duxit,
1359 2934 1464 2972 non
1499 2919 1770 2972 communi

174 3003 459 3057 hominum
485 3015 661 3060 morte
705 3007 976 3060 transivit.
1029 3005 1188 3070 Nam,
1225 3018 1284 3061 ut
1334 3009 1572 3064 historia:
1598 3011 1770 3063 conti-

1872 1830 2090 1899 qnippe,
2135 1829 2284 1883 salvo
2312 1828 2488 1883 altiori
2521 1828 2807 1898 mysterio,
2851 1829 3110 1896 scriptum
3152 1837 3235 1882 est
3265 1846 3277 1880 ε
3307 1845 3323 1876 ι
3354 1827 3453 1880 Pa-

1873 1925 1994 1973 nem
2027 1921 2092 1973 de
2121 1923 2258 1974 cmlo
2305 1918 2496 1974 dedisti
2541 1918 2642 1981 eis,
2681 1918 2925 1982 Domine,
2980 1918 3268 1972 habentem
3297 1933 3458 1972 on‘me

1871 2009 2326 2064 delectamentum
2355 2008 2506 2079 (Sep.
2547 2008 2722 2080 “1).:
2774 2009 3007 2063 Veniant
3056 2009 3220 2078 igitur
3266 2023 3455 2061 omnes

1874 2102 2122 2156 nationes
2172 2101 2432 2171 gentium,
2472 2109 2528 2155 et
2573 2101 2964 2171 obstupescant
2992 2099 3312 2154 miraculum
3343 2115 3459 2153 om-

1873 2193 2032 2248 nibus
2064 2194 2264 2264 ubique
2313 2192 2530 2248 saeculis
2572 2193 2896 2247 inauditum.
2929 2192 3183 2254 Veniant,
3215 2190 3456 2261 inquam.

1872 2295 1926 2341 et
1947 2286 2277 2340 admirantes
2297 2285 2564 2355 aspiciant
2582 2284 2707 2354 quia
2731 2284 2784 2337 in
2814 2283 3079 2352 sepulcro,
3105 2281 3246 2352 quod
3271 2279 3458 2350 procul

1872 2378 2037 2431 dubio
2063 2377 2254 2432 domus
2299 2386 2385 2431 est
2424 2377 2713 2441 vermium,
2746 2376 2900 2445 panis
2953 2375 3196 2429 nascitur
3234 2373 3458 2442 angelo-

1873 2485 2017 2531 rum,
2046 2469 2181 2523 adeo
2209 2477 2266 2521 ut
2310 2482 2433 2520 cum
2473 2467 2743 2536 Prtipbeta
2777 2466 2830 2520 in
2881 2466 3058 2534 magni
3092 2465 3333 2519 muneris
3358 2465 3456 2517 ad-

1872 2559 2162 2613 miratione
2191 2557 2503 2628 pronuntiet
2535 2557 2677 2626 quod
2713 2556 3010 2612 Israelitico
3038 2555 3231 2625 populo
3261 2569 3456 2608 manna

1875 2650 2020 2704 Deus
2066 2649 2336 2705 concessit
2385 2649 2436 2702 in
2484 2649 2688 2713 cibum,
2748 2649 2976 2703 dicens:
3012 2667 3032 2699 c
3082 2647 3281 2700 Panem
3335 2644 3457 2699 ραξῆ

1873 2744 2021 2798 dedit
2071 2744 2150 2798 eis
2201 2759 2216 2808 ;
2278 2759 2472 2813 panem
2521 2741 2837 2812 angelorum
2897 2741 3251 2796 manducavit
3296 2740 3461 2794 homo

1873 2832 2047 2904 (Ρεηι.
2077 2835 2282 2903 uzvu)
2313 2849 2369 2898 ς»
2400 2833 2541 2902 quod
2577 2832 2680 2886 illis
2727 2841 2855 2886 tunc
2887 2832 3204 2886 mittebatur
3229 2844 3260 2884 e
3299 2830 3457 2892 caelo,

1875 2943 2018 2981 inme
2046 2928 2314 2981 scaturire
2344 2925 2682 2993 conspicitur
2715 2939 2745 2978 e
2769 2923 3039 2994 sepulcro.
3071 2921 3128 2977 Si
3156 2922 3300 2999 enim
3346 2937 3460 2974 ma-

1874 3033 2036 3087 gmum
2064 3019 2116 3072 in
2154 3027 2298 3071 terra
2326 3017 2644 3070 miraculum
2673 3031 2868 3070 manna
2904 3030 3011 3069 non
3057 3023 3222 3078 esset,
3257 3030 3460 3082 nequa-

178 3105 326 3159 Ileﬂl.
378 3098 702 3165 quadratam
755 3098 807 3152 ίη
866 3097 1113 3153 Εθθιεδὶίι
1168 3098 1284 3153 ﬁeri
1335 3098 1544 3153 foveam
1587 3100 1765 3170 juSSil.
1799 3101 1842 3161 C
1874 3125 2034 3178 quam
2067 3107 2231 3180 Moysi
2271 3108 2530 3163 Dominus
2565 3107 2770 3161 servari
2804 3122 2900 3175 per
2928 3107 3123 3160 saecula
3161 3105 3291 3159 illud
3323 3122 3460 3174 pra:-

179 3204 413 3257 moxque
451 3189 505 3242 in
536 3204 659 3242 eam
694 3189 1028 3243 descendens
1079 3191 1318 3245 extensis
1347 3191 1595 3244 ntanibus
1649 3199 1771 3259 post

175 3280 387 3349 prolixa
419 3279 553 3336 fusa:
579 3282 844 3336 orationis
883 3283 1049 3336 verba
1081 3283 1354 3353 migravit.
1409 3283 1530 3336 Max
1588 3297 1768 3338 autem

180 3383 332 3427 tanta
382 3390 546 3444 super
587 3390 710 3428 eum
745 3375 836 3428 lux
880 3374 1096 3430 coalitus
1141 3385 1225 3430 est
1249 3377 1448 3430 emissa
1490 3387 1548 3430 ut
1591 3377 1769 3431 nullus

179 3479 303 3517 eam
343 3463 514 3519 ferret
570 3463 818 3520 allectus.
849 3463 1200 3520 Postmodum
1248 3481 1379 3520 vero
1424 3467 1641 3520 inventa
1683 3477 1770 3522 est

175 3554 339 3609 fovea
392 3556 522 3610 nihil
555 3556 699 3610 aliud
727 3557 865 3612 inse
891 3557 1201 3621 continens,
1236 3559 1336 3613 nisi
1375 3575 1591 3621 manna,
1625 3561 1768 3630 quod

181 3647 459 3711 videlicet,
502 3647 644 3701 sicut
683 3647 904 3713 dicitur,
950 3663 1120 3717 usque
1160 3648 1319 3704 bodie
1349 3649 1613 3704 scaturire
1662 3666 1767 3703 non

175 3737 396 3792 desinit.

240 3830 416 3902 346
455 3829 546 3884 Sic
585 3845 863 3894 nmurum,
899 3831 978 3885 sic
1005 3831 1259 3886 dncctum
1301 3834 1508 3888 auctori
1541 3835 1661 3888 vita:
1683 3835 1768 3888 di-

179 3927 447 3996 seipnlum
494 3927 724 3980 transire
767 3926 832 3980 de
882 3925 1078 3980 szeculo
1124 3927 1344 3997 dignum
1379 3927 1498 3992 fuit,
1545 3939 1605 3982 ut
1657 3938 1767 3982 tam

181 4020 340 4072 ﬁeret
366 4035 396 4070 a
427 4017 612 4072 dolore
638 4016 830 4071 mortis
859 4025 1150 4072 extraneus
1180 4034 1340 4086 quam
1367 4035 1396 4072 a
1421 4020 1768 4089 corruptione

175 4110 361 4164 carnis
407 4109 582 4162 fuerat
616 4108 842 4162 alienus.
877 4107 932 4161 In
957 4109 1233 4178 sepultura
1264 4111 1314 4163 in
1345 4111 1525 4164 crucis
1551 4113 1767 4165 modum

171 4205 364 4273 jacere
384 4201 572 4264 voluit,
605 4200 732 4268 quia
769 4215 984 4253 crucem
1009 4200 1212 4269 jugiter
1247 4201 1479 4254 vivendo
1509 4203 1763 4270 portavit,

171 4305 227 4347 et
251 4293 399 4346 sicut
425 4290 619 4344 Petrus
646 4289 961 4360 Magistrum
1016 4299 1238 4343 secutus
1261 4300 1366 4354 est,
1393 4306 1422 4343 a
1458 4305 1778 4360 persecutos

177 4387 331 4440 ribus
359 4383 786 4456 ςτιιυὶιίχυδνίω
819 4381 1216 4450 quodammodo
1239 4392 1291 4436 et
1326 4382 1562 4438 Joannes
1597 4384 1649 4438 in
1673 4401 1766 4439 ec»

171 4477 480 4533 clesiastica
514 4490 646 4544 pace
674 4473 938 4542 sepultus.

244 4568 354 4623 Sed
384 4568 641 4620 Dominus
668 4565 809 4619 inter
854 4579 948 4618 eos
997 4563 1112 4620 fore
1148 4565 1516 4620 diversitatem
1561 4567 1764 4632 docuit,

165 4677 297 4716 cum
329 4659 460 4713 dixit
487 4657 651 4710 PrlI'O
685 4673 696 4708 :
729 4674 747 4706 ι
781 4655 870 4710 Sic
917 4671 1039 4709 eum
1066 4655 1189 4709 volo
1219 4672 1438 4709 manere
1473 4657 1644 4711 donec
1675 4674 1758 4711 νε·

173 4755 345 4805 niam.
375 4750 512 4815 Quid
531 4750 597 4801 ad
641 4747 736 4800 te?
765 4747 842 4799 Tn
875 4761 960 4799 me
985 4762 1214 4814 sequere
1244 4745 1426 4816 (Joan.
1450 4750 1586 4814 xxi).
1616 4767 1632 4797 ι
1661 4747 1762 4814 Qui

173 4846 322 4895 enim
359 4841 579 4894 Petrum
611 4837 780 4890 voluit
807 4852 990 4891 secum
1024 4838 1075 4890 in
1097 4837 1275 4890 crucis
1297 4836 1541 4908 patibulo
1573 4839 1762 4892 trium-

173 4935 369 5001 phare.
405 4932 517 4999 ipse
561 4928 802 4983 decrevit
832 4928 1098 4982 Joannem
1148 4930 1197 4986 in
1233 4928 1600 4984 ecclesiastica
1630 4946 1765 5000 pace

176 5024 478 5092 quiescere,
503 5030 771 5090 quatenus
799 5032 852 5074 et
875 5021 966 5075 ille
988 5020 1246 5074 subeundi
1280 5022 1525 5090 martyrii
1554 5026 1766 5079 ueteris

175 5114 446 5184 praeberet
497 5109 846 5177 exemplum,
893 5120 947 5163 et
979 5110 1077 5163 iste
1121 5115 1297 5164 erecta
1353 5124 1518 5177 supra
1575 5113 1764 5170 funda-

175 5213 416 5260 mentum
450 5203 572 5258 lidei
618 5201 870 5259 Ecclesiae
915 5203 1114 5257 fabrica
1152 5205 1368 5272 quietus
1409 5205 1676 5275 migraret
1696 5211 1763 5263 ad

179 5297 372 5322 “Ml-um
400 5313 412 5322 ι
586 5298 847 5322 οΛηΙΙΙιίιοῖι-
899 5295 1216 5322 .u\n-;Iy-:l..-a
1266 5304 1405 5322 Abba.
1446 5310 1595 5322 ,δηιιαι

1870 3200 2147 3268 cepisset:
2179 3217 2196 3250 ι
2237 3198 2428 3267 Imple.
2468 3199 2659 3267 inquit,
2708 3198 2911 3254 Gomor
2944 3213 3012 3252 ex
3051 3212 3134 3258 co,
3182 3207 3236 3252 et
3270 3209 3457 3252 custo-

1869 3291 2050 3345 diatur
2091 3289 2143 3342 in
2193 3289 2405 3343 futuras
2462 3298 2608 3342 retro
2656 3288 3050 3357 generationes,
3103 3296 3163 3341 ut
3208 3287 3462 3340 noverint

1870 3399 2066 3452 panem
2111 3396 2220 3450 quo
2247 3381 2355 3435 alui
2386 3395 2482 3434 eos
2507 3383 2558 3433 in
2591 3378 2908 3442 solitudine,
2931 3377 3148 3446 quando
3177 3376 3336 3430 eduxi
3364 3393 3459 3429 eos

1867 3475 1935 3528 de
1973 3482 2116 3529 terra
2158 3470 2379 3541 Egypti
2425 3469 2622 3540 (Exod.
2650 3467 2785 3538 xvi).
2822 3487 2840 3518 δ
2876 3467 3014 3521 Ecce
3049 3467 3176 3536 quid
3219 3477 3460 3521 meretur

1870 3563 2131 3634 pudicitia
2179 3560 2481 3626 virginalis.
2533 3559 2669 3613 Ecce
2717 3567 2932 3627 quanta:
2963 3557 3348 3626 magnitudinis
3377 3565 3460 3611 est

1868 3655 2141 3709 inviolatae
2169 3653 2351 3707 carnis
2379 3651 2682 3720 integritas.
2715 3649 2924 3713 Videte,
2948 3649 3147 3702 fratres
3175 3648 3302 3704 mei.
3328 3663 3459 3703 con-

1867 3747 2126 3807 siderate,
2183 3746 2536 3814 perpendite,
2581 3744 2710 3811 quid
2762 3743 3077 3797 deliciarum
3127 3741 3460 3810 incorruptio

1869 3835 2259 3892 carnisbabeat
2278 3837 2328 3887 in
2359 3834 2520 3896 cwlo,
2548 3834 2590 3886 si
2618 3833 2796 3885 cibum
2823 3832 2968 3893 (αξη,
2992 3832 3260 3900 germinat
3293 3830 3346 3882 in
3373 3844 3460 3883 se-

1867 3928 2073 3998 pulcro.
2103 3927 2333 3992 Quantis
2361 3925 2471 3978 illic
2496 3923 2793 3978 honoribus
2815 3924 3139 3976 snblimatur
3169 3923 3324 3975 beata
3349 3921 3456 3974 vir-

1867 4020 2084 4088 ginitas,
2129 4017 2218 4071 ubi
2249 4016 2503 4070 nimirum
2533 4015 2644 4069 sola
2673 4024 2754 4068 est
2785 4013 2981 4082 gloria,
3015 4013 3057 4067 si
3101 4023 3154 4066 et
3198 4010 3357 4083 347
3395 4010 3452 4066 in

1868 4109 1986 4164 loco
2033 4109 2222 4163 {eloris
2274 4117 2438 4177 atque
2487 4106 2787 4176 putredinis
2844 4115 2952 4158 tam
3007 4104 3326 4159 mirabiliter
3373 4113 3456 4158 est

1867 4202 2120 4272 gloriosa.

1942 4293 2096 4348 Unde
2129 4302 2182 4346 et
2212 4291 2254 4345 si
2305 4307 2408 4345 non
2436 4289 2734 4344 audeamus
2763 4296 2992 4359 p.entter
3031 4287 3278 4349 delinire,
3307 4287 3456 4353 pium

1873 4395 2050 4439 tamen
2095 4393 2176 4439 est
2221 4382 2474 4436 arbitrari
2506 4391 2565 4434 ut
2602 4382 2741 4434 sicut
2768 4381 2833 4433 de
2880 4381 3033 4434 beata
3065 4377 3156 4430 Dei
3183 4375 3457 4429 Genitrice

1795 4449 1846 4510 Β
1872 4477 2136 4539 creditur,
2165 4475 2237 4526 ita
2264 4474 2426 4526 etiam
2452 4472 2510 4524 Β.
2540 4469 2777 4523 Joannes
2802 4470 2911 4536 jam
2937 4465 3298 4520 resurrexisse
3325 4480 3452 4532 pro-

1869 4566 2120 4621 babiliter
2151 4571 2450 4624 asscratur,
2486 4571 2753 4628 quatenus
2794 4559 2936 4610 sicut
2976 4557 3030 4609 in
3063 4556 3303 4621 virginea
3333 4553 3454 4608 fte-

1869 4669 1994 4714 runt
2045 4655 2360 4725 integritate
2412 4653 2726 4722 participes,
2771 4653 2841 4703 ita
2908 4649 3256 4702 nihilominus
3301 4654 3357 4700 et
3397 4645 3461 4700 in.

1869 4751 2168 4818 anticipata
2202 4745 2606 4800 resurrectione
2639 4743 2833 4796 merito
2864 4739 3146 4793 videantur
3169 4736 3406 4804 aequales
3440 4754 3460 4803 ;

1866 4855 1965 4895 nec
1987 4843 2056 4895 sit
2080 4841 2132 4893 in
2161 4835 2560 4891 resurrectione
2581 4833 2870 4888 diversitas
2899 4829 3098 4896 quibus
3115 4834 3260 4880 tanta
3286 4824 3476 4885 fuerat

1874 4932 2204 4986 unanimitas
2227 4925 2658 4983 conversationis
2705 4924 2759 4977 in
2788 4923 2921 4977 vita.
2955 4919 3013 4974 Si
3067 4919 3208 4976 enim
3259 4913 3484 4972 beatis-

1873 5023 1996 5077 simi
2029 5021 2266 5092 virgines
2296 5019 2406 5080 isti,
2447 5015 2688 5071 Joannes
2721 5010 2980 5067 videlicet
3002 5023 3060 5066 et
3086 5007 3274 5067 Maria,
3299 5006 3509 5071 nulla.

1877 5123 2035 5170 tenus
2079 5111 2468 5172 surrexissent,
2522 5124 2623 5163 cur
2659 5109 2717 5160 in
2769 5115 2970 5157 eorum
3003 5098 3223 5156 tumulis
3266 5100 3527 5165 sepuha

1871 5213 2145 5265 cadavera
2192 5219 2300 5257 non
2341 5202 2608 5271 jacerent,
2651 5213 2777 5254 cum
2823 5190 3050 5249 scilicet
3099 5191 3199 5247 BB.
3239 5186 3387 5240 Petri
3457 5211 3534 5257 ει

1872 5296 1966 5322 1)..
1993 5303 2028 5322 κ
2069 5306 2487 5322 -ι.κ..ιι-Λσιςιησιηιιη
2528 5291 2903 5322 θ-ιΑθΩΛῘΛΙοΙΙΙὶὶ
2942 5293 2998 5322 ΩΙ

3036 5292 3328 5322 "nrtvrtlm
3358 5292 3504 5322 οη..
3523 5317 3534 5321 μ
