3978 5328
551 273 651 330 δτι

1161 271 1220 326 S.
1245 265 1448 326 PETRI
1487 267 1771 325 DAMIANI
1809 268 1960 325 OPP.
2002 269 2182 327 PARS
2220 271 2350 328 SEU
2405 274 2640 336 TOMUS
2677 279 2737 335 ll.
2782 312 2851 324 —-
2889 279 3257 338 SERMONES

549 409 733 454 sermo
759 393 902 449 inter
925 389 1147 453 fratres,
1173 389 1318 460 quod
1363 387 1657 459 discipulus
1687 386 1778 441 ille
1816 401 1924 442 non
1956 388 2124 443 mori-
2157 394 2201 451 Α
2233 389 2374 445 nube
2402 392 2683 462 aperiente
2738 397 2942 460 omnia,
2991 397 3227 452 Joannes
3269 409 3399 451 vero
3430 394 3676 452 melioris
3725 404 3807 454 ta-

551 497 660 548 tur.
686 501 785 542 cur
807 485 922 556 ipse
942 496 1072 539 vera
1101 475 1406 538 dicentibus
1425 480 1720 542 obviasset,
1748 478 1974 534 dicens:
2016 497 2035 530 ι
2062 478 2131 534 Et

551 595 658 636 non
677 577 816 632 dixit
847 575 1039 631 Jesus:
1073 574 1189 630 Non
1210 573 1441 628 moritur
1463 571 1648 643 (Joan.
1674 571 1812 641 xxI).
1844 591 1862 624 ι
1904 570 2127 627 Frustra

548 671 803 726 nimirum
849 670 938 724 bic
981 683 1188 723 moram
1239 677 1422 722 texere
1452 679 1516 719 ac
1564 665 1726 718 verba
1770 662 2127 732 multiplicare

546 763 842 828 videretur,
885 762 929 816 si
961 761 1086 815 dum
1132 759 1208 815 illi
1246 773 1372 813 vera
1410 759 1684 813 dicerent:
1741 777 1759 810 ι
1785 757 1901 812 Νοιι
1955 756 2122 810 mori.

549 863 636 908 tur
660 871 676 918 ',
707 871 728 906 ι
757 853 859 907 iste
888 850 1132 920 protinus
1156 848 1476 911 obstitisset,
1517 848 1706 903 dicens
1730 865 1743 901 :
1800 865 1819 900 ι
1847 847 1962 901 Νοιι
1990 847 2126 902 dixit

543 944 736 1001 Jesus:
776 942 892 999 Non
933 942 1183 1006 moritur,
1207 960 1227 994 ι
1255 954 1320 995 ac
1351 955 1447 1009 per
1477 940 1580 995 boc
1617 938 1832 994 veritati
1863 937 2124 1008 quodam-

546 1035 709 1091 modo
751 1033 1170 1100 contradiceret,
1222 1031 1324 1087 etsi
1373 1031 1536 1086 verba
1587 1030 1946 1086 relerentibus
1995 1046 2126 1085 con-

547 1125 757 1180 trairet.
817 1123 944 1189 Sed,
989 1123 1114 1180 dum
1170 1137 1230 1177 se
1280 1138 1385 1177 non
1433 1122 1751 1177 moriturum
1789 1121 2122 1177 Salvatorem

541 1218 744 1273 dixisse
799 1216 1051 1287 negavit,
1092 1216 1418 1271 moriturum
1453 1229 1513 1270 se
1556 1215 1926 1270 indubitanter
1973 1229 2123 1270 asse-

543 1312 670 1366 ruit.

610 1403 780 1460 Porro
806 1414 985 1458 autem
1017 1403 1131 1458 sive
1181 1400 1594 1466 resurrexisset,
1636 1399 1751 1453 sive
1795 1413 1900 1454 non
1941 1413 2122 1453 resur-

543 1497 811 1560 rexisset,
857 1494 1000 1564 quod
1063 1495 1118 1547 in
1174 1493 1422 1563 sepulcro
1469 1502 1715 1547 sanctum
1769 1506 1964 1561 corpus
2005 1490 2121 1560 ejus

543 1586 770 1642 ulterius
819 1602 926 1641 non
977 1587 1227 1656 apparuit
1280 1585 1474 1639 divina:
1527 1585 1641 1639 sine
1689 1585 1854 1638 dubio
1902 1583 2120 1638 virtutis

537 1674 783 1743 operatio
809 1671 930 1727 fuit.
964 1672 1236 1742 Scriptum
1259 1681 1344 1726 est
1368 1672 1420 1724 in
1449 1671 1865 1724 Deuteronomio
1895 1688 1907 1723 ε
1937 1689 1954 1720 ι
1986 1669 2119 1723 Mor-

2229 483 2505 538 bernacnli
2532 495 2716 540 custos
2750 485 2946 552 factus,
2976 488 3034 542 B.
3067 487 3252 542 Maria:
3297 486 3546 542 minister
3571 487 3802 551 exstitit,

2227 587 2389 643 quam
2413 589 2520 628 non
2551 576 2799 632 videlicet
2824 591 3083 647 corporea
3133 576 3290 644 hujus
3317 577 3460 631 aeris
3509 577 3680 630 nubes
3703 576 3802 629 ob-

2229 665 2382 728 texit,
2411 665 2503 718 sed
2535 664 2771 734 Spiritus
2805 679 3026 722 sanctus
3075 667 3417 721 invisibiliter
3437 666 3802 720 obumbravit.

2227 753 2291 807 Et
2315 754 2481 824 gloria
2521 755 2754 820 Domini,
2796 757 2900 811 hoc
2929 767 3013 810 est
3039 755 3208 810 Filius
3235 755 3352 820 Dei,
3381 755 3470 824 qui
3500 755 3603 810 boc
3631 755 3804 808 taber—

2225 845 2502 909 naculum,
2552 861 2658 900 non
2695 861 2815 900 mox
2847 845 3206 909 discessurus,
3250 846 3344 900 sed
3371 859 3556 899 veram
3584 858 3803 898 carnem

2225 948 2574 1008 suscepturus
2606 940 2867 1010 implevit,
2895 955 3001 993 non
3029 940 3227 993 mansit
3251 938 3350 993 sub
3378 951 3552 991 aerem
3579 936 3803 1005 caligine

2226 1033 2408 1096 nubis,
2444 1033 2535 1087 sed
2565 1034 2744 1103 potius
2775 1032 2828 1086 in
2855 1031 3055 1086 lmnine
3082 1031 3231 1095 solis,
3277 1031 3417 1086 sicut
3443 1044 3540 1099 per
3563 1027 3800 1096 Pr0pbe~

2226 1130 2334 1176 tam
2383 1123 2582 1177 dicitur
2617 1141 2628 1175 :
2686 1142 2704 1174 ι
2736 1121 2790 1176 1η
2817 1121 2932 1177 sole
2978 1122 3157 1190 posuit
3194 1119 3606 1176 tabernaculum
3649 1133 3799 1172 suum

2225 1212 2397 1284 (Paal.
2442 1216 2618 1285 xvm).
2660 1233 2679 1267 ι
2732 1213 2836 1268 Per
2878 1213 3027 1266 illum
3076 1228 3274 1267 manna
3324 1214 3511 1266 datum
3548 1220 3630 1265 est
3679 1220 3800 1264 tunc

2222 1307 2517 1360 Israelitico
2543 1306 2774 1377 populo;
2807 1320 2934 1361 ecce
2957 1314 3159 1375 quanto
3182 1304 3470 1374 gloriosius
3507 1302 3673 1358 habet
3704 1302 3799 1355 istc

2223 1409 2419 1450 manna
2457 1395 2702 1450 etiamin
2748 1394 3016 1464 sepulcro.
3070 1394 3136 1446 Et
3167 1393 3294 1463 quid
3335 1392 3486 1463 plura
3512 1391 3537 1443 ’ἒ
3590 1391 3683 1445 ille
3727 1390 3798 1441 la-

2222 1484 2360 1539 ciem
2399 1499 2552 1537 suam
2587 1484 2873 1549 obnubuit,
2904 1497 2973 1536 ne
3001 1482 3249 1536 videatur
3277 1498 3307 1536 a
3356 1481 3556 1550 populo
3604 1478 3794 1549 (Exrd.

2221 1578 2408 1647 xxxiv)
2439 1594 2453 1638 ;
2490 1577 2590 1632 iste
2628 1576 2789 1631 etiam
2837 1575 3138 1630 divinitatis
3166 1575 3368 1628 revelat
3397 1573 3715 1637 essentiam,
3746 1582 3800 1623 ut

2223 1666 2369 1721 Deus
2415 1666 2483 1720 ab
2510 1666 2765 1721 omnibus
2815 1673 3142 1734 agnoscatur
3197 1665 3380 1735 (Joan.
3411 1665 3470 1734 ι).
3518 1663 3698 1732 Atque
3745 1672 3800 1714 ut

540 1774 666 1820 tuus
693 1773 777 1820 est
805 1764 1015 1836 Moyses
1058 1762 1290 1818 famulus
1319 1763 1530 1818 Domini
1580 1763 1632 1817 in
1679 1771 1822 1816 terra
1855 1761 2118 1830 Moabju-
2146 1745 2190 1804 Β
2220 1757 2361 1811 idem
2405 1765 2672 1826 repetam,
2714 1756 2803 1811 ille
2845 1757 3180 1826 splendorem
3223 1755 3304 1810 sui
3339 1755 3523 1808 vultus
3569 1753 3795 1816 obtexit,

535 1856 696 1911 bente
721 1855 969 1922 Domino,
991 1865 1047 1911 et
1075 1855 1323 1925 sepelivit
1347 1869 1468 1908 eum
1501 1855 1553 1908 in
1586 1853 1720 1908 valle
1771 1862 1928 1908 terra;
1959 1853 2114 1908 Moab

535 1957 723 2004 contra
777 1947 1010 2018 Pbogor,
1044 1957 1101 2002 et
1149 1963 1257 2001 non
1303 1946 1557 2016 cognovit
1591 1946 1756 2000 bomo
1802 1945 2113 2016 sepulcrum

535 2039 654 2108 ejus
685 2053 856 2108 usque
885 2039 937 2092 in
969 2047 1286 2106 praesentem
1316 2036 1458 2090 diem
1501 2035 1682 2106 (Deut.
1723 2035 1936 2104 xxxiv).
1959 2055 1977 2086 ι
2003 2034 2113 2090 Re-

538 2137 795 2184 novatum
848 2137 931 2183 est
977 2129 1158 2197 itaque
1202 2127 1329 2181 illud
1358 2128 1424 2182 de
1476 2142 1702 2197 corpore
1747 2127 1915 2198 Moysi
1969 2140 2114 2181 nunc

538 2221 703 2274 etiam
757 2219 808 2272 in
838 2217 1049 2274 Joanne
1106 2217 1472 2282 miraculum;
1517 2228 1573 2272 et
1605 2217 1695 2286 qui
1753 2215 2112 2287 legislaturem

539 2319 667 2362 tunc
715 2307 966 2378 dignatus
1014 2316 1098 2361 est
1145 2306 1306 2361 nullis
1357 2307 1652 2362 scientibus
1701 2305 1947 2376 sepelire,
1997 2306 2111 2374 ipse

533 2401 698 2455 etiam
725 2415 920 2472 corpus
953 2397 1297 2469 evangelista:
1339 2399 1420 2454 sui
1455 2407 1668 2454 secreto
1710 2398 1942 2468 quodam
1990 2410 2110 2468 my«

534 2491 704 2554 sterio
760 2491 931 2546 voluit
977 2490 1265 2561 sepultura:
1303 2490 1623 2546 subducere.
1678 2488 1916 2560 Uterque
1963 2489 2110 2544 scili-

532 2591 624 2642 cet
673 2585 768 2642 lux
825 2586 1047 2655 mundi,
1095 2595 1322 2655 uterque
1373 2587 1749 2640 mandatorum
1805 2585 2106 2638 emlestium

526 2673 768 2740 bajulus,
803 2683 1030 2741 uterque
1067 2673 1233 2728 divini
1277 2670 1490 2728 consilii
1527 2671 1816 2726 revelator.
1863 2669 1973 2725 Nec
2010 2669 2084 2724 in;

526 2765 725 2820 merito
775 2765 829 2818 in
868 2763 1129 2835 dignitate
1175 2764 1290 2818 suis
1344 2762 1521 2818 delata
1580 2760 1935 2818 cadaveribus
1983 2775 2117 2815 con-

523 2865 727 2927 grnunt
757 2857 850 2926 qui
890 2865 944 2910 et
981 2857 1035 2910 in
1075 2855 1395 2910 sublimibus
1443 2855 1566 2909 vitae
1604 2869 1715 2909 suae
1757 2854 1999 2919 meritis,
2036 2852 2118 2909 di-

525 2947 697 3002 versis
736 2945 862 3002 licet
893 2947 1251 3016 temporibus,
1285 2946 1627 3000 concorditer
1657 2944 1987 3000 claruerunt.

602 3035 800 3090 Verum
851 3038 895 3092 si
948 3053 1036 3092 res
1074 3036 1312 3105 diligenti
1348 3037 1787 3092 consideratione
1832 3035 2117 3106 perpendi-

524 3138 633 3193 tur,
674 3139 733 3184 ut
766 3145 889 3184 cum
928 3129 1067 3183 beati
1108 3128 1274 3200 Moysi
1315 3144 1449 3199 pace
1490 3129 1707 3197 loquar,
1748 3128 1987 3184 Joannes
2023 3143 2118 3198 po-

523 3223 632 3278 tior
660 3222 952 3278 invenitur.
1000 3222 1089 3276 Ille
1128 3221 1395 3290 siquidem
1437 3222 1686 3276 minister
1722 3221 1929 3276 exstitit
1961 3221 2114 3290 legis,

523 3315 614 3370 bie
649 3313 972 3384 prmdicator
1016 3313 1226 3367 exstitit
1258 3312 1467 3383 gratim.
1515 3311 1606 3366 llle
1647 3320 1911 3382 prmcepta
1949 3311 2114 3365 tradi-

523 3409 605 3464 dit
655 3407 854 3477 quibus
912 3415 1134 3476 peccata
1201 3405 1563 3476 punirentur,
1626 3405 1727 3459 iste
1781 3402 2117 3473 poenitentia:

526 3497 855 3568 baptismum
884 3496 1138 3562 contulit,
1169 3510 1277 3565 quo
1310 3495 1493 3550 omnia
1525 3496 1754 3550 crimina
1780 3494 2111 3548 delerentur.

523 3588 614 3644 Ille
638 3587 989 3644 annuntiator
1023 3598 1109 3642 est
1150 3586 1386 3651 umbrae,
1437 3587 1525 3641 bic
1562 3587 1808 3640 minister
1849 3594 1933 3640 est
1973 3584 2114 3638 veri-

523 3679 674 3735 tatis.
726 3679 820 3735 llle
871 3679 1009 3736 dixit
1058 3678 1286 3734 Domino
1327 3695 1340 3730 :
1388 3695 1406 3729 ι
1450 3676 1506 3731 Si
1553 3676 1728 3730 inveni
1778 3676 2005 3744 gratiam
2054 3674 2112 3732 in

523 3780 818 3844 conspectu
853 3779 966 3835 tuo,
997 3768 1224 3826 ostende
1251 3768 1384 3823 mibi
1413 3766 1607 3823 faciem
1649 3775 1825 3832 tuam,
1858 3777 1917 3822 ut
1941 3766 2112 3822 sciam

522 3872 614 3930 te;
648 3881 667 3915 ι
703 3863 795 3919 scd
851 3863 1098 3932 protinus
1136 3861 1344 3916 audivit
1384 3877 1397 3914 :
1435 3877 1453 3911 ι
1500 3858 1615 3915 Non
1669 3858 1875 3928 poteris
1925 3856 2113 3914 videre

522 3949 714 4002 faciem
751 3961 924 4002 meam
954 3962 970 4013 ;
997 3960 1102 4003 non
1126 3946 1268 4001 enim
1313 3946 1515 4002 videbit
1538 3961 1624 4001 me
1650 3947 1834 4011 homo.
1871 3957 1926 4001 et
1949 3947 2099 4002 vivet

522 4037 722 4108 (Exod.
747 4038 942 4109 χχχιιι)
973 4054 988 4103 ;
1021 4057 1040 4092 ι
1082 4037 1184 4094 iste
1219 4051 1346 4093 vero
1382 4038 1550 4093 Deum
1601 4038 1948 4093 iucarnatum
1986 4052 2094 4094 non

519 4127 695 4183 solum
731 4129 865 4183 vidit
889 4137 946 4183 et
983 4127 1205 4190 audivit,
1245 4127 1340 4184 sed
1385 4128 1550 4184 etiam
1578 4129 1830 4184 manibus
1880 4137 2096 4184 contre-

518 4217 705 4283 ctavit,
748 4219 888 4272 sicut
931 4217 1044 4288 ipse
1089 4225 1338 4284 testatur,
1363 4216 1588 4272 dicens:
1625 4237 1644 4270 ι
1677 4217 1830 4284 Quod
1857 4216 1977 4286 fuit,
2010 4219 2092 4274 in-

517 4309 655 4379 quit,
682 4308 750 4364 ab
773 4307 946 4375 initio,
973 4307 1117 4378 quod
1138 4307 1392 4371 vidimus,
1419 4308 1562 4377 quod
1591 4308 1917 4374 audivimus,
1944 4307 2090 4377 quod

514 4401 686 4456 oculis
713 4400 915 4456 nostris
957 4399 1348 4472 perspeximus,
1388 4409 1443 4455 et
1479 4414 1670 4455 manus
1721 4409 1920 4456 nostrae
1954 4415 2088 4455 con-

513 4499 884 4546 treetaverunt
914 4489 1081 4564 358
1109 4491 1176 4546 de
1199 4491 1366 4546 verbo
1393 4491 1538 4557 vitae,
1567 4499 1624 4547 et
1651 4491 1886 4548 vidimus
1927 4502 1981 4547 et
2007 4501 2086 4546 te-

511 4593 740 4649 stamur,
789 4593 843 4638 et
869 4585 1257 4641 annuntiamus
1304 4585 1458 4642 vobis
1489 4588 1651 4642 vitam
1680 4596 1940 4642 :eternam
1969 4602 2089 4655 qua:

509 4686 630 4732 erat
662 4677 800 4747 apud
821 4677 1056 4743 Patrem,
1086 4687 1141 4734 et
1170 4679 1422 4749 apparuit
1462 4679 1618 4734 nobis
1643 4678 1828 4750 (lonn.
1849 4678 1910 4749 ι).
1949 4697 1969 4731 ι
2021 4679 2090 4734 Et

510 4785 617 4825 non
643 4769 816 4824 solum
844 4767 1012 4823 Deum
1044 4769 1319 4824 hominem
1345 4769 1546 4825 factum
1586 4769 1760 4825 oculis
1779 4768 2087 4824 carnalibus

510 4859 667 4925 vidit,
693 4860 786 4914 sed
812 4867 867 4914 et
896 4859 1071 4928 ipsum
1096 4857 1349 4924 Verbum,
1375 4861 1519 4928 quod
1543 4869 1660 4916 erat
1684 4861 1822 4930 apud
1843 4859 2083 4924 Patrem,

511 4963 612 5018 per
637 4949 782 5018 quod
815 4948 955 5003 facta
985 4959 1112 5004 sunt
1141 4951 1321 5004 omnia
1360 4948 1540 5011 (Joan.
1567 4954 1628 5017 tl,
1665 4951 1927 5006 illustrata
1949 4950 2087 5005 divi~

512 5040 658 5094 nitus
690 5049 870 5094 mente
891 5039 1188 5108 conspexit.

589 5130 761 5176 Amne
804 5138 865 5176 ut
906 5129 1084 5178 adhuc
1131 5129 1466 5180 comparatio
1497 5129 1843 5182 producatur.
1874 5127 2082 5183 Movses

2113 4446 2166 4508 D

2218 1862 2286 1902 ne
2321 1848 2388 1902 ab
2436 1847 2522 1902 illa
2568 1848 2722 1917 plebe
2750 1847 3160 1916 conspiceretur
3201 1863 3215 1910 ;
3250 1846 3351 1900 iste
3401 1845 3494 1898 Dei
3538 1842 3796 1905 Verbum,

2222 1937 2365 2008 quod
2407 1946 2492 1992 est
2542 1938 2718 2008 imago
2766 1936 2964 2002 Patris,
3014 1935 3267 2006 splendor
3310 1935 3496 2006 gloria:
3531 1943 3587 1989 et
3630 1935 3794 2003 ﬁgura

2215 2031 2536 2085 substantiae
2577 2028 2692 2098 ejus
2733 2029 2918 2100 (Hebr.
2951 2028 3014 2100 l),
3057 2029 3342 2099 perspicue
3371 2027 3656 2092 revelavit,
3685 2036 3794 2080 uta

2215 2119 2370 2174 nobis
2396 2128 2800 2188 agnosceretur.

2285 2210 2568 2266 Postremo
2626 2209 2721 2264 Dei
2763 2208 2980 2273 Filium,
3019 2223 3180 2278 quem
3228 2208 3331 2262 iste
3383 2221 3495 2276 prae
3551 2205 3795 2259 manibus

2214 2301 2422 2366 babuit,
2453 2315 2575 2356 cum
2630 2315 2738 2369 quo
2769 2300 3070 2354 diutissime
3115 2306 3467 2353 conversatus
3491 2307 3601 2360 est,
3631 2311 3662 2350 a
3691 2311 3794 2365 quo

2213 2394 2371 2448 unice
2397 2402 2452 2448 et
2484 2392 2792 2462 specialiter
2819 2391 3070 2454 dilectus,
3103 2391 3192 2444 ille
3218 2390 3433 2460 quidem
3483 2388 3690 2442 obnixe
3735 2402 3794 2439 ac

2212 2484 2644 2541 desiderabiliter
2690 2484 2867 2556 petiit,
2917 2483 3148 2538 dicens:
3186 2501 3204 2534 ι
3244 2480 3504 2542 Obsecro.
3549 2479 3790 2538 Domine.

2212 2579 2368 2633 mitte
2396 2593 2558 2648 quem
2604 2579 2869 2632 missurus
2921 2590 2980 2630 es
3036 2574 3230 2645 (Exod.
3267 2572 3342 2645 tv)
3374 2589 3432 2637 ;»
3489 2571 3583 2626 sed
3623 2571 3789 2638 impe-

2212 2680 2358 2732 trare
2393 2686 2496 2726 non
2545 2670 2731 2724 valuit.
2783 2669 3160 2724 Verumtamen
3215 2667 3341 2720 dum
3396 2665 3609 2736 magnis
3642 2679 3787 2718 sum-

2210 2766 2421 2837 misque
2449 2764 2591 2834 apud
2632 2764 2800 2818 Deum
2847 2763 3055 2818 meritis
3103 2763 3262 2817 ambo
3288 2762 3637 2823 claruissent,
3684 2774 3787 2813 uno

2210 2869 2442 2929 uterque
2469 2860 2660 2930 spiritu
2686 2859 2876 2928 plenus
2915 2857 3039 2922 fuit,
3071 2873 3178 2912 uno
3207 2865 3436 2926 uterque
3465 2854 3787 2923 Redexnpto-

2213 2951 2286 3005 iis
2326 2951 2592 3007 desiderio
2613 2950 2954 3007 concorditer
2979 2949 3258 3003 aestuabat.
3289 2946 3398 3002 Nec
3436 2962 3536 3001 nos
3562 2945 3785 3000 alterum

2210 3043 2365 3097 alteri
2424 3042 2680 3110 praeferre
2735 3043 3132 3112 praasumimus,
3182 3043 3228 3097 si
3273 3041 3646 3096 diversitatem
3695 3053 3786 3109 pro

2207 3137 2288 3192 sui
2331 3134 2592 3205 cujusque
2638 3135 2900 3204 dignitate
2953 3148 3258 3204 pensamus.
3313 3135 3554 3187 Duorum
3593 3131 3786 3200 quippe

2206 3227 2472 3280 viatorum
2503 3226 2645 3280 nulla
2695 3227 2975 3281 oculorum
3031 3225 3320 3279 vivacitate
3366 3224 3662 3294 disparium
3695 3222 3780 3290 qui

2207 3331 2329 3374 or‘.o
2361 3318 2474 3372 sole
2499 3318 2740 3388 graditur
2769 3317 2968 3372 clarius
2995 3315 3249 3386 quaelibet
3295 3314 3543 3384 opposita
3571 3314 3785 3382 conspi-

2202 3409 2278 3463 cit
2305 3423 2466 3477 quam
2497 3409 2543 3464 is
2569 3408 2660 3478 qui
2698 3407 3048 3461 antelucanus
3095 3406 3358 3474 exsurgit.
3397 3404 3466 3458 Et
3494 3403 3662 3457 ditior
3681 3412 3780 3464 est,

2201 3497 2292 3566 qui
2327 3497 2689 3551 autumnalem
2714 3496 2984 3550 fructuum
3013 3497 3381 3549 maturitatem
3404 3492 3573 3564 capit,
3606 3508 3672 3547 co
3694 3493 3784 3560 qui

2206 3602 2384 3642 verme
2412 3586 2720 3657 propaginis
2741 3586 2960 3642 arbusta
2992 3586 3275 3656 plantavit.

2269 3677 2666 3734 Convenieuter
2711 3677 2877 3748 igitur
2921 3676 3120 3733 factum
3169 3688 3255 3732 est
3305 3685 3363 3731 ut
3404 3676 3548 3732 sicut
3589 3674 3778 3748 διανεί,

2199 3769 2275 3825 ita
2303 3777 2359 3824 et
2383 3767 2611 3823 Joannis
2631 3767 2844 3840 glebam
2879 3769 3224 3839 omnipotens
3252 3767 3394 3823 Deus
3420 3765 3782 3822 absconderet

2197 3858 2322 3914 etin
2346 3859 2556 3915 duobus
2579 3858 2915 3915 mirabilibus
2938 3859 3080 3914 veris
3110 3873 3274 3912 unum
3320 3855 3649 3912 miraculum
3689 3870 3777 3911 ex-

2195 3949 2665 4096 hiliiefeﬁotandum
2711 4053 2874 4109 quam
2915 4034 3430 4109 atl‘ectuose,'quam
3476 4052 3590 4109 pte,
3617 4053 3776 4110 quam

2196 4138 2444 4200 paterne,
2494 4144 2658 4202 quam
2705 4127 3010 4184 amabiliter
3049 4127 3341 4183 Salvator:
3377 4145 3397 4180 ι
3429 4126 3544 4193 Sic,
3579 4130 3773 4199 inquit,

2190 4237 2315 4277 eum
2356 4219 2479 4276 volo
2507 4233 2729 4274 manere
2773 4219 2945 4275 donec
2983 4218 3196 4273 veniam
3233 4217 3414 4288 (Joan.
3449 4219 3592 4289 xxi).
3617 4239 3636 4270 ι
3678 4220 3775 4274 Ve-

2189 4312 2357 4378 niam,
2414 4311 2608 4382 inquit,
2659 4327 2766 4368 nun
2826 4311 3058 4366 mittam.
3097 4308 3214 4364 Non
3261 4311 3473 4366 mittam
3523 4311 3772 4367 videlicet

2192 4417 2481 4472 supernam
2516 4401 2752 4471 aliquam
2803 4401 3079 4467 virtutem,
3112 4416 3219 4456 non
3267 4403 3570 4473 angelicam
3617 4412 3770 4472 pote-

2189 4503 2406 4560 statem,
2444 4508 2564 4562 qua:
2600 4491 2762 4563 bujns
2795 4492 3081 4548 ministerii
3116 4493 3248 4548 mibi
3285 4493 3542 4566 fungatur
3569 4495 3769 4559 ollicio,

2189 4602 2308 4658 qua:
2330 4586 2648 4642 obedientize
2678 4585 2836 4654 hujus
2867 4594 3198 4655 exsequatur
3220 4584 3491 4641 effectum.
3526 4587 3648 4657 Ipse
3676 4605 3771 4657 per

2189 4678 2563 4746 memetipsum
2597 4676 2834 4740 veniam,
2861 4675 2974 4744 ipse
2993 4677 3362 4746 egredientem
3389 4678 3507 4746 ejus
3525 4680 3765 4734 animam

2188 4770 2242 4825 in
2271 4771 2453 4843 gloriae
2475 4785 2607 4824 mere
2629 4769 2877 4824 claritate
2906 4769 3222 4838 suscipiam,
3246 4785 3409 4839 quam
3433 4779 3490 4825 et
3523 4773 3574 4824 in
3602 4786 3763 4826 carne

2187 4873 2491 4917 manentem
2521 4862 2778 4916 divinitus
2807 4861 3163 4916 illustrabam.
3206 4861 3433 4928 Quanta!
3475 4864 3642 4934 igitur
3673 4882 3758 4919 re-

2185 4953 2440 5007 verentia:
2469 4952 2750 5006 babendus
2780 4961 2864 5006 est
2893 4951 3202 5007 hominibus
3244 4953 3437 5007 beatus
3465 4954 3571 5009 iste
3598 4953 3758 5008 Joan-

2187 5059 2302 5108 nes,
2329 5042 2496 5114 349
2521 5057 2680 5112 quem
2711 5043 2824 5110 ipse
2851 5049 3040 5096 auctor
3057 5043 3182 5096 vitae
3209 5043 3494 5098 honoravit
3517 5045 3571 5098 in
3593 5060 3752 5099 carne

2183 5134 2450 5184 viventem
2485 5173 2500 5184 .
2560 5133 2847 5184 honoravit
2900 5145 2956 5184 et
3011 5137 3077 5184 de
3133 5135 3328 5184 sarculo
3367 5138 3747 5184 recedentem.
