3978 5328
179 169 289 228 875

176 393 342 449 quem
376 386 429 433 et
452 379 504 432 in
534 380 868 435 consortium
903 380 1125 439 sibimet
1162 382 1428 454 adoptiva
1469 383 1774 440 fraternita-

176 472 251 526 tis
274 470 491 526 ascivit.

251 561 441 616 Dictus
467 571 550 617 est
574 562 739 618 etiam
787 563 959 619 frater
1001 563 1215 620 Domini
1256 563 1317 620 Β.
1357 563 1630 635 Iacobus;
1679 567 1774 623 sed

173 650 270 707 ille
299 649 470 706 frater
514 667 582 707 ex
627 662 854 721 natura,
887 653 990 710 iste
1016 653 1189 711 frater
1215 671 1282 712 ex
1310 657 1524 728 gratia;
1570 657 1660 714 ille
1705 672 1774 714 ex

177 746 537 816 cognatione,
588 746 690 803 iste
723 762 789 803 ex
840 748 1116 819 praecipua
1163 749 1492 818 dilectione;
1540 751 1630 806 ille
1679 765 1775 821 per

175 837 381 892 lineam
411 848 668 893 materna:
694 840 1211 911 consanguinitatis,
1244 843 1345 897 iste
1372 858 1470 914 per
1497 842 1771 898 vinculum

171 938 424 1001 paterna:
453 929 784 985 charitatis:
820 948 838 982 t
879 929 937 984 Si
981 931 1135 1001 quis,
1179 933 1386 1003 inquit,
1433 934 1612 1006 diligit
1655 949 1771 1000 me,
1811 978 1814 982 ί

174 1036 491 1077 sermonem
537 1037 718 1078 meum
765 1023 1035 1088 servabit,
1078 1034 1132 1080 et
1182 1024 1345 1080 Pater
1390 1043 1542 1082 meus
1587 1029 1773 1100 diliget

173 1130 303 1172 eum
324 1156 340 1181 ,
372 1126 430 1171 et
465 1116 533 1172 ad
566 1131 690 1173 eum
715 1117 998 1175 veniemus
1025 1127 1080 1174 et
1107 1121 1445 1176 mansionem
1476 1121 1615 1192 apud
1645 1135 1770 1176 eum

172 1207 446 1263 faciemus
495 1207 678 1278 (Joan.
728 1209 862 1274 xtv).
910 1237 938 1264 τ
985 1211 1054 1266 Et
1095 1212 1224 1282 quid
1273 1213 1507 1284 amplius
1551 1212 1773 1268 dicam?

173 1298 377 1354 Frater
409 1300 625 1357 Domini
649 1299 750 1357 fuit
779 1302 868 1358 ille
890 1302 1149 1368 carnalis,
1181 1305 1284 1360 iste
1312 1303 1629 1376 spiritualis.
1664 1303 1771 1358 Sed

173 1403 447 1464 quantum
477 1395 728 1466 cognatio
756 1395 1053 1466 spiritualis
1092 1395 1365 1452 carnalem
1415 1395 1773 1452 necessitudi-

171 1501 304 1542 nem
352 1487 612 1557 probatur
660 1487 963 1552 excedere,
1016 1487 1070 1542 in
1118 1487 1288 1559 ipsius
1329 1487 1541 1541 Domini
1591 1484 1773 1541 verbis

167 1592 469 1649 possumus
511 1576 629 1632 luce
666 1577 869 1634 clarius
898 1578 1164 1634 invenire.
1194 1578 1287 1632 Ait
1314 1577 1496 1631 enim:
1537 1577 1773 1648 Spiritus

1539 177 1774 238 SERMO
1799 180 1984 238 LXIV.

177 285 292 341 Nec
342 277 613 340 mirumst
669 285 901 342 diversis
950 302 1074 343 eum
1120 287 1426 346 honoribus
1454 291 1771 357 cumulavit,
1801 303 1846 361 Α
1878 296 2161 366 procinctu
2190 300 2487 370 spiritualis
2508 303 2716 362 militiae
2738 306 2922 378 positi,
2961 311 3326 380 apostolorum
3359 330 3458 368 ve-

3337 202 3460 258 ,874

1873 387 2031 458 stigia
2074 381 2390 448 constanter
2429 404 2485 450 et
2525 396 2753 452 firmiter
2805 408 3105 456 teneamus.
3145 403 3277 457 Nam
3302 404 3457 473 juxta

1873 475 2182 536 Salomonis
2209 484 2570 539 sententiam:
2616 505 2634 538 ‹
2683 488 2784 554 Qui
2833 488 3007 545 mollis
3061 501 3117 545 et
3160 493 3461 548 dissolutus

1871 581 1956 626 est
2002 571 2056 626 in
2102 587 2264 645 opere
2312 591 2430 639 suo,
2463 576 2634 632 frater
2660 588 2744 632 est
2785 595 2880 634 sua
2930 597 3093 649 opera
3143 585 3462 656 dissipantis

1873 659 2058 733 (Prov.
2089 666 2281 732 xvut);
2311 685 2330 719 ι
2367 666 2624 722 nimirum
2655 669 2747 739 qtti
2771 669 2823 723 in
2849 673 3090 728 moribus
3114 675 3225 729 suis
3272 677 3463 732 molles

1875 767 1940 807 ac
1957 751 2103 810 flttidi
2127 765 2272 820 sunt,
2295 772 2444 813 more
2465 773 2618 829 aqum
2639 763 2946 831 pnecipiter
2967 765 3033 818 ad
3059 766 3164 819 ima
3190 766 3460 833 defluunt;

1871 843 1965 914 qui
2015 859 2142 900 vero
2185 857 2498 905 constantes
2547 867 2612 906 ac
2664 853 2840 918 firmi,
2892 857 2944 909 itt
2994 873 3174 912 arcem
3221 862 3464 928 quotidie

1869 933 2090 989 virtutis
2116 948 2458 993 excrescunt.
2491 939 2644 1006 Quod
2676 942 2928 998 nimirum
2961 956 3013 1000 et
3055 947 3183 1002 illud
3221 948 3461 1017 ejusdem

1871 1025 2113 1080 historiae
2166 1028 2475 1098 significare
2529 1032 2919 1102 perpenditur:
2973 1051 3118 1102 nam,
3152 1046 3465 1092 transeunte

1871 1116 2062 1169 eodem
2111 1118 2343 1187 populo,
2397 1135 2550 1190 aquae
2600 1123 2908 1193 superiores
2957 1127 3024 1179 ad
3066 1128 3238 1182 instar
3269 1131 3467 1184 montis

1874 1204 2269 1270 intumescunt,
2301 1207 2587 1267 inferiores
2615 1227 2746 1267 vero
2780 1214 2834 1267 in
2876 1231 3028 1271 mare
3059 1228 3330 1273 mortttttm
3377 1223 3467 1275 de-

1873 1297 2135 1353 labuntur
2168 1300 2303 1370 (los.
2339 1301 2453 1373 tu);
2487 1304 2612 1373 quia
2651 1305 2896 1374 profecto
2929 1323 2994 1361 ex
3045 1309 3125 1363 eis
3161 1311 3250 1380 qui
3288 1312 3469 1381 bapti-

1875 1400 2100 1456 zautur,
2149 1391 2240 1446 alii
2289 1393 2342 1446 in
2399 1403 2622 1464 accepta
2673 1396 2909 1453 cmlestis
2959 1401 3146 1470 gratiae
3189 1400 3473 1455 dulcedine

1874 1493 2258 1551 perseverant,
2307 1484 2396 1539 alii
2428 1485 2481 1540 in
2517 1497 2865 1557 peccatorum
2909 1491 3326 1546 amaritudinem
3379 1493 3473 1546 de—

1875 1573 2065 1640 ﬂuere,
2115 1577 2342 1646 reprobe
2377 1578 2641 1644 vivendo,
2694 1595 2800 1635 non
2835 1591 3070 1647 cessant,
3119 1590 3170 1635 et
3220 1583 3366 1636 velut
3415 1584 3468 1637 in

169 1675 267 1724 est
297 1669 387 1739 qui
414 1667 677 1735 viviﬁcat,
705 1683 828 1724 nam
852 1684 983 1724 caro
1010 1684 1118 1724 non
1150 1669 1371 1738 prodest
1396 1668 1714 1738 quidquam.
1800 1653 1849 1716 B
1878 1664 2048 1720 maris
2089 1667 2289 1722 mortui
2333 1667 2661 1739 salsuginem
2691 1679 2986 1736 corruunt,
3029 1672 3154 1725 dttm
3208 1673 3470 1743 sapieudo

245 1759 512 1816 Iacobum
551 1760 756 1832 itaque,
801 1770 861 1815 ttt
904 1760 1074 1816 frater
1115 1768 1258 1817 esset
1302 1759 1535 1824 Domini,
1580 1768 1773 1816 natura

170 1849 416 1906 carnalis
447 1840 714 1918 instituit;
748 1849 989 1907 Joannes
1010 1866 1140 1907 vero
1168 1859 1318 1906 tanto
1346 1850 1582 1907 nobilius
1605 1851 1776 1908 frater

171 1949 286 2006 est,
314 1949 519 2011 quanto
544 1951 599 1996 et
628 1942 798 2013 ipsius
827 1950 1037 1998 natura:
1061 1941 1342 2008 Dominus,
1371 1957 1494 1996 eum
1518 1942 1571 1998 in
1603 1942 1776 1998 amni-

171 2040 350 2086 tatem
386 2031 491 2086 sibi
526 2031 825 2102 spiritualis
855 2032 1202 2103 adeptionem
1243 2029 1557 2100 assumpsit.
1592 2028 1776 2096 Quan-

174 2139 344 2194 quam
375 2133 427 2178 et
458 2125 572 2194 ipse
599 2123 834 2180 Iacobus
879 2124 1084 2181 idcirco
1113 2125 1305 2180 beatus
1333 2124 1426 2190 sit,
1462 2123 1591 2193 quia
1635 2120 1776 2190 ejus-

173 2217 302 2272 dem
333 2214 632 2286 Spiritualis
659 2233 782 2271 cum
810 2215 1040 2272 Domino
1061 2215 1408 2288 participium
1435 2222 1601 2269 tenet.
1629 2212 1777 2268 Alio«

175 2310 338 2379 quin,
373 2308 478 2364 nisi
505 2308 736 2365 Domino
758 2325 856 2381 per
883 2310 1132 2380 spiritum
1153 2307 1490 2378 iungeretur,
1513 2321 1613 2377 per
1645 2304 1777 2360 illud

173 2410 414 2456 terrena:
443 2401 936 2473 consanguinitatis
963 2399 1238 2456 vinculum
1265 2414 1296 2453 a
1335 2397 1566 2454 Domino
1605 2395 1779 2451 nulla-

172 2504 340 2550 tenus
384 2495 710 2550 salvaretur.
761 2495 870 2551 Sed
921 2504 1071 2550 tanto
1112 2492 1466 2550 excellentius
1499 2489 1774 2557 Joannes,

173 2597 387 2656 quanto
429 2595 483 2642 et
525 2594 653 2642 ante
680 2601 898 2643 crucem
935 2587 1264 2643 constitutus
1295 2586 1542 2643 audivit:
1582 2605 1600 2638 ‹
1637 2585 1778 2640 Ecce

171 2677 356 2732 Mater
378 2686 468 2730 tua
492 2676 676 2747 (Joan.
703 2676 840 2748 xIx).
869 2697 887 2730 ι
918 2676 1111 2732 Merito
1132 2692 1262 2749 ergo
1282 2691 1391 2747 quo
1414 2691 1538 2732 eum
1563 2675 1778 2731 caeteris

172 2772 300 2844 plus
346 2770 572 2837 dilexit,
618 2770 904 2827 sublimius
933 2786 1056 2827 eum
1101 2771 1316 2827 caeteris
1364 2770 1670 2825 honoravit.
1710 2767 1778 2822 Et

173 2881 302 2930 nos,
353 2862 549 2918 fratres
600 2863 942 2931 cltarissinti,
993 2879 1090 2934 pro
1138 2862 1355 2919 modulo
1387 2870 1574 2918 nostro
1603 2859 1778 2931 dignis

174 2971 305 3010 eum
360 2953 678 3010 studeamus
725 2951 920 3009 etl‘erre
974 2951 1280 3024 praeconiis,
1333 2952 1511 3022 dignis
1561 2964 1777 3020 semper

174 3061 506 3102 veneremur
530 3044 827 3116 obsequiis.

250 3136 561 3192 Notandum
599 3145 779 3191 tamen
799 3175 815 3202 ,
845 3135 972 3206 quia
1002 3149 1279 3206 nunquam
1313 3143 1421 3188 tam
1452 3135 1630 3205 digne,
1664 3143 1775 3189 tam

177 3240 498 3292 reverenter
550 3233 742 3288 beatos
797 3229 1070 3300 apostolos
1123 3228 1386 3296 colimus,
1441 3243 1604 3299 quam
1651 3242 1776 3282 eum

177 3323 478 3395 apostolica
514 3331 783 3394 praecepta
827 3336 1127 3386 servamus,
1160 3335 1284 3376 cum
1312 3335 1408 3376 eos
1445 3319 1498 3373 in
1546 3319 1632 3373 via
1679 3317 1776 3374 Dei

176 3415 551 3488 prtecedentes
577 3427 792 3484 semper
813 3411 1167 3477 attendimus,
1189 3425 1312 3466 cum
1336 3423 1523 3466 eorum
1551 3409 1775 3480 vestigia

178 3508 481 3578 sequimur,
513 3521 636 3561 cum
659 3519 849 3560 eorum
876 3510 1162 3575 angustam
1209 3509 1266 3557 et
1290 3510 1500 3556 arctam
1526 3501 1774 3556 semitam

178 3603 298 3659 sine
327 3600 630 3657 offensione
657 3609 924 3656 tenemus.
958 3599 1248 3655 Enimvero
1277 3599 1329 3653 in
1357 3597 1626 3670 baptismo
1648 3612 1778 3668 apo-

178 3696 448 3752 stolorum
479 3695 736 3751 ducatum
782 3692 956 3748 secuti
986 3707 1204 3758 sumus,
1249 3691 1376 3760 quia
1419 3704 1516 3761 per
1558 3689 1774 3745 eosdem

177 3787 344 3844 fidem
402 3794 607 3842 sancta:
655 3783 939 3840 Trinitatis
993 3783 1135 3838 inter
1184 3783 1298 3852 ipsa
1349 3781 1778 3854 regenerationis

177 3888 389 3934 nostrae
439 3877 749 3932 rudimenta
799 3874 1105 3931 didicimus.
1159 3871 1272 3928 Sub
1323 3871 1478 3942 cttjus
1525 3871 1779 3927 videlicet

177 3969 373 4042 figurae
400 3969 692 4040 mysterio,
740 3967 1053 4024 sacerdotes
1075 3964 1390 4022 Israeliticae
1435 3963 1607 4034 plebis
1648 3963 1776 4018 olim

177 4059 522 4115 transeundo
558 4056 853 4114 Iordanem
883 4057 1291 4128 praecedebant,
1335 4063 1392 4110 et
1435 4051 1664 4124 populus
1692 4067 1779 4107 se-

177 4150 475 4221 quebatur.
508 4147 614 4204 Sed
643 4163 750 4202 non
785 4146 1029 4203 sullicere
1052 4146 1159 4202 illis
1185 4147 1362 4201 visum
1385 4151 1490 4210 est,
1523 4144 1568 4200 si
1595 4157 1779 4198 sacer-

178 4244 372 4300 dotum
403 4242 780 4298 tantummodo
803 4240 1028 4311 vestigia
1053 4240 1106 4294 in
1131 4239 1365 4293 transitu
1395 4245 1774 4307 sequerentur,

177 4337 291 4394 nisi
324 4345 380 4391 et
406 4334 692 4391 duodecim
721 4332 926 4403 lapides
953 4332 1018 4386 de
1046 4329 1299 4386 Iordanis
1324 4329 1478 4386 alveo
1506 4328 1771 4391 tollerent,

179 4441 352 4502 atque
382 4429 436 4485 in
475 4427 715 4498 Galgalis
742 4441 840 4497 pro
875 4423 1190 4480 testimonio
1218 4432 1499 4494 ponerent.
1537 4438 1555 4472 ε
1592 4421 1776 4491 Elige,

179 4523 367 4594 inquit
395 4522 662 4578 Dominus
705 4519 774 4573 ad
811 4517 998 4584 Iosue,
1031 4515 1314 4572 duodecim
1341 4514 1511 4578 viros,
1542 4511 1781 4583 singulos

178 4631 287 4689 per
337 4613 579 4685 singulas
636 4612 845 4678 tribus,
890 4609 946 4664 et
989 4608 1220 4681 prtecipc
1248 4607 1330 4662 eis
1375 4613 1434 4660 ut
1480 4603 1672 4658 tollant
1717 4603 1782 4658 de

179 4708 372 4766 medio
404 4705 539 4762 alvei
570 4703 850 4769 Iordanis,
877 4701 967 4757 ubi
1008 4701 1240 4754 fixerunt
1267 4695 1576 4754 sacerdotes
1596 4694 1780 4766 pedes,

181 4799 480 4857 duodecim
519 4796 727 4866 lapides
773 4793 1118 4857 durissimos,
1149 4805 1286 4862 quos
1323 4788 1538 4859 ponetis
1575 4788 1627 4842 in
1663 4787 1782 4843 loco

181 4902 499 4950 castrorum
512 4931 524 4953 ,
541 4889 633 4944 ubi
650 4886 877 4941 [herilis
899 4887 1002 4940 hac
1024 4891 1180 4938 nocte
1197 4879 1426 4936 tentoria
1443 4878 1629 4950 (Iosue
1650 4878 1746 4950 tv).
1759 4897 1778 4931 ι

265 4984 345 5042 Ut
371 4991 550 5039 autem
582 4995 690 5036 non
715 4979 918 5045 omnia,
951 4978 1074 5032 licet
1109 4975 1264 5045 plena
1295 4974 1592 5044 mysteriis,
1622 4975 1783 5030 verba

183 5077 508 5140 discutiam,
536 5070 666 5143 quid
690 5086 788 5140 per
825 5071 929 5126 hoc
959 5067 1156 5123 factum
1185 5065 1344 5123 nobis
1373 5063 1646 5129 innuitur,
1680 5065 1784 5121 nisi

183 5183 253 5227 ut
302 5179 587 5240 postquam
641 5162 854 5235 mystici
903 5157 1154 5218 Iordanis
1197 5158 1398 5213 fluenta
1454 5158 1779 5225 transimus,

182 5269 484 5328 postquam
529 5258 595 5312 de
637 5254 836 5310 lavacri
883 5251 1138 5310 salutaris
1181 5252 1331 5308 fonte
1375 5251 1780 5319 consurgimus,

1881 1764 2118 1823 terrena,
2148 1772 2247 1828 per
2265 1774 2448 1829 prava:
2467 1760 2592 1816 vita:
2614 1760 2838 1816 declivia
2866 1763 2932 1816 ad
2957 1771 3185 1817 mortem
3221 1763 3468 1818 tendunt.

1949 1847 2058 1904 Nos
2085 1861 2264 1905 autem
2300 1867 2405 1906 non
2445 1852 2546 1915 sic,
2591 1851 2956 1917 dilectissimi,
2989 1868 3096 1907 non
3132 1852 3229 1917 sic,
3262 1853 3355 1907 sed
3402 1853 3471 1908 ad

1877 1957 2063 1998 veram
2089 1944 2408 2013 sapientiam
2435 1944 2674 2000 animum
2709 1943 3125 2010 transferentes,
3148 1944 3226 1998 sic
3254 1959 3351 2013 per
3377 1943 3473 1999 Dei

1876 2037 2312 2092 misericordiam
2336 2038 2389 2092 in
2419 2038 2684 2092 virtutum
2709 2038 3024 2093 studeamus
3052 2037 3162 2093 alto
3182 2037 3469 2108 proﬁcere,

1875 2137 1937 2183 ut
1967 2127 2020 2181 in
2046 2127 2302 2182 vitiorum
2333 2127 2534 2198 pudeat
2564 2128 2876 2198 voraginem
2909 2127 3202 2182 declinare.
3233 2126 3325 2182 Sic
3349 2141 3474 2197 per-

1876 2233 2187 2274 severemus
2215 2233 2430 2289 semper
2454 2218 2521 2273 ad
2546 2231 2776 2288 superna
2808 2232 3102 2288 properare
3121 2257 3136 2282 ,
3162 2233 3269 2288 quo
3294 2218 3469 2273 tendi-

1877 2328 2030 2378 mus,
2063 2319 2124 2366 ut
2151 2311 2318 2366 divini
2351 2311 2554 2366 amoris
2587 2310 2928 2366 dulcedinem
2957 2311 3012 2365 in
3044 2311 3248 2366 nostris
3268 2310 3474 2382 jugitet'

1877 2402 2150 2458 mentibus
2177 2416 2564 2456 conservemus
2590 2418 2602 2454 ε
2639 2400 2785 2456 illius
2812 2401 2996 2471 itaque
3022 2399 3300 2471 sapientia:
3323 2400 3476 2458 labo-

1879 2510 2062 2552 remus
2089 2496 2385 2567 participes
2415 2494 2556 2560 fieri,
2597 2509 2705 2564 qua
2740 2497 2931 2549 beatus
2974 2492 3210 2549 Ioannes
3235 2509 3334 2564 per
3357 2509 3473 2550 am-

1877 2586 2065 2656 plioris
2121 2586 2309 2657 gratia:
2367 2583 2644 2640 cumulum
2711 2584 2911 2640 meruit
2975 2583 3473 2654 incomparabiliter

1877 2678 2167 2745 illustrari;
2195 2677 2352 2749 cujus
2375 2677 2628 2732 nimirum
2659 2676 2941 2747 splendore
2962 2686 3242 2746 concepto,
3269 2676 3467 2732 caelum

1877 2768 2026 2825 velut
2047 2768 2227 2839 aquila
2258 2775 2539 2839 penetrat,
2569 2768 2642 2822 ita
2673 2778 2732 2822 ut
2757 2777 2938 2823 creata
2964 2776 3157 2822 cuncta
3189 2777 3468 2839 transgre-

1878 2860 2055 2926 diens,
2104 2861 2170 2915 ad
2220 2861 2396 2930 ipsum
2446 2874 2632 2914 rerum
2676 2859 2919 2914 omnium
2969 2859 3227 2914 verticem
3274 2861 3474 2917 mentis

1879 2952 2336 3024 contemplatione
2365 2951 2654 3022 pertingat.

1802 3017 1851 3084 ο
1951 3045 2154 3110 Nostis,
2184 3044 2380 3100 fratres
2424 3045 2562 3111 mei,
2608 3045 2733 3115 quia
2767 3044 2818 3098 in
2852 3044 3034 3099 ntttndi
3069 3046 3338 3099 nascentis
3363 3046 3473 3100 ori-

1879 3136 2222 3214 gine,’tertio
2247 3139 2333 3193 die
2356 3137 2746 3209 germinaverit
2770 3135 2937 3202 terra,
2958 3148 3153 3207 quarto
3175 3137 3295 3191 cmli
3328 3138 3471 3192 facta

1880 3240 2008 3288 sunt
2032 3230 2342 3295 luminaria,
2371 3229 2561 3298 quinto
2587 3227 2825 3282 volatilia
2856 3236 2981 3283 sunt
3010 3239 3190 3283 creata
3222 3227 3374 3294 (Gen.
3408 3229 3468 3300 ι).

1880 3323 2059 3392 Quare
2087 3330 2266 3376 autem
2316 3321 2370 3374 in
2411 3319 2662 3374 creandis
2708 3321 2871 3374 rebus
2901 3320 2988 3374 hic
3029 3320 3163 3374 ordo
3193 3321 3468 3386 cucurrit,

1881 3414 2070 3469 nisiut
2099 3427 2199 3467 nos
2245 3412 2576 3465 iustruemur
2616 3410 2742 3479 quia
2789 3410 2941 3480 prius
2993 3423 3212 3464 necesse
3270 3417 3352 3465 est
3410 3420 3472 3464 ttt

1879 3520 2034 3560 mens
2084 3513 2268 3559 nostra
2309 3502 2603 3555 virentium
2652 3503 2908 3555 virtutum
2956 3515 3118 3572 opera
3163 3503 3465 3573 germinet,

1879 3604 2146 3666 quatenus
2171 3594 2252 3650 sic
2273 3603 2552 3649 mereatur
2580 3592 2819 3647 cmlestis
2850 3594 3080 3663 gratiam
3122 3593 3371 3660 luminis,
3404 3610 3470 3650 ac

1879 3693 2155 3758 postremo
2184 3684 2399 3740 evolare
2425 3684 2602 3738 valeat
2632 3683 2698 3737 ad
2726 3682 3198 3752 contemplandam
3228 3684 3465 3752 speciem

1858 3778 2168 3835 veritatis?
2201 3777 2580 3833 Germinemus
2613 3777 2825 3845 itaque,
2855 3774 3051 3829 fratres
3070 3771 3092 3837 ,’
3117 3785 3174 3829 ιιι
3201 3775 3469 3831 illumine-

1879 3886 2020 3936 mur,
2069 3877 2336 3938 quatenus
2361 3853 2668 3934 illuminati,
2701 3866 2959 3920 virtutum
2990 3867 3183 3937 pennis
3211 3865 3275 3921 ad
3302 3866 3470 3922 coele-

1881 3961 1980 4018 stia
2007 3960 2371 4016 sublevemur.
2398 3957 2516 4014 Non
2547 3973 2648 4014 uos
2684 3957 2868 4013 mundi
2899 3956 3060 4028 hujus
3087 3958 3314 4015 dulcedo
3337 3958 3471 4014 falsa

1880 4053 2205 4119 dentulceat,
2237 4067 2343 4107 non
2374 4052 2611 4106 carnalis
2638 4051 2908 4107 illecebrae
2927 4044 3474 4123 voluptaslnxuriosa

1880 4145 2137 4200 resolvat.
2182 4143 2457 4215 Nusquam
2489 4153 2638 4199 certe
2683 4154 3008 4214 praeceptum
3041 4147 3091 4199 itt
3125 4145 3335 4202 Veteris
3365 4146 3472 4202 Te-

1880 4239 2138 4293 stamenti
2183 4237 2524 4294 caeremoniis
2575 4237 2876 4302 invenitur,
2925 4245 2982 4289 ttt
3029 4236 3135 4289 mel
3185 4236 3472 4291 sacrificiis

1883 4330 2198 4384 misceatur.
2234 4327 2340 4382 Per
2373 4327 2514 4396 quod
2559 4327 2898 4396 intelligitur,
2940 4326 3065 4395 quia
3099 4325 3204 4391 his,
3237 4327 3328 4396 qui
3361 4328 3476 4386 Deo

1882 4422 2009 4476 vitae
2038 4435 2148 4476 suae
2176 4419 2501 4474 sacrificium
2526 4417 2777 4481 offerunt,
2812 4410 3008 4470 nullam
3029 4416 3173 4473 Deus
3201 4418 3472 4474 carnalem

1884 4511 1998 4566 vult
2027 4511 2204 4566 inesse
2232 4509 2592 4575 dulcedinem,
2623 4508 2757 4562 nihil
2796 4509 2850 4563 in
2881 4508 2960 4562 eis
2992 4508 3202 4576 vivere,
3232 4511 3376 4579 quod
3406 4514 3477 4566 a't

1885 4604 2160 4662 carnalem
2189 4601 2464 4672 pertineat
2494 4601 2859 4672 voluptatem;
2906 4597 3090 4655 oleum
3141 4609 3322 4654 autem
3370 4601 3482 4655 fre-

1883 4705 2113 4771 quenter
2160 4695 2468 4750 immittitur
2496 4733 2512 4761 ,
2563 4703 2624 4749 ut
2675 4693 2852 4747 omnis
2895 4700 3102 4750 nostrae
3150 4693 3488 4762 operationis

1859 4791 2084 4847 oblatio
2117 4786 2367 4844 hilariter
2393 4785 2690 4843 oﬂ‘eratttr:
2728 4805 2745 4837 ι
2786 4783 3028 4838 Hilarem
3059 4787 3209 4842 enim
3237 4783 3492 4842 datorem

1889 4883 2061 4954 diligit
2110 4880 2254 4936 Deus
2308 4879 2395 4950 (II
2441 4876 2565 4933 Cor.
2597 4875 2697 4948 ιι).
2734 4896 2753 4929 ι
2796 4877 2854 4931 1η
2885 4876 3151 4935 omnibus
3202 4874 3365 4929 etiam
3415 4881 3509 4935 sat

1882 4974 2106 5044 jubetur
2138 4964 2452 5036 admisceri,
2484 4978 2544 5024 ttt
2565 4984 2726 5025 omne
2751 4966 2880 5024 boni
2916 4971 3113 5035 operis
3144 4965 3514 5030 sacrificium,

1889 5068 2139 5133 rationis,
2170 5063 2546 5128 discretionis,
2583 5077 2648 5119 ac
2682 5059 2922 5118 caelestis
2965 5059 3263 5132 sapientiae
3292 5057 3404 5111 sale
3431 5059 3525 5118 si;

1888 5163 2192 5218 conditum.

1962 5253 2074 5309 Hoc
2099 5255 2283 5305 autem
2313 5251 2508 5306 divinae
2536 5246 2814 5319 sapientiae
2844 5254 2983 5307 sate,
3031 5251 3136 5304 ita‘
3155 5240 3335 5300 omnis
3361 5239 3531 5299 beati
