3978 5328
536 422 642 480 875

1152 420 1211 476 s.
1254 417 1457 475 PETRI
1494 418 1780 475 DAMIANl
1815 369 1965 475 ore.
1995 409 2173 475 rans
2209 418 2340 479 seu
2370 421 2606 484 TOMUS
2642 424 2709 483 ιι.
2746 456 2815 469 -
2845 425 3238 485 SERMONES.

3705 428 3812 497 8⁸η

543 538 815 610 speculum
864 550 1028 600 .ncis,
1074 533 1346 606 logotlteta
1392 532 1725 600 divinitatis,
1768 530 1940 588 forma
1979 532 2121 600 fidei,
2150 542 2197 603 Α
2231 553 2330 593 vox
2378 539 2574 596 divinae
2617 541 2918 612 majestatis
2966 542 3234 607 intonuit,
3283 520 3515 597 dicens:
3569 558 3591 593 ι
3628 541 3806 615 Euge,

537 647 782 688 comnma
827 628 984 700 351
1036 626 1189 689 coeli,
1236 625 1566 681 architectus
1609 626 1719 681 reri
1766 625 2117 694 tabernaculi,

535 722 678 793 quod
724 720 839 774 ﬁxit
872 720 1044 781 Deus,
1076 725 1130 771 et
1175 732 1279 770 non
1330 717 1510 771 homo.
1563 714 1698 770 Nam
1740 725 1793 771 et
1837 716 2119 775 cherubim

528 812 652 884 jure
688 809 1034 882 perhibetur,
1070 807 1159 876 qui
1205 806 1445 861 scientia:
1475 805 1862 876 plenitudinem
1906 823 1973 862 ex
2004 808 2120 877 ipso

536 905 916 973 Redemptoris
944 892 1161 972 pectore
1187 900 1491 972 percepisse
1513 900 1874 970 cognoscitur.

606 996 991 1051 Verumtamen
1037 1008 1159 1047 cum
1208 1007 1307 1047 nos
1336 990 1735 1060 quantumlibet
1763 990 1956 1047 eﬂ‘erre
1984 1008 2118 1048 con-

538 1089 825 1149 tendimus,
872 1083 1207 1142 celsitudinis
1248 1080 1364 1151 ejus
1408 1084 1603 1138 merita
1644 1099 1749 1139 non
1796 1100 2115 1154 :equamus;

535 1182 661 1252 quia
709 1182 801 1250 qui
852 1179 1048 1233 divinae
1079 1175 1251 1231 laudis
1296 1174 1569 1245 praeconia
1615 1175 1845 1241 meruit,
1895 1174 1961 1229 ad
2001 1175 2118 1245 ejus

534 1274 695 1346 digne
732 1270 1085 1328 collaudanda
1129 1271 1325 1326 merita
1355 1270 1606 1325 humanae
1637 1268 1829 1339 lingua:
1856 1268 2119 1341 fragilitas

535 1379 641 1419 non
688 1363 940 1433 assurgit.
987 1360 1106 1431 Ipse
1150 1361 1348 1431 quippe
1390 1360 1506 1430 ejus
1536 1368 1620 1415 est
1657 1359 1809 1426 laus,
1838 1360 1929 1430 qui
1959 1360 2035 1416 illi
2062 1370 2119 1417 et

532 1454 660 1509 olim
685 1454 939 1524 pretium,
968 1461 1019 1507 et
1047 1466 1188 1507 nunc
1218 1451 1391 1507 factus
1420 1460 1504 1506 est
1525 1451 1827 1521 praemium.

603 1545 708 1599 Per
736 1546 895 1616 hujus
921 1560 1049 1615 ergo
1074 1544 1298 1613 vestigia
1322 1583 1336 1607 ,
1386 1542 1742 1609 dilectissimi,
1775 1542 1842 1598 ad
1879 1542 2115 1599 Redem-

530 1650 740 1713 ptorem
770 1648 1010 1694 nostrum
1036 1638 1192 1707 pleno
1215 1636 1394 1692 cordis
1418 1650 1603 1691 amore
1624 1635 1930 1703 tendamus,
1954 1636 2116 1707 hujus

528 1737 832 1793 doctrinam
883 1733 1029 1788 velut
1074 1746 1356 1786 coruscam
1407 1731 1459 1783 in
1520 1728 1759 1784 tenebris
1810 1729 2115 1799 lampadem

528 1828 733 1884 nostris
778 1839 992 1895 semper
1030 1822 1306 1894 gressibus
1346 1820 1720 1893 praeferamus.
1767 1817 1973 1874 Pudeat
1996 1818 2113 1887 jam

531 1920 763 1976 terrenis
792 1918 1126 1981 incumbere,
1159 1915 1250 1985 qui
1279 1929 1375 1984 per
1400 1912 1514 1983 spei
1547 1911 1875 1966 desiderium
1900 1910 1967 1963 ad
1997 1925 2109 1965 cte-
2141 1924 2188 1983 ιι

527 2015 714 2067 Ιεειειη
748 2011 1012 2081 coepimus
1032 2008 1260 2081 gloriam
1288 2006 1567 2060 festinare.
1593 2004 1695 2071 Qui
1723 2003 1790 2057 ad
1812 2001 2110 2058 cmiestium

526 2107 838 2175 nuptiarum
858 2103 1082 2159 delicias
1100 2109 1375 2171 properat,
1394 2112 1622 2154 terrenae
1640 2095 1932 2166 voluptatis
1954 2110 2110 2151 cceno

526 2197 756 2252 volutari
796 2198 1080 2257 erubescat
1122 2212 1135 2248 :
1170 2193 1261 2263 qui
1310 2190 1479 2246 titulis
1525 2188 1782 2261 angelica:
1829 2188 2111 2259 dignitatis

526 2289 712 2343 ornari
746 2296 927 2357 sperat
971 2287 1026 2340 in
1073 2286 1250 2356 patria
1296 2281 1573 2354 dignitatis
1614 2280 1791 2335 locum
1831 2281 1886 2336 in
1920 2280 2111 2334 exsilio

526 2398 632 2439 non
668 2383 929 2452 requirat.
971 2379 1245 2434 Incassum
1276 2390 1437 2448 porro
1479 2374 1694 2430 terrena
1731 2372 1881 2427 lucra
1908 2387 2110 2439 conge-

525 2478 717 2541 rimus,
749 2474 843 2546 qui
867 2473 1082 2528 divitias
1102 2467 1437 2526 immortales
1454 2467 1511 2521 in
1538 2464 1689 2535 regni
1717 2463 1955 2519 cmlcstts
1978 2479 2114 2518 :era-

525 2572 608 2626 rio
635 2569 993 2640 possidemus.
1026 2563 1198 2633 Quem
1234 2562 1401 2634 igitur
1430 2559 1643 2630 pondus
1674 2566 1901 2612 terrente
1926 2570 2115 2611 corru-

524 2665 728 2734 ptionis
754 2667 1034 2730 aggravat,
1072 2670 1252 2712 rerum
1291 2651 1630 2708 extrinsecus
1660 2646 1992 2703 aﬂluentium
2023 2661 2111 2701 (ιο⁴

525 2757 613 2825 pia
638 2772 745 2809 non
781 2751 1021 2807 extollat.
1053 2748 1155 2816 Qui
1184 2748 1250 2802 ad
1276 2746 1378 2801 hoc
1408 2742 1735 2799 constitutus
1763 2746 1868 2803 est,
1897 2747 1953 2791 ut
1986 2735 2114 2791 totis

524 2824 731 2899 viribus
774 2843 978 2911 jugiter
1031 2855 1154 2895 cum
1204 2834 1518 2891 adversario
1566 2830 1825 2894 dimicet,
1879 2824 2115 2897 torporis

527 2940 669 2992 hunc
696 2945 752 2992 et
774 2933 1117 3005 negligentiae
1140 2928 1426 2984 dissolutio
1463 2940 1571 2979 non
1609 2928 1853 2978 enervet.
1884 2918 1974 2974 Sic
1994 2958 2008 2983 ,
2036 2917 2115 2974 sic

421 3058 435 3067 -
526 3044 623 3098 per
651 3028 845 3082 divinas
872 3026 1090 3096 pietatis
1128 3021 1410 3088 auxilium,
1433 3027 1490 3074 et
1513 3016 1773 3073 ﬂorentes
1799 3013 2110 3076 virtutibus,

527 3130 582 3175 et
625 3120 771 3173 vitiis
819 3116 1098 3187 repudium
1148 3115 1360 3179 dantes,
1414 3111 1463 3167 si
1507 3110 1598 3166 hic
1642 3123 1764 3164 eum
1811 3105 2111 3175 sequimur,

526 3213 617 3280 qui
670 3209 830 3264 nobis
881 3209 984 3262 iter
1032 3205 1211 3260 crucis
1257 3201 1528 3267 ostendit,
1573 3198 1700 3253 illuc
1733 3196 2112 3266 perveniemus

2225 643 2381 685 serve
2405 630 2546 686 bone
2572 640 2627 686 et
2659 630 2833 686 fidelis
2848 673 2864 700 ,
2906 632 3034 701 quia
3058 647 3221 702 super
3241 647 3412 703 pauca
3438 631 3592 687 fuisti
3615 632 3805 702 fidelis,

2221 736 2384 792 supra
2413 723 2582 777 multa
2610 732 2663 778 te
2686 724 3046 788 constituam,
3094 725 3235 779 intra
3264 724 3428 796 352
3456 724 3516 780 in
3549 726 3808 796 gaudium

2219 816 2438 873 Domini
2465 817 2540 871 tui
2572 815 2792 886 (Matth.
2815 817 2965 889 xxv).
2988 836 3008 871 ι
3034 817 3091 873 In
3120 816 3208 874 illa
3232 816 3528 873 festivitate
3550 816 3808 874 Dominus

2219 908 2387 964 exivit
2413 908 2481 963 de
2506 918 2660 964 utero
2691 908 2958 982 Virginis,
3000 909 3054 962 in
3082 909 3186 963 ista
3215 907 3540 964 venerabilis
3567 906 3688 978 ejus
3724 907 3806 963 fa-

2221 1000 2398 1056 mulus
2422 1014 2676 1072 egressus
2703 1009 2786 1056 est
2816 1000 2882 1055 de
2903 998 3179 1072 ergastulo
3197 999 3404 1055 carnis.
3434 997 3495 1053 In
3520 998 3614 1053 illa
3647 997 3805 1054 Cbri~

2220 1100 2338 1147 stus
2364 1106 2463 1162 pro
2487 1091 2642 1146 nobis
2671 1098 2754 1146 est
2780 1090 2976 1161 pannis
3012 1089 3305 1156 involutus,
3340 1089 3394 1143 in
3417 1090 3522 1144 ista
3553 1091 3806 1145 sacerdos

2220 1182 2336 1254 ejus
2361 1183 2500 1241 stola
2533 1194 2615 1240 est
2648 1184 2717 1240 ab
2744 1198 2808 1238 eo
2838 1183 3267 1239 immortalitatis
3293 1184 3535 1239 indutus.
3577 1182 3673 1238 llle
3711 1174 3806 1237 an;

2218 1275 2428 1347 gustias
2475 1276 2681 1329 intrare
2712 1289 2819 1330 non
2848 1274 3169 1345 dedignatus
3213 1283 3298 1329 est
3339 1274 3505 1342 uteri,
3552 1282 3615 1328 ut
3661 1274 3810 1347 istius

2219 1368 2459 1422 animam
2484 1365 2713 1423 latitudo
2737 1365 3040 1436 susciperet
3059 1364 3203 1421 creti.
3227 1356 3319 1421 ille
3343 1364 3631 1421 descendit
3651 1380 3810 1421 carne

2218 1460 2448 1526 velatus,
2480 1469 2539 1515 ut
2565 1460 2665 1515 iste
2694 1459 3015 1515 ascenderet
3048 1458 3187 1515 stola
3213 1458 3399 1531 gloriae
3427 1459 3739 1515 decoratus.

2288 1551 2659 1619 Considerate,
2692 1549 2887 1609 fratres
2915 1552 3248 1618 charissimi,
3292 1560 3533 1623 quantus
3587 1568 3675 1606 vrr
3710 1542 3810 1609 iste

2216 1642 2407 1710 fuerit,
2433 1660 2594 1714 quam
2620 1644 2852 1715 pleniter
2876 1643 3050 1711 illum,
3074 1653 3132 1698 ut
3156 1658 3345 1700 revera
3375 1644 3807 1700 sacratissimum

2221 1734 2499 1804 templum,
2541 1733 2778 1804 Spiritus
2803 1742 3027 1789 sanctus
3062 1733 3482 1797 inhabitaverit,
3533 1731 3629 1803 qui
3667 1740 3723 1788 et
3758 1732 3810 1789 in

2219 1841 2351 1896 pace
2394 1834 2594 1880 sancta:
2637 1825 2917 1896 Ecclesiae.
2940 1833 3018 1880 tot
3060 1824 3339 1880 tniraculis
3380 1823 3717 1879 coruscavit.
3755 1820 3809 1876 in

2214 1917 2373 1972 initio
2409 1918 2605 1987 quippe
2634 1918 2907 1972 nascentis
2932 1915 3187 1971 Ecclesia:
3234 1914 3309 1969 illi
3352 1916 3519 1970 etiam
3548 1914 3809 1970 miracula

2216 2007 2509 2074 faciebant,
2541 2010 2630 2077 qui
2656 2008 2835 2062 facere
2856 2008 3013 2079 signa
3041 2007 3188 2079 digni
3208 2020 3319 2062 non
3344 2004 3596 2063 fuerant:
3619 2014 3672 2061 et
3697 2007 3809 2063 sine

2221 2100 2514 2155 virtutibus
2538 2113 2750 2154 morum
2779 2098 3021 2169 plerique
3042 2098 3383 2153 excellebant
3404 2099 3613 2152 virtute
3634 2098 3811 2168 signo-

2216 2208 2359 2249 rum.
2400 2191 2549 2247 Unde
2578 2200 2635 2247 et
2659 2191 2771 2260 ipsa
2798 2188 3009 2245 Veritas
3041 2190 3209 2244 dicit:
3247 2209 3265 2241 ι
3294 2188 3447 2244 Multi
3473 2189 3662 2244 dicent
3682 2188 3807 2243 mihi

2216 2286 2307 2341 illa
2334 2285 2470 2339 die:
2505 2284 2765 2350 Domine,
2813 2283 3067 2361 Domine,
3120 2298 3299 2339 nonne
3348 2284 3404 2338 in
3452 2283 3678 2338 nomine
3723 2294 3809 2338 tuo

2215 2375 2691 2448 prophetavimus?
2714 2375 2970 2430 uounein
2995 2374 3216 2430 nomine
3238 2382 3332 2429 tuo
3358 2374 3590 2430 virtutes
3617 2373 3810 2428 multas

2213 2467 2477 2524 fecimus?
2498 2467 2563 2523 Et
2595 2476 2719 2522 tunc
2742 2466 3041 2522 confitebor
3067 2465 3171 2521 illis
3195 2484 3208 2521 :
3235 2465 3371 2534 Quia
3396 2479 3506 2521 non
3530 2466 3661 2520 novi
3684 2479 3807 2531 vos;

2216 2560 2656 2625 discediteame,
2687 2558 2922 2627 operarii
2952 2557 3254 2628 iniquitatis
3284 2555 3503 2629 (Matth.
3534 2556 3657 2628 vn).
3688 2574 3707 2609 ι
3742 2553 3810 2611 Ut

2198 2653 2364 2729 enim
2391 2652 2460 2707 ad
2497 2651 2658 2706 fidem
2688 2661 2959 2706 cresceret
2999 2661 3184 2706 sancta
3216 2649 3495 2716 Ecclesia,
3533 2649 3809 2705 miraculis

2214 2744 2396 2800 fuerat
2440 2745 2760 2811 nutrienda;
2791 2744 2921 2815 quia
2949 2755 3007 2801 et
3044 2760 3143 2801 nos
3171 2760 3293 2800 cum
3330 2745 3558 2800 arbusta
3603 2743 3808 2814 planta-

2200 2852 2373 2902 ‘mus,
2424 2838 2608 2893 taudiu
2652 2839 2732 2894 eis
2762 2853 2957 2909 aquam
3000 2836 3309 2902 fundimus,
3348 2852 3639 2908 quousque
3662 2851 3726 2891 ea
3752 2835 3807 2889 in

2219 2939 2363 2986 terra
2393 2930 2729 2986 convaluisse
2756 2931 3031 2985 videmus:
3058 2938 3115 2984 at
3143 2931 3189 2985 si
3216 2930 3382 2986 semel
3404 2930 3650 2984 radicem
3677 2928 3807 2983 fixe-

2219 3033 2350 3087 rtnt,
2369 3022 2613 3092 irrigatio
2632 3022 2865 3077 cessabit
2886 3022 2934 3091 (ί
2949 3019 3059 3091 l8).
3076 3019 3215 3075 Hinc
3234 3027 3319 3075 est
3335 3019 3483 3075 enim
3510 3020 3658 3090 quod
3678 3017 3810 3072 Pan-

2218 3112 2303 3168 lus
2341 3114 2512 3172 dicit:
2551 3132 2571 3165 ι
2612 3111 2837 3185 Linguae
2872 3114 2925 3168 in
2954 3113 3168 3184 signum
3205 3119 3334 3168 sunt
3372 3126 3483 3167 non
3530 3112 3808 3175 fidelibus,

2220 3208 2312 3261 sed
2342 3206 2647 3261 infidelibus
2676 3206 2726 3278 (l
2757 3206 2882 3261 Cor.
2915 3206 3048 3279 xtv).

527 3306 596 3361 ad
625 3319 772 3370 eum,
805 3303 918 3373 qui,
961 3300 1171 3355 calcato
1211 3297 1402 3352 mortis
1446 3296 1714 3367 imperio,
1742 3292 1941 3348 eminus
1988 3305 2110 3343 cum
2140 3288 2186 3351 C
2290 3297 2396 3351 Sed
2426 3313 2550 3352 cum
2578 3298 2683 3353 ista
2714 3296 2970 3366 dicimus,
2994 3296 3344 3367 quastioan
3369 3295 3529 3351 nobis
3550 3294 3681 3350 oriri
3702 3309 3809 3349 non

527 3394 841 3465 triumphali
879 3393 1050 3465 gloria
1093 3389 1417 3463 penetravit,
1447 3386 1606 3443 Jesus
1633 3385 1882 3443 Christus
1928 3379 2115 3437 Domi-

525 3501 629 3542 nus
656 3494 863 3552 noster,
891 3485 984 3554 qui
1015 3499 1138 3539 cum
1164 3482 1325 3536 Patre
1357 3491 1414 3536 et
1450 3479 1655 3550 Spiritu
1686 3476 2038 3533 sanctO‘vivit
2058 3482 2114 3529 et

523 3586 718 3650 regnat
744 3591 838 3646 per
871 3574 1053 3629 omnia
1079 3573 1275 3628 saecula
1298 3570 1639 3627 saeculorum.
1665 3568 1862 3623 Amen.

1101 3683 1336 3740 SERMO
1371 3682 1535 3739 LXV.

523 3795 593 3835 ’Β
635 3794 843 3837 ωποτο
885 3791 1224 3919 ειηλτὶηο
1260 3789 1598 3916 mansero
1643 3790 1712 3830 ΕΙ·
1754 3784 2109 3829 αοεηθεοιιε.

1130 3863 1260 3904 XXXI
1286 3861 1514 3902 DECEIB.

1130 3863 1260 3904 XXXI
1286 3861 1514 3902 DECEIB.

595 3947 776 4018 Nuper
805 3945 1225 4010 celebravimus,
1254 3942 1455 3997 fratres
1495 3937 1825 4001 citatissimi,
1867 3933 2114 3991 ineﬂ‘abi—

524 4039 632 4095 lein
658 4038 1036 4107 Redemptoris
1064 4035 1235 4090 nostri
1266 4033 1632 4095 nativitatem,
1666 4044 1810 4083 nunc
1836 4027 2112 4099 geminato

530 4127 892 4183 soleutnitatis
921 4126 1117 4197 gaudio
1148 4122 1513 4179 venerabilem
1542 4120 1771 4175 colimus
1805 4116 2108 4173 beatissimi

526 4220 828 4275 sacerdotis
847 4218 965 4288 ejus
991 4217 1434 4286 assumptionem.
1464 4215 1519 4266 In
1553 4212 1640 4265 illa
1665 4210 1962 4266 festivitate
1993 4208 2113 4263 Sal-

504 4323 685 4369 .vator
723 4320 940 4375 noster,
963 4309 1282 4363 obumbrata
1315 4304 1612 4374 majestatis
1648 4319 1761 4359 suae
1794 4303 1994 4373 specie,
2022 4301 2112 4358 (ιθ

524 4407 737 4464 scendit
757 4405 809 4460 in
835 4403 1125 4467 mundum;
1156 4402 1209 4455 in
1233 4400 1335 4454 ista
1357 4397 1778 4471 gloriosissimus
1799 4396 1917 4466 ejus
1938 4396 2113 4450 famu-

520 4498 891 4569 lus,deposito
910 4492 1471 4565 corruptibiliscarnis
1492 4492 1751 4561 pondere,
1760 4489 1904 4556 liber
1923 4504 2113 4544 ascen-

523 4594 620 4649 dit.
650 4593 708 4648 lu
762 4591 849 4646 illa
884 4589 1204 4660 Unigenitus
1225 4587 1319 4641 Dei
1347 4584 1514 4640 Filius
1537 4583 1892 4639 humanitatis
1914 4591 2111 4637 nostrae

524 4685 755 4742 formam
783 4700 883 4755 pro
921 4692 1103 4739 nostra
1152 4680 1326 4736 salute
1366 4679 1636 4750 suscepit;
1680 4678 1735 4731 in
1768 4679 1874 4732 ista
1919 4677 2110 4730 beatus

522 4777 801 4835 confessor
838 4774 956 4843 ejus
993 4774 1062 4830 ad
1105 4772 1361 4843 angelica:
1386 4767 1997 4838 beatitudinisspeciem
2024 4767 2107 4820 fe-

523 4873 615 4929 lici
643 4882 818 4927 morte
854 4870 1120 4942 pervenit.
1164 4868 1222 4923 ln
1266 4868 1357 4922 illa
1395 4865 1740 4921 solemnitate
1775 4862 2109 4933 Redemptor

523 4974 711 5020 noster
735 4964 973 5034 trophao
990 4962 1172 5017 carnis
1193 4960 1433 5023 indutus,
1458 4955 1898 5012 addebellandas
1919 4965 2110 5008 aereas

518 5054 904 5108 mteatatesin
928 5053 1191 5111 nudum
1230 5050 1577 5116 praeliaturus
1618 5045 1882 5112 accessit;
1918 5044 1977 5099 in
2007 5043 2111 5099 ista

2215 3390 2333 3444 sine
2368 3389 2548 3460 aliqua
2593 3388 2907 3445 ditlicultate
2934 3389 3202 3445 videmus.
3232 3388 3288 3443 Si
3319 3389 3467 3444 enim
3492 3389 3655 3460 signa
3682 3403 3807 3459 pru-

2214 3494 2337 3552 prer
2367 3480 2612 3537 infideles
2634 3482 2760 3537 data
2787 3495 2909 3538 esse
2937 3482 3210 3547 dicuntur,
3234 3468 3367 3550 quid
3396 3489 3482 3535 est
3507 3480 3639 3546 hoc,
3669 3464 3809 3550 quod

2214 3573 2549 3644 Redemptor
2570 3584 2757 3631 noster
2781 3574 2836 3629 in
2864 3575 3041 3645 patria
3066 3590 3163 3630 sua
3206 3585 3431 3645 propter
3460 3574 3811 3630 incredulita-

2219 3676 2325 3722 tem
2373 3666 2652 3725 hominum
2693 3666 2782 3722 vix
2829 3682 3031 3738 paucas
3062 3668 3290 3723 virtutes
3336 3667 3525 3722 facere
3573 3667 3812 3738 potuisse

2214 3756 2563 3827 perhibetur?
2586 3756 2740 3812 Sient
2766 3758 2910 3812 enim
2941 3757 3155 3813 Marcus
3180 3758 3515 3829 evangvlista
3548 3767 3810 3813 testatur:

2221 3869 2240 3903 ι
2271 3850 2420 3906 Multi
2447 3852 2730 3907 audientes
2758 3850 3170 3907 admirabantur
3195 3851 3249 3905 in
3285 3851 3537 3906 doctrina
3564 3850 3710 3919 ejus,
3738 3849 3814 3906 dt-

2214 3952 2434 3999 centes:
2464 3941 2619 3998 Unde
2653 3944 2779 3998 huic
2811 3944 2924 3997 luec
2949 3943 3167 3999 omnia?
3187 3943 3256 3996 Et
3272 3958 3395 4012 qua:
3414 3952 3501 3996 est
3523 3941 3815 4011 sapientia,

2213 4049 2336 4106 qua:
2360 4035 2489 4090 data
2516 4042 2601 4090 est
2631 4033 2743 4100 illi,
2788 4041 2844 4088 et
2873 4034 3100 4087 virtutes
3128 4032 3303 4095 tales,
3347 4045 3470 4102 quae
3498 4047 3600 4101 per
3628 4044 3817 4086 ntanus

2213 4126 2332 4197 ejus
2354 4123 2696 4181 efﬁciuntur?
2725 4123 2917 4180 Nonne
2943 4125 3032 4180 hic
3055 4133 3142 4178 est
3168 4122 3303 4178 fabri
3354 4123 3501 4178 filius
3524 4132 3583 4177 et
3602 4122 3811 4186 Maria;

2212 4218 2384 4274 frater
2401 4217 2609 4280 Jacobi,
2626 4226 2683 4272 et
2703 4216 2947 4289 Iosephi,
2971 4228 3026 4272 et
3048 4215 3223 4280 Judze,
3244 4225 3299 4270 et
3321 4214 3609 4270 Simonis?
3634 4215 3815 4269 Nonne

2212 4319 2270 4366 et
2297 4326 2515 4367 sorores
2542 4311 2662 4380 ejus
2693 4309 2975 4365 nobiscum
3001 4309 3164 4364 sunt?
3201 4308 3266 4362 Et
3296 4306 3816 4361 scandalizahantur

2213 4405 2267 4459 in
2308 4403 2417 4458 illo.
2462 4422 2485 4456 ι
2520 4401 2671 4457 Unde
2710 4411 2765 4457 et
2808 4401 2970 4471 paulo
3018 4408 3141 4471 post
3182 4399 3477 4454 subditur:
3531 4416 3553 4450 ε
3608 4399 3675 4454 Ει
3717 4412 3813 4452 non

2213 4506 2425 4569 poterat
2452 4498 2526 4552 ibi
2555 4496 2813 4552 virtutem
2858 4494 3019 4550 ullam
3045 4492 3250 4560 facere,
3284 4491 3391 4548 nisi
3435 4492 3586 4562 quod
3618 4504 3816 4561 paucos

2217 4590 2465 4646 infirmos
2510 4589 2781 4659 impositis
2826 4587 3081 4644 manibus
3119 4585 3379 4651 curavit;'
3411 4594 3468 4638 et
3514 4585 3815 4639 mirabatur

2140 4653 2188 4711 Β
2215 4693 2435 4757 propter
2473 4653 2908 4739 incredulitatem
2936 4680 3147 4735 illorum
3176 4678 3406 4748 (Matth.
3432 4692 3537 4732 xttt
3552 4680 3597 4748 ).
3628 4696 3650 4729 ι
3683 4675 3814 4743 Quid

2210 4787 2298 4834 est
2328 4778 2453 4841 hoc,
2484 4773 2705 4841 fratres,
2735 4773 2863 4843 quia
2892 4771 3094 4829 Paulus
3120 4768 3351 4825 atlirmat
3383 4770 3539 4841 signa
3569 4784 3671 4840 pro
3702 4769 3814 4822 intl-

2214 4868 2426 4925 delibus
2455 4868 2579 4922 data
2598 4907 2614 4932 ,
2647 4865 2861 4922 Marcus
2888 4865 3087 4921 asserit
3112 4874 3335 4936 propter
3368 4861 3624 4917 inﬁdeles
3654 4862 3813 4916 fuisse

2214 4958 2768 5029 subtractaHlarc.
2801 4959 2901 5031 vt.)
2930 4957 3186 5028 Nunquid
3220 4957 3531 5012 contrarias
3571 4956 3715 5010 inter
3753 4967 3809 5008 se

2216 5053 2447 5109 invicem
2474 5051 2725 5122 proferre
2750 5050 3049 5108 sententias
3075 5058 3320 5120 possunt.
3351 5048 3442 5104 oui
3470 5062 3578 5103 unc
3607 5046 3804 5102 Soirita
