3978 5328
559 496 664 554 879

1127 491 1185 546 S.
1217 490 1418 547 PETRI
1458 489 1738 548 DAMIANI
1771 488 1920 547 OPP.
1959 465 2141 548 PARS.
2178 490 2312 550 εει]
2351 489 2586 549 TOMUS
2623 491 2688 548 ll.
2719 473 2790 534 4-
2819 486 3206 548 SERMONES.

3715 491 3816 548 880

553 609 854 678 stinguunt,
872 605 1056 675 sicque
1073 619 1171 674 per
1191 603 1570 660 abstinentiam
1593 604 1751 660 morti
1772 604 2138 675 appropriant,
2168 609 2218 669 Α
2244 620 2341 676 per
2377 620 2470 662 eas
2499 604 2661 660 totius
2685 603 2866 658 mundi
2908 603 3162 660 decernat
3189 600 3471 674 caliginem
3517 601 3816 670 illustrare;

553 707 615 753 ut
641 711 776 760 pene
801 694 1040 765 quotidie
1065 694 1355 750 morientes
1377 694 1580 760 vivant,
1606 694 1700 750 sed
1725 695 1791 750 ad
1819 695 1922 751 hoc
1942 694 2134 750 huma-

551 805 655 846 nos
680 788 867 845 oculos
891 796 1158 858 quaerunt,
1188 786 1564 842 admirationis
1588 786 1814 855 gloriam
1840 794 2096 857 expetunt
2121 803 2134 840 :

551 880 791 937 Veritate
831 887 1140 943 attestante,
1180 893 1300 948 quae
1345 877 1466 932 ait:
1515 896 1533 928 ε
1564 876 1943 932 Exterminant
1989 877 2134 932 enim

551 975 724 1030 facies
787 989 930 1037 suas,
993 981 1049 1026 ut
1117 978 1409 1041 appareant
1477 969 1786 1025 hominibus
1833 967 2139 1040 jejunantes

551 1065 767 1137 (Matth.
802 1064 897 1133 vi).
934 1083 951 1115 ι
1003 1061 1136 1117 Nam
1167 1076 1260 1116 ora
1296 1060 1617 1132 pallescunt,
1643 1075 1839 1131 corpus
1862 1060 2138 1116 debilitate

551 1158 814 1227 quatitur,
849 1163 1038 1226 pectus
1066 1151 1582 1224 interrumpentibus
1607 1152 1854 1223 suspiriis
1878 1160 2134 1222 urgetur;

551 1249 646 1304 sed
671 1249 812 1302 inter
835 1249 949 1302 haec
972 1247 1039 1300 ab
1061 1260 1155 1299 ore
1173 1245 1540 1314 proximorum
1567 1258 1744 1298 sermo
1768 1242 2140 1299 admirationis

552 1340 835 1407 quaeritur,
871 1337 1108 1405 nihilque
1142 1351 1241 1406 pro
1270 1344 1416 1390 tanto
1443 1336 1628 1392 labore
1653 1336 1819 1402 aliud,
1850 1335 1952 1391 nisi
1990 1336 2140 1392 aesti-

550 1431 718 1487 matio
748 1432 1009 1493 humana,
1039 1429 1325 1497 cogitatur.

623 1519 786 1590 355
814 1519 1152 1589 Perpendite,
1191 1517 1524 1572 dilectissimi
1565 1519 1762 1573 fratres
1804 1518 1930 1583 mei,
1977 1532 2139 1589 quam

551 1611 880 1666 miserabilis
923 1610 1187 1664 vecordiae
1220 1618 1303 1664 est
1329 1609 1600 1667 laboriose
1646 1625 1838 1680 agere,
1865 1619 1920 1664 et
1948 1611 2016 1666 ab
2043 1625 2140 1667 ore

550 1703 829 1756 hominum
860 1700 1045 1755 laudes
1074 1699 1313 1764 inhiare;
1358 1699 1482 1754 forti
1512 1716 1677 1771 Opere
1717 1702 2000 1773 praeceptis
2027 1717 2140 1758 cm-

547 1792 772 1846 lestibus
795 1791 1078 1854 inservire,
1103 1790 1194 1845 sed
1220 1801 1446 1845 terrena:
1468 1792 1836 1847 retributionis
1859 1794 2138 1862 praemium

547 1898 813 1951 quaerere.
861 1881 1013 1937 Sicut
1042 1882 1185 1935 enim
1235 1881 1422 1960 beatus
1452 1882 1526 1936 ait
1550 1881 1864 1953 Gregorius,
1908 1885 1998 1953 qui
2043 1899 2140 1955 pro

2239 706 2296 751 ut
2331 697 2458 752 dum
2486 695 2738 768 fulgentia
2765 705 2913 750 astra
2943 696 3155 751 radiare
3183 711 3281 768 per
3309 696 3433 752 cmli
3465 694 3684 751 climata
3706 713 3820 753 cer-

2237 787 2438 853 nimus,
2467 787 2731 844 inoffenso
2769 788 2904 859 pede
2935 788 3116 860 operis
3143 789 3247 845 iter
3279 799 3479 844 nostra:
3507 789 3687 846 noctis
3710 806 3820 846 am-

2237 877 2503 932 bulemus.
2552 876 2707 934 Sicut
2748 879 2892 934 enim
2937 878 3234 934 matutinus
3271 877 3464 934 lucifer
3489 879 3662 936 solem
3690 896 3823 950 prae

2238 969 2437 1026 cedens
2481 969 2551 1026 ab
2586 969 2846 1027 Orientali
2897 970 3048 1041 prius
3095 970 3250 1044 plaga
3294 973 3597 1043 consurgit,
3631 972 3822 1028 deinde

2238 1057 2519 1114 meridiani
2558 1058 2790 1115 climatis
2835 1059 3115 1130 superiora
3164 1061 3610 1116 conscendit:ad
3647 1070 3823 1117 extre-
3879 1077 3884 1079 ·

2235 1163 2386 1204 mum
2429 1163 2642 1221 quoque
2666 1164 2869 1221 pronus
2895 1149 2949 1205 in
2981 1150 3264 1206 occiduum
3306 1165 3464 1206 axem
3509 1151 3717 1223 vergit;
3748 1153 3825 1207 sic

2238 1239 2514 1307 nimirum,
2545 1241 2624 1296 sic
2649 1240 2992 1297 beatissimus
3015 1239 3294 1297 confessor
3317 1242 3516 1298 Christi
3539 1242 3823 1298 Barbatia-

2238 1345 2361 1396 nus,
2400 1331 2465 1387 de
2492 1329 2842 1386 Antiochenis
2887 1329 3109 1398 finibus,
3153 1332 3293 1387 unde
3319 1332 3584 1388 oriundus
3629 1332 3824 1399 fuerat,

2238 1422 2392 1487 exiit,
2429 1430 2485 1476 et
2528 1420 2757 1476 Romam
2791 1422 3179 1491 pertransiens,
3219 1423 3384 1477 multa
3423 1439 3547 1480 eam
3595 1427 3826 1480 miracu-

2238 1514 2415 1572 lorum
2463 1513 2580 1570 luce
2630 1513 2867 1585 perfudit
2914 1532 2928 1569 :
2976 1523 3254 1584 postremo
3292 1515 3610 1571 Ravennam
3661 1534 3828 1588 usque

2237 1605 2580 1679 perveniens,
2620 1603 2916 1669 Christum,
2948 1606 3039 1677 qui
3078 1614 3162 1662 est
3197 1605 3278 1662 sol
3303 1605 3553 1676 justitize,
3583 1608 3828 1678 plurimis

2239 1697 2522 1752 hominum
2567 1695 2840 1751 mentibus
2883 1696 3181 1752 introduxit
3215 1716 3229 1750 :
3272 1696 3578 1753 Antiochiae
3623 1698 3828 1754 scilicet

2239 1787 2524 1859 Splendore
2549 1787 2632 1842 sui
2655 1795 2808 1842 ortus
2845 1787 3087 1853 emicuit,
3121 1787 3306 1843 Romae
3341 1787 3606 1858 plurimos
3651 1790 3830 1860 signo-

2191 1885 2194 1889 ’
2241 1895 2360 1936 rum
2386 1879 2653 1952 igniculos
2693 1879 2910 1950 sparsit,
2949 1880 3137 1935 urbem
3168 1895 3294 1934 vero
3324 1879 3646 1936 Ravennam
3687 1882 3831 1938 velut

536 1975 748 2029 virtute
774 1988 934 2044 quam
961 1973 1090 2042 agit,
1121 1973 1413 2027 humanum
1440 1970 1681 2028 favorem
1703 1974 1993 2038 desiderat,
2022 1989 2136 2028 rem
2166 1963 2214 2024 Β
2240 1989 2437 2029 occasu
2462 1971 2627 2044 356
2660 1971 3016 2027 sacratissimi
3051 1971 3136 2027 sui
3181 1972 3358 2028 obitus
3399 1972 3717 2029 illustravit.
3751 1975 3828 2030 lta

545 2063 729 2133 magni
771 2063 945 2118 meriti
979 2062 1065 2116 vili
1102 2061 1276 2131 pretio
1315 2061 1557 2117 venalem
1590 2071 1788 2132 portat.
1832 2062 1984 2119 Unde
2014 2063 2137 2118 caeli

547 2169 776 2224 regnum
807 2153 1001 2208 mereri
1039 2153 1230 2222 potuit,
1265 2153 1390 2208 inde
1412 2169 1688 2210 nummum
1718 2154 2016 2209 trausitorii
2050 2153 2134 2209 fa-

549 2246 695 2298 voris
716 2245 926 2314 ({lltlﬂ‘il.
967 2242 1117 2297 Intus
1139 2258 1285 2314 ergo,
1316 2243 1513 2299 fratres
1539 2245 1666 2310 mei,
1695 2244 1840 2301 intus
1869 2245 2135 2301 servanda

548 2347 676 2392 sunt
706 2339 866 2400 bona,
895 2352 1014 2405 qua:
1040 2336 1268 2406 agimus,
1303 2336 1347 2390 si
1377 2337 1445 2390 ab
1481 2337 1694 2393 interno
1733 2335 1917 2405 judice
1959 2337 2135 2394 vicem

550 2429 790 2499 recipere
831 2429 996 2484 nostri
1033 2430 1211 2498 operis
1255 2437 1652 2498 exspectamus.
1693 2429 1831 2486 Hinc
1880 2438 1964 2486 est
1989 2431 2133 2486 enim

550 2522 694 2590 quod
727 2521 779 2575 iu
820 2521 1108 2593 Evangelio
1154 2521 1370 2576 Veritas
1400 2520 1529 2575 dicit
1558 2539 1570 2575 :
1611 2540 1631 2573 ‹
1659 2519 1877 2576 Nesciat
1914 2520 2134 2577 sinistra

551 2624 639 2670 tua
663 2615 791 2684 quid
819 2615 980 2669 faciat
1003 2616 1223 2669 dextera
1254 2622 1366 2677 tua,
1399 2621 1458 2668 ut
1492 2613 1563 2669 sit
1591 2613 1932 2690 eleemosyna
1952 2621 2049 2670 tua
2078 2613 2136 2667 in

545 2708 885 2773 abscondito,
917 2716 970 2762 et
1002 2706 1160 2761 Pater
1187 2717 1330 2772 tuus,
1373 2705 1464 2776 qui
1512 2705 1657 2762 videt
1700 2721 1753 2760 tn
1794 2703 2132 2772 abscondito,

527 2801 742 2857 reddet
785 2801 877 2854 tibi
927 2797 1140 2870 (Matth.
1184 2798 1282 2868 vr).
1316 2816 1334 2849 ι
1378 2796 1514 2853 Hinc
1539 2806 1645 2863 est,
1673 2798 1815 2868 quod
1840 2797 1906 2853 de
1931 2797 2132 2854 electo-

531 2910 668 2947 .rum
700 2893 936 2948 Ecclesia
969 2907 1065 2961 per
1099 2890 1438 2946 Psalmistam
1488 2889 1721 2947 dicitur:
1754 2909 1772 2941 ι
1799 2889 1987 2949 Omnis
2021 2888 2135 2960 glo-

553 2987 634 3040 ria
677 2984 792 3054 ejus
838 2985 962 3038 filim
1014 2985 1153 3054 regis
1199 2984 1266 3039 ab
1321 2984 1462 3038 intus
1513 2981 1684 3053 (Psal.
1739 2985 1904 3055 xuv).
1938 3002 1956 3036 ι
1997 2981 2134 3039 Filia

551 3078 750 3148 quippe
779 3091 961 3147 regum
1004 3084 1087 3130 est
1129 3085 1314 3130 sancta
1361 3074 1620 3140 Ecclesia,
1661 3089 1778 3144 quae
1804 3075 1858 3129 in
1889 3075 2029 3132 bono
2051 3082 2135 3130 est

528 3185 714 3240 opere
740 3166 1098 3238 spiritualium
1132 3167 1432 3237 principum
1454 3167 1837 3236 pradicatioue
1857 3176 2134 3237 generata,

551 3276 672 3331 qua:
719 3260 846 3314 dum
897 3273 955 3313 se
1014 3258 1067 3313 in
1114 3258 1402 3313 virtutibus
1451 3266 1650 3313 sanctae
1709 3259 2135 3319 conversationis

523 3325 786 3418 exercet,
825 3353 950 3421 quia
987 3366 1084 3421 per
1112 3351 1214 3406 hoc
1243 3349 1340 3404 soli
1381 3349 1492 3405 Deo
1535 3349 1748 3420 placere
1787 3350 1986 3418 studet,
2028 3367 2135 3408 non
2162 3325 2209 3392 Ο

521 3448 686 3513 νωνίε
731 3446 987 3517 gloriam,
1039 3444 1133 3500 scd
1180 3444 1324 3498 intus
1370 3442 1549 3498 habet.
1602 3441 1739 3497 llinc
1777 3440 1976 3497 Paulus
2017 3443 2132 3498 ait:

556 3567 574 3596 ‹
605 3546 787 3600 Gloria
841 3551 1023 3599 nostra
1066 3542 1183 3596 hac
1228 3549 1330 3604 est,
1383 3539 1746 3596 testimonium
1792 3535 2139 3593 conscientia:

550 3647 749 3694 nostrae
777 3635 860 3706 (II
898 3634 1020 3688 Cor.
1047 3633 1108 3704 ι).
1145 3652 1164 3684 ›
1210 3632 1447 3688 Gloriam
1475 3647 1628 3685 suam
1658 3628 1947 3700 Apostolus
1980 3628 2134 3684 testi-

513 3729 792 3782 ~monium
846 3724 1188 3780 conscientiae
1236 3731 1540 3787 memorat,
1593 3721 1717 3791 quia
1767 3719 1979 3776 favores
2024 3718 2136 3776 oris

550 3822 712 3876 alieni
763 3835 867 3875 non
903 3827 1162 3889 appetens
1202 3817 1326 3871 vitae
1369 3830 1481 3872 suae
1522 3813 1717 3884 gaudia
1743 3821 1902 3868 extra
1930 3818 2134 3867 semet-

551 3915 724 3984 ipsum
757 3924 954 3982 ponere
984 3909 1290 3980 ignorabat.

621 4002 950 4057 Occultanda
1003 4010 1128 4056 sunt
1171 4013 1329 4068 ergo,
1379 3996 1577 4051 fratres
1617 3993 1955 4057 charissimi,
1996 3991 2135 4047 bona

553 4109 673 4163 quae
706 4093 935 4163 agimus,
970 4108 1036 4148 ne
1064 4094 1179 4146 hinc
1216 4091 1266 4144 in
1299 4089 1457 4159 hujus
1500 4089 1624 4143 vitae
1673 4088 1868 4142 itinere
1918 4086 2137 4140 incaute

554 4193 853 4251 portantes,
892 4181 1326 4235 htrociuantium
1358 4179 1644 4249 spirituum
1676 4178 1984 4232 incursione
2013 4190 2135 4245 per-

555 4273 766 4326 damus.
808 4271 944 4326 Ecce
972 4286 1115 4324 enim
1143 4270 1232 4324 hic
1265 4269 1609 4325 beatissimus
1642 4267 1727 4321 vir
1756 4267 2133 4333 Barbatianus,

519 4367 706 4433 .cujus
756 4363 916 4418 hodie
955 4362 1108 4416 nobis
1160 4361 1384 4416 festivus
1429 4360 1624 4414 natalis
1662 4358 1852 4423 illuxit,
1894 4374 1998 4413 non
2036 4357 2135 4412 hu-

527 4472 728 4512 -man:e
761 4455 934 4510 laudis
980 4454 1204 4524 gloriam
1246 4453 1421 4521 petiit,
1467 4466 1573 4505 non
1611 4448 1824 4506 favores
1855 4449 2134 4504 hominum

553 4549 852 4613 alfcctavit;
887 4564 992 4602 non
1024 4547 1254 4602 ostensis
1296 4555 1374 4601 tot
1416 4543 1693 4600 miraculis
1735 4559 1991 4614 apparere
2022 4543 2134 4613 ipse

521 4685 524 4688 λ
554 4637 816 4694 mirabilis
846 4639 1031 4702 voluit,
1070 4654 1174 4692 non
1209 4639 1275 4692 de
1307 4637 1519 4692 collatis
1545 4645 1622 4692 tot
1652 4637 1706 4690 in
1735 4635 2016 4708 languidos
2039 4637 2132 4692 be-

553 4730 763 4785 neﬂciis
787 4730 1031 4784 humana:
1061 4727 1428 4783 retributionis
1459 4727 1736 4797 praemium
1767 4729 2131 4798 exspectavit;

519 4821 683 4890 .quin
727 4820 890 4873 ctiam
944 4817 1281 4872 medicinalis
1325 4817 1566 4872 exercitii
1605 4817 1969 4886 praetendebat
2018 4831 2136 4887 spe-

555 4912 714 4974 ciem,
755 4920 812 4964 ut
853 4909 1212 4964 clarissimum
1262 4909 1481 4963 virtutis
1534 4923 1644 4965 suae
1683 4909 1943 4978 potuisset
1981 4910 2137 4966 obfu-

553 5015 711 5056 scare
749 5003 1000 5056 nitorem.
1060 5001 1127 5056 Et
1166 5001 1312 5056 velut
1348 5018 1599 5071 magnum
1631 5003 1753 5057 coeli
1794 5013 1998 5059 astrum
2037 5021 2135 5060 nu-

555 5089 681 5144 bem
710 5092 996 5146 virtutibus
1020 5093 1130 5147 suis
1150 5095 1376 5148 curabat
1401 5109 1691 5164 opponere,
1720 5104 1779 5148 ut
1807 5097 1931 5151 dum
1957 5099 2134 5154 minus

609 5180 623 5190 c
726 5190 734 5194 .
805 5181 818 5194 ι
983 5197 990 5199 Α
1025 5183 1118 5202 ΙΨ--
1147 5198 1252 5206 ---ορ
1285 5184 1416 5210 ..εαξη
1447 5186 1768 5218 Αυηηι-ΑΛΩΛ.
1839 5189 1989 5224 1111ηαῖ
2029 5205 2132 5224 I‘n—

2161 4685 2213 4746 Ι)

2237 2065 2489 2120 videlicet
2507 2063 2718 2120 meritis
2745 2063 3070 2120 sanctissimi
3123 2063 3282 2132 hujus
3328 2063 3466 2131 viri,
3516 2065 3668 2119 velut
3708 2069 3825 2121 novi

2240 2157 2527 2228 splendore
2554 2154 2789 2222 luciferi,
2820 2156 2874 2210 in
2911 2156 3081 2211 tribus
3114 2156 3227 2210 suis
3269 2156 3558 2227 praecipuis
3599 2158 3830 2228 regioni-

2237 2252 2339 2308 bus
2370 2258 2512 2306 totus
2540 2249 2729 2304 rutilat
2759 2248 3010 2316 mundus,
3047 2248 3174 2304 dum
3213 2249 3268 2303 in
3313 2248 3420 2304 alia
3457 2249 3646 2305 mundi
3678 2250 3827 2320 plaga

2236 2339 2354 2410 ejus
2395 2338 2636 2394 cernitur
2689 2347 2863 2403 ortus,
2919 2338 2970 2392 in
3020 2337 3124 2392 alia
3171 2339 3572 2408 quodammodo
3623 2341 3830 2398 videtur

2238 2449 2518 2500 ascensus,
2543 2434 2596 2489 in
2627 2433 2784 2490 tertia
2815 2433 3124 2490 celebratur
3149 2449 3397 2491 occasus.

2234 2574 2236 2576 .
2307 2527 2396 2593 Et,
2428 2526 2568 2581 sicut
2595 2525 2664 2580 de
2684 2525 3038 2594 compatrima
3057 2523 3173 2594 ejus
3193 2525 3506 2582 beatissimo
3529 2526 3825 2596 Apollinari

2237 2618 2292 2675 in
2310 2617 2414 2673 alio
2433 2631 2680 2672 sermone
2701 2617 2748 2688 (l
2763 2616 2850 2688 l9)
2869 2615 2981 2688 jam
3007 2617 3264 2684 diximus,
3283 2633 3444 2689 quam
3474 2621 3741 2676 rectesibi
3754 2621 3829 2674 lu-

2237 2708 2394 2765 ciferi
2423 2722 2617 2764 nomen
2645 2708 2914 2780 congruit,
2936 2708 3584 2782 quiRomamingressus,
3597 2713 3826 2782 primum

2236 2797 2452 2854 virtutis
2477 2813 2587 2854 sua:
2616 2798 2936 2854 miraculum
2957 2802 3024 2854 de
3049 2799 3252 2856 lumine
3274 2800 3422 2858 fecit.
3452 2801 3666 2874 Regina
3688 2804 3825 2858 enim

2237 2889 2391 2947 Galla
2424 2887 2686 2958 Placidia,
2707 2901 2764 2946 ut
2790 2891 3036 2958 audistis.
3065 2891 3383 2965 suppliciter
3405 2893 3528 2965 ejus
3553 2894 3829 2964 ﬂagitabat

2239 2983 2498 3039 auxilium
2521 2998 2622 3053 pro
2643 2983 2879 3054 quadam
2908 2998 3006 3040 sua
3032 2985 3377 3057 pedissequa,
3407 3001 3533 3056 quae
3571 2986 3825 3042 intulera-

2236 3075 2436 3132 bilihus
2493 3077 2837 3133 cruciabatur
2878 3078 3154 3136 doloribus
3191 3093 3514 3143 ocu.orum;
3564 3081 3662 3150 qui
3707 3096 3824 3136 mox

2238 3168 2400 3240 pallio
2425 3184 2524 3224 suo
2550 3169 2668 3239 ejus
2692 3168 2887 3240 oculos
2919 3170 3064 3241 tangi
3106 3171 3380 3240 praecepit,
3430 3178 3485 3225 et
3536 3170 3618 3226 sic
3659 3169 3732 3224 ab
3764 3186 3822 3226 ea

2239 3261 2486 3333 protinus
2535 3275 2751 3317 omnem
2817 3261 3087 3332 pestifera:
3135 3262 3468 3334 aegritudinis
3515 3261 3821 3319 molestiam

2239 3353 2516 3426 eﬂ'ugavit.

2311 3443 2652 3517 Quapropter
2675 3460 2799 3502 cum
2821 3445 3137 3516 dignitatem
3161 3453 3327 3511 tuam,
3351 3444 3673 3501 felicissima
3704 3447 3824 3502 urbs

2239 3534 2522 3602 Ravenna,
2553 3535 2734 3591 subtili
2765 3537 3113 3592 meditatione
3157 3537 3460 3600 considero,
3506 3536 3825 3607 largissimis

2239 3637 2296 3683 te
2331 3627 2718 3684 misericordia:
2759 3627 2956 3683 divinae
2986 3626 3263 3684 beneficiis
3295 3628 3524 3683 ditatam
3559 3643 3686 3683 esse
3711 3644 3826 3700 per-

2237 3721 2431 3793 pendo.
2487 3719 2654 3776 Video
2701 3720 2844 3776 enim
2900 3720 3026 3790 quia
3079 3735 3146 3774 ex
3204 3720 3320 3791 ipso
3374 3720 3631 3792 originali
3685 3719 3827 3776 fonte

2238 3809 2560 3867 Christianae
2605 3810 2900 3882 religionis,
2957 3819 3230 3881 perpetua:
3283 3811 3532 3867 meruisti
3579 3812 3826 3882 poculum

2237 3903 2461 3958 haurire
2486 3901 2694 3959 salutis.
2736 3903 2793 3959 lu
2829 3904 3113 3962 Antiochia
3144 3918 3395 3974 namque,
3430 3904 3579 3959 sicut
3604 3905 3661 3959 in
3683 3906 3825 3960 Acti-

2238 3994 2338 4050 bus
2363 3995 2726 4062 apostolorum
2754 3994 2972 4066 legitur,
2993 3994 3225 4065 pritnutu
3246 3993 3550 4050 Christiani
3576 3995 3824 4065 discipuli

2237 4095 2363 4142 sunt
2396 4085 2570 4141 vocati
2599 4086 2737 4156 (Act.
2768 4086 2868 4156 xi).

2309 4177 2388 4230 Ex
2423 4178 2539 4246 ipso
2569 4176 2732 4249 igitur
2761 4185 2963 4232 sanctae
3002 4175 3258 4232 Εοοιεδιω
3305 4175 3671 4232 iundamento
3708 4192 3827 4248 qua-

2238 4273 2421 4328 dratos
2454 4271 2660 4342 lapides
2683 4271 2990 4342 suscepisti,
3025 4285 3191 4340 super
3219 4285 3354 4341 quos
3394 4271 3546 4325 velut
3586 4272 3827 4326 firmissi-

2236 4377 2354 4418 mas
2395 4363 2550 4417 bases
2594 4370 2793 4428 erecta,
2838 4361 3096 4417 immobili
3138 4375 3198 4417 es
3248 4360 3372 4416 ﬁdei
3411 4370 3470 4415 et
3529 4362 3828 4416 sanctitatis

2235 4453 2508 4509 soliditate
2559 4451 2804 4509 fundata.
2869 4453 2997 4508 lnde
3039 4453 3185 4508 enim
3243 4452 3411 4508 habes
3459 4453 3827 4523 Apollinarem

2237 4545 2589 4614 apostolicum
2649 4552 2942 4615 martyrem
2971 4583 2986 4610 ,
3041 4544 3165 4599 inde
3216 4543 3394 4607 etiam
3441 4541 3824 4600 Barbatiauum

2237 4637 2508 4707 egregium
2533 4634 2918 4702 confessorem,
2935 4635 3027 4706 qui
3049 4633 3197 4692 velut
3216 4635 3334 4690 dua:
3356 4633 3824 4691 excellentissima:

2239 4729 2383 4784 cedri
2409 4729 2668 4799 paradisi,
2703 4729 2781 4785 sic
2821 4737 2873 4784 te
2905 4729 3070 4784 ramis
3105 4743 3217 4783 sua:
3254 4727 3618 4798 protectionis
3646 4727 3825 4784 obuiu—

2239 4821 2423 4887 brant,
2450 4831 2511 4878 ut
2532 4821 2577 4876 si
2604 4822 2705 4876 sub
2737 4821 2817 4876 eis
2855 4817 3130 4876 humiliter
3165 4831 3388 4875 manere
3414 4819 3682 4883 volueris,
3719 4834 3822 4873 om-

2240 4931 2364 4972 nem
2392 4932 2421 4970 a
2454 4924 2504 4971 te
2526 4916 2793 4971 turbinem
2816 4914 3138 4971 adversariae
3163 4914 3507 4983 tempestatis
3530 4913 3814 4984 expellant.

2240 5010 2307 5065 Et
2333 5018 2392 5064 ut
2419 5009 2500 5065 eis
2551 5009 2739 5065 deesse
2781 5007 2856 5063 nil
2899 5007 3075 5064 valeat
3103 5006 3246 5077 quod
3289 5007 3358 5061 ad
3399 5006 3680 5062 cumulum
3723 5017 3813 5060 tua:

2200 5140 2206 5147 -
2239 5101 2511 5159 felicitatis
2555 5102 2812 5167 attineat,
2853 5115 2978 5156 mox
3016 5109 3078 5156 ut
3116 5099 3182 5155 de
3225 5099 3589 5155 Antiocbenis
3629 5097 3810 5154 ﬁnibus

2237 5202 2428 5224 nono-nl
2486 5193 2670 5224 Πολ-κω
2718 5207 2837 5224 ιιι-ω
2860 5191 3060 5224 nixam-la
3085 5190 3248 5224 λιιιιῖΛ
3271 5198 3435 5224 non".
3483 5199 3565 5224 ac!
3597 5199 3649 5224 ΔΙ
3677 5189 3806 5224 ἰι-δη-
