  <div class='ocr_page' id='page_1' title='image "/cluster/home/n/w/nwhite01/storage/ocr_20150623/144/hvd.32044010574010/446.png"; bbox 0 0 3978 5328; ppageno 0'>
   <div class='ocr_carea' id='block_1_1' title="bbox 1575 265 2016 325">
    <p class='ocr_par' dir='ltr' id='par_1_1' title="bbox 1575 265 2016 325">
     <span class='ocr_line' id='line_1_1' title="bbox 1575 265 2016 325; baseline -0.007 -1"><span class='ocrx_word' id='word_1_1' title='bbox 1575 265 1808 325; x_wconf 78' lang='lat' dir='ltr'><strong>SERMO</strong></span> <span class='ocrx_word' id='word_1_2' title='bbox 1834 266 2016 324; x_wconf 74' lang='lat' dir='ltr'><strong>LXVI.</strong></span> 
     </span>
    </p>
   </div>
   <div class='ocr_carea' id='block_1_2' title="bbox 3364 277 3468 335">
    <p class='ocr_par' dir='ltr' id='par_1_2' title="bbox 3364 277 3468 335">
     <span class='ocr_line' id='line_1_2' title="bbox 3364 277 3468 335; baseline -0.029 0"><span class='ocrx_word' id='word_1_3' title='bbox 3364 277 3468 335; x_wconf 67' lang='lat'><strong>882</strong></span> 
     </span>
    </p>
   </div>
   <div class='ocr_carea' id='block_1_3' title="bbox 197 370 3474 460">
    <p class='ocr_par' dir='ltr' id='par_1_3' title="bbox 197 370 3474 460">
     <span class='ocr_line' id='line_1_3' title="bbox 197 370 3474 460; baseline 0.005 -31"><span class='ocrx_word' id='word_1_4' title='bbox 197 386 340 444; x_wconf 84' lang='lat' dir='ltr'><strong>quos</strong></span> <span class='ocrx_word' id='word_1_5' title='bbox 377 371 466 428; x_wconf 90' lang='lat' dir='ltr'><strong>ille</strong></span> <span class='ocrx_word' id='word_1_6' title='bbox 505 373 559 428; x_wconf 93' lang='lat' dir='ltr'><strong>in</strong></span> <span class='ocrx_word' id='word_1_7' title='bbox 592 372 700 429; x_wconf 88' lang='lat' dir='ltr'><strong>flde</strong></span> <span class='ocrx_word' id='word_1_8' title='bbox 722 370 1007 444; x_wconf 70' lang='lat' dir='ltr'><strong>plantavit,</strong></span> <span class='ocrx_word' id='word_1_9' title='bbox 1035 374 1139 430; x_wconf 90' lang='lat' dir='ltr'><strong>iste</strong></span> <span class='ocrx_word' id='word_1_10' title='bbox 1173 373 1480 443; x_wconf 82' lang='lat' dir='ltr'><strong>largissime</strong></span> <span class='ocrx_word' id='word_1_11' title='bbox 1504 377 1791 433; x_wconf 89' lang='lat' dir='ltr'><strong>miraculo-</strong></span> <span class='ocrx_word' id='word_1_12' title='bbox 1817 384 1868 443; x_wconf 75' lang='grc' dir='ltr'><strong>Α</strong></span> <span class='ocrx_word' id='word_1_13' title='bbox 1895 386 2109 448; x_wconf 89' lang='lat' dir='ltr'><strong>partum</strong></span> <span class='ocrx_word' id='word_1_14' title='bbox 2145 377 2396 439; x_wconf 80' lang='lat' dir='ltr'><strong>colimus.</strong></span> <span class='ocrx_word' id='word_1_15' title='bbox 2452 379 2811 447; x_wconf 76' lang='lat' dir='ltr'><strong>dilectissimi,</strong></span> <span class='ocrx_word' id='word_1_16' title='bbox 2861 399 2985 440; x_wconf 89' lang='lat' dir='ltr'><strong>ecce</strong></span> <span class='ocrx_word' id='word_1_17' title='bbox 3039 401 3209 443; x_wconf 81' lang='lat' dir='ltr'><strong>novus</strong></span> <span class='ocrx_word' id='word_1_18' title='bbox 3246 389 3474 460; x_wconf 75' lang='lat' dir='ltr'><strong>virginis</strong></span> 
     </span>
    </p>
   </div>
   <div class='ocr_carea' id='block_1_4' title="bbox 201 466 1794 540">
    <p class='ocr_par' dir='ltr' id='par_1_4' title="bbox 201 466 1794 540">
     <span class='ocr_line' id='line_1_4' title="bbox 201 466 1794 540; baseline 0.002 -18"><span class='ocrx_word' id='word_1_19' title='bbox 201 483 325 523; x_wconf 85' lang='lat' dir='ltr'><strong>rum</strong></span> <span class='ocrx_word' id='word_1_20' title='bbox 357 476 412 522; x_wconf 93' lang='lat' dir='ltr'><strong>et</strong></span> <span class='ocrx_word' id='word_1_21' title='bbox 441 466 840 538; x_wconf 59' lang='lat' dir='ltr'><strong>praedicationis</strong></span> <span class='ocrx_word' id='word_1_22' title='bbox 892 467 1064 524; x_wconf 88' lang='lat' dir='ltr'><strong>imbre</strong></span> <span class='ocrx_word' id='word_1_23' title='bbox 1091 467 1303 540; x_wconf 87' lang='lat' dir='ltr'><strong>rigavit.</strong></span> <span class='ocrx_word' id='word_1_24' title='bbox 1346 468 1449 524; x_wconf 91' lang='lat' dir='ltr'><strong>Sed</strong></span> <span class='ocrx_word' id='word_1_25' title='bbox 1472 469 1596 539; x_wconf 87' lang='lat' dir='ltr'><strong>quia</strong></span> <span class='ocrx_word' id='word_1_26' title='bbox 1619 485 1794 540; x_wconf 91' lang='lat' dir='ltr'><strong>neque</strong></span> 
     </span>
    </p>
   </div>
   <div class='ocr_carea' id='block_1_5' title="bbox 202 555 1794 629">
    <p class='ocr_par' dir='ltr' id='par_1_5' title="bbox 202 555 1794 629">
     <span class='ocr_line' id='line_1_5' title="bbox 202 555 1794 629; baseline 0.003 -18"><span class='ocrx_word' id='word_1_27' title='bbox 202 557 296 627; x_wconf 88' lang='lat' dir='ltr'><strong>qui</strong></span> <span class='ocrx_word' id='word_1_28' title='bbox 333 555 564 627; x_wconf 87' lang='lat' dir='ltr'><strong>plantat,</strong></span> <span class='ocrx_word' id='word_1_29' title='bbox 599 570 667 613; x_wconf 82' lang='lat' dir='ltr'><strong>ex</strong></span> <span class='ocrx_word' id='word_1_30' title='bbox 697 571 756 613; x_wconf 88' lang='lat' dir='ltr'><strong>se</strong></span> <span class='ocrx_word' id='word_1_31' title='bbox 784 565 868 612; x_wconf 92' lang='lat' dir='ltr'><strong>est</strong></span> <span class='ocrx_word' id='word_1_32' title='bbox 893 556 1117 627; x_wconf 89' lang='lat' dir='ltr'><strong>aliquid,</strong></span> <span class='ocrx_word' id='word_1_33' title='bbox 1149 573 1324 629; x_wconf 88' lang='lat' dir='ltr'><strong>neque</strong></span> <span class='ocrx_word' id='word_1_34' title='bbox 1351 558 1443 629; x_wconf 85' lang='lat' dir='ltr'><strong>qui</strong></span> <span class='ocrx_word' id='word_1_35' title='bbox 1487 558 1643 629; x_wconf 87' lang='lat' dir='ltr'><strong>rigat,</strong></span> <span class='ocrx_word' id='word_1_36' title='bbox 1696 574 1794 615; x_wconf 90' lang='lat' dir='ltr'><strong>nos</strong></span> 
     </span>
    </p>
   </div>
   <div class='ocr_carea' id='block_1_6' title="bbox 199 647 1794 720">
    <p class='ocr_par' dir='ltr' id='par_1_6' title="bbox 199 647 1794 720">
     <span class='ocr_line' id='line_1_6' title="bbox 199 647 1794 720; baseline 0.004 -19"><span class='ocrx_word' id='word_1_37' title='bbox 199 647 370 702; x_wconf 89' lang='lat' dir='ltr'><strong>etiam</strong></span> <span class='ocrx_word' id='word_1_38' title='bbox 415 647 704 718; x_wconf 88' lang='lat' dir='ltr'><strong>apostolica</strong></span> <span class='ocrx_word' id='word_1_39' title='bbox 742 657 1033 720; x_wconf 89' lang='lat' dir='ltr'><strong>sequentes</strong></span> <span class='ocrx_word' id='word_1_40' title='bbox 1080 649 1245 706; x_wconf 88' lang='lat' dir='ltr'><strong>verba</strong></span> <span class='ocrx_word' id='word_1_41' title='bbox 1292 649 1572 706; x_wconf 82' lang='lat' dir='ltr'><strong>dicamus:</strong></span> <span class='ocrx_word' id='word_1_42' title='bbox 1605 669 1622 703; x_wconf 74' lang='grc' dir='ltr'><strong><em>ο</em></strong></span> <span class='ocrx_word' id='word_1_43' title='bbox 1652 650 1794 708; x_wconf 91' lang='lat' dir='ltr'><strong>Deus</strong></span> 
     </span>
    </p>
   </div>
   <div class='ocr_carea' id='block_1_7' title="bbox 203 739 1074 800">
    <p class='ocr_par' dir='ltr' id='par_1_7' title="bbox 203 739 1074 800">
     <span class='ocr_line' id='line_1_7' title="bbox 203 739 1074 800; baseline 0.002 -6"><span class='ocrx_word' id='word_1_44' title='bbox 203 747 387 794; x_wconf 89' lang='lat' dir='ltr'><strong>autem</strong></span> <span class='ocrx_word' id='word_1_45' title='bbox 425 739 816 796; x_wconf 80' lang='lat' dir='ltr'><strong>incrementum</strong></span> <span class='ocrx_word' id='word_1_46' title='bbox 857 741 1024 800; x_wconf 90' lang='lat' dir='ltr'><strong>dedit.</strong></span> <span class='ocrx_word' id='word_1_47' title='bbox 1056 764 1074 796; x_wconf 75' lang='grc' dir='ltr'><strong>ι</strong></span> 
     </span>
    </p>
   </div>
   <div class='ocr_carea' id='block_1_8' title="bbox 275 830 1806 906">
    <p class='ocr_par' dir='ltr' id='par_1_8' title="bbox 275 830 1806 906">
     <span class='ocr_line' id='line_1_8' title="bbox 275 830 1806 906; baseline 0.006 -20"><span class='ocrx_word' id='word_1_48' title='bbox 275 830 387 887; x_wconf 84' lang='lat' dir='ltr'><strong>Hos</strong></span> <span class='ocrx_word' id='word_1_49' title='bbox 422 831 586 904; x_wconf 91' lang='lat' dir='ltr'><strong>igitur</strong></span> <span class='ocrx_word' id='word_1_50' title='bbox 616 843 722 888; x_wconf 89' lang='lat' dir='ltr'><strong>tam</strong></span> <span class='ocrx_word' id='word_1_51' title='bbox 764 835 1052 906; x_wconf 65' lang='lat' dir='ltr'><strong>praeclaros</strong></span> <span class='ocrx_word' id='word_1_52' title='bbox 1092 836 1328 894; x_wconf 62' lang='lat' dir='ltr'><strong>caelestis</strong></span> <span class='ocrx_word' id='word_1_53' title='bbox 1368 839 1533 895; x_wconf 73' lang='lat' dir='ltr'><strong>curia:</strong></span> <span class='ocrx_word' id='word_1_54' title='bbox 1580 847 1806 906; x_wconf 51' lang='lat' dir='ltr'><strong>senatos</strong></span> 
     </span>
    </p>
   </div>
   <div class='ocr_carea' id='block_1_9' title="bbox 203 917 1804 1002">
    <p class='ocr_par' dir='ltr' id='par_1_9' title="bbox 203 917 1804 1002">
     <span class='ocr_line' id='line_1_9' title="bbox 203 917 1804 1002; baseline 0.006 -24"><span class='ocrx_word' id='word_1_55' title='bbox 203 938 316 991; x_wconf 90' lang='lat' dir='ltr'><strong>res,</strong></span> <span class='ocrx_word' id='word_1_56' title='bbox 339 923 538 981; x_wconf 84' lang='lat' dir='ltr'><strong>fratres</strong></span> <span class='ocrx_word' id='word_1_57' title='bbox 556 926 882 992; x_wconf 86' lang='lat' dir='ltr'><strong>charissitni,</strong></span> <span class='ocrx_word' id='word_1_58' title='bbox 905 928 1146 999; x_wconf 87' lang='lat' dir='ltr'><strong>perfecto</strong></span> <span class='ocrx_word' id='word_1_59' title='bbox 1167 931 1348 986; x_wconf 89' lang='lat' dir='ltr'><strong>cordis</strong></span> <span class='ocrx_word' id='word_1_60' title='bbox 1369 946 1550 986; x_wconf 90' lang='lat' dir='ltr'><strong>amore</strong></span> <span class='ocrx_word' id='word_1_61' title='bbox 1571 917 1804 1002; x_wconf 85' lang='lat' dir='ltr'><strong>diligite,</strong></span> 
     </span>
    </p>
   </div>
   <div class='ocr_carea' id='block_1_10' title="bbox 202 1015 1792 1089">
    <p class='ocr_par' dir='ltr' id='par_1_10' title="bbox 202 1015 1792 1089">
     <span class='ocr_line' id='line_1_10' title="bbox 202 1015 1792 1089; baseline 0.006 -19"><span class='ocrx_word' id='word_1_62' title='bbox 202 1015 399 1071; x_wconf 90' lang='lat' dir='ltr'><strong>horum</strong></span> <span class='ocrx_word' id='word_1_63' title='bbox 427 1017 626 1072; x_wconf 89' lang='lat' dir='ltr'><strong>imitari</strong></span> <span class='ocrx_word' id='word_1_64' title='bbox 651 1019 895 1089; x_wconf 82' lang='lat' dir='ltr'><strong>exempla</strong></span> <span class='ocrx_word' id='word_1_65' title='bbox 924 1030 1033 1074; x_wconf 89' lang='lat' dir='ltr'><strong>tota</strong></span> <span class='ocrx_word' id='word_1_66' title='bbox 1066 1022 1229 1077; x_wconf 90' lang='lat' dir='ltr'><strong>animi</strong></span> <span class='ocrx_word' id='word_1_67' title='bbox 1255 1023 1540 1079; x_wconf 91' lang='lat' dir='ltr'><strong>devotione</strong></span> <span class='ocrx_word' id='word_1_68' title='bbox 1562 1033 1749 1080; x_wconf 81' lang='lat' dir='ltr'><strong>curate</strong></span> <span class='ocrx_word' id='word_1_69' title='bbox 1777 1043 1792 1080; x_wconf 90' lang='lat'><strong>:</strong></span> 
     </span>
    </p>
   </div>
   <div class='ocr_carea' id='block_1_11' title="bbox 203 1108 1797 1181">
    <p class='ocr_par' dir='ltr' id='par_1_11' title="bbox 203 1108 1797 1181">
     <span class='ocr_line' id='line_1_11' title="bbox 203 1108 1797 1181; baseline 0.005 -18"><span class='ocrx_word' id='word_1_70' title='bbox 203 1123 333 1163; x_wconf 89' lang='lat' dir='ltr'><strong>nam</strong></span> <span class='ocrx_word' id='word_1_71' title='bbox 365 1109 410 1164; x_wconf 90' lang='lat' dir='ltr'><strong>si</strong></span> <span class='ocrx_word' id='word_1_72' title='bbox 443 1108 605 1164; x_wconf 81' lang='lat' dir='ltr'><strong>vultis</strong></span> <span class='ocrx_word' id='word_1_73' title='bbox 631 1125 749 1166; x_wconf 89' lang='lat' dir='ltr'><strong>esse</strong></span> <span class='ocrx_word' id='word_1_74' title='bbox 779 1111 922 1181; x_wconf 88' lang='lat' dir='ltr'><strong>quod</strong></span> <span class='ocrx_word' id='word_1_75' title='bbox 955 1123 1100 1180; x_wconf 87' lang='lat' dir='ltr'><strong>sunt,</strong></span> <span class='ocrx_word' id='word_1_76' title='bbox 1134 1129 1358 1170; x_wconf 82' lang='lat' dir='ltr'><strong>necesse</strong></span> <span class='ocrx_word' id='word_1_77' title='bbox 1397 1125 1480 1171; x_wconf 90' lang='lat' dir='ltr'><strong>est</strong></span> <span class='ocrx_word' id='word_1_78' title='bbox 1509 1116 1672 1170; x_wconf 87' lang='lat' dir='ltr'><strong>etiam</strong></span> <span class='ocrx_word' id='word_1_79' title='bbox 1703 1130 1797 1171; x_wconf 91' lang='lat' dir='ltr'><strong>vos</strong></span> 
     </span>
    </p>
   </div>
   <div class='ocr_carea' id='block_1_12' title="bbox 202 1199 1794 1277">
    <p class='ocr_par' dir='ltr' id='par_1_12' title="bbox 202 1199 1794 1277">
     <span class='ocr_line' id='line_1_12' title="bbox 202 1199 1794 1277; baseline 0.004 -23"><span class='ocrx_word' id='word_1_80' title='bbox 202 1199 384 1256; x_wconf 89' lang='lat' dir='ltr'><strong>facere</strong></span> <span class='ocrx_word' id='word_1_81' title='bbox 407 1202 550 1272; x_wconf 92' lang='lat' dir='ltr'><strong>quod</strong></span> <span class='ocrx_word' id='word_1_82' title='bbox 576 1201 842 1258; x_wconf 87' lang='lat' dir='ltr'><strong>fecerunt.</strong></span> <span class='ocrx_word' id='word_1_83' title='bbox 867 1202 972 1258; x_wconf 91' lang='lat' dir='ltr'><strong>Per</strong></span> <span class='ocrx_word' id='word_1_84' title='bbox 1011 1215 1294 1277; x_wconf 89' lang='lat' dir='ltr'><strong>angustam</strong></span> <span class='ocrx_word' id='word_1_85' title='bbox 1317 1221 1446 1277; x_wconf 87' lang='lat' dir='ltr'><strong>ergo</strong></span> <span class='ocrx_word' id='word_1_86' title='bbox 1468 1216 1522 1261; x_wconf 93' lang='lat' dir='ltr'><strong>et</strong></span> <span class='ocrx_word' id='word_1_87' title='bbox 1547 1222 1794 1277; x_wconf 84' lang='lat' dir='ltr'><strong>asperam</strong></span> 
     </span>
    </p>
   </div>
   <div class='ocr_carea' id='block_1_13' title="bbox 203 1293 1799 1361">
    <p class='ocr_par' dir='ltr' id='par_1_13' title="bbox 203 1293 1799 1361">
     <span class='ocr_line' id='line_1_13' title="bbox 203 1293 1799 1361; baseline 0.005 -15"><span class='ocrx_word' id='word_1_88' title='bbox 203 1293 408 1349; x_wconf 87' lang='lat' dir='ltr'><strong>laboris</strong></span> <span class='ocrx_word' id='word_1_89' title='bbox 433 1294 595 1360; x_wconf 91' lang='lat' dir='ltr'><strong>viam,</strong></span> <span class='ocrx_word' id='word_1_90' title='bbox 627 1295 988 1361; x_wconf 89' lang='lat' dir='ltr'><strong>dilectissimi,</strong></span> <span class='ocrx_word' id='word_1_91' title='bbox 1019 1296 1073 1351; x_wconf 92' lang='lat' dir='ltr'><strong>in</strong></span> <span class='ocrx_word' id='word_1_92' title='bbox 1101 1297 1204 1353; x_wconf 90' lang='lat' dir='ltr'><strong>hoc</strong></span> <span class='ocrx_word' id='word_1_93' title='bbox 1231 1298 1429 1353; x_wconf 77' lang='lat' dir='ltr'><strong>saeculo</strong></span> <span class='ocrx_word' id='word_1_94' title='bbox 1449 1315 1572 1354; x_wconf 91' lang='lat' dir='ltr'><strong>cum</strong></span> <span class='ocrx_word' id='word_1_95' title='bbox 1596 1299 1799 1355; x_wconf 90' lang='lat' dir='ltr'><strong>sanctis</strong></span> 
     </span>
    </p>
   </div>
   <div class='ocr_carea' id='block_1_14' title="bbox 201 1385 1799 1462">
    <p class='ocr_par' dir='ltr' id='par_1_14' title="bbox 201 1385 1799 1462">
     <span class='ocr_line' id='line_1_14' title="bbox 201 1385 1799 1462; baseline 0.003 -22"><span class='ocrx_word' id='word_1_96' title='bbox 201 1385 458 1454; x_wconf 84' lang='lat' dir='ltr'><strong>incedite,</strong></span> <span class='ocrx_word' id='word_1_97' title='bbox 491 1397 549 1442; x_wconf 89' lang='lat' dir='ltr'><strong>ut</strong></span> <span class='ocrx_word' id='word_1_98' title='bbox 578 1389 918 1458; x_wconf 89' lang='lat' dir='ltr'><strong>postmodum</strong></span> <span class='ocrx_word' id='word_1_99' title='bbox 951 1389 1176 1445; x_wconf 84' lang='lat' dir='ltr'><strong>valeatis</strong></span> <span class='ocrx_word' id='word_1_100' title='bbox 1203 1391 1269 1444; x_wconf 90' lang='lat' dir='ltr'><strong>ad</strong></span> <span class='ocrx_word' id='word_1_101' title='bbox 1299 1405 1485 1446; x_wconf 92' lang='lat' dir='ltr'><strong>eorum</strong></span> <span class='ocrx_word' id='word_1_102' title='bbox 1512 1390 1688 1462; x_wconf 88' lang='lat' dir='ltr'><strong>gaudii</strong></span> <span class='ocrx_word' id='word_1_103' title='bbox 1722 1389 1799 1444; x_wconf 82' lang='lat' dir='ltr'><strong>la-</strong></span> 
     </span>
    </p>
   </div>
   <div class='ocr_carea' id='block_1_15' title="bbox 201 1475 1799 1549">
    <p class='ocr_par' dir='ltr' id='par_1_15' title="bbox 201 1475 1799 1549">
     <span class='ocr_line' id='line_1_15' title="bbox 201 1475 1799 1549; baseline 0.001 -18"><span class='ocrx_word' id='word_1_104' title='bbox 201 1475 492 1532; x_wconf 91' lang='lat' dir='ltr'><strong>titudinem</strong></span> <span class='ocrx_word' id='word_1_105' title='bbox 531 1478 833 1549; x_wconf 85' lang='lat' dir='ltr'><strong>pervenire.</strong></span> <span class='ocrx_word' id='word_1_106' title='bbox 887 1476 988 1545; x_wconf 89' lang='lat' dir='ltr'><strong>Qui</strong></span> <span class='ocrx_word' id='word_1_107' title='bbox 1035 1478 1178 1534; x_wconf 91' lang='lat' dir='ltr'><strong>enim</strong></span> <span class='ocrx_word' id='word_1_108' title='bbox 1219 1479 1350 1534; x_wconf 84' lang='lat' dir='ltr'><strong>dicit</strong></span> <span class='ocrx_word' id='word_1_109' title='bbox 1388 1494 1446 1534; x_wconf 90' lang='lat' dir='ltr'><strong>se</strong></span> <span class='ocrx_word' id='word_1_110' title='bbox 1485 1479 1537 1534; x_wconf 92' lang='lat' dir='ltr'><strong>in</strong></span> <span class='ocrx_word' id='word_1_111' title='bbox 1582 1478 1799 1534; x_wconf 84' lang='lat' dir='ltr'><strong>Christo</strong></span> 
     </span>
    </p>
   </div>
   <div class='ocr_carea' id='block_1_16' title="bbox 203 1569 1800 1641">
    <p class='ocr_par' dir='ltr' id='par_1_16' title="bbox 203 1569 1800 1641">
     <span class='ocr_line' id='line_1_16' title="bbox 203 1569 1800 1641; baseline 0.001 -18"><span class='ocrx_word' id='word_1_112' title='bbox 203 1584 450 1636; x_wconf 84' lang='lat' dir='ltr'><strong>manere,</strong></span> <span class='ocrx_word' id='word_1_113' title='bbox 476 1569 638 1626; x_wconf 85' lang='lat' dir='ltr'><strong>debet</strong></span> <span class='ocrx_word' id='word_1_114' title='bbox 666 1570 807 1626; x_wconf 81' lang='lat' dir='ltr'><strong>sicut</strong></span> <span class='ocrx_word' id='word_1_115' title='bbox 829 1569 918 1626; x_wconf 90' lang='lat' dir='ltr'><strong>ille</strong></span> <span class='ocrx_word' id='word_1_116' title='bbox 946 1569 1264 1636; x_wconf 88' lang='lat' dir='ltr'><strong>ambulavit,</strong></span> <span class='ocrx_word' id='word_1_117' title='bbox 1297 1580 1352 1626; x_wconf 91' lang='lat' dir='ltr'><strong>et</strong></span> <span class='ocrx_word' id='word_1_118' title='bbox 1379 1571 1492 1641; x_wconf 91' lang='lat' dir='ltr'><strong>ipse</strong></span> <span class='ocrx_word' id='word_1_119' title='bbox 1522 1569 1800 1625; x_wconf 85' lang='lat' dir='ltr'><strong>ambulare</strong></span> 
     </span>
    </p>
   </div>
   <div class='ocr_carea' id='block_1_17' title="bbox 200 1663 1800 1739">
    <p class='ocr_par' dir='ltr' id='par_1_17' title="bbox 200 1663 1800 1739">
     <span class='ocr_line' id='line_1_17' title="bbox 200 1663 1800 1739; baseline -0.001 -19"><span class='ocrx_word' id='word_1_120' title='bbox 200 1665 259 1738; x_wconf 82' lang='lat' dir='ltr'><strong>(I</strong></span> <span class='ocrx_word' id='word_1_121' title='bbox 297 1665 460 1721; x_wconf 76' lang='lat' dir='ltr'><strong>Joan.</strong></span> <span class='ocrx_word' id='word_1_122' title='bbox 493 1665 577 1739; x_wconf 88' lang='grc' dir='ltr'><strong>ιι).</strong></span> <span class='ocrx_word' id='word_1_123' title='bbox 613 1666 809 1723; x_wconf 88' lang='lat' dir='ltr'><strong>Procul</strong></span> <span class='ocrx_word' id='word_1_124' title='bbox 842 1666 1010 1723; x_wconf 88' lang='lat' dir='ltr'><strong>dubio</strong></span> <span class='ocrx_word' id='word_1_125' title='bbox 1040 1673 1223 1721; x_wconf 90' lang='lat' dir='ltr'><strong>autem</strong></span> <span class='ocrx_word' id='word_1_126' title='bbox 1257 1682 1288 1720; x_wconf 91' lang='lat' dir='ltr'><strong>a</strong></span> <span class='ocrx_word' id='word_1_127' title='bbox 1319 1665 1559 1736; x_wconf 81' lang='lat' dir='ltr'><strong>vestigiis</strong></span> <span class='ocrx_word' id='word_1_128' title='bbox 1595 1663 1800 1719; x_wconf 84' lang='lat' dir='ltr'><strong>Christi</strong></span> 
     </span>
    </p>
   </div>
   <div class='ocr_carea' id='block_1_18' title="bbox 1896 468 3470 543">
    <p class='ocr_par' dir='ltr' id='par_1_18' title="bbox 1896 468 3470 543">
     <span class='ocr_line' id='line_1_18' title="bbox 1896 468 3470 543; baseline 0.008 -20"><span class='ocrx_word' id='word_1_129' title='bbox 1896 468 2200 539; x_wconf 89' lang='lat' dir='ltr'><strong>triumphus</strong></span> <span class='ocrx_word' id='word_1_130' title='bbox 2233 472 2492 538; x_wconf 83' lang='lat' dir='ltr'><strong>Occurrit,</strong></span> <span class='ocrx_word' id='word_1_131' title='bbox 2552 474 2643 543; x_wconf 91' lang='lat' dir='ltr'><strong>qui</strong></span> <span class='ocrx_word' id='word_1_132' title='bbox 2693 475 2988 532; x_wconf 89' lang='lat' dir='ltr'><strong>solemnem</strong></span> <span class='ocrx_word' id='word_1_133' title='bbox 3035 478 3191 532; x_wconf 92' lang='lat' dir='ltr'><strong>nobis</strong></span> <span class='ocrx_word' id='word_1_134' title='bbox 3229 478 3470 536; x_wconf 70' lang='lat' dir='ltr'><strong>Iretitiam</strong></span> 
     </span>
    </p>
   </div>
   <div class='ocr_carea' id='block_1_19' title="bbox 1896 562 3470 643">
    <p class='ocr_par' dir='ltr' id='par_1_19' title="bbox 1896 562 3470 643">
     <span class='ocr_line' id='line_1_19' title="bbox 1896 562 3470 643; baseline 0.006 -27"><span class='ocrx_word' id='word_1_135' title='bbox 1896 562 2163 632; x_wconf 72' lang='lat' dir='ltr'><strong>germinat</strong></span> <span class='ocrx_word' id='word_1_136' title='bbox 2191 572 2352 634; x_wconf 90' lang='lat' dir='ltr'><strong>atque</strong></span> <span class='ocrx_word' id='word_1_137' title='bbox 2400 574 2458 619; x_wconf 93' lang='lat' dir='ltr'><strong>ut</strong></span> <span class='ocrx_word' id='word_1_138' title='bbox 2505 565 2701 621; x_wconf 88' lang='lat' dir='ltr'><strong>iterum</strong></span> <span class='ocrx_word' id='word_1_139' title='bbox 2727 569 3059 637; x_wconf 83' lang='lat' dir='ltr'><strong>gaudeamus</strong></span> <span class='ocrx_word' id='word_1_140' title='bbox 3086 570 3294 633; x_wconf 83' lang='lat' dir='ltr'><strong>invitat,</strong></span> <span class='ocrx_word' id='word_1_141' title='bbox 3325 573 3470 643; x_wconf 82' lang='lat' dir='ltr'><strong>Apo-</strong></span> 
     </span>
    </p>
   </div>
   <div class='ocr_carea' id='block_1_20' title="bbox 1897 654 3471 728">
    <p class='ocr_par' dir='ltr' id='par_1_20' title="bbox 1897 654 3471 728">
     <span class='ocr_line' id='line_1_20' title="bbox 1897 654 3471 728; baseline 0.006 -19"><span class='ocrx_word' id='word_1_142' title='bbox 1897 654 2034 724; x_wconf 84' lang='lat' dir='ltr'><strong>stolo</strong></span> <span class='ocrx_word' id='word_1_143' title='bbox 2061 671 2158 710; x_wconf 92' lang='lat' dir='ltr'><strong>nos</strong></span> <span class='ocrx_word' id='word_1_144' title='bbox 2198 657 2488 725; x_wconf 77' lang='lat' dir='ltr'><strong>excitante,</strong></span> <span class='ocrx_word' id='word_1_145' title='bbox 2525 658 2617 728; x_wconf 89' lang='lat' dir='ltr'><strong>qui</strong></span> <span class='ocrx_word' id='word_1_146' title='bbox 2647 659 2723 713; x_wconf 87' lang='lat' dir='ltr'><strong>ait</strong></span> <span class='ocrx_word' id='word_1_147' title='bbox 2759 678 2771 713; x_wconf 91' lang='lat'>:</span> <span class='ocrx_word' id='word_1_148' title='bbox 2820 679 2838 712; x_wconf 73' lang='grc' dir='ltr'><strong>ε</strong></span> <span class='ocrx_word' id='word_1_149' title='bbox 2875 660 3116 717; x_wconf 86' lang='lat' dir='ltr'><strong>Gaudete</strong></span> <span class='ocrx_word' id='word_1_150' title='bbox 3145 663 3196 716; x_wconf 92' lang='lat' dir='ltr'><strong>in</strong></span> <span class='ocrx_word' id='word_1_151' title='bbox 3240 664 3471 719; x_wconf 73' lang='lat' dir='ltr'><strong>Domino</strong></span> 
     </span>
    </p>
   </div>
   <div class='ocr_carea' id='block_1_21' title="bbox 1896 745 3479 825">
    <p class='ocr_par' dir='ltr' id='par_1_21' title="bbox 1896 745 3479 825">
     <span class='ocr_line' id='line_1_21' title="bbox 1896 745 3479 825; baseline 0.008 -27"><span class='ocrx_word' id='word_1_152' title='bbox 1896 758 2141 814; x_wconf 83' lang='lat' dir='ltr'><strong>semper;</strong></span> <span class='ocrx_word' id='word_1_153' title='bbox 2185 745 2382 802; x_wconf 89' lang='lat' dir='ltr'><strong>iterum</strong></span> <span class='ocrx_word' id='word_1_154' title='bbox 2409 748 2530 804; x_wconf 92' lang='lat' dir='ltr'><strong>dico</strong></span> <span class='ocrx_word' id='word_1_155' title='bbox 2563 766 2574 802; x_wconf 91' lang='lat'><strong>:</strong></span> <span class='ocrx_word' id='word_1_156' title='bbox 2605 747 2845 806; x_wconf 84' lang='lat' dir='ltr'><strong>Gaudete</strong></span> <span class='ocrx_word' id='word_1_157' title='bbox 2868 749 3088 820; x_wconf 83' lang='lat' dir='ltr'><strong>(Philip.</strong></span> <span class='ocrx_word' id='word_1_158' title='bbox 3121 754 3217 822; x_wconf 87' lang='lat' dir='ltr'><strong>tv).</strong></span> <span class='ocrx_word' id='word_1_159' title='bbox 3254 773 3271 804; x_wconf 74' lang='grc' dir='ltr'><strong>ι</strong></span> <span class='ocrx_word' id='word_1_160' title='bbox 3301 755 3479 825; x_wconf 86' lang='lat' dir='ltr'><strong>Virgi-</strong></span> 
     </span>
    </p>
   </div>
   <div class='ocr_carea' id='block_1_22' title="bbox 1897 837 3481 911">
    <p class='ocr_par' dir='ltr' id='par_1_22' title="bbox 1897 837 3481 911">
     <span class='ocr_line' id='line_1_22' title="bbox 1897 837 3481 911; baseline 0.008 -23"><span class='ocrx_word' id='word_1_161' title='bbox 1897 849 2001 889; x_wconf 89' lang='lat' dir='ltr'><strong>neo</strong></span> <span class='ocrx_word' id='word_1_162' title='bbox 2025 837 2199 904; x_wconf 86' lang='lat' dir='ltr'><strong>partui</strong></span> <span class='ocrx_word' id='word_1_163' title='bbox 2249 838 2475 894; x_wconf 86' lang='lat' dir='ltr'><strong>victoria</strong></span> <span class='ocrx_word' id='word_1_164' title='bbox 2527 840 2806 911; x_wconf 78' lang='lat' dir='ltr'><strong>virginalis</strong></span> <span class='ocrx_word' id='word_1_165' title='bbox 2867 843 3125 898; x_wconf 85' lang='lat' dir='ltr'><strong>inseritur</strong></span> <span class='ocrx_word' id='word_1_166' title='bbox 3185 854 3240 900; x_wconf 90' lang='lat' dir='ltr'><strong>et</strong></span> <span class='ocrx_word' id='word_1_167' title='bbox 3279 847 3481 902; x_wconf 88' lang='lat' dir='ltr'><strong>erectis</strong></span> 
     </span>
    </p>
   </div>
   <div class='ocr_carea' id='block_1_23' title="bbox 1897 927 3481 1008">
    <p class='ocr_par' dir='ltr' id='par_1_23' title="bbox 1897 927 3481 1008">
     <span class='ocr_line' id='line_1_23' title="bbox 1897 927 3481 1008; baseline 0.008 -26"><span class='ocrx_word' id='word_1_168' title='bbox 1897 927 2073 984; x_wconf 90' lang='lat' dir='ltr'><strong>adhuc</strong></span> <span class='ocrx_word' id='word_1_169' title='bbox 2115 929 2348 985; x_wconf 87' lang='lat' dir='ltr'><strong>fidelium</strong></span> <span class='ocrx_word' id='word_1_170' title='bbox 2377 932 2576 988; x_wconf 90' lang='lat' dir='ltr'><strong>animis</strong></span> <span class='ocrx_word' id='word_1_171' title='bbox 2624 935 2859 990; x_wconf 89' lang='lat' dir='ltr'><strong>rediviva</strong></span> <span class='ocrx_word' id='word_1_172' title='bbox 2900 938 3091 1008; x_wconf 89' lang='lat' dir='ltr'><strong>gaudia</strong></span> <span class='ocrx_word' id='word_1_173' title='bbox 3131 949 3481 1008; x_wconf 85' lang='lat' dir='ltr'><strong>reparantur.</strong></span> 
     </span>
    </p>
   </div>
   <div class='ocr_carea' id='block_1_24' title="bbox 1898 1017 3486 1101">
    <p class='ocr_par' dir='ltr' id='par_1_24' title="bbox 1898 1017 3486 1101">
     <span class='ocr_line' id='line_1_24' title="bbox 1898 1017 3486 1101; baseline 0.009 -28"><span class='ocrx_word' id='word_1_174' title='bbox 1898 1017 2079 1090; x_wconf 84' lang='lat' dir='ltr'><strong>Nuper</strong></span> <span class='ocrx_word' id='word_1_175' title='bbox 2106 1021 2173 1076; x_wconf 91' lang='lat' dir='ltr'><strong>de</strong></span> <span class='ocrx_word' id='word_1_176' title='bbox 2206 1020 2424 1093; x_wconf 79' lang='lat' dir='ltr'><strong>Virgine</strong></span> <span class='ocrx_word' id='word_1_177' title='bbox 2452 1025 2710 1082; x_wconf 86' lang='lat' dir='ltr'><strong>Dominus</strong></span> <span class='ocrx_word' id='word_1_178' title='bbox 2751 1027 3032 1084; x_wconf 82' lang='lat' dir='ltr'><strong>humiliter</strong></span> <span class='ocrx_word' id='word_1_179' title='bbox 3073 1030 3289 1101; x_wconf 91' lang='lat' dir='ltr'><strong>prodiit,</strong></span> <span class='ocrx_word' id='word_1_180' title='bbox 3322 1031 3486 1087; x_wconf 85' lang='lat' dir='ltr'><strong>hodie</strong></span> 
     </span>
    </p>
   </div>
   <div class='ocr_carea' id='block_1_25' title="bbox 1899 1114 3485 1190">
    <p class='ocr_par' dir='ltr' id='par_1_25' title="bbox 1899 1114 3485 1190">
     <span class='ocr_line' id='line_1_25' title="bbox 1899 1114 3485 1190; baseline 0.006 -21"><span class='ocrx_word' id='word_1_181' title='bbox 1899 1129 1996 1183; x_wconf 87' lang='lat' dir='ltr'><strong>per</strong></span> <span class='ocrx_word' id='word_1_182' title='bbox 2047 1114 2308 1185; x_wconf 80' lang='lat' dir='ltr'><strong>virginem</strong></span> <span class='ocrx_word' id='word_1_183' title='bbox 2364 1117 2684 1173; x_wconf 77' lang='lat' dir='ltr'><strong>mirabiliter</strong></span> <span class='ocrx_word' id='word_1_184' title='bbox 2734 1120 3105 1190; x_wconf 80' lang='lat' dir='ltr'><strong>triumphavit.</strong></span> <span class='ocrx_word' id='word_1_185' title='bbox 3153 1122 3304 1177; x_wconf 90' lang='lat' dir='ltr'><strong>Tunc</strong></span> <span class='ocrx_word' id='word_1_186' title='bbox 3357 1122 3485 1179; x_wconf 63' lang='lat' dir='ltr'><strong>caeli</strong></span> 
     </span>
    </p>
   </div>
   <div class='ocr_carea' id='block_1_26' title="bbox 1899 1203 3483 1282">
    <p class='ocr_par' dir='ltr' id='par_1_26' title="bbox 1899 1203 3483 1282">
     <span class='ocr_line' id='line_1_26' title="bbox 1899 1203 3483 1282; baseline 0.007 -24"><span class='ocrx_word' id='word_1_187' title='bbox 1899 1203 2160 1260; x_wconf 88' lang='lat' dir='ltr'><strong>Conditor</strong></span> <span class='ocrx_word' id='word_1_188' title='bbox 2177 1206 2242 1260; x_wconf 89' lang='lat' dir='ltr'><strong>ad</strong></span> <span class='ocrx_word' id='word_1_189' title='bbox 2267 1222 2386 1272; x_wconf 91' lang='lat' dir='ltr'><strong>nos,</strong></span> <span class='ocrx_word' id='word_1_190' title='bbox 2402 1207 2656 1263; x_wconf 84' lang='lat' dir='ltr'><strong>inviolata</strong></span> <span class='ocrx_word' id='word_1_191' title='bbox 2676 1210 2813 1264; x_wconf 87' lang='lat' dir='ltr'><strong>uteri</strong></span> <span class='ocrx_word' id='word_1_192' title='bbox 2843 1211 3120 1280; x_wconf 82' lang='lat' dir='ltr'><strong>virginalis</strong></span> <span class='ocrx_word' id='word_1_193' title='bbox 3145 1211 3483 1282; x_wconf 77' lang='lat' dir='ltr'><strong>integritate,</strong></span> 
     </span>
    </p>
   </div>
   <div class='ocr_carea' id='block_1_27' title="bbox 1901 1297 3488 1374">
    <p class='ocr_par' dir='ltr' id='par_1_27' title="bbox 1901 1297 3488 1374">
     <span class='ocr_line' id='line_1_27' title="bbox 1901 1297 3488 1374; baseline 0.007 -22"><span class='ocrx_word' id='word_1_194' title='bbox 1901 1297 2210 1365; x_wconf 85' lang='lat' dir='ltr'><strong>descendit;</strong></span> <span class='ocrx_word' id='word_1_195' title='bbox 2243 1299 2400 1355; x_wconf 88' lang='lat' dir='ltr'><strong>hodie</strong></span> <span class='ocrx_word' id='word_1_196' title='bbox 2441 1302 2763 1358; x_wconf 90' lang='lat' dir='ltr'><strong>inconcussa</strong></span> <span class='ocrx_word' id='word_1_197' title='bbox 2811 1304 3037 1374; x_wconf 86' lang='lat' dir='ltr'><strong>virginis</strong></span> <span class='ocrx_word' id='word_1_198' title='bbox 3085 1305 3189 1360; x_wconf 84' lang='lat' dir='ltr'><strong>fide</strong></span> <span class='ocrx_word' id='word_1_199' title='bbox 3243 1308 3488 1363; x_wconf 64' lang='lat' dir='ltr'><strong>victoria</strong></span> 
     </span>
    </p>
   </div>
   <div class='ocr_carea' id='block_1_28' title="bbox 1902 1387 3488 1464">
    <p class='ocr_par' dir='ltr' id='par_1_28' title="bbox 1902 1387 3488 1464">
     <span class='ocr_line' id='line_1_28' title="bbox 1902 1387 3488 1464; baseline 0.008 -22"><span class='ocrx_word' id='word_1_200' title='bbox 1902 1387 2090 1442; x_wconf 90' lang='lat' dir='ltr'><strong>titulos</strong></span> <span class='ocrx_word' id='word_1_201' title='bbox 2112 1389 2179 1442; x_wconf 89' lang='lat' dir='ltr'><strong>ad</strong></span> <span class='ocrx_word' id='word_1_202' title='bbox 2209 1389 2405 1445; x_wconf 65' lang='lat' dir='ltr'><strong>coelum</strong></span> <span class='ocrx_word' id='word_1_203' title='bbox 2434 1408 2556 1446; x_wconf 86' lang='lat' dir='ltr'><strong>eum</strong></span> <span class='ocrx_word' id='word_1_204' title='bbox 2585 1393 2754 1463; x_wconf 83' lang='lat' dir='ltr'><strong>gloria</strong></span> <span class='ocrx_word' id='word_1_205' title='bbox 2811 1395 3125 1464; x_wconf 89' lang='lat' dir='ltr'><strong>reportavit,</strong></span> <span class='ocrx_word' id='word_1_206' title='bbox 3181 1398 3366 1452; x_wconf 76' lang='lat' dir='ltr'><strong>dicens</strong></span> <span class='ocrx_word' id='word_1_207' title='bbox 3409 1397 3488 1454; x_wconf 87' lang='lat' dir='ltr'><strong>illi</strong></span> 
     </span>
    </p>
   </div>
   <div class='ocr_carea' id='block_1_29' title="bbox 1902 1478 3482 1558">
    <p class='ocr_par' dir='ltr' id='par_1_29' title="bbox 1902 1478 3482 1558">
     <span class='ocr_line' id='line_1_29' title="bbox 1902 1478 3482 1558; baseline 0.008 -27"><span class='ocrx_word' id='word_1_208' title='bbox 1902 1493 2062 1548; x_wconf 81' lang='lat' dir='ltr'><strong>quant</strong></span> <span class='ocrx_word' id='word_1_209' title='bbox 2090 1478 2239 1534; x_wconf 90' lang='lat' dir='ltr'><strong>soliis</strong></span> <span class='ocrx_word' id='word_1_210' title='bbox 2267 1479 2580 1538; x_wconf 61' lang='lat' dir='ltr'><strong>caelestibus</strong></span> <span class='ocrx_word' id='word_1_211' title='bbox 2607 1483 2873 1538; x_wconf 87' lang='lat' dir='ltr'><strong>inferebat</strong></span> <span class='ocrx_word' id='word_1_212' title='bbox 2905 1502 2918 1537; x_wconf 92' lang='lat'>:</span> <span class='ocrx_word' id='word_1_213' title='bbox 2950 1503 2968 1535; x_wconf 77' lang='grc' dir='ltr'><strong>ι</strong></span> <span class='ocrx_word' id='word_1_214' title='bbox 3000 1484 3197 1555; x_wconf 80' lang='lat' dir='ltr'><strong>Surge,</strong></span> <span class='ocrx_word' id='word_1_215' title='bbox 3225 1502 3482 1558; x_wconf 88' lang='lat' dir='ltr'><strong>propera.</strong></span> 
     </span>
    </p>
   </div>
   <div class='ocr_carea' id='block_1_30' title="bbox 1904 1573 3494 1646">
    <p class='ocr_par' dir='ltr' id='par_1_30' title="bbox 1904 1573 3494 1646">
     <span class='ocr_line' id='line_1_30' title="bbox 1904 1573 3494 1646; baseline 0.007 -20"><span class='ocrx_word' id='word_1_216' title='bbox 1904 1573 2077 1628; x_wconf 88' lang='lat' dir='ltr'><strong>amica</strong></span> <span class='ocrx_word' id='word_1_217' title='bbox 2117 1589 2259 1634; x_wconf 89' lang='lat' dir='ltr'><strong>mea.</strong></span> <span class='ocrx_word' id='word_1_218' title='bbox 2317 1574 2568 1630; x_wconf 88' lang='lat' dir='ltr'><strong>columba</strong></span> <span class='ocrx_word' id='word_1_219' title='bbox 2622 1592 2762 1640; x_wconf 90' lang='lat' dir='ltr'><strong>mea,</strong></span> <span class='ocrx_word' id='word_1_220' title='bbox 2807 1576 3042 1634; x_wconf 84' lang='lat' dir='ltr'><strong>formosa</strong></span> <span class='ocrx_word' id='word_1_221' title='bbox 3088 1595 3228 1646; x_wconf 86' lang='lat' dir='ltr'><strong>mea,</strong></span> <span class='ocrx_word' id='word_1_222' title='bbox 3284 1590 3337 1636; x_wconf 89' lang='lat' dir='ltr'><strong>ct</strong></span> <span class='ocrx_word' id='word_1_223' title='bbox 3371 1582 3494 1636; x_wconf 86' lang='lat' dir='ltr'><strong>veni</strong></span> 
     </span>
    </p>
   </div>
   <div class='ocr_carea' id='block_1_31' title="bbox 1906 1661 3497 1735">
    <p class='ocr_par' dir='ltr' id='par_1_31' title="bbox 1906 1661 3497 1735">
     <span class='ocr_line' id='line_1_31' title="bbox 1906 1661 3497 1735; baseline 0.006 -17"><span class='ocrx_word' id='word_1_224' title='bbox 1906 1661 2081 1735; x_wconf 84' lang='lat' dir='ltr'><strong>(Cant.</strong></span> <span class='ocrx_word' id='word_1_225' title='bbox 2109 1665 2190 1733; x_wconf 94' lang='grc' dir='ltr'><strong>ιι).</strong></span> <span class='ocrx_word' id='word_1_226' title='bbox 2229 1684 2246 1717; x_wconf 82' lang='grc' dir='ltr'><strong>ι</strong></span> <span class='ocrx_word' id='word_1_227' title='bbox 2286 1665 2437 1721; x_wconf 91' lang='lat' dir='ltr'><strong>Tunc</strong></span> <span class='ocrx_word' id='word_1_228' title='bbox 2480 1667 2573 1721; x_wconf 90' lang='lat' dir='ltr'><strong>Dei</strong></span> <span class='ocrx_word' id='word_1_229' title='bbox 2618 1666 2866 1724; x_wconf 78' lang='lat' dir='ltr'><strong>Genitrix</strong></span> <span class='ocrx_word' id='word_1_230' title='bbox 2902 1669 3176 1725; x_wconf 87' lang='lat' dir='ltr'><strong>Christum</strong></span> <span class='ocrx_word' id='word_1_231' title='bbox 3223 1672 3497 1728; x_wconf 83' lang='lat' dir='ltr'><strong>custodie-</strong></span> 
     </span>
    </p>
   </div>
   <div class='ocr_carea' id='block_1_32' title="bbox 203 1751 3491 1834">
    <p class='ocr_par' dir='ltr' id='par_1_32' title="bbox 203 1751 3491 1834">
     <span class='ocr_line' id='line_1_32' title="bbox 203 1751 3491 1834; baseline 0.001 -19"><span class='ocrx_word' id='word_1_232' title='bbox 203 1759 500 1825; x_wconf 79' lang='lat' dir='ltr'><strong>exorbitat,</strong></span> <span class='ocrx_word' id='word_1_233' title='bbox 545 1760 639 1831; x_wconf 90' lang='lat' dir='ltr'><strong>qui</strong></span> <span class='ocrx_word' id='word_1_234' title='bbox 685 1768 974 1831; x_wconf 88' lang='lat' dir='ltr'><strong>angustam</strong></span> <span class='ocrx_word' id='word_1_235' title='bbox 1030 1758 1260 1830; x_wconf 88' lang='lat' dir='ltr'><strong>fugiens,</strong></span> <span class='ocrx_word' id='word_1_236' title='bbox 1307 1757 1608 1814; x_wconf 89' lang='lat' dir='ltr'><strong>latitudinis</strong></span> <span class='ocrx_word' id='word_1_237' title='bbox 1653 1757 1797 1812; x_wconf 84' lang='lat' dir='ltr'><strong>viam</strong></span> <span class='ocrx_word' id='word_1_238' title='bbox 1827 1751 1876 1812; x_wconf 82' lang='grc' dir='ltr'><strong>Β</strong></span> <span class='ocrx_word' id='word_1_239' title='bbox 1904 1752 1999 1808; x_wconf 86' lang='lat' dir='ltr'><strong>bat</strong></span> <span class='ocrx_word' id='word_1_240' title='bbox 2026 1755 2079 1808; x_wconf 91' lang='lat' dir='ltr'><strong>in</strong></span> <span class='ocrx_word' id='word_1_241' title='bbox 2102 1756 2366 1826; x_wconf 77' lang='lat' dir='ltr'><strong>przesepio</strong></span> <span class='ocrx_word' id='word_1_242' title='bbox 2397 1758 2726 1829; x_wconf 88' lang='lat' dir='ltr'><strong>vagientem,</strong></span> <span class='ocrx_word' id='word_1_243' title='bbox 2761 1760 2922 1815; x_wconf 84' lang='lat' dir='ltr'><strong>hodie</strong></span> <span class='ocrx_word' id='word_1_244' title='bbox 2947 1761 3005 1814; x_wconf 79' lang='grc' dir='ltr'><strong>Β.</strong></span> <span class='ocrx_word' id='word_1_245' title='bbox 3034 1761 3295 1818; x_wconf 80' lang='lat' dir='ltr'><strong>Columba</strong></span> <span class='ocrx_word' id='word_1_246' title='bbox 3337 1778 3491 1834; x_wconf 87' lang='lat' dir='ltr'><strong>repe-</strong></span> 
     </span>
    </p>
   </div>
   <div class='ocr_carea' id='block_1_33' title="bbox 201 1850 1796 1923">
    <p class='ocr_par' dir='ltr' id='par_1_33' title="bbox 201 1850 1796 1923">
     <span class='ocr_line' id='line_1_33' title="bbox 201 1850 1796 1923; baseline -0.002 -15"><span class='ocrx_word' id='word_1_247' title='bbox 201 1851 400 1908; x_wconf 87' lang='lat' dir='ltr'><strong>calcat.</strong></span> <span class='ocrx_word' id='word_1_248' title='bbox 437 1853 543 1908; x_wconf 87' lang='lat' dir='ltr'><strong>Iste</strong></span> <span class='ocrx_word' id='word_1_249' title='bbox 575 1868 806 1923; x_wconf 84' lang='lat' dir='ltr'><strong>namque</strong></span> <span class='ocrx_word' id='word_1_250' title='bbox 835 1852 1185 1908; x_wconf 86' lang='lat' dir='ltr'><strong>beatissimus</strong></span> <span class='ocrx_word' id='word_1_251' title='bbox 1219 1851 1320 1919; x_wconf 79' lang='lat' dir='ltr'><strong>vir,</strong></span> <span class='ocrx_word' id='word_1_252' title='bbox 1350 1850 1507 1920; x_wconf 86' lang='lat' dir='ltr'><strong>cujus</strong></span> <span class='ocrx_word' id='word_1_253' title='bbox 1534 1851 1796 1905; x_wconf 90' lang='lat' dir='ltr'><strong>hodierna</strong></span> 
     </span>
    </p>
   </div>
   <div class='ocr_carea' id='block_1_34' title="bbox 203 1943 1802 2016">
    <p class='ocr_par' dir='ltr' id='par_1_34' title="bbox 203 1943 1802 2016">
     <span class='ocr_line' id='line_1_34' title="bbox 203 1943 1802 2016; baseline -0.004 -16"><span class='ocrx_word' id='word_1_254' title='bbox 203 1945 467 2002; x_wconf 87' lang='lat' dir='ltr'><strong>solemnia</strong></span> <span class='ocrx_word' id='word_1_255' title='bbox 497 1944 842 2016; x_wconf 89' lang='lat' dir='ltr'><strong>frequentare</strong></span> <span class='ocrx_word' id='word_1_256' title='bbox 867 1943 1184 2016; x_wconf 84' lang='lat' dir='ltr'><strong>gaudemus,</strong></span> <span class='ocrx_word' id='word_1_257' title='bbox 1219 1958 1325 1998; x_wconf 92' lang='lat' dir='ltr'><strong>non</strong></span> <span class='ocrx_word' id='word_1_258' title='bbox 1353 1953 1598 1998; x_wconf 85' lang='lat' dir='ltr'><strong>terrenos</strong></span> <span class='ocrx_word' id='word_1_259' title='bbox 1627 1943 1802 1998; x_wconf 84' lang='lat' dir='ltr'><strong>hono-</strong></span> 
     </span>
    </p>
   </div>
   <div class='ocr_carea' id='block_1_35' title="bbox 204 2021 1808 2108">
    <p class='ocr_par' dir='ltr' id='par_1_35' title="bbox 204 2021 1808 2108">
     <span class='ocr_line' id='line_1_35' title="bbox 204 2021 1808 2108; baseline -0.002 -14"><span class='ocrx_word' id='word_1_260' title='bbox 204 2055 295 2094; x_wconf 87' lang='lat' dir='ltr'><strong>res</strong></span> <span class='ocrx_word' id='word_1_261' title='bbox 334 2038 524 2105; x_wconf 86' lang='lat' dir='ltr'><strong>voluit,</strong></span> <span class='ocrx_word' id='word_1_262' title='bbox 559 2055 666 2095; x_wconf 94' lang='lat' dir='ltr'><strong>non</strong></span> <span class='ocrx_word' id='word_1_263' title='bbox 702 2038 922 2094; x_wconf 86' lang='lat' dir='ltr'><strong>fallaces</strong></span> <span class='ocrx_word' id='word_1_264' title='bbox 971 2037 1190 2093; x_wconf 88' lang='lat' dir='ltr'><strong>divitias</strong></span> <span class='ocrx_word' id='word_1_265' title='bbox 1221 2036 1382 2108; x_wconf 78' lang='lat'><strong>357</strong></span> <span class='ocrx_word' id='word_1_266' title='bbox 1432 2021 1808 2107; x_wconf 22' lang='lat' dir='ltr'><strong>congregavit,-</strong></span> 
     </span>
    </p>
   </div>
   <div class='ocr_carea' id='block_1_36' title="bbox 203 2127 1799 2204">
    <p class='ocr_par' dir='ltr' id='par_1_36' title="bbox 203 2127 1799 2204">
     <span class='ocr_line' id='line_1_36' title="bbox 203 2127 1799 2204; baseline -0.004 -17"><span class='ocrx_word' id='word_1_267' title='bbox 203 2147 313 2188; x_wconf 91' lang='lat' dir='ltr'><strong>non</strong></span> <span class='ocrx_word' id='word_1_268' title='bbox 341 2133 524 2186; x_wconf 91' lang='lat' dir='ltr'><strong>mundi</strong></span> <span class='ocrx_word' id='word_1_269' title='bbox 547 2131 771 2204; x_wconf 86' lang='lat' dir='ltr'><strong>gloriam</strong></span> <span class='ocrx_word' id='word_1_270' title='bbox 805 2130 982 2202; x_wconf 90' lang='lat' dir='ltr'><strong>petiit,</strong></span> <span class='ocrx_word' id='word_1_271' title='bbox 1017 2145 1122 2185; x_wconf 88' lang='lat' dir='ltr'><strong>non</strong></span> <span class='ocrx_word' id='word_1_272' title='bbox 1146 2129 1472 2184; x_wconf 59' lang='lat' dir='ltr'><strong>transitoria</strong></span> <span class='ocrx_word' id='word_1_273' title='bbox 1500 2127 1799 2198; x_wconf 82' lang='lat' dir='ltr'><strong>possessio-</strong></span> 
     </span>
    </p>
   </div>
   <div class='ocr_carea' id='block_1_37' title="bbox 205 2218 1802 2293">
    <p class='ocr_par' dir='ltr' id='par_1_37' title="bbox 205 2218 1802 2293">
     <span class='ocr_line' id='line_1_37' title="bbox 205 2218 1802 2293; baseline -0.002 -16"><span class='ocrx_word' id='word_1_274' title='bbox 205 2223 289 2277; x_wconf 85' lang='lat' dir='ltr'><strong>nis</strong></span> <span class='ocrx_word' id='word_1_275' title='bbox 313 2223 512 2292; x_wconf 68' lang='lat' dir='ltr'><strong>praadia</strong></span> <span class='ocrx_word' id='word_1_276' title='bbox 538 2222 812 2287; x_wconf 86' lang='lat' dir='ltr'><strong>dilatavit,</strong></span> <span class='ocrx_word' id='word_1_277' title='bbox 841 2221 1172 2293; x_wconf 90' lang='lat' dir='ltr'><strong>propinquos</strong></span> <span class='ocrx_word' id='word_1_278' title='bbox 1196 2221 1420 2291; x_wconf 84' lang='lat' dir='ltr'><strong>sprevit,</strong></span> <span class='ocrx_word' id='word_1_279' title='bbox 1447 2220 1677 2290; x_wconf 88' lang='lat' dir='ltr'><strong>patriam</strong></span> <span class='ocrx_word' id='word_1_280' title='bbox 1709 2218 1802 2274; x_wconf 90' lang='lat' dir='ltr'><strong>de-</strong></span> 
     </span>
    </p>
   </div>
   <div class='ocr_carea' id='block_1_38' title="bbox 203 2310 1800 2385">
    <p class='ocr_par' dir='ltr' id='par_1_38' title="bbox 203 2310 1800 2385">
     <span class='ocr_line' id='line_1_38' title="bbox 203 2310 1800 2385; baseline -0.003 -15"><span class='ocrx_word' id='word_1_281' title='bbox 203 2314 443 2385; x_wconf 88' lang='lat' dir='ltr'><strong>reliquit,</strong></span> <span class='ocrx_word' id='word_1_282' title='bbox 475 2315 824 2384; x_wconf 89' lang='lat' dir='ltr'><strong>semetipsum</strong></span> <span class='ocrx_word' id='word_1_283' title='bbox 854 2327 1069 2368; x_wconf 82' lang='lat' dir='ltr'><strong>ouooue</strong></span> <span class='ocrx_word' id='word_1_284' title='bbox 1101 2327 1200 2369; x_wconf 86' lang='lat' dir='ltr'><strong>oro</strong></span> <span class='ocrx_word' id='word_1_285' title='bbox 1227 2325 1414 2368; x_wconf 85' lang='lat' dir='ltr'><strong>amore</strong></span> <span class='ocrx_word' id='word_1_286' title='bbox 1442 2310 1649 2368; x_wconf 92' lang='lat' dir='ltr'><strong>Christi</strong></span> <span class='ocrx_word' id='word_1_287' title='bbox 1677 2311 1800 2366; x_wconf 92' lang='lat' dir='ltr'><strong>fun-</strong></span> 
     </span>
    </p>
   </div>
   <div class='ocr_carea' id='block_1_39' title="bbox 204 2403 1440 2479">
    <p class='ocr_par' dir='ltr' id='par_1_39' title="bbox 204 2403 1440 2479">
     <span class='ocr_line' id='line_1_39' title="bbox 204 2403 1440 2479; baseline -0.004 -19"><span class='ocrx_word' id='word_1_288' title='bbox 204 2405 350 2461; x_wconf 87' lang='lat' dir='ltr'><strong>ditus</strong></span> <span class='ocrx_word' id='word_1_289' title='bbox 373 2403 680 2474; x_wconf 84' lang='lat' dir='ltr'><strong>abnegavit.</strong></span> <span class='ocrx_word' id='word_1_290' title='bbox 1424 2465 1440 2479; x_wconf 49' lang='grc'><strong><em>⁸</em></strong></span> 
     </span>
    </p>
   </div>
   <div class='ocr_carea' id='block_1_40' title="bbox 274 2495 1800 2570">
    <p class='ocr_par' dir='ltr' id='par_1_40' title="bbox 274 2495 1800 2570">
     <span class='ocr_line' id='line_1_40' title="bbox 274 2495 1800 2570; baseline -0.001 -17"><span class='ocrx_word' id='word_1_291' title='bbox 274 2497 444 2554; x_wconf 80' lang='lat' dir='ltr'><strong>Nemo</strong></span> <span class='ocrx_word' id='word_1_292' title='bbox 471 2513 602 2566; x_wconf 83' lang='lat' dir='ltr'><strong>ergo</strong></span> <span class='ocrx_word' id='word_1_293' title='bbox 643 2499 790 2555; x_wconf 89' lang='lat' dir='ltr'><strong>dicat</strong></span> <span class='ocrx_word' id='word_1_294' title='bbox 819 2498 961 2570; x_wconf 90' lang='lat' dir='ltr'><strong>quod</strong></span> <span class='ocrx_word' id='word_1_295' title='bbox 994 2498 1067 2553; x_wconf 91' lang='lat' dir='ltr'><strong>illi</strong></span> <span class='ocrx_word' id='word_1_296' title='bbox 1112 2496 1451 2554; x_wconf 88' lang='lat' dir='ltr'><strong>solummodo</strong></span> <span class='ocrx_word' id='word_1_297' title='bbox 1485 2495 1800 2552; x_wconf 72' lang='lat' dir='ltr'><strong>etelestibus</strong></span> 
     </span>
    </p>
   </div>
   <div class='ocr_carea' id='block_1_41' title="bbox 206 2586 1801 2660">
    <p class='ocr_par' dir='ltr' id='par_1_41' title="bbox 206 2586 1801 2660">
     <span class='ocr_line' id='line_1_41' title="bbox 206 2586 1801 2660; baseline -0.001 -17"><span class='ocrx_word' id='word_1_298' title='bbox 206 2588 355 2660; x_wconf 88' lang='lat' dir='ltr'><strong>digni</strong></span> <span class='ocrx_word' id='word_1_299' title='bbox 386 2588 628 2658; x_wconf 68' lang='lat' dir='ltr'><strong>prtemiis</strong></span> <span class='ocrx_word' id='word_1_300' title='bbox 671 2588 976 2645; x_wconf 87' lang='lat' dir='ltr'><strong>habeantur</strong></span> <span class='ocrx_word' id='word_1_301' title='bbox 1015 2589 1108 2660; x_wconf 90' lang='lat' dir='ltr'><strong>qui</strong></span> <span class='ocrx_word' id='word_1_302' title='bbox 1165 2596 1573 2659; x_wconf 90' lang='lat' dir='ltr'><strong>perseeutorum</strong></span> <span class='ocrx_word' id='word_1_303' title='bbox 1606 2586 1801 2656; x_wconf 82' lang='lat' dir='ltr'><strong>gladiis</strong></span> 
     </span>
    </p>
   </div>
   <div class='ocr_carea' id='block_1_42' title="bbox 203 2678 1798 2753">
    <p class='ocr_par' dir='ltr' id='par_1_42' title="bbox 203 2678 1798 2753">
     <span class='ocr_line' id='line_1_42' title="bbox 203 2678 1798 2753; baseline -0.002 -19"><span class='ocrx_word' id='word_1_304' title='bbox 203 2697 303 2753; x_wconf 85' lang='lat' dir='ltr'><strong>pro</strong></span> <span class='ocrx_word' id='word_1_305' title='bbox 329 2680 527 2736; x_wconf 90' lang='lat' dir='ltr'><strong>Christi</strong></span> <span class='ocrx_word' id='word_1_306' title='bbox 544 2679 764 2736; x_wconf 90' lang='lat' dir='ltr'><strong>nomine</strong></span> <span class='ocrx_word' id='word_1_307' title='bbox 792 2678 1084 2736; x_wconf 89' lang='lat' dir='ltr'><strong>feriuntur.</strong></span> <span class='ocrx_word' id='word_1_308' title='bbox 1107 2679 1382 2735; x_wconf 89' lang='lat' dir='ltr'><strong>Conclusit</strong></span> <span class='ocrx_word' id='word_1_309' title='bbox 1414 2678 1554 2732; x_wconf 88' lang='lat' dir='ltr'><strong>Deus</strong></span> <span class='ocrx_word' id='word_1_310' title='bbox 1583 2691 1798 2731; x_wconf 91' lang='lat' dir='ltr'><strong>omnem</strong></span> 
     </span>
    </p>
   </div>
   <div class='ocr_carea' id='block_1_43' title="bbox 203 2769 1800 2843">
    <p class='ocr_par' dir='ltr' id='par_1_43' title="bbox 203 2769 1800 2843">
     <span class='ocr_line' id='line_1_43' title="bbox 203 2769 1800 2843; baseline -0.004 -15"><span class='ocrx_word' id='word_1_311' title='bbox 203 2781 406 2828; x_wconf 61' lang='lat' dir='ltr'><strong>nostra!</strong></span> <span class='ocrx_word' id='word_1_312' title='bbox 444 2771 908 2843; x_wconf 85' lang='lat' dir='ltr'><strong>tcrgiversationis</strong></span> <span class='ocrx_word' id='word_1_313' title='bbox 937 2771 1168 2836; x_wconf 90' lang='lat' dir='ltr'><strong>aditum,</strong></span> <span class='ocrx_word' id='word_1_314' title='bbox 1217 2769 1489 2824; x_wconf 76' lang='lat' dir='ltr'><strong>obstruxit</strong></span> <span class='ocrx_word' id='word_1_315' title='bbox 1518 2783 1680 2823; x_wconf 91' lang='lat' dir='ltr'><strong>omne</strong></span> <span class='ocrx_word' id='word_1_316' title='bbox 1707 2782 1800 2821; x_wconf 77' lang='lat' dir='ltr'><strong>er-</strong></span> 
     </span>
    </p>
   </div>
   <div class='ocr_carea' id='block_1_44' title="bbox 205 2858 1805 2932">
    <p class='ocr_par' dir='ltr' id='par_1_44' title="bbox 205 2858 1805 2932">
     <span class='ocr_line' id='line_1_44' title="bbox 205 2858 1805 2932; baseline -0.004 -11"><span class='ocrx_word' id='word_1_317' title='bbox 205 2864 503 2921; x_wconf 88' lang='lat' dir='ltr'><strong>cusationis</strong></span> <span class='ocrx_word' id='word_1_318' title='bbox 521 2865 773 2920; x_wconf 69' lang='lat' dir='ltr'><strong>bumanaa</strong></span> <span class='ocrx_word' id='word_1_319' title='bbox 809 2861 1142 2932; x_wconf 86' lang='lat' dir='ltr'><strong>confugium.</strong></span> <span class='ocrx_word' id='word_1_320' title='bbox 1173 2858 1314 2916; x_wconf 86' lang='lat' dir='ltr'><strong>Ecce</strong></span> <span class='ocrx_word' id='word_1_321' title='bbox 1334 2859 1451 2929; x_wconf 89' lang='lat' dir='ltr'><strong>jam</strong></span> <span class='ocrx_word' id='word_1_322' title='bbox 1483 2875 1590 2916; x_wconf 91' lang='lat' dir='ltr'><strong>non</strong></span> <span class='ocrx_word' id='word_1_323' title='bbox 1621 2859 1805 2915; x_wconf 89' lang='lat' dir='ltr'><strong>valea-</strong></span> 
     </span>
    </p>
   </div>
   <div class='ocr_carea' id='block_1_45' title="bbox 205 2951 1796 3026">
    <p class='ocr_par' dir='ltr' id='par_1_45' title="bbox 205 2951 1796 3026">
     <span class='ocr_line' id='line_1_45' title="bbox 205 2951 1796 3026; baseline -0.005 -13"><span class='ocrx_word' id='word_1_324' title='bbox 205 2973 331 3013; x_wconf 86' lang='lat' dir='ltr'><strong>mus</strong></span> <span class='ocrx_word' id='word_1_325' title='bbox 361 2973 484 3014; x_wconf 91' lang='lat' dir='ltr'><strong>cum</strong></span> <span class='ocrx_word' id='word_1_326' title='bbox 507 2958 666 3012; x_wconf 88' lang='lat' dir='ltr'><strong>beato</strong></span> <span class='ocrx_word' id='word_1_327' title='bbox 693 2955 1003 3026; x_wconf 79' lang='lat' dir='ltr'><strong>Apollinare</strong></span> <span class='ocrx_word' id='word_1_328' title='bbox 1049 2969 1150 3025; x_wconf 92' lang='lat' dir='ltr'><strong>pro</strong></span> <span class='ocrx_word' id='word_1_329' title='bbox 1191 2953 1302 3009; x_wconf 92' lang='lat' dir='ltr'><strong>Deo</strong></span> <span class='ocrx_word' id='word_1_330' title='bbox 1329 2962 1561 3009; x_wconf 85' lang='lat' dir='ltr'><strong>mortem</strong></span> <span class='ocrx_word' id='word_1_331' title='bbox 1589 2951 1796 3018; x_wconf 90' lang='lat' dir='ltr'><strong>subire,</strong></span> 
     </span>
    </p>
   </div>
   <div class='ocr_carea' id='block_1_46' title="bbox 205 3046 1802 3121">
    <p class='ocr_par' dir='ltr' id='par_1_46' title="bbox 205 3046 1802 3121">
     <span class='ocr_line' id='line_1_46' title="bbox 205 3046 1802 3121; baseline -0.003 -16"><span class='ocrx_word' id='word_1_332' title='bbox 205 3065 498 3121; x_wconf 88' lang='lat' dir='ltr'><strong>possumus</strong></span> <span class='ocrx_word' id='word_1_333' title='bbox 530 3049 725 3106; x_wconf 85' lang='lat' dir='ltr'><strong>saltem</strong></span> <span class='ocrx_word' id='word_1_334' title='bbox 765 3064 890 3104; x_wconf 91' lang='lat' dir='ltr'><strong>eum</strong></span> <span class='ocrx_word' id='word_1_335' title='bbox 936 3049 1097 3104; x_wconf 87' lang='lat' dir='ltr'><strong>beato</strong></span> <span class='ocrx_word' id='word_1_336' title='bbox 1127 3047 1454 3104; x_wconf 89' lang='lat' dir='ltr'><strong>Barbatiano</strong></span> <span class='ocrx_word' id='word_1_337' title='bbox 1482 3047 1650 3102; x_wconf 89' lang='lat' dir='ltr'><strong>vitam</strong></span> <span class='ocrx_word' id='word_1_338' title='bbox 1689 3046 1802 3101; x_wconf 92' lang='lat' dir='ltr'><strong>Deo</strong></span> 
     </span>
    </p>
   </div>
   <div class='ocr_carea' id='block_1_47' title="bbox 1904 1844 3490 1920">
    <p class='ocr_par' dir='ltr' id='par_1_47' title="bbox 1904 1844 3490 1920">
     <span class='ocr_line' id='line_1_47' title="bbox 1904 1844 3490 1920; baseline 0.006 -22"><span class='ocrx_word' id='word_1_339' title='bbox 1904 1844 1977 1898; x_wconf 92' lang='lat' dir='ltr'><strong>rit</strong></span> <span class='ocrx_word' id='word_1_340' title='bbox 2005 1860 2129 1900; x_wconf 92' lang='lat' dir='ltr'><strong>eum</strong></span> <span class='ocrx_word' id='word_1_341' title='bbox 2167 1847 2220 1901; x_wconf 93' lang='lat' dir='ltr'><strong>in</strong></span> <span class='ocrx_word' id='word_1_342' title='bbox 2257 1857 2498 1916; x_wconf 76' lang='lat' dir='ltr'><strong>paternae</strong></span> <span class='ocrx_word' id='word_1_343' title='bbox 2549 1849 2850 1920; x_wconf 80' lang='lat' dir='ltr'><strong>majeStatis</strong></span> <span class='ocrx_word' id='word_1_344' title='bbox 2894 1851 3029 1906; x_wconf 91' lang='lat' dir='ltr'><strong>solio</strong></span> <span class='ocrx_word' id='word_1_345' title='bbox 3088 1863 3490 1910; x_wconf 88' lang='lat' dir='ltr'><strong>coruscantem.</strong></span> 
     </span>
    </p>
   </div>
   <div class='ocr_carea' id='block_1_48' title="bbox 1908 1937 3491 2017">
    <p class='ocr_par' dir='ltr' id='par_1_48' title="bbox 1908 1937 3491 2017">
     <span class='ocr_line' id='line_1_48' title="bbox 1908 1937 3491 2017; baseline 0.007 -24"><span class='ocrx_word' id='word_1_346' title='bbox 1908 1937 2059 1994; x_wconf 90' lang='lat' dir='ltr'><strong>Tunc</strong></span> <span class='ocrx_word' id='word_1_347' title='bbox 2079 1939 2148 1994; x_wconf 91' lang='lat' dir='ltr'><strong>ad</strong></span> <span class='ocrx_word' id='word_1_348' title='bbox 2172 1940 2408 2011; x_wconf 82' lang='lat' dir='ltr'><strong>Virginis</strong></span> <span class='ocrx_word' id='word_1_349' title='bbox 2444 1952 2657 2013; x_wconf 89' lang='lat' dir='ltr'><strong>partum</strong></span> <span class='ocrx_word' id='word_1_350' title='bbox 2679 1946 3024 2000; x_wconf 77' lang='lat' dir='ltr'><strong>exsultavere</strong></span> <span class='ocrx_word' id='word_1_351' title='bbox 3051 1957 3320 2017; x_wconf 86' lang='lat' dir='ltr'><strong>pastores,</strong></span> <span class='ocrx_word' id='word_1_352' title='bbox 3347 1962 3491 2004; x_wconf 86' lang='lat' dir='ltr'><strong>nunc</strong></span> 
     </span>
    </p>
   </div>
   <div class='ocr_carea' id='block_1_49' title="bbox 1902 2033 3496 2114">
    <p class='ocr_par' dir='ltr' id='par_1_49' title="bbox 1902 2033 3496 2114">
     <span class='ocr_line' id='line_1_49' title="bbox 1902 2033 3496 2114; baseline 0.006 -28"><span class='ocrx_word' id='word_1_353' title='bbox 1902 2033 1968 2087; x_wconf 91' lang='lat' dir='ltr'><strong>ad</strong></span> <span class='ocrx_word' id='word_1_354' title='bbox 1997 2045 2347 2105; x_wconf 86' lang='lat' dir='ltr'><strong>conspectum</strong></span> <span class='ocrx_word' id='word_1_355' title='bbox 2388 2035 2554 2108; x_wconf 77' lang='lat'><strong>358</strong></span> <span class='ocrx_word' id='word_1_356' title='bbox 2582 2037 2810 2108; x_wconf 82' lang='lat' dir='ltr'><strong>virginis</strong></span> <span class='ocrx_word' id='word_1_357' title='bbox 2842 2038 3052 2096; x_wconf 90' lang='lat' dir='ltr'><strong>confusi</strong></span> <span class='ocrx_word' id='word_1_358' title='bbox 3094 2049 3219 2096; x_wconf 90' lang='lat' dir='ltr'><strong>sunt</strong></span> <span class='ocrx_word' id='word_1_359' title='bbox 3258 2041 3496 2114; x_wconf 53' lang='lat' dir='ltr'><strong>imperat</strong></span> 
     </span>
    </p>
   </div>
   <div class='ocr_carea' id='block_1_50' title="bbox 1903 2125 3491 2199">
    <p class='ocr_par' dir='ltr' id='par_1_50' title="bbox 1903 2125 3491 2199">
     <span class='ocr_line' id='line_1_50' title="bbox 1903 2125 3491 2199; baseline 0.004 -19"><span class='ocrx_word' id='word_1_360' title='bbox 1903 2134 2069 2180; x_wconf 89' lang='lat' dir='ltr'><strong>tores.</strong></span> <span class='ocrx_word' id='word_1_361' title='bbox 2099 2125 2249 2181; x_wconf 90' lang='lat' dir='ltr'><strong>Unus</strong></span> <span class='ocrx_word' id='word_1_362' title='bbox 2295 2137 2379 2182; x_wconf 90' lang='lat' dir='ltr'><strong>est</strong></span> <span class='ocrx_word' id='word_1_363' title='bbox 2425 2127 2594 2192; x_wconf 87' lang='lat' dir='ltr'><strong>enim,</strong></span> <span class='ocrx_word' id='word_1_364' title='bbox 2643 2129 2784 2184; x_wconf 92' lang='lat' dir='ltr'><strong>sicut</strong></span> <span class='ocrx_word' id='word_1_365' title='bbox 2813 2132 2968 2186; x_wconf 87' lang='lat' dir='ltr'><strong>beata</strong></span> <span class='ocrx_word' id='word_1_366' title='bbox 3024 2131 3195 2186; x_wconf 87' lang='lat' dir='ltr'><strong>Mater</strong></span> <span class='ocrx_word' id='word_1_367' title='bbox 3227 2130 3344 2199; x_wconf 82' lang='lat' dir='ltr'><strong>ejus</strong></span> <span class='ocrx_word' id='word_1_368' title='bbox 3370 2133 3447 2186; x_wconf 89' lang='lat' dir='ltr'><strong>ait</strong></span> <span class='ocrx_word' id='word_1_369' title='bbox 3472 2171 3491 2197; x_wconf 85' lang='lat'><strong>,</strong></span> 
     </span>
    </p>
   </div>
   <div class='ocr_carea' id='block_1_51' title="bbox 1901 2219 3490 2290">
    <p class='ocr_par' dir='ltr' id='par_1_51' title="bbox 1901 2219 3490 2290">
     <span class='ocr_line' id='line_1_51' title="bbox 1901 2219 3490 2290; baseline 0.004 -18"><span class='ocrx_word' id='word_1_370' title='bbox 1901 2219 1991 2289; x_wconf 91' lang='lat' dir='ltr'><strong>qui</strong></span> <span class='ocrx_word' id='word_1_371' title='bbox 2015 2227 2067 2273; x_wconf 92' lang='lat' dir='ltr'><strong>et</strong></span> <span class='ocrx_word' id='word_1_372' title='bbox 2099 2239 2115 2270; x_wconf 85' lang='grc'><em>‹</em></span> <span class='ocrx_word' id='word_1_373' title='bbox 2154 2219 2402 2290; x_wconf 90' lang='lat' dir='ltr'><strong>deposuit</strong></span> <span class='ocrx_word' id='word_1_374' title='bbox 2429 2229 2680 2290; x_wconf 88' lang='lat' dir='ltr'><strong>potentes</strong></span> <span class='ocrx_word' id='word_1_375' title='bbox 2709 2222 2775 2276; x_wconf 89' lang='lat' dir='ltr'><strong>de</strong></span> <span class='ocrx_word' id='word_1_376' title='bbox 2821 2223 2972 2288; x_wconf 90' lang='lat' dir='ltr'><strong>sede,</strong></span> <span class='ocrx_word' id='word_1_377' title='bbox 3004 2233 3058 2279; x_wconf 90' lang='lat' dir='ltr'><strong>et</strong></span> <span class='ocrx_word' id='word_1_378' title='bbox 3083 2223 3344 2278; x_wconf 80' lang='lat' dir='ltr'><strong>exaltavit</strong></span> <span class='ocrx_word' id='word_1_379' title='bbox 3388 2223 3490 2279; x_wconf 80' lang='lat' dir='ltr'><strong>hu-</strong></span> 
     </span>
    </p>
   </div>
   <div class='ocr_carea' id='block_1_52' title="bbox 1901 2312 3494 2388">
    <p class='ocr_par' dir='ltr' id='par_1_52' title="bbox 1901 2312 3494 2388">
     <span class='ocr_line' id='line_1_52' title="bbox 1901 2312 3494 2388; baseline 0.003 -20"><span class='ocrx_word' id='word_1_380' title='bbox 1901 2314 2058 2369; x_wconf 89' lang='lat' dir='ltr'><strong>miles</strong></span> <span class='ocrx_word' id='word_1_381' title='bbox 2088 2312 2238 2385; x_wconf 83' lang='lat' dir='ltr'><strong>(Luc.</strong></span> <span class='ocrx_word' id='word_1_382' title='bbox 2278 2315 2361 2385; x_wconf 85' lang='grc' dir='ltr'><strong>ιι).</strong></span> <span class='ocrx_word' id='word_1_383' title='bbox 2397 2333 2415 2366; x_wconf 75' lang='grc' dir='ltr'><strong>ι</strong></span> <span class='ocrx_word' id='word_1_384' title='bbox 2459 2314 2621 2382; x_wconf 85' lang='lat' dir='ltr'><strong>Nam,</strong></span> <span class='ocrx_word' id='word_1_385' title='bbox 2646 2316 2789 2371; x_wconf 90' lang='lat' dir='ltr'><strong>sicut</strong></span> <span class='ocrx_word' id='word_1_386' title='bbox 2819 2317 2875 2372; x_wconf 93' lang='lat' dir='ltr'><strong>in</strong></span> <span class='ocrx_word' id='word_1_387' title='bbox 2906 2317 3176 2388; x_wconf 90' lang='lat' dir='ltr'><strong>descripta</strong></span> <span class='ocrx_word' id='word_1_388' title='bbox 3205 2316 3377 2372; x_wconf 70' lang='lat' dir='ltr'><strong>beata:</strong></span> <span class='ocrx_word' id='word_1_389' title='bbox 3399 2315 3494 2372; x_wconf 84' lang='lat' dir='ltr'><strong>Co-</strong></span> 
     </span>
    </p>
   </div>
   <div class='ocr_carea' id='block_1_53' title="bbox 1902 2405 3500 2480">
    <p class='ocr_par' dir='ltr' id='par_1_53' title="bbox 1902 2405 3500 2480">
     <span class='ocr_line' id='line_1_53' title="bbox 1902 2405 3500 2480; baseline 0.004 -21"><span class='ocrx_word' id='word_1_390' title='bbox 1902 2405 2096 2460; x_wconf 83' lang='lat' dir='ltr'><strong>lumbae</strong></span> <span class='ocrx_word' id='word_1_391' title='bbox 2127 2407 2398 2476; x_wconf 88' lang='lat' dir='ltr'><strong>reperitur</strong></span> <span class='ocrx_word' id='word_1_392' title='bbox 2445 2409 2698 2473; x_wconf 88' lang='lat' dir='ltr'><strong>historia,</strong></span> <span class='ocrx_word' id='word_1_393' title='bbox 2740 2409 3036 2480; x_wconf 87' lang='lat' dir='ltr'><strong>imperator</strong></span> <span class='ocrx_word' id='word_1_394' title='bbox 3057 2410 3406 2476; x_wconf 82' lang='lat' dir='ltr'><strong>Aurelianus,</strong></span> <span class='ocrx_word' id='word_1_395' title='bbox 3436 2418 3500 2466; x_wconf 90' lang='lat' dir='ltr'><strong>ut</strong></span> 
     </span>
    </p>
   </div>
   <div class='ocr_carea' id='block_1_54' title="bbox 1902 2498 3492 2569">
    <p class='ocr_par' dir='ltr' id='par_1_54' title="bbox 1902 2498 3492 2569">
     <span class='ocr_line' id='line_1_54' title="bbox 1902 2498 3492 2569; baseline 0.001 -17"><span class='ocrx_word' id='word_1_396' title='bbox 1902 2513 2020 2552; x_wconf 90' lang='lat' dir='ltr'><strong>eam</strong></span> <span class='ocrx_word' id='word_1_397' title='bbox 2051 2505 2231 2567; x_wconf 87' lang='lat' dir='ltr'><strong>posset</strong></span> <span class='ocrx_word' id='word_1_398' title='bbox 2259 2514 2289 2552; x_wconf 90' lang='lat' dir='ltr'><strong>a</strong></span> <span class='ocrx_word' id='word_1_399' title='bbox 2318 2499 2558 2554; x_wconf 83' lang='lat' dir='ltr'><strong>caelestis</strong></span> <span class='ocrx_word' id='word_1_400' title='bbox 2589 2498 2784 2569; x_wconf 91' lang='lat' dir='ltr'><strong>Sponsi</strong></span> <span class='ocrx_word' id='word_1_401' title='bbox 2816 2500 2921 2556; x_wconf 88' lang='lat' dir='ltr'><strong>fide</strong></span> <span class='ocrx_word' id='word_1_402' title='bbox 2963 2501 3295 2566; x_wconf 89' lang='lat' dir='ltr'><strong>convellere,</strong></span> <span class='ocrx_word' id='word_1_403' title='bbox 3328 2514 3492 2555; x_wconf 86' lang='lat' dir='ltr'><strong>cona-</strong></span> 
     </span>
    </p>
   </div>
   <div class='ocr_carea' id='block_1_55' title="bbox 1905 2587 3490 2660">
    <p class='ocr_par' dir='ltr' id='par_1_55' title="bbox 1905 2587 3490 2660">
     <span class='ocr_line' id='line_1_55' title="bbox 1905 2587 3490 2660; baseline 0.003 -19"><span class='ocrx_word' id='word_1_404' title='bbox 1905 2596 1989 2642; x_wconf 90' lang='lat' dir='ltr'><strong>tus</strong></span> <span class='ocrx_word' id='word_1_405' title='bbox 2037 2595 2119 2642; x_wconf 90' lang='lat' dir='ltr'><strong>est</strong></span> <span class='ocrx_word' id='word_1_406' title='bbox 2163 2603 2282 2642; x_wconf 90' lang='lat' dir='ltr'><strong>eam</strong></span> <span class='ocrx_word' id='word_1_407' title='bbox 2343 2587 2453 2643; x_wconf 87' lang='lat' dir='ltr'><strong>filio</strong></span> <span class='ocrx_word' id='word_1_408' title='bbox 2483 2605 2581 2643; x_wconf 92' lang='lat' dir='ltr'><strong>suo</strong></span> <span class='ocrx_word' id='word_1_409' title='bbox 2609 2589 2938 2644; x_wconf 90' lang='lat' dir='ltr'><strong>matrimonii</strong></span> <span class='ocrx_word' id='word_1_410' title='bbox 2969 2590 3187 2644; x_wconf 91' lang='lat' dir='ltr'><strong>vinculo</strong></span> <span class='ocrx_word' id='word_1_411' title='bbox 3210 2589 3490 2660; x_wconf 88' lang='lat' dir='ltr'><strong>copulare.</strong></span> 
     </span>
    </p>
   </div>
   <div class='ocr_carea' id='block_1_56' title="bbox 1903 2675 3498 2749">
    <p class='ocr_par' dir='ltr' id='par_1_56' title="bbox 1903 2675 3498 2749">
     <span class='ocr_line' id='line_1_56' title="bbox 1903 2675 3498 2749; baseline 0.003 -18"><span class='ocrx_word' id='word_1_412' title='bbox 1903 2675 2011 2731; x_wconf 90' lang='lat' dir='ltr'><strong>Sed</strong></span> <span class='ocrx_word' id='word_1_413' title='bbox 2047 2677 2201 2747; x_wconf 90' lang='lat' dir='ltr'><strong>virgo</strong></span> <span class='ocrx_word' id='word_1_414' title='bbox 2224 2677 2464 2748; x_wconf 86' lang='lat' dir='ltr'><strong>prudens</strong></span> <span class='ocrx_word' id='word_1_415' title='bbox 2487 2678 2662 2734; x_wconf 88' lang='lat' dir='ltr'><strong>aliena</strong></span> <span class='ocrx_word' id='word_1_416' title='bbox 2693 2695 2919 2749; x_wconf 89' lang='lat' dir='ltr'><strong>prorsus</strong></span> <span class='ocrx_word' id='word_1_417' title='bbox 2957 2696 2986 2734; x_wconf 87' lang='lat' dir='ltr'><strong>a</strong></span> <span class='ocrx_word' id='word_1_418' title='bbox 3017 2679 3266 2737; x_wconf 88' lang='lat' dir='ltr'><strong>fatuitate</strong></span> <span class='ocrx_word' id='word_1_419' title='bbox 3305 2695 3498 2736; x_wconf 85' lang='lat' dir='ltr'><strong>vecor-</strong></span> 
     </span>
    </p>
   </div>
   <div class='ocr_carea' id='block_1_57' title="bbox 1902 2765 3498 2841">
    <p class='ocr_par' dir='ltr' id='par_1_57' title="bbox 1902 2765 3498 2841">
     <span class='ocr_line' id='line_1_57' title="bbox 1902 2765 3498 2841; baseline 0.005 -21"><span class='ocrx_word' id='word_1_420' title='bbox 1902 2765 2004 2820; x_wconf 64' lang='lat' dir='ltr'><strong>diae</strong></span> <span class='ocrx_word' id='word_1_421' title='bbox 2025 2776 2343 2822; x_wconf 82' lang='lat' dir='ltr'><strong>constanter</strong></span> <span class='ocrx_word' id='word_1_422' title='bbox 2366 2769 2541 2824; x_wconf 90' lang='lat' dir='ltr'><strong>tenuit</strong></span> <span class='ocrx_word' id='word_1_423' title='bbox 2566 2770 2806 2840; x_wconf 85' lang='lat' dir='ltr'><strong>regulam</strong></span> <span class='ocrx_word' id='word_1_424' title='bbox 2839 2771 3163 2841; x_wconf 73' lang='lat' dir='ltr'><strong>disciplima,</strong></span> <span class='ocrx_word' id='word_1_425' title='bbox 3211 2773 3276 2827; x_wconf 91' lang='lat' dir='ltr'><strong>ad</strong></span> <span class='ocrx_word' id='word_1_426' title='bbox 3306 2771 3498 2828; x_wconf 87' lang='lat' dir='ltr'><strong>Salva-</strong></span> 
     </span>
    </p>
   </div>
   <div class='ocr_carea' id='block_1_58' title="bbox 1907 2857 3500 2934">
    <p class='ocr_par' dir='ltr' id='par_1_58' title="bbox 1907 2857 3500 2934">
     <span class='ocr_line' id='line_1_58' title="bbox 1907 2857 3500 2934; baseline 0.006 -24"><span class='ocrx_word' id='word_1_427' title='bbox 1907 2857 2039 2912; x_wconf 90' lang='lat' dir='ltr'><strong>toris</strong></span> <span class='ocrx_word' id='word_1_428' title='bbox 2067 2859 2239 2913; x_wconf 85' lang='lat' dir='ltr'><strong>nostri</strong></span> <span class='ocrx_word' id='word_1_429' title='bbox 2269 2861 2518 2929; x_wconf 91' lang='lat' dir='ltr'><strong>protinus</strong></span> <span class='ocrx_word' id='word_1_430' title='bbox 2550 2862 2784 2917; x_wconf 86' lang='lat' dir='ltr'><strong>recurrit</strong></span> <span class='ocrx_word' id='word_1_431' title='bbox 2813 2863 3142 2934; x_wconf 71' lang='lat' dir='ltr'><strong>exemplum,</strong></span> <span class='ocrx_word' id='word_1_432' title='bbox 3192 2865 3334 2934; x_wconf 91' lang='lat' dir='ltr'><strong>quod</strong></span> <span class='ocrx_word' id='word_1_433' title='bbox 3382 2874 3500 2919; x_wconf 83' lang='lat' dir='ltr'><strong>tan-</strong></span> 
     </span>
    </p>
   </div>
   <div class='ocr_carea' id='block_1_59' title="bbox 1906 2953 3500 3028">
    <p class='ocr_par' dir='ltr' id='par_1_59' title="bbox 1906 2953 3500 3028">
     <span class='ocr_line' id='line_1_59' title="bbox 1906 2953 3500 3028; baseline 0.003 -21"><span class='ocrx_word' id='word_1_434' title='bbox 1906 2968 2067 3023; x_wconf 91' lang='lat' dir='ltr'><strong>quam</strong></span> <span class='ocrx_word' id='word_1_435' title='bbox 2096 2953 2564 3023; x_wconf 89' lang='lat' dir='ltr'><strong>impenetrabilem</strong></span> <span class='ocrx_word' id='word_1_436' title='bbox 2589 2955 2834 3028; x_wconf 91' lang='lat' dir='ltr'><strong>clypeum</strong></span> <span class='ocrx_word' id='word_1_437' title='bbox 2871 2957 3079 3011; x_wconf 90' lang='lat' dir='ltr'><strong>fervida</strong></span> <span class='ocrx_word' id='word_1_438' title='bbox 3119 2956 3369 3012; x_wconf 73' lang='lat' dir='ltr'><strong>bellatrix</strong></span> <span class='ocrx_word' id='word_1_439' title='bbox 3415 2973 3500 3012; x_wconf 81' lang='lat' dir='ltr'><strong>ar-</strong></span> 
     </span>
    </p>
   </div>
   <div class='ocr_carea' id='block_1_60' title="bbox 1909 3045 3502 3121">
    <p class='ocr_par' dir='ltr' id='par_1_60' title="bbox 1909 3045 3502 3121">
     <span class='ocr_line' id='line_1_60' title="bbox 1909 3045 3502 3121; baseline 0.006 -23"><span class='ocrx_word' id='word_1_440' title='bbox 1909 3045 2092 3116; x_wconf 89' lang='lat' dir='ltr'><strong>ripuit,</strong></span> <span class='ocrx_word' id='word_1_441' title='bbox 2127 3057 2183 3102; x_wconf 91' lang='lat' dir='ltr'><strong>et</strong></span> <span class='ocrx_word' id='word_1_442' title='bbox 2215 3057 2480 3102; x_wconf 89' lang='lat' dir='ltr'><strong>venenata</strong></span> <span class='ocrx_word' id='word_1_443' title='bbox 2539 3048 2592 3102; x_wconf 92' lang='lat' dir='ltr'><strong>in</strong></span> <span class='ocrx_word' id='word_1_444' title='bbox 2645 3064 2704 3103; x_wconf 90' lang='lat' dir='ltr'><strong>se</strong></span> <span class='ocrx_word' id='word_1_445' title='bbox 2744 3049 2947 3118; x_wconf 90' lang='lat' dir='ltr'><strong>spicula</strong></span> <span class='ocrx_word' id='word_1_446' title='bbox 2978 3049 3299 3121; x_wconf 86' lang='lat' dir='ltr'><strong>dirigentem</strong></span> <span class='ocrx_word' id='word_1_447' title='bbox 3330 3048 3502 3107; x_wconf 88' lang='lat' dir='ltr'><strong>divini</strong></span> 
     </span>
    </p>
   </div>
   <div class='ocr_carea' id='block_1_61' title="bbox 205 3121 3502 3214">
    <p class='ocr_par' dir='ltr' id='par_1_61' title="bbox 205 3121 3502 3214">
     <span class='ocr_line' id='line_1_61' title="bbox 205 3121 3502 3214; baseline 0 -17"><span class='ocrx_word' id='word_1_448' title='bbox 205 3143 512 3214; x_wconf 86' lang='lat' dir='ltr'><strong>placentem</strong></span> <span class='ocrx_word' id='word_1_449' title='bbox 562 3143 784 3198; x_wconf 88' lang='lat' dir='ltr'><strong>ducere.</strong></span> <span class='ocrx_word' id='word_1_450' title='bbox 852 3141 1104 3214; x_wconf 84' lang='lat' dir='ltr'><strong>Magnum</strong></span> <span class='ocrx_word' id='word_1_451' title='bbox 1144 3141 1341 3212; x_wconf 92' lang='lat' dir='ltr'><strong>quippe</strong></span> <span class='ocrx_word' id='word_1_452' title='bbox 1386 3148 1468 3196; x_wconf 91' lang='lat' dir='ltr'><strong>est</strong></span> <span class='ocrx_word' id='word_1_453' title='bbox 1521 3139 1657 3195; x_wconf 90' lang='lat' dir='ltr'><strong>mori</strong></span> <span class='ocrx_word' id='word_1_454' title='bbox 1703 3153 1803 3209; x_wconf 91' lang='lat' dir='ltr'><strong>pro</strong></span> <span class='ocrx_word' id='word_1_455' title='bbox 1830 3121 1878 3184; x_wconf 67' lang='grc' dir='ltr'><strong>(ἶ</strong></span> <span class='ocrx_word' id='word_1_456' title='bbox 1909 3137 2068 3193; x_wconf 82' lang='lat' dir='ltr'><strong>Verbi</strong></span> <span class='ocrx_word' id='word_1_457' title='bbox 2096 3135 2394 3193; x_wconf 88' lang='lat' dir='ltr'><strong>Siromaste</strong></span> <span class='ocrx_word' id='word_1_458' title='bbox 2432 3137 2687 3208; x_wconf 84' lang='lat' dir='ltr'><strong>perfodit.</strong></span> <span class='ocrx_word' id='word_1_459' title='bbox 2723 3138 2859 3204; x_wconf 85' lang='lat' dir='ltr'><strong>Hoc,</strong></span> <span class='ocrx_word' id='word_1_460' title='bbox 2893 3141 3086 3208; x_wconf 81' lang='lat' dir='ltr'><strong>inquit,</strong></span> <span class='ocrx_word' id='word_1_461' title='bbox 3117 3141 3375 3211; x_wconf 90' lang='lat' dir='ltr'><strong>antiquus</strong></span> <span class='ocrx_word' id='word_1_462' title='bbox 3402 3141 3502 3197; x_wconf 81' lang='lat' dir='ltr'><strong>ho-</strong></span> 
     </span>
    </p>
   </div>
   <div class='ocr_carea' id='block_1_62' title="bbox 205 3231 1802 3298">
    <p class='ocr_par' dir='ltr' id='par_1_62' title="bbox 205 3231 1802 3298">
     <span class='ocr_line' id='line_1_62' title="bbox 205 3231 1802 3298; baseline -0.002 -9"><span class='ocrx_word' id='word_1_463' title='bbox 205 3233 444 3298; x_wconf 91' lang='lat' dir='ltr'><strong>Christo,</strong></span> <span class='ocrx_word' id='word_1_464' title='bbox 489 3234 583 3289; x_wconf 89' lang='lat' dir='ltr'><strong>sed</strong></span> <span class='ocrx_word' id='word_1_465' title='bbox 664 3249 772 3288; x_wconf 94' lang='lat' dir='ltr'><strong>non</strong></span> <span class='ocrx_word' id='word_1_466' title='bbox 841 3243 926 3289; x_wconf 89' lang='lat' dir='ltr'><strong>est</strong></span> <span class='ocrx_word' id='word_1_467' title='bbox 1005 3231 1231 3288; x_wconf 89' lang='lat' dir='ltr'><strong>inferius</strong></span> <span class='ocrx_word' id='word_1_468' title='bbox 1309 3232 1491 3288; x_wconf 86' lang='lat' dir='ltr'><strong>vivere</strong></span> <span class='ocrx_word' id='word_1_469' title='bbox 1562 3231 1802 3287; x_wconf 89' lang='lat' dir='ltr'><strong>Christo.</strong></span> 
     </span>
    </p>
   </div>
   <div class='ocr_carea' id='block_1_63' title="bbox 210 3323 1804 3396">
    <p class='ocr_par' dir='ltr' id='par_1_63' title="bbox 210 3323 1804 3396">
     <span class='ocr_line' id='line_1_63' title="bbox 210 3323 1804 3396; baseline -0.002 -13"><span class='ocrx_word' id='word_1_470' title='bbox 210 3325 514 3396; x_wconf 89' lang='lat' dir='ltr'><strong>Utrumque</strong></span> <span class='ocrx_word' id='word_1_471' title='bbox 571 3325 718 3382; x_wconf 90' lang='lat' dir='ltr'><strong>enim</strong></span> <span class='ocrx_word' id='word_1_472' title='bbox 774 3325 829 3380; x_wconf 94' lang='lat' dir='ltr'><strong>in</strong></span> <span class='ocrx_word' id='word_1_473' title='bbox 893 3333 1098 3381; x_wconf 86' lang='lat' dir='ltr'><strong>statera</strong></span> <span class='ocrx_word' id='word_1_474' title='bbox 1160 3323 1361 3379; x_wconf 88' lang='lat' dir='ltr'><strong>Paulus</strong></span> <span class='ocrx_word' id='word_1_475' title='bbox 1425 3339 1577 3393; x_wconf 69' lang='lat' dir='ltr'><strong>aequa</strong></span> <span class='ocrx_word' id='word_1_476' title='bbox 1650 3323 1804 3380; x_wconf 86' lang='lat' dir='ltr'><strong>lance</strong></span> 
     </span>
    </p>
   </div>
   <div class='ocr_carea' id='block_1_64' title="bbox 206 3413 1804 3487">
    <p class='ocr_par' dir='ltr' id='par_1_64' title="bbox 206 3413 1804 3487">
     <span class='ocr_line' id='line_1_64' title="bbox 206 3413 1804 3487; baseline -0.003 -15"><span class='ocrx_word' id='word_1_477' title='bbox 206 3415 498 3487; x_wconf 87' lang='lat' dir='ltr'><strong>pendebat,</strong></span> <span class='ocrx_word' id='word_1_478' title='bbox 553 3431 678 3471; x_wconf 91' lang='lat' dir='ltr'><strong>eum</strong></span> <span class='ocrx_word' id='word_1_479' title='bbox 727 3416 934 3472; x_wconf 91' lang='lat' dir='ltr'><strong>diceret</strong></span> <span class='ocrx_word' id='word_1_480' title='bbox 981 3434 995 3470; x_wconf 92' lang='lat'>:</span> <span class='ocrx_word' id='word_1_481' title='bbox 1050 3433 1069 3466; x_wconf 70' lang='grc' dir='ltr'><strong>ι</strong></span> <span class='ocrx_word' id='word_1_482' title='bbox 1123 3413 1292 3469; x_wconf 80' lang='lat' dir='ltr'><strong>Nemo</strong></span> <span class='ocrx_word' id='word_1_483' title='bbox 1353 3414 1496 3469; x_wconf 91' lang='lat' dir='ltr'><strong>enim</strong></span> <span class='ocrx_word' id='word_1_484' title='bbox 1553 3422 1804 3468; x_wconf 90' lang='lat' dir='ltr'><strong>nostrum</strong></span> 
     </span>
    </p>
   </div>
   <div class='ocr_carea' id='block_1_65' title="bbox 209 3504 1799 3572">
    <p class='ocr_par' dir='ltr' id='par_1_65' title="bbox 209 3504 1799 3572">
     <span class='ocr_line' id='line_1_65' title="bbox 209 3504 1799 3572; baseline 0 -11"><span class='ocrx_word' id='word_1_485' title='bbox 209 3506 313 3562; x_wconf 89' lang='lat' dir='ltr'><strong>sibi</strong></span> <span class='ocrx_word' id='word_1_486' title='bbox 341 3506 496 3572; x_wconf 86' lang='lat' dir='ltr'><strong>vivit,</strong></span> <span class='ocrx_word' id='word_1_487' title='bbox 520 3515 576 3561; x_wconf 93' lang='lat' dir='ltr'><strong>et</strong></span> <span class='ocrx_word' id='word_1_488' title='bbox 607 3521 768 3561; x_wconf 89' lang='lat' dir='ltr'><strong>nemo</strong></span> <span class='ocrx_word' id='word_1_489' title='bbox 794 3506 898 3562; x_wconf 91' lang='lat' dir='ltr'><strong>sibi</strong></span> <span class='ocrx_word' id='word_1_490' title='bbox 927 3507 1190 3572; x_wconf 90' lang='lat' dir='ltr'><strong>moritur;</strong></span> <span class='ocrx_word' id='word_1_491' title='bbox 1217 3506 1332 3562; x_wconf 91' lang='lat' dir='ltr'><strong>sive</strong></span> <span class='ocrx_word' id='word_1_492' title='bbox 1367 3506 1512 3561; x_wconf 88' lang='lat' dir='ltr'><strong>enim</strong></span> <span class='ocrx_word' id='word_1_493' title='bbox 1534 3504 1799 3570; x_wconf 86' lang='lat' dir='ltr'><strong>vivimus,</strong></span> 
     </span>
    </p>
   </div>
   <div class='ocr_carea' id='block_1_66' title="bbox 210 3596 1804 3665">
    <p class='ocr_par' dir='ltr' id='par_1_66' title="bbox 210 3596 1804 3665">
     <span class='ocr_line' id='line_1_66' title="bbox 210 3596 1804 3665; baseline -0.001 -11"><span class='ocrx_word' id='word_1_494' title='bbox 210 3597 442 3654; x_wconf 90' lang='lat' dir='ltr'><strong>Domino</strong></span> <span class='ocrx_word' id='word_1_495' title='bbox 471 3597 735 3665; x_wconf 88' lang='lat' dir='ltr'><strong>vivimus;</strong></span> <span class='ocrx_word' id='word_1_496' title='bbox 769 3599 884 3654; x_wconf 81' lang='lat' dir='ltr'><strong>sive</strong></span> <span class='ocrx_word' id='word_1_497' title='bbox 929 3597 1214 3661; x_wconf 88' lang='lat' dir='ltr'><strong>morimur.</strong></span> <span class='ocrx_word' id='word_1_498' title='bbox 1262 3596 1492 3652; x_wconf 91' lang='lat' dir='ltr'><strong>Domino</strong></span> <span class='ocrx_word' id='word_1_499' title='bbox 1518 3597 1804 3652; x_wconf 90' lang='lat' dir='ltr'><strong>morimur.</strong></span> 
     </span>
    </p>
   </div>
   <div class='ocr_carea' id='block_1_67' title="bbox 213 3686 1811 3761">
    <p class='ocr_par' dir='ltr' id='par_1_67' title="bbox 213 3686 1811 3761">
     <span class='ocr_line' id='line_1_67' title="bbox 213 3686 1811 3761; baseline 0.001 -18"><span class='ocrx_word' id='word_1_500' title='bbox 213 3686 341 3745; x_wconf 88' lang='lat' dir='ltr'><strong>Sive</strong></span> <span class='ocrx_word' id='word_1_501' title='bbox 386 3704 518 3761; x_wconf 90' lang='lat' dir='ltr'><strong>ergo</strong></span> <span class='ocrx_word' id='word_1_502' title='bbox 569 3689 826 3757; x_wconf 87' lang='lat' dir='ltr'><strong>vivimus,</strong></span> <span class='ocrx_word' id='word_1_503' title='bbox 876 3690 991 3745; x_wconf 90' lang='lat' dir='ltr'><strong>sive</strong></span> <span class='ocrx_word' id='word_1_504' title='bbox 1039 3690 1327 3757; x_wconf 85' lang='lat' dir='ltr'><strong>morimur,</strong></span> <span class='ocrx_word' id='word_1_505' title='bbox 1378 3689 1592 3746; x_wconf 91' lang='lat' dir='ltr'><strong>Domini</strong></span> <span class='ocrx_word' id='word_1_506' title='bbox 1623 3703 1811 3744; x_wconf 85' lang='lat' dir='ltr'><strong>sumus</strong></span> 
     </span>
    </p>
   </div>
   <div class='ocr_carea' id='block_1_68' title="bbox 210 3777 1812 3853">
    <p class='ocr_par' dir='ltr' id='par_1_68' title="bbox 210 3777 1812 3853">
     <span class='ocr_line' id='line_1_68' title="bbox 210 3777 1812 3853; baseline 0.001 -20"><span class='ocrx_word' id='word_1_507' title='bbox 210 3777 388 3850; x_wconf 84' lang='lat' dir='ltr'><strong>(Rom.</strong></span> <span class='ocrx_word' id='word_1_508' title='bbox 422 3779 558 3852; x_wconf 61' lang='grc' dir='ltr'><strong>ιιι).</strong></span> <span class='ocrx_word' id='word_1_509' title='bbox 596 3798 617 3834; x_wconf 75' lang='grc' dir='ltr'><strong>ι</strong></span> <span class='ocrx_word' id='word_1_510' title='bbox 660 3779 918 3852; x_wconf 84' lang='lat' dir='ltr'><strong>Quisquis</strong></span> <span class='ocrx_word' id='word_1_511' title='bbox 959 3780 1123 3853; x_wconf 84' lang='lat' dir='ltr'><strong>igitur</strong></span> <span class='ocrx_word' id='word_1_512' title='bbox 1169 3789 1317 3835; x_wconf 91' lang='lat' dir='ltr'><strong>amat</strong></span> <span class='ocrx_word' id='word_1_513' title='bbox 1363 3779 1684 3851; x_wconf 84' lang='lat' dir='ltr'><strong>martyrium</strong></span> <span class='ocrx_word' id='word_1_514' title='bbox 1716 3795 1812 3834; x_wconf 77' lang='lat' dir='ltr'><strong>ex-</strong></span> 
     </span>
    </p>
   </div>
   <div class='ocr_carea' id='block_1_69' title="bbox 212 3869 1812 3943">
    <p class='ocr_par' dir='ltr' id='par_1_69' title="bbox 212 3869 1812 3943">
     <span class='ocr_line' id='line_1_69' title="bbox 212 3869 1812 3943; baseline -0.001 -18"><span class='ocrx_word' id='word_1_515' title='bbox 212 3869 400 3926; x_wconf 86' lang='lat' dir='ltr'><strong>hibeat</strong></span> <span class='ocrx_word' id='word_1_516' title='bbox 426 3886 487 3927; x_wconf 87' lang='lat' dir='ltr'><strong>se</strong></span> <span class='ocrx_word' id='word_1_517' title='bbox 515 3871 780 3943; x_wconf 79' lang='lat' dir='ltr'><strong>martyrio</strong></span> <span class='ocrx_word' id='word_1_518' title='bbox 802 3871 1044 3942; x_wconf 87' lang='lat' dir='ltr'><strong>dignum,</strong></span> <span class='ocrx_word' id='word_1_519' title='bbox 1067 3878 1122 3927; x_wconf 89' lang='lat' dir='ltr'><strong>et</strong></span> <span class='ocrx_word' id='word_1_520' title='bbox 1150 3870 1398 3942; x_wconf 81' lang='lat' dir='ltr'><strong>martyrii</strong></span> <span class='ocrx_word' id='word_1_521' title='bbox 1440 3879 1812 3941; x_wconf 87' lang='lat' dir='ltr'><strong>consequetur</strong></span> 
     </span>
    </p>
   </div>
   <div class='ocr_carea' id='block_1_70' title="bbox 217 3961 1814 4036">
    <p class='ocr_par' dir='ltr' id='par_1_70' title="bbox 217 3961 1814 4036">
     <span class='ocr_line' id='line_1_70' title="bbox 217 3961 1814 4036; baseline 0.001 -20"><span class='ocrx_word' id='word_1_522' title='bbox 217 3961 409 4031; x_wconf 90' lang='lat' dir='ltr'><strong>procul</strong></span> <span class='ocrx_word' id='word_1_523' title='bbox 431 3962 599 4019; x_wconf 91' lang='lat' dir='ltr'><strong>dubio</strong></span> <span class='ocrx_word' id='word_1_524' title='bbox 621 3963 926 4036; x_wconf 70' lang='lat' dir='ltr'><strong>praemium.</strong></span> <span class='ocrx_word' id='word_1_525' title='bbox 977 3961 1095 4018; x_wconf 81' lang='lat' dir='ltr'><strong>Non</strong></span> <span class='ocrx_word' id='word_1_526' title='bbox 1129 3970 1309 4034; x_wconf 85' lang='lat' dir='ltr'><strong>potest</strong></span> <span class='ocrx_word' id='word_1_527' title='bbox 1344 3961 1662 4032; x_wconf 87' lang='lat' dir='ltr'><strong>sanguinem</strong></span> <span class='ocrx_word' id='word_1_528' title='bbox 1692 3961 1814 4017; x_wconf 59' lang='lat' dir='ltr'><strong>fune</strong></span> 
     </span>
    </p>
   </div>
   <div class='ocr_carea' id='block_1_71' title="bbox 215 4054 1814 4129">
    <p class='ocr_par' dir='ltr' id='par_1_71' title="bbox 215 4054 1814 4129">
     <span class='ocr_line' id='line_1_71' title="bbox 215 4054 1814 4129; baseline 0 -18"><span class='ocrx_word' id='word_1_529' title='bbox 215 4054 385 4122; x_wconf 90' lang='lat' dir='ltr'><strong>dere;</strong></span> <span class='ocrx_word' id='word_1_530' title='bbox 427 4065 609 4129; x_wconf 90' lang='lat' dir='ltr'><strong>potest</strong></span> <span class='ocrx_word' id='word_1_531' title='bbox 655 4056 1010 4129; x_wconf 89' lang='lat' dir='ltr'><strong>semetipsum</strong></span> <span class='ocrx_word' id='word_1_532' title='bbox 1036 4055 1372 4127; x_wconf 62' lang='lat' dir='ltr'><strong>poenitentia:</strong></span> <span class='ocrx_word' id='word_1_533' title='bbox 1397 4055 1502 4113; x_wconf 90' lang='lat' dir='ltr'><strong>telo</strong></span> <span class='ocrx_word' id='word_1_534' title='bbox 1527 4065 1814 4126; x_wconf 89' lang='lat' dir='ltr'><strong>percutere</strong></span> 
     </span>
    </p>
   </div>
   <div class='ocr_carea' id='block_1_72' title="bbox 215 4135 1802 4220">
    <p class='ocr_par' dir='ltr' id='par_1_72' title="bbox 215 4135 1802 4220">
     <span class='ocr_line' id='line_1_72' title="bbox 215 4135 1802 4220; baseline 0.001 -17"><span class='ocrx_word' id='word_1_535' title='bbox 215 4135 270 4203; x_wconf 88' lang='lat' dir='ltr'><strong>et</strong></span> <span class='ocrx_word' id='word_1_536' title='bbox 302 4150 356 4205; x_wconf 93' lang='lat' dir='ltr'><strong>in</strong></span> <span class='ocrx_word' id='word_1_537' title='bbox 385 4151 566 4206; x_wconf 91' lang='lat' dir='ltr'><strong>cordis</strong></span> <span class='ocrx_word' id='word_1_538' title='bbox 604 4151 933 4207; x_wconf 89' lang='lat' dir='ltr'><strong>contritione</strong></span> <span class='ocrx_word' id='word_1_539' title='bbox 957 4160 1222 4207; x_wconf 86' lang='lat' dir='ltr'><strong>mactare.</strong></span> <span class='ocrx_word' id='word_1_540' title='bbox 1254 4149 1598 4220; x_wconf 64' lang='lat' dir='ltr'><strong>Praparetur</strong></span> <span class='ocrx_word' id='word_1_541' title='bbox 1618 4149 1684 4203; x_wconf 92' lang='lat' dir='ltr'><strong>ad</strong></span> <span class='ocrx_word' id='word_1_542' title='bbox 1716 4149 1802 4204; x_wconf 86' lang='lat' dir='ltr'><strong>fe-</strong></span> 
     </span>
    </p>
   </div>
   <div class='ocr_carea' id='block_1_73' title="bbox 218 4240 1812 4316">
    <p class='ocr_par' dir='ltr' id='par_1_73' title="bbox 218 4240 1812 4316">
     <span class='ocr_line' id='line_1_73' title="bbox 218 4240 1812 4316; baseline -0.001 -19"><span class='ocrx_word' id='word_1_543' title='bbox 218 4243 468 4298; x_wconf 89' lang='lat' dir='ltr'><strong>riendum</strong></span> <span class='ocrx_word' id='word_1_544' title='bbox 493 4243 738 4316; x_wconf 81' lang='lat' dir='ltr'><strong>jugulus,</strong></span> <span class='ocrx_word' id='word_1_545' title='bbox 781 4259 890 4300; x_wconf 91' lang='lat' dir='ltr'><strong>non</strong></span> <span class='ocrx_word' id='word_1_546' title='bbox 920 4242 1096 4299; x_wconf 90' lang='lat' dir='ltr'><strong>deerit</strong></span> <span class='ocrx_word' id='word_1_547' title='bbox 1143 4251 1553 4308; x_wconf 85' lang='lat' dir='ltr'><strong>remunerator,</strong></span> <span class='ocrx_word' id='word_1_548' title='bbox 1592 4240 1812 4296; x_wconf 90' lang='lat' dir='ltr'><strong>etiamsi</strong></span> 
     </span>
    </p>
   </div>
   <div class='ocr_carea' id='block_1_74' title="bbox 218 4337 1814 4410">
    <p class='ocr_par' dir='ltr' id='par_1_74' title="bbox 218 4337 1814 4410">
     <span class='ocr_line' id='line_1_74' title="bbox 218 4337 1814 4410; baseline -0.001 -16"><span class='ocrx_word' id='word_1_549' title='bbox 218 4337 456 4395; x_wconf 86' lang='lat' dir='ltr'><strong>defuerit</strong></span> <span class='ocrx_word' id='word_1_550' title='bbox 485 4339 716 4409; x_wconf 88' lang='lat' dir='ltr'><strong>gladius.</strong></span> <span class='ocrx_word' id='word_1_551' title='bbox 747 4340 907 4396; x_wconf 90' lang='lat' dir='ltr'><strong>Deest</strong></span> <span class='ocrx_word' id='word_1_552' title='bbox 933 4337 1179 4396; x_wconf 81' lang='lat' dir='ltr'><strong>carnifex</strong></span> <span class='ocrx_word' id='word_1_553' title='bbox 1214 4339 1307 4410; x_wconf 90' lang='lat' dir='ltr'><strong>qui</strong></span> <span class='ocrx_word' id='word_1_554' title='bbox 1338 4337 1608 4396; x_wconf 88' lang='lat' dir='ltr'><strong>cervicem</strong></span> <span class='ocrx_word' id='word_1_555' title='bbox 1660 4345 1814 4393; x_wconf 81' lang='lat' dir='ltr'><strong>exte-</strong></span> 
     </span>
    </p>
   </div>
   <div class='ocr_carea' id='block_1_75' title="bbox 219 4430 1816 4504">
    <p class='ocr_par' dir='ltr' id='par_1_75' title="bbox 219 4430 1816 4504">
     <span class='ocr_line' id='line_1_75' title="bbox 219 4430 1816 4504; baseline -0.001 -18"><span class='ocrx_word' id='word_1_556' title='bbox 219 4431 335 4487; x_wconf 88' lang='lat' dir='ltr'><strong>rius</strong></span> <span class='ocrx_word' id='word_1_557' title='bbox 359 4432 560 4500; x_wconf 72' lang='lat' dir='ltr'><strong>feriat;</strong></span> <span class='ocrx_word' id='word_1_558' title='bbox 575 4433 728 4490; x_wconf 91' lang='lat' dir='ltr'><strong>adest</strong></span> <span class='ocrx_word' id='word_1_559' title='bbox 737 4431 902 4503; x_wconf 83' lang='lat' dir='ltr'><strong>judex</strong></span> <span class='ocrx_word' id='word_1_560' title='bbox 924 4432 1018 4504; x_wconf 90' lang='lat' dir='ltr'><strong>qui</strong></span> <span class='ocrx_word' id='word_1_561' title='bbox 1038 4433 1194 4489; x_wconf 71' lang='lat' dir='ltr'><strong>bonae</strong></span> <span class='ocrx_word' id='word_1_562' title='bbox 1221 4430 1515 4488; x_wconf 88' lang='lat' dir='ltr'><strong>voluntatis</strong></span> <span class='ocrx_word' id='word_1_563' title='bbox 1533 4430 1816 4502; x_wconf 61' lang='lat' dir='ltr'><strong>premium</strong></span> 
     </span>
    </p>
   </div>
   <div class='ocr_carea' id='block_1_76' title="bbox 221 4523 436 4580">
    <p class='ocr_par' dir='ltr' id='par_1_76' title="bbox 221 4523 436 4580">
     <span class='ocr_line' id='line_1_76' title="bbox 221 4523 436 4580; baseline -0.014 0"><span class='ocrx_word' id='word_1_564' title='bbox 221 4523 436 4580; x_wconf 84' lang='lat' dir='ltr'><strong>reddat.</strong></span> 
     </span>
    </p>
   </div>
   <div class='ocr_carea' id='block_1_77' title="bbox 291 4616 1813 4691">
    <p class='ocr_par' dir='ltr' id='par_1_77' title="bbox 291 4616 1813 4691">
     <span class='ocr_line' id='line_1_77' title="bbox 291 4616 1813 4691; baseline -0.002 -17"><span class='ocrx_word' id='word_1_565' title='bbox 291 4619 622 4676; x_wconf 88' lang='lat' dir='ltr'><strong>Studeamus</strong></span> <span class='ocrx_word' id='word_1_566' title='bbox 671 4619 856 4691; x_wconf 86' lang='lat' dir='ltr'><strong>igitur,</strong></span> <span class='ocrx_word' id='word_1_567' title='bbox 901 4617 1238 4675; x_wconf 89' lang='lat' dir='ltr'><strong>dilectissimi</strong></span> <span class='ocrx_word' id='word_1_568' title='bbox 1265 4659 1278 4681; x_wconf 90' lang='lat'><strong>,</strong></span> <span class='ocrx_word' id='word_1_569' title='bbox 1333 4632 1455 4673; x_wconf 89' lang='lat' dir='ltr'><strong>eum</strong></span> <span class='ocrx_word' id='word_1_570' title='bbox 1499 4616 1813 4672; x_wconf 88' lang='lat' dir='ltr'><strong>beatissimo</strong></span> 
     </span>
    </p>
   </div>
   <div class='ocr_carea' id='block_1_78' title="bbox 220 4708 1816 4772">
    <p class='ocr_par' dir='ltr' id='par_1_78' title="bbox 220 4708 1816 4772">
     <span class='ocr_line' id='line_1_78' title="bbox 220 4708 1816 4772; baseline -0.007 0"><span class='ocrx_word' id='word_1_571' title='bbox 220 4714 536 4772; x_wconf 88' lang='lat' dir='ltr'><strong>confessore</strong></span> <span class='ocrx_word' id='word_1_572' title='bbox 581 4713 785 4770; x_wconf 90' lang='lat' dir='ltr'><strong>Christi</strong></span> <span class='ocrx_word' id='word_1_573' title='bbox 849 4713 1174 4768; x_wconf 87' lang='lat' dir='ltr'><strong>Barbatiano</strong></span> <span class='ocrx_word' id='word_1_574' title='bbox 1214 4709 1397 4766; x_wconf 82' lang='lat' dir='ltr'><strong>saeculi</strong></span> <span class='ocrx_word' id='word_1_575' title='bbox 1446 4708 1816 4764; x_wconf 88' lang='lat' dir='ltr'><strong>blandimenta</strong></span> 
     </span>
    </p>
   </div>
   <div class='ocr_carea' id='block_1_79' title="bbox 223 4799 1812 4876">
    <p class='ocr_par' dir='ltr' id='par_1_79' title="bbox 223 4799 1812 4876">
     <span class='ocr_line' id='line_1_79' title="bbox 223 4799 1812 4876; baseline -0.005 -16"><span class='ocrx_word' id='word_1_576' title='bbox 223 4805 532 4876; x_wconf 89' lang='lat' dir='ltr'><strong>despicere,</strong></span> <span class='ocrx_word' id='word_1_577' title='bbox 561 4819 746 4860; x_wconf 88' lang='lat' dir='ltr'><strong>rerum</strong></span> <span class='ocrx_word' id='word_1_578' title='bbox 779 4802 1153 4875; x_wconf 89' lang='lat' dir='ltr'><strong>temporalium</strong></span> <span class='ocrx_word' id='word_1_579' title='bbox 1179 4799 1511 4856; x_wconf 76' lang='lat' dir='ltr'><strong>afﬂuentiam</strong></span> <span class='ocrx_word' id='word_1_580' title='bbox 1547 4799 1812 4863; x_wconf 87' lang='lat' dir='ltr'><strong>devitarc,</strong></span> 
     </span>
    </p>
   </div>
   <div class='ocr_carea' id='block_1_80' title="bbox 143 4891 1814 4970">
    <p class='ocr_par' dir='ltr' id='par_1_80' title="bbox 143 4891 1814 4970">
     <span class='ocr_line' id='line_1_80' title="bbox 143 4891 1814 4970; baseline -0.005 -17"><span class='ocrx_word' id='word_1_581' title='bbox 220 4897 406 4953; x_wconf 85' lang='lat' dir='ltr'><strong>carnis</strong></span> <span class='ocrx_word' id='word_1_582' title='bbox 437 4896 714 4953; x_wconf 87' lang='lat' dir='ltr'><strong>incentiva</strong></span> <span class='ocrx_word' id='word_1_583' title='bbox 767 4896 1084 4967; x_wconf 89' lang='lat' dir='ltr'><strong>reprimere,</strong></span> <span class='ocrx_word' id='word_1_584' title='bbox 1125 4907 1342 4950; x_wconf 89' lang='lat' dir='ltr'><strong>crucem</strong></span> <span class='ocrx_word' id='word_1_585' title='bbox 1395 4900 1517 4963; x_wconf 87' lang='lat' dir='ltr'><strong>post</strong></span> <span class='ocrx_word' id='word_1_586' title='bbox 1541 4891 1814 4947; x_wconf 88' lang='lat' dir='ltr'><strong>Christutu</strong></span> 
     </span>
    </p>
   </div>
   <div class='ocr_carea' id='block_1_81' title="bbox 223 4980 1816 5060">
    <p class='ocr_par' dir='ltr' id='par_1_81' title="bbox 223 4980 1816 5060">
     <span class='ocr_line' id='line_1_81' title="bbox 223 4980 1816 5060; baseline -0.006 -16"><span class='ocrx_word' id='word_1_587' title='bbox 223 4989 391 5045; x_wconf 89' lang='lat' dir='ltr'><strong>etiam</strong></span> <span class='ocrx_word' id='word_1_588' title='bbox 420 4989 474 5044; x_wconf 91' lang='lat' dir='ltr'><strong>in</strong></span> <span class='ocrx_word' id='word_1_589' title='bbox 505 5003 642 5060; x_wconf 89' lang='lat' dir='ltr'><strong>pace</strong></span> <span class='ocrx_word' id='word_1_590' title='bbox 668 4987 1038 5043; x_wconf 84' lang='lat' dir='ltr'><strong>ecclesiastica</strong></span> <span class='ocrx_word' id='word_1_591' title='bbox 1065 4984 1311 5053; x_wconf 87' lang='lat' dir='ltr'><strong>bajulare</strong></span> <span class='ocrx_word' id='word_1_592' title='bbox 1334 5023 1349 5048; x_wconf 93' lang='lat'><strong>,</strong></span> <span class='ocrx_word' id='word_1_593' title='bbox 1407 4991 1675 5053; x_wconf 80' lang='lat' dir='ltr'><strong>quatenus</strong></span> <span class='ocrx_word' id='word_1_594' title='bbox 1722 4980 1816 5054; x_wconf 88' lang='lat' dir='ltr'><strong>qui</strong></span> 
     </span>
    </p>
   </div>
   <div class='ocr_carea' id='block_1_82' title="bbox 225 5075 1817 5108">
    <p class='ocr_par' dir='ltr' id='par_1_82' title="bbox 225 5075 1817 5108">
     <span class='ocr_line' id='line_1_82' title="bbox 225 5075 1817 5108; baseline 0 0"><span class='ocrx_word' id='word_1_595' title='bbox 225 5099 368 5108; x_wconf 74' lang='lat'><strong>......-..</strong></span> <span class='ocrx_word' id='word_1_596' title='bbox 396 5081 508 5108; x_wconf 60' lang='grc' dir='ltr'><strong>..ξυμ</strong></span> <span class='ocrx_word' id='word_1_597' title='bbox 537 5079 850 5108; x_wconf 61' lang='grc' dir='ltr'><strong>ζ.υιζισι1.ζΙΑης</strong></span> <span class='ocrx_word' id='word_1_598' title='bbox 875 5077 1152 5108; x_wconf 67' lang='grc' dir='ltr'><strong>ηηηιιῖινιιιιι</strong></span> <span class='ocrx_word' id='word_1_599' title='bbox 1179 5077 1346 5108; x_wconf 61' lang='lat' dir='ltr'><strong>“illam</strong></span> <span class='ocrx_word' id='word_1_600' title='bbox 1370 5090 1493 5108; x_wconf 66' lang='lat' dir='ltr'>nlla“</span> <span class='ocrx_word' id='word_1_601' title='bbox 1525 5075 1640 5108; x_wconf 73' lang='grc' dir='ltr'><strong>ἶηοη</strong></span> <span class='ocrx_word' id='word_1_602' title='bbox 1669 5084 1817 5108; x_wconf 74' lang='grc' dir='ltr'><strong>ηιιι-Ι..</strong></span> 
     </span>
    </p>
   </div>
   <div class='ocr_carea' id='block_1_83' title="bbox 1907 3229 3502 3301">
    <p class='ocr_par' dir='ltr' id='par_1_83' title="bbox 1907 3229 3502 3301">
     <span class='ocr_line' id='line_1_83' title="bbox 1907 3229 3502 3301; baseline 0.003 -16"><span class='ocrx_word' id='word_1_603' title='bbox 1907 3229 2008 3285; x_wconf 88' lang='lat' dir='ltr'><strong>stis</strong></span> <span class='ocrx_word' id='word_1_604' title='bbox 2062 3244 2194 3285; x_wconf 92' lang='lat' dir='ltr'><strong>usus</strong></span> <span class='ocrx_word' id='word_1_605' title='bbox 2251 3240 2334 3284; x_wconf 91' lang='lat' dir='ltr'><strong>est</strong></span> <span class='ocrx_word' id='word_1_606' title='bbox 2390 3241 2729 3301; x_wconf 86' lang='lat' dir='ltr'><strong>argumento,</strong></span> <span class='ocrx_word' id='word_1_607' title='bbox 2776 3247 2896 3285; x_wconf 90' lang='lat' dir='ltr'><strong>cum</strong></span> <span class='ocrx_word' id='word_1_608' title='bbox 2943 3233 3172 3287; x_wconf 91' lang='lat' dir='ltr'><strong>Domino</strong></span> <span class='ocrx_word' id='word_1_609' title='bbox 3212 3247 3332 3287; x_wconf 91' lang='lat' dir='ltr'><strong>meo</strong></span> <span class='ocrx_word' id='word_1_610' title='bbox 3371 3229 3502 3288; x_wconf 84' lang='lat' dir='ltr'><strong>Jesu</strong></span> 
     </span>
    </p>
   </div>
   <div class='ocr_carea' id='block_1_84' title="bbox 1907 3321 3502 3394">
    <p class='ocr_par' dir='ltr' id='par_1_84' title="bbox 1907 3321 3502 3394">
     <span class='ocr_line' id='line_1_84' title="bbox 1907 3321 3502 3394; baseline 0.001 -16"><span class='ocrx_word' id='word_1_611' title='bbox 1907 3321 2126 3378; x_wconf 91' lang='lat' dir='ltr'><strong>Christo</strong></span> <span class='ocrx_word' id='word_1_612' title='bbox 2157 3322 2595 3378; x_wconf 90' lang='lat' dir='ltr'><strong>ostenditomnia</strong></span> <span class='ocrx_word' id='word_1_613' title='bbox 2625 3339 2790 3394; x_wconf 89' lang='lat' dir='ltr'><strong>regna</strong></span> <span class='ocrx_word' id='word_1_614' title='bbox 2817 3324 3027 3388; x_wconf 91' lang='lat' dir='ltr'><strong>mundi,</strong></span> <span class='ocrx_word' id='word_1_615' title='bbox 3058 3325 3244 3379; x_wconf 90' lang='lat' dir='ltr'><strong>dicens</strong></span> <span class='ocrx_word' id='word_1_616' title='bbox 3278 3341 3294 3378; x_wconf 90' lang='lat'><strong>:</strong></span> <span class='ocrx_word' id='word_1_617' title='bbox 3325 3343 3343 3375; x_wconf 88' lang='grc'><strong>‹</strong></span> <span class='ocrx_word' id='word_1_618' title='bbox 3373 3321 3502 3379; x_wconf 64' lang='lat' dir='ltr'><strong>Haec</strong></span> 
     </span>
    </p>
   </div>
   <div class='ocr_carea' id='block_1_85' title="bbox 1909 3411 3498 3484">
    <p class='ocr_par' dir='ltr' id='par_1_85' title="bbox 1909 3411 3498 3484">
     <span class='ocr_line' id='line_1_85' title="bbox 1909 3411 3498 3484; baseline -0.001 -17"><span class='ocrx_word' id='word_1_619' title='bbox 1909 3412 2092 3467; x_wconf 90' lang='lat' dir='ltr'><strong>omnia</strong></span> <span class='ocrx_word' id='word_1_620' title='bbox 2127 3413 2223 3468; x_wconf 92' lang='lat' dir='ltr'><strong>tibi</strong></span> <span class='ocrx_word' id='word_1_621' title='bbox 2251 3411 2411 3480; x_wconf 90' lang='lat' dir='ltr'><strong>dabo,</strong></span> <span class='ocrx_word' id='word_1_622' title='bbox 2437 3412 2482 3468; x_wconf 91' lang='lat' dir='ltr'><strong>si</strong></span> <span class='ocrx_word' id='word_1_623' title='bbox 2511 3413 2801 3483; x_wconf 90' lang='lat' dir='ltr'><strong>procidens</strong></span> <span class='ocrx_word' id='word_1_624' title='bbox 2822 3415 3137 3470; x_wconf 89' lang='lat' dir='ltr'><strong>adoraveris</strong></span> <span class='ocrx_word' id='word_1_625' title='bbox 3159 3428 3246 3468; x_wconf 91' lang='lat' dir='ltr'><strong>me</strong></span> <span class='ocrx_word' id='word_1_626' title='bbox 3279 3412 3498 3484; x_wconf 79' lang='lat' dir='ltr'><strong>(.llattlt.</strong></span> 
     </span>
    </p>
   </div>
   <div class='ocr_carea' id='block_1_86' title="bbox 1910 3505 2077 3577">
    <p class='ocr_par' dir='ltr' id='par_1_86' title="bbox 1910 3505 2077 3577">
     <span class='ocr_line' id='line_1_86' title="bbox 1910 3505 2077 3577; baseline -0.018 -16"><span class='ocrx_word' id='word_1_627' title='bbox 1910 3505 2018 3577; x_wconf 85' lang='grc' dir='ltr'><strong>ιιι).</strong></span> <span class='ocrx_word' id='word_1_628' title='bbox 2056 3525 2077 3559; x_wconf 75' lang='grc' dir='ltr'><strong>ι</strong></span> 
     </span>
    </p>
   </div>
   <div class='ocr_carea' id='block_1_87' title="bbox 1980 3597 3499 3670">
    <p class='ocr_par' dir='ltr' id='par_1_87' title="bbox 1980 3597 3499 3670">
     <span class='ocr_line' id='line_1_87' title="bbox 1980 3597 3499 3670; baseline 0.001 -17"><span class='ocrx_word' id='word_1_629' title='bbox 1980 3597 2122 3666; x_wconf 86' lang='lat' dir='ltr'><strong>Quid</strong></span> <span class='ocrx_word' id='word_1_630' title='bbox 2151 3607 2235 3653; x_wconf 87' lang='lat' dir='ltr'><strong>est</strong></span> <span class='ocrx_word' id='word_1_631' title='bbox 2275 3599 2396 3664; x_wconf 93' lang='lat' dir='ltr'><strong>hoc,</strong></span> <span class='ocrx_word' id='word_1_632' title='bbox 2435 3604 2635 3655; x_wconf 82' lang='lat' dir='ltr'><strong>t&#39;ratres</strong></span> <span class='ocrx_word' id='word_1_633' title='bbox 2684 3615 2815 3666; x_wconf 82' lang='lat' dir='ltr'><strong>met,</strong></span> <span class='ocrx_word' id='word_1_634' title='bbox 2865 3615 2989 3670; x_wconf 79' lang='lat' dir='ltr'><strong>quia</strong></span> <span class='ocrx_word' id='word_1_635' title='bbox 3048 3603 3346 3670; x_wconf 88' lang='lat' dir='ltr'><strong>imperator</strong></span> <span class='ocrx_word' id='word_1_636' title='bbox 3398 3599 3499 3654; x_wconf 84' lang='lat' dir='ltr'><strong>iste</strong></span> 
     </span>
    </p>
   </div>
   <div class='ocr_carea' id='block_1_88' title="bbox 1914 3689 3505 3761">
    <p class='ocr_par' dir='ltr' id='par_1_88' title="bbox 1914 3689 3505 3761">
     <span class='ocr_line' id='line_1_88' title="bbox 1914 3689 3505 3761; baseline -0.003 -14"><span class='ocrx_word' id='word_1_637' title='bbox 1914 3700 2020 3747; x_wconf 90' lang='lat' dir='ltr'><strong>tam</strong></span> <span class='ocrx_word' id='word_1_638' title='bbox 2057 3701 2274 3760; x_wconf 89' lang='lat' dir='ltr'><strong>potens,</strong></span> <span class='ocrx_word' id='word_1_639' title='bbox 2309 3699 2419 3746; x_wconf 90' lang='lat' dir='ltr'><strong>tam</strong></span> <span class='ocrx_word' id='word_1_640' title='bbox 2451 3692 2700 3748; x_wconf 90' lang='lat' dir='ltr'><strong>sublimis</strong></span> <span class='ocrx_word' id='word_1_641' title='bbox 2756 3705 2973 3761; x_wconf 86' lang='lat' dir='ltr'><strong>tamque</strong></span> <span class='ocrx_word' id='word_1_642' title='bbox 3024 3691 3285 3746; x_wconf 87' lang='lat' dir='ltr'><strong>terribilis</strong></span> <span class='ocrx_word' id='word_1_643' title='bbox 3335 3689 3505 3760; x_wconf 88' lang='lat' dir='ltr'><strong>fragi-</strong></span> 
     </span>
    </p>
   </div>
   <div class='ocr_carea' id='block_1_89' title="bbox 1912 3781 3507 3856">
    <p class='ocr_par' dir='ltr' id='par_1_89' title="bbox 1912 3781 3507 3856">
     <span class='ocr_line' id='line_1_89' title="bbox 1912 3781 3507 3856; baseline -0.001 -16"><span class='ocrx_word' id='word_1_644' title='bbox 1912 3785 2016 3841; x_wconf 90' lang='lat' dir='ltr'><strong>lem</strong></span> <span class='ocrx_word' id='word_1_645' title='bbox 2049 3783 2280 3855; x_wconf 89' lang='lat' dir='ltr'><strong>puellam</strong></span> <span class='ocrx_word' id='word_1_646' title='bbox 2335 3784 2450 3840; x_wconf 91' lang='lat' dir='ltr'><strong>suis</strong></span> <span class='ocrx_word' id='word_1_647' title='bbox 2491 3784 2700 3856; x_wconf 79' lang='lat' dir='ltr'><strong>legibus</strong></span> <span class='ocrx_word' id='word_1_648' title='bbox 2730 3784 2876 3839; x_wconf 89' lang='lat' dir='ltr'><strong>uulla</strong></span> <span class='ocrx_word' id='word_1_649' title='bbox 2911 3785 3086 3854; x_wconf 90' lang='lat' dir='ltr'><strong>potuit</strong></span> <span class='ocrx_word' id='word_1_650' title='bbox 3112 3783 3324 3837; x_wconf 89' lang='lat' dir='ltr'><strong>ratione</strong></span> <span class='ocrx_word' id='word_1_651' title='bbox 3356 3781 3507 3839; x_wconf 83' lang='lat' dir='ltr'><strong>subi-</strong></span> 
     </span>
    </p>
   </div>
   <div class='ocr_carea' id='block_1_90' title="bbox 1913 3873 3508 3949">
    <p class='ocr_par' dir='ltr' id='par_1_90' title="bbox 1913 3873 3508 3949">
     <span class='ocr_line' id='line_1_90' title="bbox 1913 3873 3508 3949; baseline -0.003 -19"><span class='ocrx_word' id='word_1_652' title='bbox 1913 3890 2060 3949; x_wconf 90' lang='lat' dir='ltr'><strong>gere,</strong></span> <span class='ocrx_word' id='word_1_653' title='bbox 2089 3885 2142 3930; x_wconf 91' lang='lat' dir='ltr'><strong>et</strong></span> <span class='ocrx_word' id='word_1_654' title='bbox 2167 3877 2325 3930; x_wconf 90' lang='lat' dir='ltr'><strong>modo</strong></span> <span class='ocrx_word' id='word_1_655' title='bbox 2353 3875 2721 3945; x_wconf 89' lang='lat' dir='ltr'><strong>promittendo</strong></span> <span class='ocrx_word' id='word_1_656' title='bbox 2749 3889 2995 3945; x_wconf 83' lang='lat' dir='ltr'><strong>regnum,</strong></span> <span class='ocrx_word' id='word_1_657' title='bbox 3029 3873 3190 3928; x_wconf 90' lang='lat' dir='ltr'><strong>modo</strong></span> <span class='ocrx_word' id='word_1_658' title='bbox 3231 3873 3508 3928; x_wconf 72' lang='lat' dir='ltr'><strong>intentam</strong></span> 
     </span>
    </p>
   </div>
   <div class='ocr_carea' id='block_1_91' title="bbox 1916 3963 3508 4037">
    <p class='ocr_par' dir='ltr' id='par_1_91' title="bbox 1916 3963 3508 4037">
     <span class='ocr_line' id='line_1_91' title="bbox 1916 3963 3508 4037; baseline -0.001 -16"><span class='ocrx_word' id='word_1_659' title='bbox 1916 3970 1984 4021; x_wconf 92' lang='lat' dir='ltr'><strong>do</strong></span> <span class='ocrx_word' id='word_1_660' title='bbox 2015 3966 2364 4037; x_wconf 89' lang='lat' dir='ltr'><strong>supplicium,</strong></span> <span class='ocrx_word' id='word_1_661' title='bbox 2396 3965 2707 4019; x_wconf 86' lang='lat' dir='ltr'><strong>nullatenus</strong></span> <span class='ocrx_word' id='word_1_662' title='bbox 2733 3980 2762 4018; x_wconf 94' lang='lat' dir='ltr'><strong>a</strong></span> <span class='ocrx_word' id='word_1_663' title='bbox 2795 3980 2892 4019; x_wconf 91' lang='lat' dir='ltr'><strong>suo</strong></span> <span class='ocrx_word' id='word_1_664' title='bbox 2914 3964 3086 4018; x_wconf 90' lang='lat' dir='ltr'><strong>valuit</strong></span> <span class='ocrx_word' id='word_1_665' title='bbox 3125 3965 3401 4034; x_wconf 87' lang='lat' dir='ltr'><strong>proposito</strong></span> <span class='ocrx_word' id='word_1_666' title='bbox 3427 3963 3508 4020; x_wconf 85' lang='lat' dir='ltr'><strong>di-</strong></span> 
     </span>
    </p>
   </div>
   <div class='ocr_carea' id='block_1_92' title="bbox 1914 4057 3509 4129">
    <p class='ocr_par' dir='ltr' id='par_1_92' title="bbox 1914 4057 3509 4129">
     <span class='ocr_line' id='line_1_92' title="bbox 1914 4057 3509 4129; baseline -0.001 -15"><span class='ocrx_word' id='word_1_667' title='bbox 1914 4059 2166 4114; x_wconf 88' lang='lat' dir='ltr'><strong>movere?</strong></span> <span class='ocrx_word' id='word_1_668' title='bbox 2226 4057 2512 4128; x_wconf 89' lang='lat' dir='ltr'><strong>Seeptrum</strong></span> <span class='ocrx_word' id='word_1_669' title='bbox 2581 4059 2829 4129; x_wconf 88' lang='lat' dir='ltr'><strong>porrigit,</strong></span> <span class='ocrx_word' id='word_1_670' title='bbox 2907 4059 3264 4129; x_wconf 85' lang='lat' dir='ltr'><strong>dedignatur;</strong></span> <span class='ocrx_word' id='word_1_671' title='bbox 3327 4057 3509 4113; x_wconf 89' lang='lat' dir='ltr'><strong>vibrat</strong></span> 
     </span>
    </p>
   </div>
   <div class='ocr_carea' id='block_1_93' title="bbox 1916 4147 3506 4223">
    <p class='ocr_par' dir='ltr' id='par_1_93' title="bbox 1916 4147 3506 4223">
     <span class='ocr_line' id='line_1_93' title="bbox 1916 4147 3506 4223; baseline -0.002 -18"><span class='ocrx_word' id='word_1_672' title='bbox 1916 4152 2171 4223; x_wconf 89' lang='lat' dir='ltr'><strong>gladium,</strong></span> <span class='ocrx_word' id='word_1_673' title='bbox 2203 4167 2308 4205; x_wconf 90' lang='lat' dir='ltr'><strong>non</strong></span> <span class='ocrx_word' id='word_1_674' title='bbox 2344 4158 2595 4205; x_wconf 88' lang='lat' dir='ltr'><strong>terretur.</strong></span> <span class='ocrx_word' id='word_1_675' title='bbox 2637 4150 2730 4205; x_wconf 89' lang='lat' dir='ltr'><strong>Sic</strong></span> <span class='ocrx_word' id='word_1_676' title='bbox 2775 4147 2972 4204; x_wconf 79' lang='lat' dir='ltr'><strong>artifex</strong></span> <span class='ocrx_word' id='word_1_677' title='bbox 3019 4159 3073 4205; x_wconf 90' lang='lat' dir='ltr'><strong>et</strong></span> <span class='ocrx_word' id='word_1_678' title='bbox 3113 4159 3336 4205; x_wconf 88' lang='lat' dir='ltr'><strong>eruenta</strong></span> <span class='ocrx_word' id='word_1_679' title='bbox 3384 4164 3506 4205; x_wconf 90' lang='lat' dir='ltr'><strong>cru-</strong></span> 
     </span>
    </p>
   </div>
   <div class='ocr_carea' id='block_1_94' title="bbox 1918 4240 3510 4304">
    <p class='ocr_par' dir='ltr' id='par_1_94' title="bbox 1918 4240 3510 4304">
     <span class='ocr_line' id='line_1_94' title="bbox 1918 4240 3510 4304; baseline -0.001 -7"><span class='ocrx_word' id='word_1_680' title='bbox 1918 4241 2108 4298; x_wconf 91' lang='lat' dir='ltr'><strong>delitas</strong></span> <span class='ocrx_word' id='word_1_681' title='bbox 2153 4250 2380 4297; x_wconf 92' lang='lat' dir='ltr'><strong>cunctos</strong></span> <span class='ocrx_word' id='word_1_682' title='bbox 2440 4241 2660 4296; x_wconf 56' lang='lat' dir='ltr'><strong>malitia</strong></span> <span class='ocrx_word' id='word_1_683' title='bbox 2722 4256 2833 4296; x_wconf 73' lang='lat' dir='ltr'><strong>suae</strong></span> <span class='ocrx_word' id='word_1_684' title='bbox 2888 4257 3084 4296; x_wconf 87' lang='lat' dir='ltr'><strong>nervos</strong></span> <span class='ocrx_word' id='word_1_685' title='bbox 3138 4251 3385 4304; x_wconf 85' lang='lat' dir='ltr'><strong>exercet;</strong></span> <span class='ocrx_word' id='word_1_686' title='bbox 3427 4240 3510 4295; x_wconf 90' lang='lat' dir='ltr'><strong>sic</strong></span> 
     </span>
    </p>
   </div>
   <div class='ocr_carea' id='block_1_95' title="bbox 1917 4331 3510 4402">
    <p class='ocr_par' dir='ltr' id='par_1_95' title="bbox 1917 4331 3510 4402">
     <span class='ocr_line' id='line_1_95' title="bbox 1917 4331 3510 4402; baseline -0.003 -12"><span class='ocrx_word' id='word_1_687' title='bbox 1917 4334 2133 4392; x_wconf 87' lang='lat' dir='ltr'><strong>blandis</strong></span> <span class='ocrx_word' id='word_1_688' title='bbox 2190 4333 2326 4389; x_wconf 85' lang='lat' dir='ltr'><strong>dura</strong></span> <span class='ocrx_word' id='word_1_689' title='bbox 2374 4335 2686 4402; x_wconf 87' lang='lat' dir='ltr'><strong>permiscet.</strong></span> <span class='ocrx_word' id='word_1_690' title='bbox 2721 4332 2977 4387; x_wconf 83' lang='lat' dir='ltr'><strong>Acutiora</strong></span> <span class='ocrx_word' id='word_1_691' title='bbox 3007 4331 3206 4401; x_wconf 90' lang='lat' dir='ltr'><strong>quippe</strong></span> <span class='ocrx_word' id='word_1_692' title='bbox 3228 4339 3354 4384; x_wconf 85' lang='lat' dir='ltr'><strong>sunt</strong></span> <span class='ocrx_word' id='word_1_693' title='bbox 3388 4331 3510 4386; x_wconf 87' lang='lat' dir='ltr'><strong>auri</strong></span> 
     </span>
    </p>
   </div>
   <div class='ocr_carea' id='block_1_96' title="bbox 1922 4420 3515 4496">
    <p class='ocr_par' dir='ltr' id='par_1_96' title="bbox 1922 4420 3515 4496">
     <span class='ocr_line' id='line_1_96' title="bbox 1922 4420 3515 4496; baseline -0.003 -14"><span class='ocrx_word' id='word_1_694' title='bbox 1922 4427 2026 4482; x_wconf 89' lang='lat' dir='ltr'><strong>tela</strong></span> <span class='ocrx_word' id='word_1_695' title='bbox 2060 4443 2226 4496; x_wconf 90' lang='lat' dir='ltr'><strong>quam</strong></span> <span class='ocrx_word' id='word_1_696' title='bbox 2256 4425 2411 4490; x_wconf 86' lang='lat' dir='ltr'><strong>ferri,</strong></span> <span class='ocrx_word' id='word_1_697' title='bbox 2434 4435 2490 4480; x_wconf 91' lang='lat' dir='ltr'><strong>et</strong></span> <span class='ocrx_word' id='word_1_698' title='bbox 2513 4425 2746 4479; x_wconf 90' lang='lat' dir='ltr'><strong>validius</strong></span> <span class='ocrx_word' id='word_1_699' title='bbox 2785 4433 3018 4477; x_wconf 90' lang='lat' dir='ltr'><strong>mentem</strong></span> <span class='ocrx_word' id='word_1_700' title='bbox 3053 4422 3254 4492; x_wconf 86' lang='lat' dir='ltr'><strong>frangit</strong></span> <span class='ocrx_word' id='word_1_701' title='bbox 3285 4420 3515 4480; x_wconf 73' lang='lat' dir='ltr'><strong>honoris</strong></span> 
     </span>
    </p>
   </div>
   <div class='ocr_carea' id='block_1_97' title="bbox 1844 4499 3524 4587">
    <p class='ocr_par' dir='ltr' id='par_1_97' title="bbox 1844 4499 3524 4587">
     <span class='ocr_line' id='line_1_97' title="bbox 1844 4499 3524 4587; baseline -0.007 -12"><span class='ocrx_word' id='word_1_702' title='bbox 1844 4499 2150 4574; x_wconf 81' lang='lat' dir='ltr'><strong>Dambitio</strong></span> <span class='ocrx_word' id='word_1_703' title='bbox 2200 4533 2365 4587; x_wconf 86' lang='lat' dir='ltr'><strong>quam</strong></span> <span class='ocrx_word' id='word_1_704' title='bbox 2436 4523 2786 4570; x_wconf 90' lang='lat' dir='ltr'><strong>tormentum.</strong></span> <span class='ocrx_word' id='word_1_705' title='bbox 2865 4514 3118 4569; x_wconf 90' lang='lat' dir='ltr'><strong>Omnium</strong></span> <span class='ocrx_word' id='word_1_706' title='bbox 3181 4514 3365 4582; x_wconf 90' lang='lat' dir='ltr'><strong>itaque</strong></span> <span class='ocrx_word' id='word_1_707' title='bbox 3421 4531 3524 4586; x_wconf 80' lang='lat' dir='ltr'><strong>ge.</strong></span> 
     </span>
    </p>
   </div>
   <div class='ocr_carea' id='block_1_98' title="bbox 1923 4607 3523 4676">
    <p class='ocr_par' dir='ltr' id='par_1_98' title="bbox 1923 4607 3523 4676">
     <span class='ocr_line' id='line_1_98' title="bbox 1923 4607 3523 4676; baseline -0.005 -10"><span class='ocrx_word' id='word_1_708' title='bbox 1923 4627 2055 4666; x_wconf 85' lang='lat' dir='ltr'><strong>nera</strong></span> <span class='ocrx_word' id='word_1_709' title='bbox 2114 4617 2294 4666; x_wconf 86' lang='lat' dir='ltr'><strong>movet</strong></span> <span class='ocrx_word' id='word_1_710' title='bbox 2364 4623 2640 4662; x_wconf 86' lang='lat' dir='ltr'><strong>armorqu</strong></span> <span class='ocrx_word' id='word_1_711' title='bbox 2709 4617 2768 4660; x_wconf 90' lang='lat' dir='ltr'><strong>ut</strong></span> <span class='ocrx_word' id='word_1_712' title='bbox 2832 4608 3000 4660; x_wconf 87' lang='lat' dir='ltr'><strong>turris</strong></span> <span class='ocrx_word' id='word_1_713' title='bbox 3077 4607 3281 4661; x_wconf 89' lang='lat' dir='ltr'><strong>Christi</strong></span> <span class='ocrx_word' id='word_1_714' title='bbox 3366 4622 3523 4676; x_wconf 74' lang='lat' dir='ltr'><strong>qua-</strong></span> 
     </span>
    </p>
   </div>
   <div class='ocr_carea' id='block_1_99' title="bbox 1925 4698 3544 4769">
    <p class='ocr_par' dir='ltr' id='par_1_99' title="bbox 1925 4698 3544 4769">
     <span class='ocr_line' id='line_1_99' title="bbox 1925 4698 3544 4769; baseline -0.003 -11"><span class='ocrx_word' id='word_1_715' title='bbox 1925 4704 2025 4759; x_wconf 90' lang='lat' dir='ltr'><strong>tiat</strong></span> <span class='ocrx_word' id='word_1_716' title='bbox 2049 4702 2494 4765; x_wconf 88' lang='lat' dir='ltr'><strong>fundamentum;</strong></span> <span class='ocrx_word' id='word_1_717' title='bbox 2537 4701 2616 4756; x_wconf 90' lang='lat' dir='ltr'><strong>sic</strong></span> <span class='ocrx_word' id='word_1_718' title='bbox 2646 4698 2895 4754; x_wconf 89' lang='lat' dir='ltr'><strong>columna</strong></span> <span class='ocrx_word' id='word_1_719' title='bbox 2928 4698 3022 4754; x_wconf 90' lang='lat' dir='ltr'><strong>Dei</strong></span> <span class='ocrx_word' id='word_1_720' title='bbox 3055 4706 3372 4769; x_wconf 82' lang='lat' dir='ltr'><strong>perseverat</strong></span> <span class='ocrx_word' id='word_1_721' title='bbox 3412 4700 3544 4764; x_wconf 82' lang='lat' dir='ltr'><strong>im.</strong></span> 
     </span>
    </p>
   </div>
   <div class='ocr_carea' id='block_1_100' title="bbox 1923 4787 3570 4872">
    <p class='ocr_par' dir='ltr' id='par_1_100' title="bbox 1923 4787 3570 4872">
     <span class='ocr_line' id='line_1_100' title="bbox 1923 4787 3570 4872; baseline -0.005 -24"><span class='ocrx_word' id='word_1_722' title='bbox 1923 4794 2138 4849; x_wconf 92' lang='lat' dir='ltr'><strong>mobilis</strong></span> <span class='ocrx_word' id='word_1_723' title='bbox 2184 4798 2238 4846; x_wconf 79' lang='lat' dir='ltr'><strong>et</strong></span> <span class='ocrx_word' id='word_1_724' title='bbox 2305 4799 2573 4846; x_wconf 87' lang='lat' dir='ltr'><strong>armatum</strong></span> <span class='ocrx_word' id='word_1_725' title='bbox 2632 4805 2818 4862; x_wconf 85' lang='lat' dir='ltr'><strong>regem</strong></span> <span class='ocrx_word' id='word_1_726' title='bbox 2875 4789 3106 4846; x_wconf 86' lang='lat' dir='ltr'><strong>inermis</strong></span> <span class='ocrx_word' id='word_1_727' title='bbox 3159 4787 3337 4859; x_wconf 88' lang='lat' dir='ltr'><strong>puella</strong></span> <span class='ocrx_word' id='word_1_728' title='bbox 3396 4808 3570 4872; x_wconf 58' lang='lat' dir='ltr'><strong>eo“.</strong></span> 
     </span>
    </p>
   </div>
   <div class='ocr_carea' id='block_1_101' title="bbox 1925 4890 2138 4946">
    <p class='ocr_par' dir='ltr' id='par_1_101' title="bbox 1925 4890 2138 4946">
     <span class='ocr_line' id='line_1_101' title="bbox 1925 4890 2138 4946; baseline 0 -2"><span class='ocrx_word' id='word_1_729' title='bbox 1925 4890 2138 4946; x_wconf 88' lang='lat' dir='ltr'><strong>temnit.</strong></span> 
     </span>
    </p>
   </div>
   <div class='ocr_carea' id='block_1_102' title="bbox 1999 4974 3649 5090">
    <p class='ocr_par' dir='ltr' id='par_1_102' title="bbox 1999 4974 3649 5090">
     <span class='ocr_line' id='line_1_102' title="bbox 1999 4974 3649 5090; baseline -0.005 -55"><span class='ocrx_word' id='word_1_730' title='bbox 1999 4979 2335 5050; x_wconf 81' lang='lat' dir='ltr'><strong>Dedignatur</strong></span> <span class='ocrx_word' id='word_1_731' title='bbox 2387 4990 2510 5031; x_wconf 90' lang='lat' dir='ltr'><strong>esse</strong></span> <span class='ocrx_word' id='word_1_732' title='bbox 2560 4991 2730 5032; x_wconf 84' lang='lat' dir='ltr'><strong>nurus</strong></span> <span class='ocrx_word' id='word_1_733' title='bbox 2778 4974 3152 5044; x_wconf 87' lang='lat' dir='ltr'><strong>imperatoris,</strong></span> <span class='ocrx_word' id='word_1_734' title='bbox 3187 4988 3292 5026; x_wconf 90' lang='lat' dir='ltr'><strong>non</strong></span> <span class='ocrx_word' id='word_1_735' title='bbox 3330 4977 3649 5090; x_wconf 43' lang='lat' dir='ltr'><strong>wing“</strong></span> 
     </span>
     <span class='ocr_line' id='line_1_103' title="bbox 2105 5065 3402 5090; baseline 0 0"><span class='ocrx_word' id='word_1_736' title='bbox 2105 5077 2136 5090; x_wconf 76' lang='grc' dir='ltr'><strong>,ο</strong></span> <span class='ocrx_word' id='word_1_737' title='bbox 2189 5088 2204 5090; x_wconf 85' lang='lat'><em>_</em></span> <span class='ocrx_word' id='word_1_738' title='bbox 2231 5071 2361 5090; x_wconf 64' lang='lat'><strong>_|-!___</strong></span> <span class='ocrx_word' id='word_1_739' title='bbox 2420 5072 2587 5090; x_wconf 54' lang='lat'><strong>_____&#39;,</strong></span> <span class='ocrx_word' id='word_1_740' title='bbox 2621 5079 2779 5090; x_wconf 52' lang='lat' dir='ltr'><strong>,--u.-</strong></span> <span class='ocrx_word' id='word_1_741' title='bbox 2834 5073 3030 5090; x_wconf 62' lang='lat' dir='ltr'><strong>a-_n-,-</strong></span> <span class='ocrx_word' id='word_1_742' title='bbox 3136 5065 3268 5090; x_wconf 79' lang='lat' dir='ltr'><strong>n..:.|</strong></span> <span class='ocrx_word' id='word_1_743' title='bbox 3317 5077 3402 5090; x_wconf 53' lang='lat' dir='ltr'><strong>Ah-</strong></span> 
     </span>
    </p>
   </div>
   <div class='ocr_carea' id='block_1_103' title="bbox 1928 5065 3562 5108">
    <p class='ocr_par' dir='ltr' id='par_1_103' title="bbox 1928 5065 3562 5108">
     <span class='ocr_line' id='line_1_104' title="bbox 1928 5065 3562 5108; baseline 0 0"><span class='ocrx_word' id='word_1_744' title='bbox 1928 5077 2136 5108; x_wconf 64' lang='lat' dir='ltr'><strong>nul-Ani:</strong></span> <span class='ocrx_word' id='word_1_745' title='bbox 2181 5071 2368 5108; x_wconf 64' lang='lat' dir='ltr'><strong>mihi“:</strong></span> <span class='ocrx_word' id='word_1_746' title='bbox 2413 5072 2783 5108; x_wconf 70' lang='lat' dir='ltr'><strong>nrnninmnnla</strong></span> <span class='ocrx_word' id='word_1_747' title='bbox 2834 5073 3062 5108; x_wconf 64' lang='lat' dir='ltr'><strong>Inrlnmic</strong></span> <span class='ocrx_word' id='word_1_748' title='bbox 3136 5065 3269 5108; x_wconf 72' lang='lat' dir='ltr'><strong>nuitl</strong></span> <span class='ocrx_word' id='word_1_749' title='bbox 3314 5077 3403 5108; x_wconf 70' lang='grc' dir='ltr'><strong>ρςι</strong></span> <span class='ocrx_word' id='word_1_750' title='bbox 3532 5065 3562 5108; x_wconf 61' lang='grc' dir='ltr'><strong>ἶ</strong></span> 
     </span>
    </p>
   </div>
  </div>
