3992 5322
496 362 601 417 885

1058 359 1116 415 S.
1149 359 1351 416 PETRI
1390 359 1671 416 DAMIANI
1710 360 1859 419 OPP.
1886 357 2065 415 PARS
2103 357 2235 417 SEU
2275 352 2512 418 TORUS
2548 361 2612 416 ll.
2652 393 2721 404 —-
2759 363 3146 421 SERMONES.

3647 364 3750 423 εει

492 480 707 535 inﬁrma
731 488 913 533 nostra
943 476 1204 533 ﬁrmaret.
1230 478 1310 532 Ad
1331 478 1433 532 hoc
1465 478 1557 532 Dei
1585 474 1889 532 sublimitas
1917 460 2071 530 incli-
2099 478 2149 538 Α
2175 475 2317 546 quod
2375 474 2510 531 foris
2567 484 2652 531 est
2707 475 2961 531 defendat
3021 475 3180 532 molle
3252 476 3397 549 quod
3461 477 3613 534 intus
3650 489 3751 536 est.

489 578 618 624 nata
645 578 728 623 est
756 579 816 622 ιιι
848 566 1092 636 dejectos
1137 569 1391 639 erigeret.
1420 567 1502 623 Ad
1551 568 1654 623 hoc
1689 567 1796 622 vita
1825 566 1961 621 mori
1990 565 2069 622 dl-

2264 564 2594 636 Redemptor
2634 575 2844 635 noster,
2898 583 3022 623 cum
3085 566 3248 637 hujus
3292 569 3477 624 mundi
3502 586 3755 643 campum

489 670 651 733 gnata
683 668 765 716 est
790 669 851 715 ut
876 661 1072 715 mortis
1111 661 1395 737 imperium
1448 660 1752 723 destruens,
1791 660 1857 715 ad
1903 660 2069 714 vitam
2170 664 2509 733 pugnaturus
2529 662 2849 733 ingreditur,
2869 676 2991 717 cum
3019 662 3084 716 ad
3110 661 3636 721 debellandas‘aeris
3659 666 3759 721 hu-
3804 708 3808 711 -

487 765 733 812 mortuos
759 764 1061 812 revocaret.
1086 753 1237 823 Quod
1272 754 1527 809 nimirum
1552 753 1712 808 etiam
1743 753 1797 807 in
1838 752 1955 823 ipso
1975 767 2070 824 ge-
2165 752 2256 826 jus
2287 754 2554 824 nequitias
2609 754 2765 809 fortis
2791 755 3063 825 praaliator
3094 764 3357 823 armatur,
3389 758 3518 829 quia
3560 774 3754 815 novum

486 847 638 901 neris
695 847 917 902 humani
998 845 1303 902 declaratur
1351 845 1595 900 exordio.
1665 841 1936 913 Scriptum
1987 851 2073 898 est

488 940 632 994 enim
663 956 676 993 :
719 958 735 990 ι
775 938 915 1006 Quia
943 938 1166 993 immisit
1199 938 1457 992 Dominus
1483 951 1731 1007 soporem
1766 935 1819 990 in
1853 934 2021 990 Adam
2052 951 2068 1002 ;

488 1045 719 1100 cumque
748 1030 1135 1095 obdormisset,
1167 1028 1287 1084 tulit
1335 1042 1497 1083 unam
1546 1027 1611 1081 de
1638 1027 1806 1081 costis
1836 1024 1972 1095 ejus,
2017 1032 2073 1081 et

484 1121 713 1191 replevit
765 1136 985 1177 carnem
1035 1136 1134 1191 pro
1182 1136 1269 1185 ea,
1310 1126 1366 1174 et
1417 1117 1768 1174 reaadiﬁcavit
1817 1127 2066 1181 costam,

452 1216 459 1222 ’
487 1232 649 1285 quam
674 1216 875 1271 tulerat
910 1216 1170 1272 Dominus
1192 1214 1259 1269 de
1287 1213 1460 1268 Adam
1511 1214 1565 1267 in
1600 1211 1881 1267 mulierem
1915 1207 2068 1283 (Gen.

486 1308 572 1383 ιι).
607 1332 625 1364 ι
665 1310 841 1382 Super
870 1328 979 1384 quo
1002 1326 1126 1366 cum
1156 1309 1467 1377 loqueretur
1498 1306 1811 1378 Apostolus,
1835 1305 2022 1361 dicens
2054 1322 2067 1360 :

495 1419 514 1453 ι
570 1403 860 1473 Relinquet
906 1405 1067 1458 ιιοιιιο
1118 1411 1327 1472 patrem
1381 1408 1436 1456 et
1496 1407 1726 1454 matrem
1783 1412 1958 1463 suam,
2017 1402 2073 1451 et

489 1494 785 1549 adhzerebit
833 1494 985 1550 uxori
1018 1509 1151 1558 suae,
1192 1501 1246 1548 et
1271 1501 1431 1547 erunt
1458 1493 1563 1547 duo
1586 1491 1639 1547 in
1669 1505 1832 1546 carne
1857 1505 2002 1557 una;
2045 1508 2065 1544 ›

487 1595 685 1655 praesto
717 1587 993 1657 subjunxit
1025 1605 1039 1640 :
1074 1604 1093 1637 ι
1125 1584 1532 1640 Sacramentum
1557 1582 1661 1638 hoc
1686 1598 1937 1654 magnum
1966 1592 2070 1637 est.

486 1677 599 1745 Ego
622 1689 800 1732 autem
856 1679 977 1734 dico
1032 1677 1085 1733 in
1139 1677 1355 1735 Christo
1388 1684 1443 1732 et
1475 1675 1529 1730 in
1572 1675 1814 1730 Ecclesia
1855 1673 2068 1745 (Ephes.

485 1770 563 1841 v).
604 1790 621 1822 ι
670 1770 737 1825 Ει
774 1787 901 1826 vere
953 1787 1158 1842 magna:
1195 1771 1413 1825 virtutis
1458 1769 1754 1831 indicium,
1813 1769 2072 1824 mirandae

2172 846 2406 901 debebat
2435 846 2706 901 instruere
2734 848 3000 917 praelium,
3045 864 3240 905 novum
3269 850 3438 907 induit
3465 867 3642 919 genus
3672 869 3758 909 ar—

2178 951 2416 1004 morum,
2449 937 2703 993 videlicet
2736 950 2794 993 ut
2828 940 2972 1010 quod
3003 940 3273 997 inﬁrmum
3314 953 3398 998 est
3427 958 3758 1017 superpone-

2172 1038 2276 1093 ret,
2304 1040 2360 1086 et
2382 1033 2522 1101 quod
2547 1022 2824 1089 robustum
2853 1043 2938 1090 est
2963 1035 3285 1103 occultaret,
3311 1035 3539 1093 loricam
3591 1039 3759 1110 siqui-

2173 1123 2296 1177 dem
2329 1123 2611 1180 imbecilla:
2639 1126 2820 1181 carnis
2854 1126 3029 1183 induit
3071 1137 3127 1183 et
3174 1129 3598 1200 insuperabilem
3630 1133 3763 1191 divi-

2172 1213 2359 1270 nitatis
2387 1213 2754 1272 fortitudinem
2812 1216 3119 1273 occultavit.
3155 1217 3246 1274 Sic
3288 1223 3367 1275 sic
3394 1238 3493 1292 per
3540 1238 3763 1279 carnem

2173 1305 2418 1362 diabolus
2451 1322 2482 1362 a
2522 1309 2758 1363 secundo
2781 1309 3000 1364 homine
3026 1310 3260 1380 perdidit
3287 1312 3377 1382 qui
3416 1327 3516 1384 per
3541 1327 3760 1369 carnem

2173 1392 2375 1450 dudum
2403 1396 2637 1466 primum
2668 1398 2940 1454 hominem
2972 1400 3268 1469 superavit,
3318 1401 3629 1471 eademque
3660 1400 3761 1458 sibi

2172 1502 2317 1543 nunc
2345 1487 2515 1544 ruina:
2540 1488 2678 1544 facta
2711 1498 2795 1546 est
2819 1505 2983 1548 causa
3011 1506 3133 1548 oua:
3159 1490 3403 1548 victoriae
3460 1492 3648 1551 fuerat
3699 1494 3763 1550 de

2172 1566 2348 1649 primo
2369 1586 2591 1649 parente
2613 1583 2862 1637 materia.

2245 1668 2358 1723 Hoc
2397 1684 2494 1740 per
2541 1669 2808 1742 allegoriae
2835 1673 3153 1744 mysterium
3185 1689 3274 1731 res
3313 1673 3400 1729 illa
3441 1675 3766 1747 praemonuit

2174 1761 2317 1830 quod
2348 1760 2514 1816 David
2567 1776 2595 1816 a
2650 1761 2788 1818 facie
2819 1764 2960 1836 regis
2985 1762 3117 1820 Sanl
3153 1766 3366 1838 fugiens
3395 1768 3447 1822 in
3471 1768 3766 1837 pratsentia

484 1859 869 1929 profunditatis
892 1871 975 1916 est
997 1869 1415 1916 sacramentum.
1458 1858 1562 1914 Per
1596 1859 1769 1915 Adam
1800 1860 2067 1930 siquidem
2099 1848 2143 1907 Β
2171 1853 2336 1909 Acbis
2386 1855 2528 1925 regis
2583 1854 2722 1911 Geth
2760 1871 2818 1911 se
2868 1856 3047 1914 furere
3096 1860 3394 1915 simulavit.
3428 1860 3573 1916 Dicit
3622 1861 3764 1916 enim

489 1952 759 2015 Christus,
787 1968 883 2022 per
904 1952 1069 2007 Evam
1097 1952 1412 2021 designatur
1440 1950 1696 2006 Ecclesia.
1715 1950 1852 2017 Quid
1875 1959 1959 2006 est
1982 1966 2074 2006 au-

484 2052 589 2097 tem
622 2044 763 2112 quod
799 2042 950 2113 prius
999 2043 1171 2097 Adam
1218 2041 1479 2097 Dominus
1521 2041 1819 2115 soporavit,
1876 2041 2072 2098 deinde

481 2144 688 2188 costam
735 2150 797 2187 ex
846 2132 961 2200 ejus
1008 2133 1199 2199 latere,
1264 2134 1403 2188 unde
1451 2133 1648 2187 mulier
1699 2132 2067 2202 formaretur,

481 2225 688 2287 eduxit,
720 2225 823 2279 nisi
847 2224 972 2293 quia
999 2225 1150 2293 prius
1178 2223 1487 2293 redemptor
1516 2223 1568 2277 in
1600 2231 1773 2278 morte
1812 2222 2072 2279 dormivit

481 2319 667 2388 sicque
707 2320 772 2373 de
813 2319 980 2375 latere
1007 2318 1125 2388 ejus
1153 2319 1205 2372 in
1235 2318 1490 2374 Ecclesiae
1521 2329 1921 2374 sacramentum
1945 2333 2070 2374 san-

481 2414 602 2483 guis
630 2421 685 2468 et
728 2428 867 2483 aqua
900 2410 1192 2483 proﬂuxit?
1220 2411 1506 2468 Translata
1526 2422 1611 2468 est
1632 2413 1742 2467 Eva
1771 2412 1838 2467 de
1865 2412 1965 2467 viri
1997 2411 2070 2466 la-

483 2517 597 2561 tere
629 2506 977 2574 dormientis;
1012 2504 1178 2579 359
1207 2508 1375 2561 exivit
1395 2505 1635 2562 Ecclesia
1664 2505 1730 2561 de
1758 2504 1929 2560 latere
1950 2503 2068 2559 Sal-

482 2598 687 2652 vatnris
710 2598 762 2653 in
788 2613 951 2653 cruce
979 2597 1282 2667 pendentis.

552 2687 657 2741 Sed
677 2688 805 2757 quid
828 2696 912 2742 est
940 2686 1083 2759 quod
1113 2685 1458 2755 omnipotens
1496 2684 1765 2743 Conditor
1794 2700 1917 2741 cum
1948 2700 2067 2738 mu-

478 2776 664 2832 ﬁerem
724 2778 790 2832 de
845 2780 982 2845 viro,
1030 2778 1084 2833 id
1123 2786 1226 2841 est,
1253 2777 1501 2850 fragilem
1527 2793 1717 2833 sexum
1758 2779 1824 2834 de
1856 2775 2066 2834 fortiori

476 2885 777 2940 propagare
824 2872 1157 2941 disponeret,
1210 2886 1315 2925 non
1346 2871 1449 2925 viri
1479 2886 1719 2935 carnem,
1758 2869 1850 2925 sed
1878 2883 1941 2924 os
1969 2883 2067 2938 po-

482 2966 586 3019 tius
609 2965 673 3017 ad
703 2963 1000 3018 faciendam
1031 2963 1289 3018 feminam
1317 2962 1418 3017 sibi
1444 2962 1613 3016 voluit
1645 2960 1928 3016 materiam
1965 2976 2063 3015 ex-

476 3053 704 3107 hibere?
752 3053 931 3107 Potuit
961 3054 1106 3107 enim
1144 3051 1286 3107 Deus
1311 3052 1516 3108 homini
1554 3067 1776 3107 carnem
1806 3050 2060 3106 detrahe-

486 3160 564 3211 re,
598 3144 738 3198 unde
768 3143 964 3198 femina
999 3143 1351 3210 formaretur,
1379 3144 1558 3198 ethoc
1585 3150 1737 3198 certe
1763 3157 2064 3214 congruen-

2176 1944 2455 2015 Scriptura
2483 1947 2609 2017 quia
2645 1966 2662 1998 ι
2693 1946 2996 2004 detinebant
3036 1948 3217 2005 salivae
3261 1950 3379 2020 eius
3435 1953 3490 2007 in
3536 1952 3764 2007 barbam

2174 2036 2229 2109 (1
2260 2037 2382 2109 Reg.
2409 2042 2546 2111 XXI).
2590 2059 2607 2091 ι
2638 2039 2782 2095 Sane
2833 2040 2959 2110 quia
2991 2041 3157 2096 barba
3189 2042 3292 2097 viri
3341 2053 3421 2099 est
3454 2045 3765 2114 proprium,

2171 2130 2303 2200 quid
2329 2118 2411 2186 est
2441 2147 2537 2202 per
2567 2134 2852 2204 mysticum
2902 2134 3252 2201 intellectum,
3288 2136 3389 2191 nisi
3419 2137 3649 2192 virtutis
3689 2138 3766 2192 in-

2173 2220 2412 2277 dicium?
2430 2221 2569 2290 Quid
2608 2239 2737 2294 ergo
2763 2239 2861 2294 per
2900 2225 3123 2292 salivas,
3145 2241 3264 2297 quae
3302 2227 3564 2281 nimirum
3588 2226 3765 2284 ﬂuida

2174 2322 2376 2369 suntet
2403 2312 2581 2381 ﬂuxae,
2626 2315 2732 2370 nisi
2776 2318 2955 2373 carnis
2977 2317 3306 2374 inﬁrmitas?
3332 2319 3471 2385 Quid
3512 2334 3644 2375 vero
3670 2332 3765 2391 per

2172 2404 2568 2483 barbam,nisi
2610 2407 2909 2463 divinitatis
2955 2408 3200 2463 innuitur
3252 2407 3561 2464 fortitudo?
3586 2406 3762 2464 Barba

2173 2510 2306 2567 ergo
2335 2497 2520 2553 salivis
2570 2496 2929 2555 deﬂuentibus
2955 2501 3218 2571 operitur,
3267 2501 3394 2571 quia
3434 2499 3620 2570 fragili
3645 2515 3766 2556 car-

2172 2589 2257 2643 nis
2287 2588 2552 2645 velamine
2596 2589 2896 2646 divinitatis
2941 2591 3118 2648 virtus
3169 2591 3427 2646 induitur.
3473 2589 3585 2646 Sed
3619 2592 3762 2663 quod

2171 2678 2341 2735 David
2391 2680 2814 2750 dispensationis
2864 2682 3059 2751 agebat
3111 2680 3400 2745 industria,
3458 2680 3566 2735 hoc
3615 2696 3764 2736 ane-

2170 2772 2467 2829 scientibus
2487 2773 2782 2844 putabatur
2810 2775 3045 2831 insania.
3076 2774 3229 2831 Unde
3255 2774 3422 2830 Achis
3444 2774 3623 2829 servis
3651 2773 3760 2830 suis

2171 2864 2289 2919 ait:
2329 2881 2349 2915 ι
2389 2861 2616 2921 Vidistis
2642 2864 2917 2921 hominem
2961 2863 3232 2931 insanum,
3260 2862 3424 2936 360
3451 2878 3630 2932 quare
3670 2861 3763 2918 ad-

2169 2956 2403 3013 duxistis
2432 2973 2556 3013 eum
2587 2957 2653 3013 ad
2675 2958 2795 3014 me?
2818 2958 2901 3012 An
2932 2958 3128 3013 desunt
3158 2955 3314 3011 nobis
3352 2953 3568 3017 furiosi,
3619 2953 3760 3024 quod

2168 3047 2551 3105 introduxistis
2577 3049 2738 3103 istum
2762 3057 2819 3103 ut
2841 3045 3048 3104 fureret
3075 3060 3163 3102 me
3188 3045 3492 3117 prasente?
3513 3065 3535 3097 ι
3565 3043 3758 3116 tibia.)

2169 3140 2361 3200 Nonne
2387 3146 2552 3200 etiam
2583 3159 2713 3201 vero
2734 3143 2926 3211 David,
2956 3143 3304 3213 Redemptum
3336 3151 3552 3207 nostro,
3584 3140 3761 3198 simile

479 3238 586 3292 tius
622 3238 911 3293 videretur.
944 3236 1163 3292 Sciebat
1192 3236 1338 3291 enim
1367 3250 1529 3291 sexus
1552 3234 1783 3290 debilior
1817 3234 1945 3304 quid
1976 3233 2062 3288 ni-
2090 3229 2136 3293 C
2169 3239 2299 3309 quid
2326 3239 2542 3304 accidit,
2583 3248 2641 3294 ut
2687 3239 2911 3295 insanus
2951 3239 3020 3295 ab
3046 3237 3446 3295 insanientibus
3472 3244 3764 3307 putaretur

480 3332 677 3385 mirum
708 3330 1128 3400 consequentius
1158 3329 1224 3383 de
1247 3327 1430 3384 carnis
1457 3325 1776 3382 inﬁrmitate
1799 3340 1960 3396 quam
1994 3339 2061 3379 ex

476 3422 617 3477 ossis
646 3420 965 3492 procederet
995 3418 1336 3485 fortitudine,
1364 3426 1419 3474 et
1446 3416 1699 3487 utmagis
1737 3423 1958 3487 stupeas
1980 3414 2063 3470 di-

476 3517 585 3570 vini
640 3515 819 3587 operis
873 3521 1291 3575 sacramentum,
1322 3527 1428 3568 non
1454 3526 1554 3581 pro
1579 3525 1703 3566 osse
1723 3525 1785 3566 os
1808 3508 2061 3572 reddidit,

477 3610 572 3666 sed
618 3623 782 3663 carne
832 3608 1013 3678 potius
1062 3605 1207 3675 quod
1237 3604 1292 3658 in
1325 3603 1430 3659 viri
1449 3617 1675 3674 corpore
1700 3601 1928 3657 vacabat
1958 3600 2060 3654 im-

478 3700 686 3773 plevit?
713 3698 1173 3770 UndetScriptura
1201 3712 1324 3754 cum
1349 3696 1488 3755 dixit
1512 3714 1526 3751 :
1566 3715 1584 3748 ι
1616 3692 1762 3751 Tulit
1807 3709 1969 3749 unam
1997 3693 2064 3748 de

476 3788 643 3849 costis
698 3790 847 3859 ejus;
886 3810 905 3843 ι
938 3804 1063 3846 mox
1106 3788 1354 3844 addidit:
1408 3805 1427 3839 ι
1480 3785 1549 3842 Ει
1574 3785 1799 3856 replevit
1842 3797 2060 3839 carnem

475 3902 573 3958 pro
604 3901 665 3941 ea
695 3881 849 3957 (Gen.
877 3881 961 3955 ιι).
989 3900 1009 3933 ι
1041 3879 1263 3937 Poterat
1288 3892 1486 3949 nempe
1524 3875 1593 3931 ad
1624 3873 1904 3930 mulierem
1950 3872 2064 3943 pla-

481 3958 760 4033 smandam
791 3991 1011 4031 carnem
1039 3976 1158 4028 viro
1184 3971 1494 4036 detrahere,
1524 3975 1741 4040 poterat
1766 3980 1889 4023 osse
1924 3963 2064 4020 ossis

479 4067 816 4137 dispendium
866 4067 920 4120 in
963 4064 1211 4119 mutilato
1240 4062 1470 4132 corpore
1499 4068 1808 4115 restaurare
1830 4097 1844 4121 ,
1879 4056 1972 4113 sed
2000 4070 2064 4110 os

480 4158 602 4210 tulit
626 4166 678 4211 et
701 4170 920 4211 carnem
970 4155 1220 4221 reddidit,
1270 4155 1460 4224 sicque
1498 4149 1744 4220 fragilem
1770 4148 1839 4205 de
1863 4148 2063 4202 virtute

483 4248 757 4305 formavit.

552 4340 749 4396 Dehilis
802 4340 986 4410 itaque
1034 4336 1209 4395 factus
1257 4348 1341 4396 est
1389 4339 1587 4405 Adam,
1632 4345 1690 4392 ut
1730 4335 1886 4391 fortis
1910 4334 2063 4392 fleret

480 4434 608 4488 Eva.
645 4431 952 4487 lnﬁrmatus
977 4440 1062 4488 est
1086 4429 1357 4497 Christus,
1406 4439 1468 4485 ut
1497 4429 1850 4485 roboraretur
1878 4425 2063 4483 Eccle-

477 4526 579 4580 sia.
614 4525 761 4580 lllius
795 4526 936 4581 enim
977 4524 1265 4580 inﬁrmitas
1297 4532 1481 4580 nostra
1530 4530 1616 4578 est
1662 4520 1957 4586 fortitudo,
2007 4527 2065 4575 et

2169 3340 2223 3385 et
2256 3330 2514 3387 miracula
2544 3346 2642 3402 per
2663 3332 2936 3388 daemones
2966 3345 3129 3402 agere
3157 3346 3189 3386 a
3224 3329 3577 3386 damoniacis
3604 3329 3755 3385 dice-

2168 3423 2361 3477 retur?
2389 3420 2526 3478 Hinc
2579 3432 2683 3489 εει,
2737 3424 2880 3493 quod
2940 3421 3154 3477 Marcus
3201 3419 3534 3492 evangelista
3574 3420 3756 3476 dicit:

2174 3536 2191 3567 ι
2223 3515 2287 3569 Ει
2339 3530 2462 3570 ειιιιι
2510 3514 2773 3569 vidissent
2801 3515 2907 3580 sui,
2929 3514 3178 3570 exierunt
3203 3522 3386 3569 tenere
3414 3527 3561 3570 eum.
3601 3510 3759 3568 Dice-

2167 3609 2299 3664 bant
2323 3608 2468 3661 enim
2496 3625 2507 3660 :
2543 3606 2809 3675 Quoniam
2842 3607 2895 3662 in
2929 3606 3167 3663 furorem
3197 3618 3384 3662 versus
3423 3614 3509 3660 est
3555 3602 3755 3677 (Hm.

2168 3699 2274 3769 nt).
2307 3719 2324 3751 ι
2360 3697 2564 3766 Quibus
2595 3696 2774 3753 verbis
2804 3698 3053 3768 protinus
3083 3696 3329 3752 addidit:
3369 3715 3388 3748 ι
3424 3692 3493 3752 Et
3524 3692 3756 3765 Scribe,

2167 3789 2257 3859 qni
2293 3788 2359 3843 ab
2391 3787 2778 3858 Hierosolymis
2808 3789 3222 3853 descenderant,
3272 3787 3527 3843 dicebant
3556 3803 3572 3841 :
3606 3785 3758 3854 Quo-

2166 3883 2311 3937 niam
2341 3880 2636 3938 Beelzebub
2664 3883 2848 3946 habet,
2879 3890 2932 3937 et
2960 3883 3085 3953 quia
3114 3881 3167 3936 in
3189 3883 3436 3953 principe
3457 3880 3759 3938 dzemonio-

2167 3990 2284 4030 rum
2309 3973 2454 4044 ejicit
2475 3974 2739 4029 denmonia
2770 3972 2979 4045 (lbid.).
3010 3994 3028 4027 ι
3064 3971 3234 4029 Porro
3258 3982 3459 4037 autem,
3493 3974 3625 4040 quia
3667 3986 3757 4028 sa-

2165 4064 2287 4120 livae
2326 4064 2636 4137 frequenter
2670 4080 2736 4123 ex
2767 4065 3051 4121 infantium
3081 4079 3177 4120 ore
3206 4066 3526 4130 decurrunt,
3564 4078 3755 4122 nonne

2164 4145 2312 4213 velut
2356 4157 2620 4213 infantilia
2675 4156 3000 4213 videbantur
3047 4154 3209 4212 verba
3241 4197 3256 4221 ,
3320 4171 3443 4211 cum
3494 4154 3751 4213 diceret:

2170 4273 2187 4305 ι
2228 4250 2340 4307 Nisi
2368 4251 2819 4308 manducavcritis
2849 4264 3068 4307 carnem
3096 4246 3221 4305 Filii
3252 4249 3487 4305 hominis
3516 4258 3572 4304 et
3605 4249 3754 4305 bibe-

2167 4343 2288 4398 ritis
2313 4343 2431 4414 ejus
2457 4342 2798 4413 sanguinem,
2848 4356 2953 4397 non
2981 4340 3252 4396 habebitis
3281 4340 3449 4395 vitam
3485 4340 3539 4396 in
3572 4339 3749 4396 vobis.

2164 4434 2319 4502 Quod
2368 4434 2651 4490 audientes
2697 4432 2967 4503 discipuli,
3000 4428 3495 4488 dicebanttburus
3547 4440 3637 4488 est
3662 4430 3751 4489 hie

2165 4539 2365 4591 sermo,
2382 4536 2436 4579 et
2456 4524 2578 4595 quis
2601 4533 2776 4596 potest
2796 4539 2919 4579 eum
2942 4523 3174 4579 audire?
3193 4542 3213 4577 ι
3234 4522 3419 4595 (Joan.
3436 4520 3627 4592 n.)Et
3646 4523 3751 4580 sic-

470 4607 544 4675 ad
600 4622 702 4674 hoc
755 4618 844 4674 ille
893 4628 1132 4675 nostram
1191 4617 1412 4689 pertulit
1453 4617 1850 4679 infirmitatem,
1901 4623 1960 4671 ut
1988 4613 2056 4669 ad
2090 4601 2136 4661 ι)
2164 4627 2221 4672 ιιι
2265 4617 2592 4688 evangelista
2636 4615 2821 4680 refert,
2861 4633 2880 4667 ι
2916 4614 3028 4685 jam
3062 4631 3168 4671 non
3198 4631 3322 4672 cum
3373 4615 3464 4671 illo
3504 4615 3751 4672 ambula-

476 4730 627 4769 snam
662 4729 760 4769 nos
804 4721 1065 4767 statueret
1093 4710 1490 4767 fortitudinem.
1548 4730 1567 4762 ι
1598 4709 1749 4778 Quod
1783 4707 2058 4763 inﬁrmum

477 4815 557 4861 est
582 4806 697 4870 Dei,
733 4806 810 4859 ait
836 4803 1142 4874 Apostolus,
1174 4800 1367 4858 fortius
1393 4810 1478 4857 est
1525 4799 1834 4856 hominibus
1865 4797 1915 4872 (Ι
1933 4799 2055 4853 Cor.

478 4896 538 4968 ι).
574 4919 591 4948 ι
631 4897 692 4951 Ει
715 4896 840 4951 alibi
869 4915 880 4950 :
916 4914 935 4948 ι
976 4895 1111 4950 Nam
1160 4895 1265 4951 etsi
1290 4893 1581 4951 cruciﬁxus
1609 4901 1695 4949 est
1724 4892 1971 4947 Christus
1991 4905 2058 4945 ex

475 4988 814 5052 inﬁrmitate,
867 4987 962 5042 sed
1007 4987 1135 5040 vivit
1164 5001 1230 5041 ex
1259 4986 1459 5040 virtute
1489 4984 1607 5038 Dei.
1639 4982 1776 5037 Nam
1820 4981 1921 5037 etsi
1954 4994 2057 5036 nos

477 5080 679 5134 iutirmi
707 5095 893 5135 sumus
924 5080 979 5133 in
1003 5078 1112 5144 illo,
1146 5079 1239 5134 sed
1265 5077 1496 5132 vivimus
1522 5089 1645 5130 cum
1674 5088 1739 5128 eo
1769 5087 1835 5129 ex
1854 5073 2056 5130 virtute

465 5162 579 5224 'Dei
608 5167 661 5241 (Ι
669 5166 692 5221 ι
744 5169 864 5222 Cor.
904 5168 1047 5238 xm).
1082 5188 1103 5221 ι
1137 5168 1425 5223 Enimvero
1458 5164 1640 5221 saeculi
1671 5163 1832 5235 hujus
1874 5161 2052 5219 homi-

479 5276 572 5298 nnc
626 5260 714 5298 mai
748 5258 1007 5298 halitu-uin
1059 5260 1293 5298 mnhinnl
1353 5259 1557 5298 vir-tnta
1607 5256 1928 5298 olm-Aspare,
1959 5252 2049 5298 11111

2161 4711 2309 4765 haut.
2351 4729 2370 4762 ι
2408 4707 2514 4764 Sed
2559 4708 2677 4763 ista:
2735 4707 2915 4764 saliva,
2959 4707 3186 4764 barbam
3238 4707 3407 4763 David
3453 4707 3747 4777 tegebant,

2159 4799 2285 4869 quia
2339 4799 2441 4854 sub
2489 4798 2575 4853 his
2627 4795 2967 4853 infantilibus
3012 4797 3194 4854 verbis
3238 4797 3411 4854 virtus
3453 4798 3639 4853 divina
3666 4798 3748 4854 la-

2161 4892 2326 4945 lebat.

2232 4978 2434 5038 Factus
2474 4988 2557 5035 est
2606 4995 2736 5049 ergo
2788 4979 3118 5050 Redemptor
3151 4989 3336 5038 noster
3382 4982 3653 5050 inﬁrmus,
3682 4988 3743 5040 ut

2159 5089 2260 5129 nos
2283 5073 2453 5129 fortes
2497 5070 2763 5140 ediceret;
2806 5073 2957 5129 visus
2986 5081 3069 5129 est
3103 5073 3320 5139 stultus,
3346 5082 3409 5129 ut
3450 5077 3518 5129 ad
3556 5088 3737 5130 veram

2158 5176 2257 5218 nos
2299 5163 2622 5232 sapientiam
2661 5170 2964 5221 revocaret.
3016 5161 3172 5221 Unde
3211 5162 3344 5219 dicit
3401 5162 3735 5234 Apostolus:

2167 5274 2186 5298 ι
2214 5251 2347 5298 ninia
2380 5255 2521 5298 nnnil
2568 5253 2791 5298 stultum
2820 5262 2902 5298 ρει
2944 5254 3060 5298 nni-
3113 5252 3374 5298 unienlia
3402 5261 3486 5298 est
3509 5253 3737 5298 hmini.
