3992 5322
1625 290 1859 352 8εῆΜο
1894 291 2100 353 LXVII.

3437 294 3539 351 886

270 398 508 469 mystice
536 398 781 470 ﬁgurari.
808 399 960 457 Unde
979 410 1062 456 est
1089 403 1255 471 quod.
1285 401 1569 475 Scriptura
1600 413 1857 472 testante,
1887 410 1935 471 Α
1961 382 2028 465 ad
2057 408 2217 463 (idem
2247 406 2532 480 recolligit.
2577 407 2644 463 Et
2684 407 2967 464 colubrum
3002 410 3170 465 cauda
3220 418 3387 475 tenet,
3413 427 3538 482 qma

269 490 419 546 (hit
444 490 594 548 Dens
635 491 803 563 Moysi
837 511 850 547 :
897 512 919 547 ι
952 493 1107 551 litte
1139 510 1359 554 manum
1392 496 1448 551 in
1473 497 1652 557 sinum
1684 505 1858 554 tuum.

268 582 381 650 Qui
403 598 535 638 cum
555 583 795 641 misisset
824 585 880 643 in
908 586 1373 657 sinum,lprotulit
1391 588 1658 660 leprosam
1690 590 1865 647 instar

267 671 441 728 nivis.
506 673 769 740 Retrahe.
815 676 911 741 ait,
962 693 1184 735 unum
1227 679 1281 737 in
1330 680 1508 737 sinum
1547 692 1717 739 tuum.
1756 681 1860 739 Re-

269 765 474 829 trsxit,
503 774 560 822 et
594 768 819 838 potulit
841 769 1072 837 iterum,
1104 780 1163 827 et
1188 781 1309 829 erat
1335 774 1531 831 similis
1554 776 1703 833 carni
1737 775 1863 833 reli-

265 873 397 929 quae
423 856 623 930 (Band.
654 859 752 931 tv).
793 881 813 915 ι
846 860 988 929 Quid
1025 863 1129 920 hoc
1171 864 1291 921 loco
1319 880 1417 935 per
1442 883 1661 923 manum
1691 867 1860 940 Moysi

268 948 594 1019 desigrtatur
622 950 727 1007 nisi
756 950 929 1009 Filius
954 954 1047 1009 Dei
1069 955 1094 1010 ἓ
1123 954 1281 1011 Unde
1298 957 1500 1014 dicitur
1528 959 1580 1014 in
1602 960 1855 1019 Psalmo:

275 1039 453 1096 r-Fiat
480 1054 677 1098 manus
706 1050 797 1098 tua
844 1053 903 1100 ut
946 1044 1118 1102 salvat
1155 1062 1244 1104 me
1270 1046 1442 1118 (Prol.
1475 1050 1688 1123 cxvm).
1722 1071 1741 1104 δ
1784 1050 1863 1111 Ac

265 1132 319 1187 si
342 1132 551 1189 «liceret
580 1150 596 1188 :
630 1134 751 1190 Fiat
776 1136 889 1203 ille,
907 1152 1007 1208 per
1026 1155 1187 1210 quem
1216 1140 1362 1198 facta
1390 1154 1520 1199 sunt
1547 1146 1749 1207 omnia.
1776 1154 1860 1210 ut.

266 1220 521 1281 (huius
538 1234 783 1294 creatur,
834 1243 865 1282 a
916 1233 1225 1301 reatussui
1276 1233 1529 1304 contagio
1577 1234 1858 1292 liberetur.

267 1311 402 1370 Haec
440 1330 638 1372 uiantis
688 1317 745 1373 in
794 1319 917 1375 sine
942 1319 1123 1377 Patris
1150 1331 1270 1388 est,
1311 1324 1453 1381 sicut
1483 1323 1720 1383 Joannes
1759 1327 1862 1387 Ba-

265 1404 436 1475 ptista
455 1405 593 1465 dicit
618 1422 635 1463 :
667 1427 687 1462 ι
713 1409 907 1477 Filius,
932 1412 1024 1482 qui
1051 1424 1135 1470 est
1161 1414 1216 1472 in
1235 1414 1359 1471 sinu
1378 1415 1578 1484 Patris,
1593 1418 1711 1487 ipse
1734 1436 1863 1477 nar-

264 1494 417 1555 ravit
441 1496 628 1561 (lous.
653 1499 741 1571 ιι).
780 1520 800 1554 ι
829 1500 937 1559 Sed
969 1518 1162 1563 manus
1191 1506 1309 1562 haec
1330 1522 1452 1565 cum
1483 1509 1551 1571 de
1577 1510 1701 1567 sinu
1730 1527 1860 1581 pro-

267 1583 383 1645 lata
409 1597 519 1652 est,
544 1590 651 1645 hoc
680 1600 786 1655 est.
821 1607 949 1653 cum
974 1609 1079 1664 per.
1100 1599 1416 1667 mysterium
1459 1599 1857 1660 incarnationis

265 1680 551 1749 apparuit,
605 1693 946 1751 peccatorum
1000 1700 1161 1751 eum,
1212 1697 1269 1744 et
1326 1698 1585 1759 tanquam
1637 1693 1861 1750 sceleris

1963 515 2110 565 eum,
2126 516 2286 571 quem
2304 501 2588 557 mortalem
2609 508 2736 559 ante
2758 502 3100 572 despexerat,
3124 500 3539 572 Redemptorem

1964 604 2123 651 suum
2156 589 2217 644 in
2255 589 2443 645 ultima
2478 588 2591 659 jam
2633 600 2784 662 parte
2814 590 3067 647 Ecclesiae
3096 590 3404 646 conﬁtetur.
3436 590 3541 646 Sed

1964 698 2089 747 mox
2111 698 2334 755 serpens
2362 685 2415 740 in
2444 685 2653 757 virgam
2677 684 2839 750 redit,
2864 684 2987 759 quia
3015 686 3194 740 statim
3213 681 3543 738 utJndaicus

1962 774 2190 846 populus
2225 774 2280 833 in
2324 774 2742 845 Redemptorcm
2773 783 3016 835 nostrum
3054 774 3366 838 crediderit,
3401 773 3541 827 idem

1962 864 2291 936 Redemptor
2325 866 2392 921 ad
2416 864 2684 935 judicium
2716 866 2767 923 in
2798 874 3069 938 potestate
3101 880 3212 922 sua:
3240 864 3541 919 divinitatis

1962 954 2265 1025 apparebit,
2295 964 2356 1011 ut
2395 955 2447 1011 ei
2474 953 2589 1024 jam
2618 971 2840 1025 serpens
2868 956 3019 1028 virga
3056 956 3149 1023 sit,
3180 954 3302 1025 quia
3364 953 3411 1007 is
3448 952 3540 1023 qui

1962 1046 2020 1104 in
2041 1055 2187 1102 terra
2217 1048 2377 1103 homo
2402 1046 2689 1117 despectus
2719 1056 2824 1115 est,
2850 1045 2916 1101 de
2937 1046 3076 1102 ccelo
3103 1043 3349 1109 veniens,
3379 1058 3543 1113 super

1962 1136 2181 1209 angelos
2210 1136 2480 1192 videbitur
2509 1137 2671 1191 Deus.

2032 1227 2188 1283 Sicut
2228 1242 2359 1299 ergo
2400 1227 2693 1293 Dominus,
2739 1236 2794 1282 et
2839 1228 2957 1283 sine
3000 1226 3149 1297 lepra
3183 1225 3454 1298 leprosos,
3484 1231 3542 1278 et

1961 1319 2080 1379 sine
2108 1332 2317 1373 veneno
2347 1331 2571 1388 serpens
2606 1334 2703 1388 per
2730 1317 3047 1389 mysterium
3072 1318 3301 1384 dicitur;
3333 1316 3404 1372 ita
3454 1315 3535 1370 ni-

1963 1408 2277 1472 hilominus,
2315 1414 2369 1463 et
2415 1409 2532 1463 sine
2583 1407 2834 1463 fatuitate
2866 1409 3060 1464 stultus
3083 1450 3097 1473 ,
3128 1417 3183 1463 et
3213 1408 3328 1463 sine
3360 1407 3529 1462 imbe-

1960 1501 2190 1558 cillitate
2238 1501 2561 1572 perhibetur
2591 1500 2857 1556 inﬁrmus.
2888 1500 2989 1568 Qui
3042 1500 3300 1555 nimirum
3356 1500 3435 1554 sic
3478 1513 3537 1553 se

1962 1601 2162 1649 nostrae
2209 1590 2512 1647 inﬁrmitati
2545 1592 2821 1665 componit
2861 1601 3024 1662 atque
3059 1598 3432 1661 contemperat
3480 1595 3541 1643 ut

1962 1691 2155 1739 etcum
2184 1682 2570 1739 dimicantibus
2589 1691 2782 1751 certet,
2808 1693 2997 1740 etcum
3017 1684 3349 1754 patientibus
3376 1678 3536 1737 simul

264 1766 423 1838 Ῑθβτα
471 1770 771 1839 Petrum").
820 1774 868 1829 is
922 1776 1063 1833 unde
1086 1788 1431 1847 processerat
1456 1780 1687 1851 populus
1715 1783 1861 1841 aesti-
1888 1772 1936 1833 B
1964 1776 2228 1847 supplicia
2262 1776 2476 1833 toleret.

271 1862 474 1930 gavit.
509 1861 659 1919 Unde
681 1865 812 1927 dicit
838 1866 1045 1929 Isaias:
1089 1888 1111 1921 ι
1146 1870 1212 1926 Et
1251 1887 1349 1927 nos
1374 1875 1683 1943 putavimus
1731 1891 1858 1935 eum

269 1950 425 2022 quasi
451 1950 745 2023 leprosum,
788 1963 842 2010 et
873 1971 1189 2026 percussum
1218 1976 1249 2019 δ
1292 1960 1401 2017 Deo
1428 1972 1482 2018 et
1507 1963 1849 2021 humiliatum

274 2046 431 2118 (Ini.
458 2046 601 2120 LIII).
639 2069 658 2101 ι
692 2048 799 2107 Sed
858 2067 1053 2109 manus
1076 2054 1192 2113 hac
1209 2071 1332 2111 cum
1368 2057 1423 2113 in
1458 2059 1637 2113 sinum
1677 2060 1859 2125 rediit.

268 2137 480 2209 lepram
529 2155 755 2210 prorsus
804 2142 1018 2211 amisit;
1086 2146 1213 2216 quia
1273 2146 1603 2219 Redemptor
1660 2159 1851 2211 noster

267 2236 559 2299 postquam
583 2230 651 2284 ad
697 2229 915 2287 Patrem
936 2232 1147 2290 calcato
1188 2236 1381 2292 mortis
1418 2239 1646 2307 imperio
1673 2241 1857 2308 rediit,

263 2317 376 2388 iam
428 2319 485 2375 in
530 2319 643 2377 ﬁne
696 2322 878 2378 saeculi
926 2339 1033 2380 non
1078 2335 1333 2395 peccator
1379 2330 1561 2397 homo,
1611 2336 1706 2388 sed
1733 2349 1861 2391 vere

266 2408 413 2481 Deus
477 2419 534 2466 et
579 2412 743 2471 homo
791 2410 995 2475 ludatis
1055 2417 1308 2473 omnibus
1357 2420 1656 2493 apparebit.
1716 2424 1861 2481 Scri~

267 2512 422 2571 ptum
461 2503 666 2576 quippe
711 2514 835 2563 est:
868 2524 887 2559 ι
926 2506 1062 2576 Quia
1100 2510 1146 2564 si
1201 2509 1366 2566 fuerit
1404 2527 1690 2571 numerum
1723 2514 1861 2574 tilio-

267 2606 387 2651 ntm
413 2592 585 2651 lsrael
615 2594 757 2653 sicut
780 2611 947 2653 arena
988 2597 1180 2667 maris,
1214 2598 1456 2672 reliquias
1486 2603 1652 2660 salvae
1675 2613 1854 2662 erunt.

269 2681 449 2754 (Rom.
475 2686 577 2756 ιι).
614 2705 635 2741 ι

298 2846 305 2853 δ
334 2775 443 2832 Per
462 2786 773 2850 serpentem
799 2795 1014 2855 quoque
1040 2792 1302 2853 aguratus
1322 2794 1427 2853 est,
1456 2801 1581 2843 cum
1613 2788 1681 2844 ad
1707 2804 1857 2845 eum-

272 2869 393 2937 dem
422 2868 646 2945 Moysen
671 2872 930 2951 Dominus
956 2876 1035 2933 ait
1061 2895 1075 2932 :
1110 2896 1133 2932 ι
1162 2877 1300 2949 Quid
1322 2881 1572 2952 estquod
1613 2890 1765 2938 tenes
1799 2883 1856 2941 in

269 2978 430 3021 manu
463 2964 595 3022 tua?
643 2965 945 3040 Respondit
971 2987 989 3023 :
1021 2968 1261 3042 Virgam.
1309 2972 1402 3028 Ait
1435 2990 1450 3028 :
1497 2972 1708 3045 Projice
1734 2989 1857 3033 eam

270 3053 320 3109 in
369 3062 589 3112 terram.
618 3056 893 3130 :Projecit,
944 3068 1001 3117 et
1048 3074 1207 3117 versa
1235 3071 1318 3119 est
1368 3062 1421 3118 in
1443 3063 1747 3129 colubrum,
1780 3065 1852 3121 ita

2032 1868 2173 1936 Quid
2198 1884 2329 1942 ergo
2357 1869 2557 1924 mirum
2593 1868 2638 1924 si
2686 1868 2846 1923 beata
2895 1865 3176 1928 Columba,
3219 1865 3344 1918 dum
3379 1863 3544 1918 tribu-

1961 1959 2176 2019 nalibus
2212 1960 2384 2014 rabidi
2414 1959 2780 2031 persecutoris
2808 1959 3113 2022 assisteret,
3144 1967 3198 2012 et
3229 1956 3383 2011 fortis
3422 1965 3544 2010 erat

1961 2050 2016 2125 in
2043 2050 2423 2123 suppliciisnet
2472 2051 2687 2121 sapiens
2720 2050 2772 2104 in
2824 2050 3136 2119 responsis;
3170 2048 3235 2114 si,
3276 2048 3400 2101 dum
3448 2045 3539 2100 illa
3597 2086 3609 2097 .

1962 2142 2338 2212 torquebatur,
2373 2157 2470 2213 per
2498 2158 2617 2196 eam
2649 2141 2789 2197 alius
2841 2141 3202 2212 loquebatur?
3251 2139 3342 2193 Illa
3388 2139 3545 2193 nimi-

1961 2246 2079 2284 rum
2118 2230 2356 2302 linguam
2400 2231 2672 2295 movebat,
2726 2233 2820 2289 sed
2862 2231 3001 2287 alius
3048 2231 3213 2285 verba
3249 2230 3539 2284 formabat.

1966 2342 1984 2375 ι
2016 2320 2130 2378 Νοιι
2159 2326 2326 2391 enim,
2353 2325 2549 2395 inquit,
2572 2341 2670 2381 vos
2693 2327 2821 2381 estis
2843 2326 2935 2397 qui
2963 2323 3269 2395 loquimini,
3297 2324 3389 2379 sed
3421 2322 3544 2393 Spi-

1959 2418 2095 2471 ritus
2116 2418 2295 2474 Patris
2320 2419 2508 2485 vestri,
2531 2418 2624 2489 qui
2650 2417 2954 2490 loquitnrin
2978 2415 3132 2470 vobis
3156 2413 3372 2485 (Matth.
3402 2413 3480 2483 x).
3520 2432 3537 2465 ι

1958 2507 2103 2564 Illius
2143 2518 2262 2565 erat
2288 2525 2561 2581 exponere
2589 2524 2787 2580 corpus
2825 2508 2890 2562 ad
2920 2521 3161 2579 pmnam,
3198 2506 3352 2561 alteri
3392 2522 3543 2561 com-

1959 2601 2180 2672 petebat
2204 2602 2419 2657 virtutis
2442 2618 2506 2657 ac
2532 2600 2808 2672 patientiae
2837 2598 3148 2654 ministrare
3160 2599 3543 2654 constantiam.

1956 2693 2262 2749 Assistebat
2312 2693 2528 2764 quidem
2574 2690 2937 2749 tribunalibus
2982 2689 3150 2761 regis,
3192 2690 3546 2759 torquebatur

1959 2786 2208 2843 manibus
2238 2783 2480 2856 subjecta
2507 2782 2802 2849 carniﬁcis,
2836 2783 2928 2839 sed
2955 2780 3238 2837 deridebat
3255 2789 3547 2849 utrumque

1958 2889 2011 2935 et
2041 2879 2321 2950 iudicante
2362 2876 2646 2933 sublimior
2684 2885 2739 2932 et
2783 2875 3040 2946 puniente
3067 2872 3359 2929 robustior.
3390 2871 3547 2928 Unde

1957 2988 2185 3044 sponsus
2211 2974 2262 3026 in
2292 2970 2551 3037 Canticis,
2576 2970 2722 3025 velut
2741 2969 2808 3023 ad
2836 2983 2958 3023 eam
2992 2980 3297 3023 sermonem
3334 2965 3543 3033 specia-

1959 3066 2084 3121 liter
2112 3065 2315 3135 dirigit,
2348 3079 2469 3118 cum
2494 3063 2571 3118 ait
2597 3079 2610 3116 :
2656 3079 2675 3114 ι
2704 3060 2874 3130 Quam
2904 3059 3131 3129 pulchra
3159 3073 3220 3114 es
3244 3065 3299 3112 et
3322 3056 3543 3121 decora,

270 3153 325 3219 ut
355 3145 566 3219 fugeret
593 3146 821 3221 Moyses.
850 3150 1103 3223 Dixitque
1133 3153 1394 3211 Dominus
1423 3171 1437 3210 :
1462 3154 1704 3212 Extende
1744 3173 1857 3210 ma-
1879 3149 1931 3215 Ο
1961 3159 2284 3216 charissima
2305 3200 2320 3224 ,
2352 3157 2405 3211 in
2437 3154 2678 3212 deliciis!
2720 3151 2941 3209 Statura
2981 3160 3071 3209 tua
3116 3149 3412 3206 assimilata
3467 3155 3551 3203 est

270 3249 395 3311 num
423 3244 594 3306 tuam,
618 3247 674 3295 et
699 3241 1044 3312 apprehende
1068 3243 1295 3300 caudam
1325 3242 1459 3314 ejus.
1488 3246 1767 3313 Extendit,
1802 3257 1858 3302 et

270 3332 463 3396 tenuit,
512 3345 778 3405 versaque
826 3342 911 3390 est
962 3335 1021 3391 in
1069 3336 1279 3408 virgam
1301 3336 1499 3409 (Exod.
1538 3339 1633 3406 tv).
1663 3358 1682 3397 ι
1719 3339 1859 3407 Quid

269 3433 369 3491 per
385 3420 627 3494 Moysen,
661 3424 765 3481 nisi
789 3422 1047 3482 Judaicus
1070 3427 1336 3498 populus?
1365 3429 1433 3484 Et
1465 3429 1593 3499 quid
1624 3412 1723 3501 per
1750 3431 1859 3486 vir-

269 3528 412 3585 gain,
464 3514 570 3571 nisi
629 3523 872 3586 potestas
903 3518 1064 3591 361
1101 3519 1460 3578 Divinitatis'!
1505 3520 1573 3577 Et
1601 3521 1730 3592 quid
1762 3537 1860 3594 per

270 3615 601 3677 serpentem,
656 3609 762 3665 nisi
810 3612 1113 3685 mortalitas
1162 3613 1334 3669 nostri
1358 3613 1736 3686 Redemptoris
1760 3632 1857 3671 ex-

268 3698 557 3767 primitur?
614 3698 751 3768 Quia
806 3700 949 3756 enim
1005 3717 1102 3773 per
1131 3714 1443 3775 serpentem
1491 3718 1661 3771 mors,
1714 3717 1859 3762 recte

270 3786 572 3857 mortalitas
599 3788 652 3844 in
678 3798 950 3860 serpente,
981 3792 1065 3848 vel
1099 3802 1270 3860 certe,
1302 3808 1424 3849 cum
1453 3794 1717 3864 scriptum
1747 3794 1853 3850 sit:

273 3879 517 3965 {Estote
558 3882 850 3952 prudentes
894 3885 1035 3941 sicut
1087 3894 1370 3958 serpentes
1437 3886 1657 3965 (Matth.
1708 3888 1799 3958 x);
1832 3905 1851 3938 ι

269 3964 393 4039 quia
443 3971 560 4044 ipsa
605 3989 813 4030 summa
842 3977 1149 4049 prudentia,
1174 3979 1229 4037 id
1267 3988 1383 4047 est,
1425 3964 1533 4036 Dei"
1562 3979 1855 4048 sapientia,

269 4061 541 4148 incarnari
584 4064 802 4139 dignata
850 4079 954 4137 est,
985 4079 1130 4125 recte
1163 4071 1280 4141 ejus
1323 4072 1628 4127 mortalitas
1651 4072 1703 4127 in
1736 4086 1858 4129 ser-

268 4164 429 4228 pente
457 4155 763 4234 ﬁguratur.
822 4158 974 4218 Unde
1000 4172 1056 4218 et
1085 4164 1137 4218 in
1170 4165 1460 4238 Evangelio
1506 4168 1573 4222 de
1606 4168 1859 4239 passione

271 4262 364 4323 sua
396 4248 655 4319 loquitur,
707 4253 892 4310 dicens
920 4272 932 4308 :
977 4272 997 4308 ι
1033 4255 1185 4311 Sicut
1212 4256 1423 4333 Moyses
1444 4260 1709 4316 exultavit
1737 4275 1858 4316 ser-

268 4350 482 4409 pentem
514 4342 569 4398 in
600 4344 840 4415 deserto,
874 4346 950 4405 ita
971 4346 1201 4405 exaltari
1227 4359 1443 4424 oportet
1472 4352 1639 4409 tilium
1681 4352 1862 4409 homi-

271 4429 353 4487 nis
376 4430 559 4504 (loco.
587 4434 692 4506 ιιι).
732 4455 750 4488 ι

1961 3250 2151 3319 palmae
2181 3248 2359 3321 (Cant.
2386 3248 2506 3317 vn).
2540 3267 2559 3301 ι
2592 3245 2744 3301 Mens
2782 3244 2979 3316 quippe
3010 3252 3197 3299 sancta
3225 3242 3549 3298 charissima

1962 3342 2014 3396 in
2050 3341 2259 3407 deliciis
2282 3340 2503 3406 dicitur,
2540 3338 2665 3411 quia
2705 3338 2830 3392 dum
2865 3334 3334 3407 persecutionibus
3361 3333 3547 3387 attrita

1961 3430 2093 3489 foris
2117 3432 2393 3501 afﬂigitur,
2430 3430 2534 3500 piis
2562 3439 2799 3483 :estuans
2826 3425 3113 3485 desideriis
3153 3426 3440 3483 suavitatis
3466 3425 3549 3479 in-

1962 3522 2106 3578 tima:
2161 3521 2440 3578 dulcedine
2497 3530 2795 3576 recreatur.
2852 3510 3019 3592 cujus
3081 3526 3288 3574 statura
3350 3517 3551 3588 palma:

1963 3614 2160 3671 similis
2191 3613 2410 3679 dicitur,
2438 3612 2560 3684 quia
2593 3610 2733 3667 sicut
2764 3626 2871 3666 non
2913 3610 3170 3665 vitiorum
3214 3607 3549 3663 titillantium

1961 3704 2200 3765 ﬂatibus,
2235 3704 2308 3757 ita
2346 3717 2448 3759 nec
2494 3701 2931 3774 persecutionum
2975 3700 3138 3773 362
3181 3697 3552 3770 quarumlibet

1962 3795 2263 3849 terroribus
2291 3795 2601 3849 inclinatur.
2638 3794 2882 3864 Dumque
2930 3808 3051 3847 eam
3101 3791 3545 3864 persequentium

1962 3884 2142 3941 rabies
2170 3886 2314 3943 velut
2344 3887 2597 3957 impactis
2624 3887 2896 3940 minarum
2920 3883 3186 3940 arietibus
3223 3881 3430 3956 pulsat,
3454 3881 3550 3938 illa

1962 3975 2313 4035 {trudamento
2356 3978 2567 4032 invicta:
2606 3975 2729 4031 tidei
2761 3982 3082 4030 constanter
3110 3973 3322 4039 innixa,
3355 3987 3550 4030 revera

1963 4075 2112 4123 stans
2138 4077 2191 4122 et
2223 4051 2637 4138 supereminens
2668 4065 3048 4137 insuperabilis
3076 4072 3407 4135 perseverat.
3438 4062 3547 4118 Ne-

1962 4154 2230 4231 quaquam
2263 4158 2371 4213 illis
2395 4157 2607 4219 similis,
2632 4156 2788 4228 cujus
2813 4164 2910 4227 per
2934 4157 3255 4228 prophetam
3286 4157 3353 4210 de
3391 4152 3553 4209 mali-

1961 4242 2084 4320 gnis
2112 4245 2393 4318 spiritibus
2418 4247 2656 4327 dicitur:
2698 4267 2713 4299 ι
2751 4246 2888 4314 Quia
2926 4245 3353 4301 humiliaverunt
3402 4254 3455 4297 te
3491 4251 3549 4299 et

1961 4327 2218 4396 dixerunt
2268 4341 2462 4395 anima:
2517 4348 2671 4395 tute:
2721 4338 3033 4406 lneurvare,
3090 4348 3149 4394 ut
3199 4346 3548 4392 transeamus

1974 4416 1985 4423 α

1965 4434 2120 4503 (Isai.
2168 4433 2278 4500 1.1);
2319 4452 2338 4485 ι
2404 4433 2499 4489 sed
2556 4432 2682 4487 illud
2726 4431 2906 4503 potius
2957 4444 3182 4487 servans
3223 4427 3366 4497 quod
3419 4426 3547 4481 ﬁliis

338 4521 553 4595 Moyses
576 4541 706 4598 ergo
728 4526 937 4601 virgam
962 4536 1157 4597 tenuit,
1185 4532 1308 4604 quia
1338 4534 1597 4591 Iudaicus
1621 4536 1852 4608 populus

1965 4525 2121 4595 lsrael
2180 4522 2439 4579 Dominus
2483 4523 2595 4577 ait:
2627 4541 2646 4573 ι
2682 4521 2793 4591 Ego
2847 4537 2989 4587 sum,
3041 4519 3237 4589 inquit,
3273 4517 3536 4572 Dominus

272 4618 395 4667 ante
424 4611 811 4687 Redemptoris
837 4621 1125 4676 adventum
1155 4623 1207 4678 in
1230 4622 1407 4679 divina
1438 4632 1703 4693 potestate
1720 4636 1856 4681 'con-

271 4703 400 4762 ﬁsus
422 4719 510 4764 est
548 4725 564 4763 :
597 4708 694 4765 sed
718 4710 926 4783 virgam
960 4712 1015 4771 in
1036 4720 1235 4770 terram
1263 4716 1510 4793 projecit,
1546 4718 1672 4787 quia
1702 4718 1847 4777 idem

270 4798 495 4869 populus
506 4814 607 4871 per
616 4801 957 4870 patriarchas
976 4818 1038 4859 ac
1061 4806 1538 4881 prophetasDeum
1563 4806 1827 4863 incarnan

271 4886 391 4944 dum
420 4905 544 4945 esse
562 4891 852 4946 nuntiavit.
876 4890 1036 4962 Virga
1061 4909 1187 4950 vero
1207 4895 1262 4949 in
1287 4893 1568 4957 colubrum
1599 4897 1855 4965 vertitur,

272 4979 388 5050 quia
425 4980 761 5051 Redemptor
778 4990 965 5038 noster
994 4982 1135 5038 Deus
1159 4985 1213 5039 in
1244 4999 1305 5039 se
1328 4999 1677 5054 permanens,
1705 5000 1856 5042 mor-

1194 5075 1226 5088 η

1959 4613 2125 4682 Deus,
2154 4616 2245 4687 qui
2292 4615 2469 4686 eripui
2511 4631 2608 4669 vos
2654 4614 2721 4667 de
2750 4611 3021 4685 ergastulo
3050 4609 3448 4681 AEgyptiorum,
3484 4612 3551 4662 ut

1960 4706 2288 4763 incederetis
2326 4705 2458 4760 recti
2485 4703 2680 4777 (Exod.
2710 4705 2808 4774 Vl).
2845 4721 2863 4752 ›
3436 4738 3441 4742 .
3555 4693 3558 4697 ’

2032 4797 2100 4854 Ει
2122 4786 2379 4869 quoniam
2408 4794 2585 4866 palma
2612 4792 2746 4848 solet
2776 4806 2992 4846 manum
3015 4802 3214 4846 ornare
3242 4786 3550 4853 victricem,

1962 4899 2111 4947 recte
2163 4898 2353 4944 sancta
2407 4896 2462 4943 et
2518 4882 2898 4953 insuperabilis
2958 4882 3138 4937 anima
3186 4878 3379 4949 palmae
3429 4892 3555 4937 esse

1960 4982 2155 5038 similis
2184 4977 2522 5052 perhibetur,
2563 4975 2688 5047 quia
2717 4989 2810 5047 per
2837 4988 3056 5030 omnem
3106 4970 3189 5027 sui
3237 4972 3560 5029 certaminis

3004 5086 3007 5087 ν
3043 5063 3333 5088 ..-.I:L.‘....
3388 5064 3409 5088 Δ
3428 5073 3559 5088 ι--.-

2772 5081 2955 5088 ...ρ-ιαμ--
