3992 5322
453 292 556 355 887

1061 297 1119 355 s.
1152 297 1356 358 perm
1393 295 1678 357 nautam
1716 296 1870 357 ore.
1898 294 2080 357 rans
2115 292 2251 358 seu
2289 296 2530 360 TOMUS
2566 297 2632 358 ιι.
2653 270 2729 345 -'—
2753 299 3145 364 senuoues.

451 405 600 484 regis
619 420 811 482 Juncta
839 409 1116 468 canalibus
1144 410 1320 484 (Cant.
1351 413 1471 484 vn).
1511 433 1529 466 ι
1567 413 1722 470 Sicut
1756 428 1852 484 per
1874 420 2038 484 caput
2064 411 2274 476 Aluta.
2331 432 2351 466 ‹
2385 412 2534 471 Pone
2587 428 2708 482 me,
2763 415 2986 488 inquit,
3045 426 3107 472 ut
3148 415 3514 490 'stgnaculnm
3577 434 3743 493 super

453 503 803 576 intelligimus
852 513 1108 568 mentem,
1152 503 1226 559 ita
1255 521 1354 575 per
1379 519 1564 562 comas
1593 505 1790 576 capitis
1815 520 1921 560 non
1962 504 2044 559 in-

452 598 844 654 convenienter
901 599 1200 670 accipimus
1256 599 1635 671 cogitationes.
1689 597 1860 654 Sicut
1896 597 2044 653 enim

451 691 627 761 capilli
683 692 752 748 de
810 692 1016 749 vertice
1062 692 1352 762 prodeunt,
1426 693 1502 747 ita
1568 692 1925 764 cngitationes
1973 705 2043 746 ex

456 792 641 838 mente
690 784 1013 852 procedunt.
1061 782 1375 853 Purpureus
1405 797 1533 839 vero
1559 783 1728 849 color,
1759 781 1884 852 quia
1917 795 2043 837 san—

453 875 635 946 guinis
660 875 823 931 habet
846 876 1106 947 speciem,
1130 877 1259 948 quid
1289 892 1385 948 per
1407 876 1749 948 mysterium,
1801 874 1905 930 nisi
1935 875 2042 930 Do-

453 969 710 1024 minicam
746 968 925 1023 innuit
951 970 1300 1038 passionem?
1334 968 1472 1037 Quid
1497 983 1628 1024 vero
1650 967 1890 1032 canales,
1935 965 2041 1023 nisi

448 1067 760 1113 sanctorum
790 1059 1107 1128 significant
1142 1062 1391 1116 mentes?
1425 1060 1577 1116 Sicut
1619 1060 1764 1114 enim
1789 1060 1843 1114 in
1876 1073 2040 1113 cana-

453 1149 594 1204 libus
622 1150 1017 1206 conchiliorum
1050 1153 1272 1223 sanguis
1301 1151 1616 1217 effunditur,
1647 1161 1706 1206 ut
1737 1151 1792 1205 in
1835 1165 2040 1221 purpu-

447 1255 599 1294 reum
631 1239 868 1295 colorem
893 1241 1014 1294 lana
1036 1250 1320 1296 vertatur:
1350 1242 1430 1296 sic
1453 1241 1506 1296 in
1539 1250 1854 1297 sanctorum
1885 1255 2040 1297 men-

446 1333 590 1388 tibus
633 1333 928 1390 Dnminicae
959 1335 1227 1405 passionis
1262 1350 1425 1390 cruor
1453 1335 1804 1391 meditatione
1839 1334 2038 1390 recoli-

446 1439 562 1493 tur;
583 1440 639 1483 et
665 1430 738 1483 ita
766 1429 1168 1499 quodammodo
1187 1429 1274 1500 pia
1299 1429 1551 1499 quaelibet
1572 1429 1753 1483 anima
1775 1429 2037 1499 sanguine

443 1520 691 1591 tingitur,
724 1521 998 1576 utteterni
1049 1521 1210 1593 Regis
1256 1538 1552 1593 purpuram
1605 1521 1867 1577 imitetur.
1921 1522 2035 1578 Hoc

441 1613 699 1668 nimirum
759 1613 920 1670 modo
983 1613 1247 1670 etlicimnr
1311 1614 1581 1670 Salvatori
1641 1624 1832 1670 nostro
1903 1629 2033 1670 con-

439 1705 679 1774 formes,
714 1717 773 1763 ιιι
815 1708 987 1764 simus
1028 1709 1192 1764 etiam
1233 1709 1432 1766 merito
1466 1708 1810 1780 postmodum
1846 1708 2026 1765 cohae-

438 1799 616 1856 redes.

510 1892 674 1945 Conua
724 1908 854 1964 ergo
885 1896 1085 1964 capitis
1116 1895 1289 1951 beatae
1338 1897 1597 1967 martyris
1637 1895 1934 1960 Columbae,
1971 1903 2032 1952 ut

435 1996 673 2051 purpura
704 1996 821 2038 erat
867 1984 1010 2055 regis
1034 1985 1222 2056 juncta
1252 1985 1554 2051 canalibus,
1578 1986 1704 2056 quia
1735 1987 2032 2042 constituta

439 2074 492 2127 in
510 2075 760 2143 passione
788 2077 990 2147 proprii
1007 2078 1272 2148 corporis,
1298 2077 1570 2134 recolebat
1594 2079 1809 2137 assidue
1830 2078 2032 2148 suppli-

435 2165 580 2219 cium
637 2165 1052 2238 Redemptoris,
1093 2185 1161 2224 ne
1206 2169 1462 2225 videlicet
1514 2171 1566 2225 in
1623 2186 1717 2227 sua
1771 2173 2029 2242 passione

435 2257 838 2321 succumberet,
869 2258 995 2312 dum
1019 2268 1499 2315 remuneratorcm
1533 2276 1691 2317 suum
1741 2277 1840 2333 per
1880 2277 2031 2317 eam-

437 2344 561 2399 dem
608 2346 750 2401 viam
797 2365 856 2403 se
902 2351 1250 2419 praecessisse
1278 2363 1552 2421 pensaret.
1606 2353 1794 2408 Passio
1832 2353 2030 2424 quippe

437 2436 654 2493 Domini
701 2441 854 2510 quasi
898 2442 1101 2498 vicaria
1135 2445 1382 2514 quazdam
1421 2447 1580 2503 nobis
1612 2462 1798 2502 mensa
1831 2463 2029 2519 propo-

436 2531 541 2586 sita
567 2540 672 2597 est,
701 2543 754 2587 ιιι
779 2535 981 2605 quique
1011 2536 1077 2592 ad
1096 2553 1216 2593 eam
1246 2538 1460 2594 invitati
1491 2540 1904 2606 discumbimus,
1926 2557 2027 2598 nos

430 2623 600 2677 etiam
653 2623 848 2680 similia
899 2643 1292 2698 praeparemus.
1331 2629 1412 2685 Ad
1447 2647 1611 2702 quam
1653 2650 1751 2690 nos
1791 2649 2024 2704 sponsus

429 2713 629 2770 invitat
680 2716 735 2771 in
768 2715 1009 2775 Canticis
1037 2739 1049 2774 :
1087 2741 1105 2772 ι
1138 2719 1439 2789 Comedite,
1471 2723 1669 2794 inquit,
1697 2725 1855 2780 amici
1895 2725 2023 2792 mei,

427 2813 486 2860 ct
511 2804 700 2872 bibite,
731 2817 786 2862 et
814 2808 1185 2875 inebriamini,
1210 2813 1516 2869 charissimi
1566 2813 1746 2885 (Cant.
1794 2815 1868 2886 v).
1905 2833 1925 2868 ι
1958 2814 2028 2871 Ει

427 2898 481 2951 in
533 2896 843 2955 Proverbiis
898 2900 1207 2960 Salomonis
1252 2919 1266 2958 :
1323 2924 1342 2957 ι
1410 2904 1469 2960 Si
1527 2907 1754 2972 sederis,
1810 2907 2020 2978 inquit,

428 3000 653 3044 caenare
702 2990 770 3045 ad
796 3006 1040 3048 mensam
1084 2997 1343 3065 potentis,
1377 2997 1734 3054 considerans
1782 2999 2023 3070 intellige

426 3093 550 3146 (pne
592 3091 938 3150 apponuntur
985 3085 1103 3150 tibi,
1147 3094 1202 3142 et
1250 3086 1328 3142 sic
1380 3087 1539 3144 mitte
1583 3105 1803 3144 manum
1847 3101 2018 3160 tuam,

429 3171 614 3228 sciens
632 3174 891 3244 quoniam
909 3175 1036 3232 talia
1059 3187 1273 3251 oportet
1297 3191 1347 3235 te
1369 3197 1680 3254 praeparare
1705 3182 1888 3255 (Prov.
1908 3185 1969 3256 ι).
2048 3152 2093 3216 C

499 3263 762 3332 Quaenam
797 3277 884 3323 est
915 3269 1006 3324 illa
1037 3285 1226 3328 mensa
1251 3273 1514 3344 potentis,
1545 3276 1648 3330 nisi
1684 3275 1826 3333 unde
1855 3277 2015 3334 sumi-

429 3361 518 3408 tur
571 3369 770 3428 corptts
809 3368 866 3414 et
917 3361 1137 3432 sanguis
1166 3361 1306 3429 ejus,
1358 3364 1450 3435 qui
1500 3381 1654 3420 suam
1701 3381 1803 3436 pro
1856 3367 2018 3424 nobis

421 3445 663 3503 animam
691 3451 905 3519 posuit?
934 3452 1000 3508 Et
1029 3454 1158 3523 quid
1187 3465 1270 3510 est
1301 3455 1364 3510 ad
1387 3470 1504 3511 eam
1533 3458 1749 3526 sedere,
1783 3459 1890 3516 nisi
1918 3460 2019 3516 hu-

419 3539 628 3596 tuiliter
662 3556 727 3598 ac
760 3553 1075 3601 reverenter
1102 3548 1399 3605 accedere?
1433 3550 1533 3607 Ubi
1577 3567 1698 3622 quae
1722 3553 1880 3609 nobis
1913 3569 2012 3625 ap-

417 3642 698 3701 ponuntur
729 3637 1160 3704 considerantes,
1193 3640 1552 3714 intelligimns
1600 3645 1645 3699 si.
1685 3645 1848 3717 digne
1878 3647 2013 3703 tanti

419 3728 664 3783 numeris
699 3730 932 3799 gratiam
987 3733 1312 3803 cogitamus.
1368 3735 1436 3791 Et
1483 3745 1612 3793 tunc
1661 3738 1734 3792 ita
1785 3755 2009 3795 manum

420 3811 692 3876 mittimus
723 3830 780 3876 nt
815 3823 1056 3878 sciamus
1085 3827 1209 3895 quia
1245 3827 1372 3882 talia
1396 3845 1496 3885 nos
1522 3831 1777 3900 expediat
1800 3846 2012 3902 praepa-

415 3925 562 3975 rare,
585 3927 708 3966 cum
741 3913 1041 3982 prudenter
1068 3917 1422 3990 intelligimus
1444 3920 1572 3990 quia
1602 3921 2012 3979 sicutChristns

411 4014 513 4068 pro
567 4003 724 4058 nobis
762 4005 902 4060 mori
944 4005 1202 4076 dignatus
1253 4020 1355 4075 est,
1409 4010 1480 4064 ita
1525 4027 1625 4066 nos
1670 4027 1769 4081 pro
1818 4013 1931 4078 illo,
1963 4013 2010 4070 si

413 4093 574 4148 detur
622 4095 784 4166 363
851 4100 1115 4167 occasio,
1174 4102 1436 4158 debemus
1503 4105 1714 4160 animas
1780 4120 2005 4178 ponere.

418 4201 436 4233 ι
482 4183 620 4250 Quid
648 4187 820 4252 enim,
852 4189 928 4242 ait
958 4189 1270 4258 Psalmista,
1299 4195 1598 4250 retribuam
1634 4197 1866 4254 Domino
1907 4215 2007 4270 pro

414 4275 668 4331 clunibus
699 4292 820 4346 qum
857 4281 1108 4336 retribuit
1140 4283 1311 4339 mihi?
1341 4285 1579 4340 Calicem
1609 4287 1864 4344 salutaris
1907 4303 2004 4347 ac-

411 4363 608 4434 cipiant
640 4365 816 4438 (Psal.
849 4371 998 4441 cxv).
1040 4391 1058 4425 ι
1114 4371 1250 4430 Hinc
1304 4385 1386 4432 est
1422 4376 1588 4432 etiam
1619 4380 1764 4450 quod
1794 4379 2005 4438 dilectae

411 4472 521 4513 sua:
572 4475 806 4530 sponsus
853 4463 905 4517 in
955 4462 1201 4522 Canticis
1232 4482 1353 4522 cum
1384 4469 1740 4538 praemisisset
1772 4488 1786 4524 :
1831 4493 1850 4524 ι
1887 4471 2001 4530 Sub

408 4551 604 4606 arbore
650 4553 791 4608 malo
819 4549 1179 4624 suscitavi‘te,
1219 4576 1239 4610 ι
1268 4571 1667 4630 consequenter
1696 4561 1943 4634 adjunxit
1977 4582 1990 4619 :

414 4657 432 4689 ι
471 4639 616 4697 Pone
643 4658 726 4697 me
763 4654 819 4699 ιιι
847 4646 1185 4716 signaculum
1217 4665 1380 4721 super
1401 4666 1497 4708 cor
1529 4663 1700 4720 tuum,
1731 4665 1790 4711 ut
1815 4656 2001 4728 signa-

408 4730 590 4811 culum
643 4748 810 4804 super
846 4737 1129 4792 brachium
1165 4748 1314 4795 tnum
1362 4740 1542 4811 (Cant.
1593 4745 1733 4815 vni).
1768 4765 1786 4798 ι
1841 4745 1919 4801 Ac
1952 4745 1999 4802 si

406 4823 550 4877 dicat
583 4842 595 4876 :
630 4827 764 4892 Quia
800 4841 899 4898 ego
951 4839 998 4884 te
1048 4832 1320 4887 intactum
1360 4834 1524 4891 dilexi
1558 4846 1617 4892 ut
1641 4853 1737 4907 per
1769 4850 1998 4894 mortem

405 4914 583 4967 crucis
613 4923 664 4968 te
703 4927 971 4973 mortuam
1009 4923 1364 4992 suscitarent;
1398 4935 1452 4980 tu
1495 4927 1657 4983 etiam
1697 4945 1787 4984 me
1832 4929 1999 4985 alter-

409 5012 591 5056 utrum
628 5002 885 5075 [alterum
921 5013 1153 5076 tantum]
1197 5015 1380 5076 dilige.
1430 5032 1624 5076 meque
1649 5020 1702 5074 in
1735 5021 1840 5076 tuis
1888 5035 1998 5076 non

2148 521 2243 561 cor
2301 517 2481 574 tuum,
2531 516 2590 563 ut
2645 508 2984 580 signaculum
3037 525 3202 584 super
3246 510 3533 569 brachium
3590 522 3738 572 tuum

2073 606 2076 614 '
2148 596 2327 668 (Cant.
2391 599 2533 668 vnn).
2573 617 2593 651 ι
2637 598 2777 666 Quid
2825 614 2926 672 per
2980 615 3105 668 cor,
3161 601 3266 658 nisi
3309 603 3670 672 cogitationes
3717 622 3736 660 :

2147 689 2275 760 quid
2337 704 2436 760 per
2498 689 2804 758 brachium,
2852 692 2956 748 nisi
2997 693 3178 764 operis
3231 693 3496 751 debemus
3566 695 3738 765 intel-

2145 779 2312 848 ligere
2367 779 2778 837 fortitudinem?
2822 782 3098 840 Christum
3152 799 3282 857 ergo
3347 795 3608 857 tanquam
3658 787 3761 844 si-'

2143 872 2431 943 gnaculum
2471 873 2525 928 in
2575 874 2739 930 corde
2781 885 2968 933 nostro
3009 877 3652 950 debemusimprimere,
3753 905 3761 918 ·

2145 964 2288 1021 nulla
2318 965 2422 1020 hoc
2451 965 2629 1020 valeat
2666 963 2882 1022 hostilis
2925 967 3156 1038 irruptio
3180 968 3406 1025 violare.
3443 969 3731 1026 Christum

2142 1059 2304 1114 etiam
2336 1060 2589 1129 operibus
2617 1059 2820 1115 nostris
2853 1060 3114 1116 debemus
3159 1060 3490 1133 insculpere,
3538 1071 3601 1117 ut
3634 1077 3733 1134 per

2065 1154 2068 1159 '
2139 1165 2300 1206 omne
2324 1151 2467 1222 quod
2500 1151 2729 1222 agimus,
2755 1149 3012 1206 Crucifixi
3053 1153 3400 1223 pmceptoris
3451 1152 3726 1225 discipulo

2140 1239 2592 1298 demonstremus.
2649 1240 2764 1296 Hoc
2813 1240 3458 1312 signaculumexteriori
3509 1259 3731 1315 quoque

2140 1335 2263 1389 vita:
2279 1349 2388 1389 suae
2413 1335 2692 1401 signanter
2716 1334 3038 1406 impressum
3059 1335 3351 1406 Apostolus
3371 1337 3724 1404 ostendebat,

2139 1444 2261 1486 cum
2279 1431 2510 1485 diceret:
2531 1448 2550 1481 ι
2577 1429 2690 1501 Ego
2708 1429 2958 1500 stigmata
2974 1428 3099 1486 Jesu
3115 1430 3169 1484 in
3192 1444 3420 1502 corpore
3431 1446 3560 1488 meo
3579 1440 3730 1502 porto

2139 1520 2283 1594 (Gal.
2316 1522 2415 1593 vr).
2455 1541 2473 1574 ι
2507 1521 2576 1579 Ει
2624 1522 2822 1577 iterum
2871 1536 2887 1575 :
2935 1541 2954 1574 ι
2986 1520 3214 1593 Semper
3253 1521 3730 1578 mortificationem

2136 1615 2263 1672 Jesu
2287 1616 2338 1669 in
2368 1628 2588 1685 corpore
2618 1624 2807 1671 nostro
2827 1614 3270 1673 circumferentes
3301 1614 3389 1688 (II
3411 1615 3542 1672 Cor.
3576 1618 3675 1688 tv).
3704 1633 3726 1670 ι

2205 1710 2375 1766 Plane
2402 1711 2446 1767 si
2470 1726 2569 1766 nos
2595 1709 2849 1766 Salvator
2875 1718 3062 1767 n‘oster
3090 1711 3194 1768 hoc
3228 1711 3557 1767 charactere
3589 1710 3729 1767 scul-

2060 1778 2110 1840 Β
2138 1811 2265 1875 ptos
2295 1819 2416 1860 esse
2456 1804 2763 1875 perpendit,
2788 1814 2845 1860 et
2883 1804 2996 1875 ipse
3038 1820 3138 1861 nos
3176 1805 3478 1876 grata'yiee
3506 1805 3728 1863 sibimet

2137 1896 2473 1968 signaculum
2499 1897 2672 1968 ponit.
2709 1895 2864 1952 Sicut
2887 1898 3010 1953 duci
3035 1896 3236 1954 Judaaa:
3279 1897 3590 1955 Zorobabel
3632 1914 3730 1971 per

2135 1991 2393 2061 Aggzcum
2423 1989 2745 2060 prophetam
2777 1990 3053 2059 pollicitus
3078 2000 3183 2057 est,
3213 1991 3404 2047 dicens
3439 2009 3451 2045 :
3497 2009 3518 2042 ι
3551 1991 3613 2047 1n
3641 1990 3728 2049 illa

2135 2081 2224 2138 die
2275 2082 2569 2153 suscipiam
2617 2091 2692 2148 te,
2739 2081 3060 2150 Zorobahel,
3094 2083 3167 2138 ﬁli
3219 2082 3509 2149 Salathiel,
3569 2099 3730 2142 serve

2135 2189 2306 2238 mens,
2336 2181 2392 2228 et
2433 2189 2630 2244 ponam
2663 2181 2715 2228 te
2767 2173 2910 2229 sicut
2955 2174 3290 2244 signaculum
3343 2175 3396 2230 in
3429 2185 3728 2248 conspectu

2134 2281 2256 2322 meo
2280 2266 2433 2337 (Agg.
2465 2265 2548 2336 ιι).
2581 2286 2599 2319 ι
2634 2265 2788 2334 Quod
2818 2266 2864 2322 si
2897 2281 2994 2323 nos
3020 2265 3160 2336 ejus,
3189 2267 3334 2337 quod
3378 2268 3549 2335 absit,
3593 2267 3728 2324 obli-

2132 2356 2412 2423 viscimur,
2453 2371 2680 2413 necesse
2724 2367 2807 2412 est
2834 2366 2894 2412 ut
2925 2369 2978 2414 et
3004 2358 3107 2430 ipsi
3137 2360 3205 2415 ab
3226 2373 3292 2414 eo
3326 2370 3730 2431 consequenter

2133 2447 2396 2505 oblivioni
2435 2450 2718 2505 tradamur
2750 2467 2762 2504 :
2797 2450 3037 2507 Sicutde
3066 2451 3232 2522 impio
3262 2467 3386 2524 rege
3421 2452 3724 2510 Dominus:

2137 2566 2154 2600 ι
2188 2546 2246 2602 Si
2297 2546 2484 2614 fuerit,
2539 2546 2738 2618 inquit,
2787 2546 3078 2605 Jechonias
3125 2546 3361 2602 annulus
3415 2547 3613 2604 dexter
3673 2548 3724 2604 in

2130 2655 2295 2696 manu
2345 2655 2504 2708 mea,
2551 2641 2677 2697 inde
2720 2640 2948 2696 evellam
2998 2655 3122 2695 eum
3179 2639 3313 2712 (Jer.
3360 2639 3522 2710 χιιι).
3559 2660 3579 2693 ›
3616 2639 3726 2697 Hoc

2129 2733 2288 2802 plane
2335 2732 2673 2804 signaculum
2735 2731 2894 2788 beata
2947 2731 3149 2788 Christi
3204 2746 3404 2802 sponsa
3453 2731 3724 2788 Columba

2130 2824 2278 2879 intus
2338 2833 2394 2879 et
2463 2825 2802 2881 extrinsecus
2852 2824 2955 2880 sibi
3003 2823 3284 2895 signanter
3325 2823 3714 2894 impresserat,

2128 2930 2250 2970 cum
2298 2930 2404 2971 non
2441 2931 2562 2971 eam
2609 2914 2816 2986 regales
2866 2913 3115 2990 thalami
3143 2913 3214 2969 ad
3261 2911 3529 2968 lenocinia
3581 2911 3721 2968 ﬂuxa

2126 3007 2422 3073 resolvere,
2454 3021 2560 3062 non
2608 3007 2832 3062 honoris
2873 3006 3098 3062 ambitio
3121 3020 3445 3078 provocare,
3476 3019 3590 3060 non
3624 3005 3722 3060 mi-

2127 3117 2319 3156 narum
2348 3101 2717 3156 intonantium
2748 3099 2903 3157 furor
2934 3100 3236 3167 innectere,
3277 3115 3383 3154 non
3414 3113 3540 3155 eam
3571 3107 3720 3154 certe

2125 3209 2153 3247 a
2185 3193 2267 3248 sui
2309 3207 2502 3249 cursus
2555 3193 2757 3262 impetu
2806 3191 3110 3263 quamlibet
3154 3193 3290 3247 dura
3335 3200 3391 3246 et
3437 3190 3717 3262 exquisita

2123 3293 2337 3356 poterat
2373 3292 2770 3339 tormentorum
2807 3299 3006 3354 genera
3044 3283 3350 3339 retardare.
3386 3280 3501 3338 Hoc
3531 3283 3718 3353 signa-

2122 3373 2244 3429 culo
2267 3374 2648 3444 praemunitum
2687 3372 2852 3445 Regis
2885 3373 3073 3429 aeterni
3101 3373 3402 3429 sacrarium
3433 3371 3586 3426 nulla
3614 3385 3716 3440 po-

2120 3467 2227 3522 tuit
2263 3468 2411 3522 acies
2441 3466 2654 3524 hostilis
2677 3467 3002 3536 irrumpere,
3035 3464 3179 3520 nulla
3211 3464 3466 3519 fraudum
3513 3464 3714 3520 subre-

2118 3558 2360 3629 pentinm
2398 3559 2682 3614 valuerunt
2713 3557 2989 3615 molimina
3015 3557 3242 3612 violare.

2138 3731 2140 3734 ,
2187 3673 2370 3728 Armis
2405 3672 2570 3744 igitur
2597 3671 2841 3727 accincta
2871 3671 3131 3726 virtutum
3160 3669 3391 3742 gloriosa
3416 3677 3634 3742 martyr
3660 3677 3715 3726 et

2115 3765 2292 3836 virgo,
2346 3781 2445 3836 per
2478 3765 2709 3830 ferrum,
2761 3780 2858 3835 per
2888 3765 3061 3836 ignes,
3095 3779 3193 3834 per
3235 3763 3475 3819 immane
3514 3764 3715 3835 suppli-

2115 3857 2262 3913 cium
2301 3856 2613 3927 properavit
2645 3856 2713 3910 ad
2744 3869 2908 3926 regna
2935 3855 3218 3912 cmlorum.
3248 3853 3349 3910 Ubi
3381 3870 3529 3910 nunc
3563 3855 3711 3911 inter

2115 3935 2386 4018 virginum
2411 3948 2609 4004 choros
2633 3947 2906 4003 canticum
2936 3962 3134 4003 novum
3161 3945 3494 4002 modulanda
3515 3946 3708 4016 conju-

2109 4038 2264 4104 bilat,
2293 4046 2348 4093 et
2396 4037 2642 4094 victoria:
2691 4036 2930 4109 palmam
2976 4037 3152 4092 beatis
3198 4036 3454 4092 manibus
3498 4045 3708 4107 portat.

2116 4129 2214 4186 Ubi
2242 4129 2406 4186 castis
2447 4131 2634 4201 sponsi
2663 4131 2767 4196 sui,
2793 4144 2954 4198 quem
2996 4127 3294 4194 dilexerat,
3323 4127 3468 4184 ulnis
3498 4129 3707 4184 astrin-

2108 4223 2256 4294 gitur
2273 4263 2289 4290 ,
2323 4222 2465 4278 stola
2492 4221 2710 4278 decoris
2736 4222 3004 4288 induitur,
3029 4236 3232 4277 corona
3255 4219 3443 4292 gloria:
3471 4220 3710 4278 feliciter

2108 4315 2427 4371 adornatur.
2462 4313 2617 4370 Nunc
2651 4315 2838 4386 itaque
2877 4314 3027 4371 velut
3070 4313 3225 4368 sidus
3269 4327 3502 4368 aureum
3558 4315 3705 4371 inter

2107 4407 2306 4478 ignitos
2352 4421 2602 4476 supeer
2657 4406 2996 4464 Hierusalem
3043 4405 3253 4478 lapides
3281 4407 3519 4471 emicat,
3567 4408 3704 4462 etin

2015 4498 2250 4581 Dillius
2293 4495 2576 4552 obtutibus
2621 4511 2837 4568 semper
2882 4495 3077 4553 festiva
3126 4506 3413 4561 coruscat,
3444 4497 3543 4568 qui
3577 4498 3704 4553 vita:

2105 4589 2261 4654 fons,
2320 4595 2376 4642 et
2426 4585 2566 4643 lucis
2630 4587 2784 4659 origo
2837 4596 3066 4644 cunctos
3112 4588 3330 4643 sibimet
3379 4588 3702 4647 assistentes

2102 4679 2269 4752 364
2304 4681 2470 4736 radiis
2527 4681 2799 4737 inoccidui
2844 4680 3149 4753 splendoris
3213 4680 3472 4746 illustrat,
3535 4680 3696 4738 Jesus

2102 4770 2355 4828 Christus
2374 4772 2635 4829 Dominus
2658 4781 2862 4838 noster,
2891 4773 2984 4843 qui
3008 4789 3132 4830 cum
3154 4773 3267 4830 Deo
3296 4773 3463 4830 Patre
3483 4783 3538 4829 et
3573 4775 3697 4844 Spi-

2105 4863 2211 4917 ritu
2259 4871 2450 4918 sancto
2502 4861 2638 4920 vivit
2665 4871 2721 4920 et
2769 4873 2965 4936 regnat
3012 4863 3071 4920 in
3117 4864 3314 4921 saecula
3342 4865 3688 4922 saeculorum.

2104 4951 2303 5010 Amen.
