3992 5322
196 130 308 198 889

197 259 409 320 Sermo
447 254 569 323 111.
604 256 696 320 De
723 256 948 326 eadem.

195 363 410 424 Sermo
443 360 552 428 IV.
602 363 686 424 De
714 362 939 427 eadem.

751 508 984 568 SERMO
1008 510 1216 570 LXVII.

608 672 618 677 -
701 637 753 678 ΙΝ
778 639 974 679 ΜτΑω
999 640 1279 682 VIRGINUI.

268 731 421 790 Inter
447 743 640 790 cuncta
671 745 982 792 sanctorum
1015 747 1188 808 gesta,
1220 737 1416 795 fratres
1438 737 1773 804 charissim},

197 825 332 881 nihil
349 835 435 882 est
460 827 601 897 quod
629 827 749 898 plus
769 844 933 899 quam
959 844 1238 892 sacrarum
1261 830 1488 886 victoria
1507 829 1780 900 virginum

195 919 284 988 pia
329 920 515 984 corda,
564 920 648 976 vel
698 922 766 976 ad
813 938 1054 978 amorem
1103 922 1415 979 Conditoris
1462 923 1778 988 accendere,

196 1010 282 1066 vel
339 1011 408 1066 ad
460 1012 676 1068 fortiter
725 1011 993 1084 agendum
1023 1013 1204 1069 valeat
1251 1014 1472 1069 uberius
1515 1013 1777 1069 excitare.

197 1102 333 1171 Quis
363 1104 529 1169 enim,
567 1104 750 1160 audito
783 1105 1001 1160 nomine
1030 1105 1276 1177 virginis,
1302 1121 1410 1161 non
1445 1104 1693 1176 protinus
1725 1103 1782 1160 in

201 1195 528 1250 memoriam
581 1205 798 1252 revocet
851 1197 1102 1253 humanae
1144 1196 1334 1252 salutis
1363 1196 1670 1260 exordium,
1719 1207 1785 1250 ac

199 1285 532 1358 singularem
584 1285 732 1340 illum
777 1303 884 1342 non
930 1286 1134 1342 recolat
1178 1287 1513 1343 intemeratae
1542 1283 1785 1356 Virginis

201 1385 443 1445 partum.
494 1375 610 1432 Huc
659 1377 870 1435 accedit
910 1378 1036 1450 quia
1091 1393 1212 1435 cum
1239 1377 1444 1449 fragilis
1473 1391 1637 1434 sexus
1665 1391 1784 1432 cer-

200 1468 423 1524 taminia
469 1469 552 1524 sui
603 1467 884 1524 victoriam
929 1469 1230 1525 obtinuisse
1266 1470 1645 1537 cognoscitur,
1690 1483 1787 1523 au-

199 1559 400 1617 dientis
431 1560 642 1616 animus
667 1559 737 1615 ad
763 1560 1008 1616 certandi
1045 1559 1286 1616 laborem
1323 1560 1534 1616 avidius
1573 1557 1786 1615 inﬂam-

200 1662 404 1708 matur.

285 1743 402 1801 Hoc
445 1744 630 1816 itaque
662 1743 822 1800 modo
848 1743 1124 1814 virgineus
1149 1744 1327 1798 adhuc
1353 1743 1620 1814 germinat
1655 1758 1785 1813 par-

201 1849 320 1904 tus,
389 1839 566 1894 adhuc
622 1837 904 1908 virginalis
972 1835 1062 1890 illa
1115 1835 1419 1891 fecunditas
1484 1833 1786 1890 caelestium

203 1908 446 2000 segetum
475 1929 681 1984 fructus
707 1926 1014 1984 accumulat
1037 1969 1050 1993 ,
1075 1943 1196 1982 cum
1231 1925 1471 1981 mulieris
1505 1922 1790 1980 infirmitas

205 2038 313 2078 non
345 2021 504 2077 modo
525 2037 712 2076 sexum
741 2029 982 2091 superat,
1009 2021 1103 2074 sed
1129 2027 1182 2074 et
1221 2017 1406 2073 mundi
1437 2015 1597 2086 hujus
1634 2017 1788 2086 prin-

203 2114 380 2185 cipem
405 2112 753 2184 insuperabili
780 2112 978 2166 mentis
1005 2110 1449 2183 magnanimitate
1473 2108 1788 2178 triumphat.

203 2205 288 2260 Ad
336 2205 446 2259 hoc
493 2219 724 2274 namque
784 2203 876 2258 Dei
927 2202 1096 2258 Filius
1144 2201 1421 2258 vernantis
1461 2201 1632 2257 vulva:
1661 2200 1791 2258 ﬂore

206 2309 504 2372 conceptus
563 2308 664 2363 est,
720 2309 780 2355 ut
837 2299 1168 2356 fermentum
1224 2307 1381 2353 vetus
1436 2296 1488 2351 in
1540 2309 1791 2365 azymum

206 2402 468 2458 verteret,
502 2402 558 2448 et
583 2407 677 2463 per
704 2407 924 2448 carnem
944 2433 959 2458 ,
993 2407 1114 2462 quae
1143 2390 1282 2445 victa
1313 2388 1489 2444 fuerat
1509 2429 1522 2451 ,
1552 2387 1792 2442 humano

208 2486 401 2557 generi
433 2485 718 2540 victoriam
751 2492 1051 2553 repararet.
1077 2480 1328 2536 Loricam
1369 2477 1568 2550 quippe
1595 2475 1697 2532 sibi
1726 2474 1796 2530 de

209 2585 399 2631 nostra
457 2573 746 2645 fragilitate
783 2572 1108 2641 composuit,
1162 2569 1216 2624 in
1268 2584 1374 2638 qua
1419 2566 1699 2622 exsultans
1735 2571 1794 2619 ut

207 2666 383 2737 gigas,
408 2672 464 2719 et
490 2671 681 2733 potens
712 2678 774 2717 ac
807 2661 961 2716 fortis
984 2661 1037 2716 in
1065 2659 1269 2732 praelio,
1293 2666 1586 2728 potestates
1608 2670 1797 2712 aereas

212 2755 519 2812 debellavit.
563 2755 653 2810 Sic
694 2755 876 2825 itaque
907 2755 973 2808 de
1017 2752 1335 2808 infirmitate
1369 2749 1698 2815 constantia,
1727 2747 1796 2803 de

213 2849 532 2920 captivitate
554 2848 802 2912 victoria,
827 2847 892 2902 de
921 2847 1074 2901 ruina
1099 2854 1182 2900 est
1213 2843 1457 2900 ascensio
1486 2851 1796 2914 procurata.

213 2939 351 2996 llinc
401 2940 669 3009 siquidem
705 2937 906 2993 fectum
943 2946 1025 2992 est
1063 2945 1123 2990 ut
1155 2935 1413 3011 antiquus
1465 2933 1662 2997 hostis,
1705 2931 1799 3003 qui

1521 143 1760 208 saeuo
1796 141 2006 208 van.
2191 122 2202 140 '
2589 126 2624 158 "

1796 271 1851 330 Α
1877 263 2193 322 attenditur.
2227 262 2361 320 Nam
2391 280 2514 321 cum
2563 266 2946 338 praemisisset:
2981 287 3000 322 ι
3039 267 3156 326 Νοη
3193 272 3257 326 ad
3296 287 3452 327 men-

3345 154 3453 215 890

1881 373 2064 415 suram
2097 358 2189 413 dat
2217 358 2358 413 Deus
2387 357 2684 430 Spiritum;
2725 382 2744 414 ι
2769 363 3014 432 protinus
3045 364 3221 420 intulit
3256 383 3269 420 :
3305 384 3323 417 ι
3357 365 3462 420 Pa-

1881 459 1965 503 ter
2015 450 2187 522 diligit
2233 450 2469 517 Filium,
2516 464 2574 507 et
2620 455 2802 509 omnia
2849 456 3000 510 dedit
3039 457 3092 512 in
3142 473 3300 512 manu
3347 457 3502 528 ejus:

1882 536 2062 637 (Joan.
2090 540 2153 610 ι).
2241 540 2390 596 Unde
2410 552 2464 597 et
2487 543 2614 644 alibi
2643 544 2773 644 dicit
2805 562 2817 598 :
2854 563 2873 597 ε
2906 543 3014 601 Nos
3036 547 3103 602 de
3130 522 3464 618 plenitudine
3492 522 3515 644 ι

1881 625 1999 697 ejus
2031 629 2356 700 accepimus.
2417 650 2436 684 ι
2483 632 2787 690 Concordat
2828 648 2957 706 ergo
3004 639 3126 692 cum
3174 635 3498 693 Psalmista'

1881 719 2120 778 Joannes
2140 762 2156 788 ,
2187 723 2314 794 quia
2345 724 2472 780 huic
2511 725 2614 781 iste
2647 740 2956 782 mensuram
2988 726 3153 796 tollit,
3185 744 3344 799 quem
3376 727 3468 787 ille

1881 823 2106 868 unctum
2135 829 2247 885 pra:
2275 817 2620 872 consortibus
2647 820 2864 874 asserit.

1950 903 2103 971 Quod
2151 917 2331 962 autem
2380 909 2674 979 Apostolus
2715 925 3026 967 mensuram
3057 913 3238 983 ponit,
3268 914 3371 970 hoc
3399 916 3469 973 de

1884 996 2188 1066 quibusque
2219 996 2468 1053 fidelibus
2495 1000 2610 1054 vult
2656 1001 2899 1072 intelligi.
2946 1001 3106 1057 Juxta
3158 1020 3468 1062 mensuram

1884 1101 2117 1159 namque
2139 1089 2361 1158 spiritus
2387 1090 2526 1146 inest
2556 1091 2749 1161 cuique
2779 1109 3031 1148 mensura
3053 1095 3285 1162 virtutis,
3310 1108 3472 1168 atque

1885 1181 2228 1248 constantiae,
2256 1191 2316 1236 ut
2346 1181 2429 1237 vel
2462 1182 2608 1239 vitiis
2633 1187 3026 1243 attentantibus
3066 1187 3119 1242 in
3151 1203 3284 1258 pace
3329 1189 3471 1246 resi-

1885 1280 2029 1339 stat,
2063 1273 2148 1329 vel
2201 1274 2257 1330 in
2309 1277 2609 1331 certamine
2663 1278 2988 1334 constitutus
3033 1281 3475 1351 insuperabiliter

1889 1373 2156 1420 tormenta
2189 1376 2490 1436 percurrat.
2530 1366 2759 1424 Samson
2801 1371 2997 1440 quippe
3048 1373 3219 1427 donec
3266 1382 3473 1443 septem

1887 1457 2066 1514 crines
2091 1457 2300 1524 habuit,
2336 1459 2718 1530 insuperabilis
2749 1461 2850 1516 fuit
2879 1461 3079 1534 (Judic.
3120 1465 3230 1535 xw)
3250 1506 3264 1530 ,
3290 1475 3344 1520 et
3379 1465 3475 1538 qui

1891 1547 2224 1619 septiformis
2252 1549 2414 1606 habet
2443 1551 2631 1621 gratiae
2663 1550 2946 1621 Spiritum,
2972 1553 3229 1608 invictum
3256 1571 3314 1609 se
3338 1570 3476 1626 prte-

1815 1643 1863 1704 B
1891 1639 1984 1696 bet
2011 1641 2296 1714 ingruente
2319 1642 2683 1712 quorumlibet
2706 1651 3025 1714 tempestate
3046 1645 3328 1700 bellorum.

1962 1731 2101 1789 Hinc
2128 1742 2230 1800 est,
2262 1734 2405 1803 quod
2434 1733 2550 1788 haec
2579 1734 2945 1790 sacratissima
2978 1736 3129 1807 virgo
3149 1779 3163 1802 ,
3189 1737 3342 1808 cujus
3364 1735 3480 1808 glo-

1895 1821 2098 1877 riosum
2133 1823 2421 1878 recolimus
2451 1822 2710 1878 hodierna
2747 1823 3091 1879 solemnitate
3121 1825 3476 1896 triumphum,

1895 1911 2107 1966 facilius
2139 1912 2312 1982 potuit
2340 1912 2496 1978 mori,
2525 1928 2686 1983 quam
2712 1912 2780 1967 ab
2809 1928 2894 1978 eo,
2919 1915 3063 1984 quod
3090 1915 3256 1970 semel
3287 1929 3478 1972 conce-

1894 2013 2065 2073 perat,
2090 2013 2282 2058 sancto
2312 2004 2544 2074 potuerit
2571 2005 2849 2074 proposito
2880 2007 3144 2062 revocari.
3173 2007 3303 2060 Erat
3329 2007 3477 2062 enim

1895 2091 2150 2167 templum
2183 2097 2301 2162 Dei,
2325 2098 2446 2151 aula
2483 2099 2626 2168 regis
2663 2099 2872 2164 aeterni,
2907 2099 3272 2154 sanctuarium
3306 2098 3479 2169 Spiri—

1896 2194 1982 2242 tus
2010 2186 2204 2241 sancti.
2239 2187 2404 2242 Virile
2444 2188 2642 2258 quippe
2672 2189 2836 2243 robur
2870 2190 3107 2244 enitebat
3143 2189 3199 2243 in
3249 2189 3483 2245 femineo

1897 2286 2134 2347 pectore,
2164 2277 2307 2346 quod
2339 2292 2445 2330 non
2472 2277 2832 2347 blandiloquis
2856 2279 3296 2348 persuasionibus
3315 2277 3482 2345 ﬂecti,

1897 2387 2002 2425 non
2035 2370 2304 2425 minarum
2349 2369 2640 2440 asperitate
2668 2371 2881 2435 terreri,
2913 2385 3019 2426 non
3045 2371 3273 2440 denique
3296 2384 3486 2440 poena-

1899 2481 2018 2518 rum
2062 2463 2430 2534 quarumlibet
2480 2463 2655 2533 potuit
2705 2463 2994 2533 generibus
3043 2463 3304 2533 superari.
3353 2462 3486 2518 Erat

1899 2557 2041 2614 enim
2093 2556 2309 2621 nobilis,
2341 2565 2394 2611 et
2442 2554 2748 2610 inflexibilis
2787 2555 3001 2610 animus
3023 2597 3036 2620 ,
3077 2555 3196 2609 ideo
3227 2556 3364 2610 vinci
3393 2569 3489 2611 ne-

1902 2649 2072 2713 scius.
2098 2647 2226 2718 quia
2273 2657 2327 2702 et
2381 2647 2505 2702 ﬁdei
2539 2645 2804 2717 ﬂagrabat
2853 2649 3048 2704 ardore
3091 2663 3401 2709 succensus,
3431 2655 3488 2702 et

1901 2737 2023 2794 ideo
2051 2750 2311 2809 tanquam
2343 2737 2396 2792 in
2435 2735 2632 2792 excelsi
2672 2737 2874 2792 montis
2907 2746 3026 2791 erat
3055 2737 3255 2791 vertice
3276 2735 3488 2791 consti-

1906 2841 2074 2890 tutus.
2106 2831 2341 2886 Subessc
2391 2829 2494 2884 sibi
2519 2826 2800 2896 judicabat
2845 2826 3082 2896 judicem
3129 2827 3180 2882 in
3233 2826 3490 2882 cathedra

1904 2923 2224 2996 pestilentia:
2254 2921 2654 2993 praesidentem,
2680 2918 2937 2974 horrebat
2958 2918 3233 2983 blandum,
3265 2917 3493 2972 subsan-

213 3032 318 3088 sibi
367 3008 682 3102 provenisse
717 3028 1002 3085 victoriam
1043 3043 1140 3098 per
1170 3008 1332 3082 unius
1358 3026 1571 3081 femina:
1608 3039 1800 3080 vecor—
1826 3011 1872 3074 C
1904 3015 2068 3070 nabat
2114 3014 2335 3078 iratum,
2373 3013 2612 3081 tantique
2641 3011 2781 3080 aPUd
2811 3025 2931 3064 eam
2963 3017 3099 3073 eral.
3126 3009 3170 3062 Si
3199 3008 3400 3072 minax.
3427 3021 3494 3062 ac

216 3123 360 3178 diam
409 3121 799 3194 applaudebat;
849 3136 945 3191 per
995 3119 1196 3174 multas
1241 3134 1300 3174 se
1358 3119 1800 3189 jamtdcvictum

215 3225 379 3286 atque
421 3213 702 3270 confusum
742 3213 974 3268 feminas
995 3213 1299 3268 erubescat.
1336 3211 1497 3268 Juxta
1525 3213 1804 3282 prophetze

216 3308 416 3379 quippe
467 3321 701 3362 vocem:
742 3323 760 3357 ι
793 3304 1138 3375 Computruit
1186 3304 1373 3376 jugum
1427 3318 1458 3357 a
1506 3302 1646 3358 facie
1694 3303 1803 3358 olei

221 3400 376 3472 (Iani.
425 3398 502 3471 x).
556 3418 575 3452 ι
617 3398 753 3467 Quia
801 3413 959 3464 mox,
1003 3409 1062 3453 ut
1107 3398 1280 3469 gratia
1331 3397 1507 3453 sancti
1566 3395 1806 3466 Spiritus

220 3490 495 3546 mentibus
542 3489 798 3543 humanis
829 3487 1062 3554 inﬂuxit,
1100 3488 1262 3544 homo
1295 3488 1544 3558 protinus
1589 3496 1644 3542 et
1675 3487 1807 3558 jugo

221 3585 465 3658 pristina:
517 3583 799 3640 servitutis
852 3581 1154 3639 absolvitur
1213 3591 1270 3638 et
1327 3597 1481 3638 nova:
1535 3580 1809 3638 libertatis

225 3677 380 3733 titulo
441 3676 752 3731 decoratur.
811 3671 964 3730 Unde
1025 3681 1113 3729 est
1179 3672 1307 3727 illud
1379 3672 1434 3726 in
1498 3670 1803 3726 Canticis:

229 3787 248 3820 ι
279 3767 471 3825 Oreum
517 3765 744 3823 effusum
772 3781 966 3822 nomen
996 3776 1147 3821 tuum
1187 3763 1365 3835 (Cant.
1403 3763 1464 3834 l).
1506 3782 1524 3815 ι
1557 3761 1808 3817 Chrisma

224 3860 452 3925 Graece,
497 3857 690 3913 Latine
741 3844 941 3913 dicitur
986 3857 1183 3910 unctio.
1237 3854 1282 3908 A
1331 3852 1629 3908 chrismate
1679 3865 1810 3922 ergo

227 3951 502 4016 Christus,
561 3956 616 4005 et
677 3964 708 4003 a
759 3947 977 4003 Christo
1037 3945 1237 4002 dicitur
1292 3944 1648 3998 Christianus.
1709 3941 1814 3997 Per

228 4044 406 4099 oleum
470 4050 655 4098 autem
702 4039 864 4113 365
924 4038 1160 4110 Spiritus
1207 4047 1427 4094 sanctus
1474 4035 1612 4091 solet
1660 4033 1814 4090 intel-

229 4135 345 4206 ligi,
378 4135 520 4189 sicut
555 4148 652 4204 per
673 4131 1015 4187 Psalmistam
1044 4127 1312 4183 Salvatori
1351 4135 1539 4181 nostro
1569 4124 1810 4180 dicitur:

239 4247 258 4280 ι
295 4225 464 4282 Unxit
488 4234 539 4280 te
563 4224 725 4289 Deus,
756 4225 894 4277 Deus
921 4231 1067 4286 tuus,
1088 4219 1207 4277 oleo
1229 4219 1427 4275 laetitia:
1447 4234 1559 4289 pra:
1587 4233 1816 4274 consor-

234 4321 380 4374 tibus
406 4319 513 4374 tuis
545 4316 718 4390 (Paul.
751 4323 919 4385 xuv).
952 4335 968 4366 ι
1000 4314 1188 4371 Oleum
1211 4328 1338 4384 ergo
1365 4312 1591 4368 effusum
1612 4319 1700 4366 est
1721 4326 1817 4366 no-

234 4428 356 4467 men
393 4410 614 4474 Cbristi,
659 4409 788 4478 quia
824 4408 877 4462 in
908 4416 985 4462 tot
1016 4405 1252 4476 Spiritus
1274 4403 1446 4458 sancti
1482 4403 1654 4474 gratia
1684 4415 1812 4470 pro-

234 4509 483 4572 pagatur,
523 4508 655 4570 quot
683 4507 810 4554 sunt
841 4497 931 4567 qui
960 4495 1161 4550 Christi
1201 4492 1519 4550 vocabulum
1550 4490 1816 4547 veraciter

237 4592 563 4648 sortiuntur.

312 4685 420 4741 Sed
455 4698 672 4740 movere
725 4690 903 4754 potest
955 4697 1051 4738 cur
1083 4677 1319 4736 Joannes
1362 4677 1602 4747 Baptista
1633 4671 1818 4746 perhi-

239 4777 369 4833 bcat
415 4775 543 4848 quia
577 4794 596 4827 ι
631 4790 738 4830 non
783 4774 849 4828 ad
898 4787 1203 4828 mensuram
1252 4771 1342 4825 dat
1388 4767 1530 4824 Deus
1567 4767 1819 4838 spiritum

245 4866 428 4940 (Joan.
467 4865 623 4936 xm);
660 4885 679 4918 ι
712 4880 834 4918 cum
864 4863 1066 4919 Paulus
1096 4857 1406 4917 econtrario
1433 4857 1613 4912 dicat:
1646 4877 1664 4909 ι
1694 4853 1826 4912 Uni-

1906 3105 2167 3161 terribilis
2196 3103 2490 3170 frenderet,
2518 3102 2562 3156 si
2594 3112 2741 3156 certe
2787 3100 2972 3170 plagas
3025 3114 3088 3153 ac
3138 3097 3359 3152 vulnera
3392 3112 3492 3152 ex-

1906 3197 2118 3268 quisitae
2147 3196 2297 3250 necis
2325 3193 2624 3265 inﬂigeret,
2657 3193 2846 3264 quanti
2899 3190 2944 3245 si
2989 3206 3342 3261 gemmarum,
3379 3187 3496 3245 sive

1905 3289 2239 3346 vibrantium
2282 3287 2621 3343 metallorum
2648 3285 2860 3356 pondus
2902 3282 3142 3338 offerret.
3191 3281 3325 3335 Hinc
3374 3289 3494 3347 est,

1905 3381 2048 3451 quod
2095 3395 2324 3451 sponsus
2372 3379 2449 3433 ait
2499 3378 2552 3432 in
2577 3375 2819 3432 Canticis
2852 3394 2864 3428 :
2904 3391 2923 3424 ‹
2963 3371 3159 3440 Surge,
3195 3371 3405 3442 aquilo,
3437 3377 3497 3426 et

1907 3473 2052 3541 veni,
2077 3483 2280 3539 auster,
2302 3470 2470 3542 perﬂa
2502 3470 2718 3524 hortum
2750 3481 2954 3531 meum,
2987 3473 3040 3519 et
3061 3461 3229 3517 ﬂuant
3253 3471 3498 3518 aromata

1908 3568 2052 3625 illius
2078 3566 2255 3637 (Cant.
2289 3566 2384 3633 tv).
2426 3583 2444 3616 ι
2479 3561 2618 3630 Quid
2642 3575 2739 3630 per
2774 3557 3101 3628 aquilonem,
3127 3556 3216 3625 qui
3240 3555 3496 3609 nimirum

1908 3668 2103 3714 ventus
2153 3667 2236 3713 est
2278 3655 2548 3726 frigidus,
2599 3651 2702 3707 nisi
2753 3647 3150 3722 persecutionis
3199 3643 3501 3716 asperitas?

1911 3751 2052 3818 Quid
2108 3766 2206 3820 per
2258 3747 2427 3802 austri
2484 3756 2722 3816 teporem
2750 3784 2765 3809 ,
2798 3742 2903 3797 nisi
2935 3742 3077 3797 male
3106 3737 3501 3796 blandientium

1913 3843 2162 3899 remissio
2193 3841 2539 3913 designatur?
2572 3839 2677 3894 Sed
2729 3838 2871 3893 inter
2909 3836 3192 3905 utriusque
3244 3845 3502 3902 persecu-

1912 3933 2074 3989 tionis
2103 3947 2322 4005 genera,
2355 3931 2494 3986 inter
2529 3937 2757 3999 utraque
2805 3927 3023 3996 maligni
3076 3925 3297 3994 spiritus
3342 3935 3504 3992 argu-

1915 4034 2133 4090 menta,
2167 4023 2518 4081 ecclesiastici
2552 4022 2695 4077 horti
2727 4019 2891 4076 ﬂuere
2932 4018 3189 4089 iubentur
3223 4021 3500 4077 aromata;

1917 4119 2044 4190 quia
2070 4117 2227 4174 fortis
2250 4117 2464 4171 animus
2484 4113 2626 4170 inter
2654 4114 2770 4168 haec
2793 4109 3091 4167 certamina
3115 4105 3500 4173 deprehensus,

1919 4210 2094 4281 aperit
2124 4207 2385 4278 quidquid
2416 4207 2639 4269 virium,
2673 4199 2933 4273 quidquid
2957 4198 3116 4259 fidei,
3144 4190 3506 4281 quidquidin-

1921 4277 2075 4354 victa:
2102 4277 2435 4352 fortitudinis
2465 4306 2692 4350 eatenus
2723 4297 3036 4350 occuntavrt,
3064 4293 3118 4339 et
3162 4282 3310 4336 velut
3341 4277 3510 4352 366

1923 4404 2168 4448 aromata
2195 4390 2340 4445 foras
2381 4386 2675 4457 proﬂuunt,
2713 4385 2780 4440 ad
2806 4384 3098 4438 humanam
3129 4375 3371 4432 notitiam
3397 4373 3510 4428 vir-

1925 4495 2068 4541 tutes
2110 4483 2414 4553 prodeunt,
2479 4498 2546 4536 ac
2599 4477 2700 4549 piae
2771 4473 3042 4546 opinionis
3093 4469 3286 4524 odores
3349 4464 3518 4537 longe

1922 4576 2139 4646 lateque
2177 4572 2500 4630 diﬂundunt.

1999 4669 2125 4724 Haec
2161 4669 2340 4739 itaque
2374 4661 2708 4722 venerabilis
2730 4661 2902 4730 (virgo
2949 4655 3131 4713 emisit
3169 4655 3432 4739 aromata;
3466 4651 3544 4715 in

1927 4777 2125 4834 eampo
2159 4737 2498 4825 certaminis,
2530 4769 2651 4829 qua:
2676 4755 2834 4824 prius
2859 4749 2914 4804 in
2948 4749 3030 4804 sui
3057 4743 3233 4802 cordis
3263 4737 3562 4808 tegebat“.

1931 4863 2024 4910 tur
2075 4852 2319 4916 arcanis,
2369 4847 2561 4902 attrita
2611 4844 2777 4915 praelo
2818 4834 3244 4911 persecutionis,
3294 4841 3595 4900 asper-3'“,

245 4916 443 5036 cuique
481 4971 731 5018 nostrum
776 4961 899 5015 data
926 4967 1004 5012 est
1049 4959 1219 5024 gratia
1263 4952 1563 5007 secundum
1606 4964 1832 5009 mensu-
1931 4950 2156 5005 odorem
2192 4932 2476 4998 aromatis.
2512 4937 2801 5036 Pugnabat
2831 4931 2980 5036 enim
3018 4933 3075 5033 in
3102 4942 3164 4982 ca
3193 4916 3611 5036 IJ'aittzflut.
3648 4964 3650 4966 τ

227 5071 365 5128 ram
392 5053 700 5112 donationis
729 5049 928 5108 Christi
951 5047 1163 5121 (Ep/aea.
1196 5044 1298 5116 tv).
1340 5061 1358 5094 ι
1393 5043 1673 5110 Quomodo
1700 5052 1830 5110 ergo

245 5162 355 5203 non
383 5147 450 5201 ad
497 5158 824 5206 mensuram,
869 5151 922 5198 et
964 5141 1233 5210 quomodo
1269 5133 1564 5189 secundum
1614 5145 1835 5189 mensu-

1935 5040 1992 5096 in
2035 5053 2156 5094 arce
2185 5035 2314 5091 Sion
2347 5039 2542 5086 contra
2583 5027 2781 5082 faciem
2831 5022 3111 5084 Damasci;
3158 5012 3242 5069 vel
3274 5005 3478 5079 potius
3530 5021 3615 5100 ut

1937 5133 1994 5188 in
2045 5146 2173 5188 sexu
2217 5122 2395 5196 fragili
2452 5122 2572 5192 ipse
2620 5119 2924 5189 parvulus,
2979 5131 3042 5170 ac
3095 5109 3380 5196 despectus
3438 5115 3622 5192 uno

938 5190 1350 5304 quod—Joannes
1381 5226 1579 5281 asserit
1607 5243 1713 5283 non
1761 5221 1832 5277 ad
1937 5235 2126 5282 contra
2145 5190 2399 5311 magnum
2413 5190 2643 5311 Coliath
2649 5211 2832 5284 lapide
2852 5207 3144 5311 dimicabat
3162 5190 3630 5311 (ΙΞθΞ-ιῖἷι

2609 5306 2647 5322 η
2706 5278 2722 5284 ’
2804 5320 2810 5322 .
2853 5299 2999 5322 -.-ιηι
3040 5299 3090 5322 ξ..
3130 5296 3337 5322 nmnnm.
3366 5278 3638 5322 lanae:
