3992 5322
498 373 597 437 89!

1106 376 1163 433 s.
1188 373 1394 434 rem
1428 372 1712 434 nanum
1747 373 1898 431 opp.
1923 373 2109 435 parts
2143 374 2280 435 seu
2318 375 2556 437 Tutius
2594 375 2656 432 u.
2682 346 2752 417 L—
2773 373 3160 431 SERMONES.

3646 367 3752 431 892

502 500 589 549 tos
621 493 894 551 intertectt
940 502 1142 561 .mpetu
1185 507 1312 548 uno.
1359 491 1497 561 Quid
1541 500 1646 558 est,
1699 491 1843 562 quod
1886 490 2081 555 David,
2106 492 2158 555 Α
2183 490 2355 546 tluunt
2386 491 2585 561 impetu
2616 492 2680 545 de
2714 489 2922 545 Libano
2951 487 3126 562 (Cant.
3160 503 3254 558 IV).
3291 505 3309 538 ι
3344 486 3483 542 Hine
3512 496 3570 540 et
3596 484 3755 543 Psal—

498 591 611 645 tam
637 599 812 651 novae,
834 591 944 641 tam
975 584 1227 644 inauditae
1256 584 1527 654 praeconio
1562 582 1739 643 laudis
1778 581 2074 639 attollitur?

497 676 629 747 Quis
680 685 764 732 est
802 677 905 732 iste
954 684 1061 737 tam
1090 675 1333 745 humilis,
1362 684 1580 744 tamque
1609 673 1894 731 sublimis?
1920 672 2070 741 Quis,

497 768 738 839 inquam,
768 779 852 825 est
886 767 989 827 iste
1019 767 1187 827 David
1223 766 1296 829 ita
1322 766 1515 825 debilis
1554 776 1716 836 atque
1767 766 2072 836 despectus,

496 870 560 923 ut
585 858 866 916 vermiculi
891 860 1127 939 speciem
1151 858 1341 930 gerat?
1384 857 1460 917 Ita
1491 856 1647 919 fortis
1672 871 1737 917 ac
1766 856 1990 920 validus,
2017 864 2076 913 ut

496 967 606 1017 uno
633 954 831 1024 impetu
856 953 1196 1023 octingentos
1223 950 1469 1007 homines
1488 948 1817 1007 interficiat?
1841 948 1897 1009 ln
1925 948 2078 1020 palea

496 1059 691 1113 nempe
725 1043 919 1100 littera:
946 1044 1160 1099 videtur
1184 1058 1307 1101 esse
1341 1042 1645 1109 ridiculum,
1676 1042 1723 1099 si
1750 1059 1854 1099 non
1884 1042 1935 1098 in
1963 1056 2075 1101 me-

499 1133 648 1191 dulla
678 1135 904 1205 spiritus
933 1135 1101 1195 lateat
1135 1143 1558 1191 sacramentum.

508 1276 513 1281 ,
565 1227 697 1295 Quis
724 1242 853 1299 ergo
877 1226 1202 1283 vermiculus
1250 1226 1385 1292 iste,
1418 1226 1520 1283 nisi
1548 1225 1636 1281 ille
1673 1225 1763 1296 qui
1791 1241 1887 1297 per
1928 1240 2078 1283 eum-

497 1306 617 1385 dem
650 1316 818 1372 David
847 1316 993 1375 cauit
1023 1316 1073 1369 in
1099 1315 1315 1371 Psalmo
1344 1334 1358 1370 :
1392 1334 1412 1368 ι
1445 1315 1558 1387 Ego
1586 1324 1766 1371 autem
1802 1330 1921 1370 sum
1955 1328 2074 1371 ver-

497 1406 635 1473 mis,
662 1414 717 1465 et
744 1421 850 1460 non
874 1405 1067 1461 homo?
1096 1402 1268 1478 (Psal.
1295 1406 1433 1476 ut.)
1463 1424 1482 1458 ι
1518 1405 1667 1463 Sicut
1705 1405 1850 1461 enim
1880 1404 2077 1463 vermis

500 1515 565 1563 ex
598 1499 708 1553 sola
738 1498 866 1570 ligni
897 1499 1123 1552 materia
1153 1499 1415 1571 gignitur,
1464 1498 1535 1553 ita
1567 1496 1842 1553 Christum
1875 1495 2077 1566 absque

501 1585 642 1644 virili
686 1589 893 1644 semine
935 1589 1000 1644 de
1042 1588 1157 1645 solo
1184 1586 1443 1663 virginali
1471 1598 1624 1645 utero
1670 1580 1909 1663 genitum
1945 1587 2080 1645 fides

498 1676 764 1749 catholica
790 1680 1092 1741 confitetur.
1127 1680 1231 1737 Sed
1272 1680 1518 1750 quamvis
1572 1678 1772 1732 vermis
1813 1680 1884 1733 sit
1928 1686 2079 1732 tener

498 1781 552 1851 et
576 1773 788 1838 debilis,
816 1771 943 1843 ligni
972 1787 1103 1829 vero
1133 1771 1333 1827 duritia
1386 1770 1541 1827 fortis
1566 1786 1628 1826 ac
1655 1770 1852 1835 solida;
1879 1768 2078 1827 vermis

504 1842 681 1919 tamen
731 1864 932 1937 lignum
965 1864 1125 1919 vertit
1161 1863 1211 1917 in
1237 1863 1462 1930 cariem,
1489 1870 1542 1917 et
1575 1876 1927 1916 cavernosum
1957 1859 2081 1916 reda
2108 1840 2151 1900 Β

496 1954 593 2025 dit,
620 1963 674 2010 et
710 1970 924 2010 cavum.
969 1953 1050 2009 Ita
1100 1952 1429 2025 Redemptor
1476 1962 1659 2008 noster
1699 1966 1861 2007 verus
1889 1950 2075 2025 utique

499 2064 660 2107 manu
706 2047 864 2106 fortis
911 2058 1075 2117 atque
1127 2046 1520 2113 desiderabilis,
1576 2048 1667 2118 qui
1725 2046 2074 2115 semetipsum

497 2141 816 2211 exinanivit,
847 2141 938 2211 qui
962 2156 1075 2196 non
1110 2140 1316 2195 habens
1340 2141 1575 2210 speciem
1603 2155 1776 2210 neque
1802 2138 2076 2201 decorem,

497 2229 767 2295 invalidus
808 2244 873 2285 ac
914 2229 1203 2303 despectus
1246 2228 1537 2300 apparuit:
1569 2228 1862 2283 humanum
1910 2239 2077 2295 genus

498 2319 643 2393 unde
666 2328 821 2374 ortus
854 2327 959 2387 cst,
990 2318 1249 2389 paulatim
1283 2333 1314 2381 a
1350 2334 1447 2375 suo
1484 2318 1659 2390 rigore
1691 2316 1936 2381 mollivit,
1964 2331 2079 2369 ma-

495 2392 768 2487 gnumque
798 2409 1012 2466 sibimet
1043 2410 1095 2465 in
1119 2409 1306 2466 electis
1333 2409 1446 2467 suis
1469 2408 1820 2465 habitationis
1845 2408 2077 2478 spatium

492 2502 824 2570 procuravit.
858 2500 961 2556 Hic
984 2502 1166 2572 itaque
1194 2500 1363 2556 David
1394 2502 1545 2556 sedet
1574 2500 1624 2554 in
1651 2499 1925 2565 cathedra,
1951 2496 2077 2570 quia

490 2576 553 2669 in
583 2598 822 2660 paterna:
864 2589 1163 2661 majestatis
1195 2592 1362 2664 gloria
1394 2591 1743 2655 constitutus,
1777 2589 1955 2644 omnia
1985 2587 2075 2657 ju-

493 2679 658 2747 dicat,
688 2681 773 2736 cui
804 2679 967 2735 Pater
996 2680 1115 2736 ait:
1153 2699 1172 2731 ι
1227 2680 1366 2736 Sede
1417 2697 1446 2736 a
1493 2681 1703 2735 dextris
1738 2678 1893 2735 meis.
1928 2698 1946 2730 ι
1980 2679 2078 2733 Sa-

494 2770 867 2843 pientissimus
895 2781 1000 2838 est,
1026 2772 1154 2843 quia
1181 2772 1296 2843 ipsa
1321 2771 1498 2827 Patris
1524 2771 1799 2841 Sapientia
1831 2779 1932 2825 est.

571 2863 677 2920 Sed
707 2866 979 2936 quomodo
1011 2864 1176 2921 David
1219 2864 1417 2919 dicitur
1456 2865 1705 2934 princeps
1750 2864 1891 2918 inter
1936 2872 2073 2928 tres,

495 2972 616 3013 cum
647 2956 736 3011 ille
764 2973 867 3012 nou
897 2956 1040 3011 inter
1085 2955 1220 3009 alios
1258 2955 1548 3023 quemlibet
1575 2956 1957 3026 principatum,
1981 2954 2077 3010 sed

494 3063 657 3116 super
679 3061 869 3101 omnes
889 3047 1069 3117 potius
1094 3047 1291 3118 regalis
1313 3046 1510 3117 sceptri
1537 3056 1742 3101 teneret
1768 3044 2077 3117 imperium?

499 3134 672 3209 (Psal.
703 3135 814 3206 CIX)
842 3134 959 3191 laus
984 3136 1126 3191 enim
1146 3136 1250 3191 ista
1275 3137 1570 3207 depreciat,
1596 3153 1700 3191 non
1729 3136 1960 3202 cxaltat;
1985 3137 2076 3191 de-

2175 580 2334 636 mista
2369 594 2382 639 :
2415 599 2435 632 ¢
2468 580 2731 636 Fluminis
2776 581 3009 650 impetus
3049 577 3286 635 laetiﬁcat
3331 578 3609 639 civitatem
3657 578 3752 635 Dei

2174 669 2346 744 (Paul.
2378 672 2523 743 XLV).
2561 690 2582 725 ι

2247 764 2385 819 Huic
2408 780 2536 835 ergo
2572 764 2683 835 regi
2717 772 2825 821 tatu
2865 762 3085 826 humili.
3118 769 3335 832 tamque
3360 760 3610 825 sublimi,
3642 770 3748 815 tam

2177 852 2411 920 infirmo,
2445 855 2538 908 sed
2590 855 2664 909 ita
2721 853 3018 911 fortissimo
3060 852 3264 927 gratias
3300 851 3630 916 referamus,
3662 849 3749 919 qui

2176 947 2379 1003 idcirco
2410 947 2525 1001 fieri
2558 949 2811 1017 dignatus
2847 955 2931 1002 est
2977 945 3178 1001 vermis
3218 945 3270 999 in
3321 944 3493 1016 ligno,
3545 951 3608 997 ut
3658 956 3753 999 nos

2176 1039 2526 1097 constitueret
2556 1038 2700 1093 cives
2750 1039 2802 1091 in
2855 1036 3009 1092 cosio.
3044 1036 3167 1090 Ideo
3207 1043 3481 1091 vetustum
3529 1034 3752 1089 humani

2174 1126 2393 1200 generis
2424 1131 2695 1186 inimicum
2726 1130 2778 1184 in
2808 1145 2867 1185 se
2889 1127 3134 1199 permisit
3162 1129 3465 1199 insurgere,
3498 1133 3559 1181 ut
3582 1141 3647 1181 ex
3689 1139 3753 1181 eo

2174 1220 2515 1292 postmodum
2549 1236 2654 1275 non
2699 1220 2859 1275 modo
2891 1234 2986 1290 per
3027 1218 3193 1283 viros,
3225 1221 3318 1272 sed
3348 1217 3513 1271 etiam
3554 1231 3652 1286 per
3679 1214 3753 1271 fe-

2178 1312 2351 1367 minas
2382 1312 2759 1382 triumpharet,
2786 1311 2943 1366 Jesus
2971 1309 3224 1367 Christus
3256 1309 3515 1363 Dominus
3544 1316 3750 1379 noster,

2175 1403 2264 1483 qui
2300 1420 2421 1458 cum
2453 1403 2562 1459 Deo
2613 1404 2773 1460 Patre
2798 1412 2852 1460 et
2875 1404 3079 1473 Spiritu
3107 1412 3297 1463 sancto
3325 1401 3457 1457 vivit
3483 1409 3540 1456 et
3568 1404 3755 1473 regnat

2177 1495 2231 1550 in
2262 1495 2452 1551 saecula
2488 1495 2829 1550 saeculorum.
2868 1496 3057 1549 Amen.

2196 1588 2201 1591 ’
2607 1603 2610 1606 ‘
2709 1605 2939 1661 δεξιΜο
2980 1604 3207 1661 LXVIII.

2610 1693 2667 1731 11.
2708 1692 2762 1731 ΙΝ
2800 1692 2993 1731 ΝΔΤΑΜ
3034 1691 3311 1732 VIRGINUI.

2194 1760 2201 1763 ’
2252 1764 2462 1833 Hodie,
2510 1765 2709 1825 fratres
2737 1768 3042 1823 charissimi
3064 1810 3079 1833 ,
3110 1766 3370 1839 virginale
3411 1764 3573 1821 nobis
3601 1766 3757 1823 decus

2181 1852 2375 1928 illuxit,
2407 1860 2549 1931 quod
2581 1870 2778 1915 nostra:
2803 1862 3075 1915 memoriae
3111 1861 3303 1916 divine
3340 1860 3563 1915 virtutis
3591 1860 3755 1915 victo-

2180 1952 2316 2006 riam
2351 1953 2647 2007 renovavit.
2674 1953 2841 2007 Porro
2862 1962 3063 2024 quanto
3086 1950 3329 2023 fragilior
3353 1968 3538 2016 sexus.
3559 1962 3759 2027 quanto

2182 2045 2450 2121 infirmius
2502 2044 2779 2100 vasculum
2824 2045 2966 2117 quod
3009 2054 3252 2115 reportat
3276 2060 3343 2099 ex
3374 2045 3532 2099 hoste
3570 2044 3757 2098 trium-

2178 2138 2362 2207 phum,
2402 2146 2551 2192 tanto
2599 2135 2786 2207 majori
2819 2136 3066 2192 diabolus
3094 2136 3384 2208 opprobrio
3428 2134 3759 2190 confusionis

2180 2226 2438 2288 induitur,
2475 2235 2625 2280 tanto
2656 2225 2954 2280 mirabilior
2982 2225 3123 2280 Deus
3154 2226 3206 2280 in
3237 2229 3349 2280 suis
3373 2224 3585 2280 sanctis
3609 2240 3763 2295 agno-

2180 2318 2374 2383 scitur,
2402 2326 2551 2371 tanto
2594 2317 2756 2371 etiam
2791 2332 2883 2371 rex
2937 2328 3236 2393 martyrum
3282 2317 3536 2373 Christus
3564 2316 3618 2371 in
3646 2326 3758 2388 pro-

2179 2409 2591 2479 pugnatricibus
2635 2409 2747 2463 suis
2794 2407 3087 2478 jucundius
3137 2410 3454 2465 delectatur.
3492 2408 3638 2463 Hinc
3683 2415 3760 2464 est

2179 2500 2368 2564 etiam,
2398 2501 2540 2570 quod
2598 2498 2846 2554 Salvator
2888 2508 3076 2555 noster
3108 2500 3161 2554 in
3214 2498 3375 2570 hujus
3404 2499 3597 2554 mundi
3626 2512 3761 2553 cam-

2179 2607 2303 2662 pum
2349 2599 2643 2662 potestates
2673 2606 2858 2646 aereas
2888 2591 3254 2648 debellaturus
3284 2593 3606 2659 adveniens,
3659 2607 3759 2647 non

2179 2681 2341 2750 elegit
2377 2681 2623 2737 rhetores
2657 2689 2707 2735 et
2736 2681 3106 2752 philosophos,
3135 2681 3227 2737 sed
3259 2681 3539 2752 simplices
3574 2697 3639 2737 ac
3680 2680 3760 2736 lit.

2180 2772 2363 2827 teralis
2419 2773 2702 2827 industria:
2757 2787 2980 2842 prorsus
3036 2773 3369 2843 ignaros;ut
3421 2775 3476 2828 in
3534 2782 3760 2842 utroque

2179 2877 2310 2917 sexu
2352 2878 2537 2918 verum
2579 2862 2671 2929 sit,
2704 2864 2845 2933 quod
2902 2863 3193 2934 Apostolus
3244 2865 3368 2919 ait:
3422 2883 3441 2918 σ
3471 2863 3612 2932 Quia
3661 2879 3757 2919 non

2180 2950 2331 3006 inulti
2358 2952 2629 3020 sapientes
2678 2954 2972 3007 secundum
3022 2969 3282 3021 carnem,
3323 2969 3432 3009 non
3477 2954 3637 3009 multi
3674 2969 3761 3025 po-

2180 3051 2375 3106 tentes,
2413 3058 2517 3097 non
2550 3043 2703 3099 multi
2733 3045 2960 3110 nobiles,
2986 3047 3078 3101 sed
3105 3061 3222 3116 quae
3248 3047 3409 3103 stulta
3443 3057 3577 3102 sunt
3609 3047 3762 3118 hujus

2179 3136 2385 3201 mundi,
2409 3136 2574 3207 elegit
2601 3137 2745 3193 Deus
2773 3151 2830 3192 ut
2861 3137 3155 3195 confundat
3184 3138 3343 3224 fqrtia
3373 3158 3386 3195 :
3418 3148 3477 3196 et
3510 3140 3760 3212 ignobilia

485 3200 700 3305 primit,
724 3200 829 3282 non
854 3226 1081 3296 attollit;
1114 3244 1238 3283 cum
1265 3200 1361 3284 ille
1376 3244 1482 3283 non
1514 3200 1620 3282 tam
1651 3228 1821 3283 tribus
1845 3200 2077 3283 interes-
2104 3200 2147 3260 δ
2180 3200 2377 3283 mundi
2403 3239 2456 3285 et
2496 3200 2924 3301 contemptibilia
2977 3233 3138 3303 elegit
3179 3200 3353 3300 Deds,
3403 3242 3462 3289 et
3504 3200 3630 3305 αἴκε
3657 3249 3760 3290 non

496 3328 609 3383 set,
639 3334 801 3390 quam
831 3319 1083 3375 omnibus
1117 3328 1445 3391 superesset.
1473 3319 1576 3376 Sed
1607 3336 1728 3375 cum
1756 3323 1823 3376 ab
1855 3320 1944 3376 illo
1975 3321 2080 3375 Da-

478 3410 581 3481 ,vid
619 3408 866 3466 videatur
900 3411 1166 3466 sententia
1194 3412 1296 3467 ista
1335 3410 1626 3478 dissidere,
1674 3422 1755 3467 est
1784 3413 1868 3467 cui
1901 3411 2078 3467 valeat

495 3500 776 3573 aptissime
829 3516 1139 3558 convenire.
1188 3500 1385 3558 Beatus
1431 3504 1574 3558 enim
1606 3545 1620 3568 ,
1673 3521 1735 3558 ac
1786 3504 2076 3573 singularis

478 3584 583 3667 ille
637 3595 818 3660 homo,
861 3595 953 3666 qui
987 3596 1214 3667 mystice
1239 3594 1414 3651 dictus
1439 3606 1520 3651 est
1555 3596 1771 3661 vermis,
1803 3613 1925 3651 mox
1957 3606 2016 3648 ut
2043 3611 2074 3650 a

477 3662 676 3742 ‘Verbo
704 3686 758 3741 in
796 3687 1003 3742 unitate
1032 3700 1277 3757 personae
1305 3688 1617 3759 suscipitur,
1651 3687 1701 3741 in
1731 3696 1913 3742 sancta
1950 3685 2070 3741 Tri-

492 3781 660 3837 nitate
687 3794 794 3833 non
817 3777 1158 3849 inaequaliter
1176 3778 1528 3853 principatur.
1552 3778 1813 3848 Princeps
1838 3788 1917 3833 est
1946 3793 2075 3849 ergo

478 3869 634 3931 inter
667 3878 798 3936 tres,
826 3871 954 3940 quia
1002 3872 1188 3926 unitus
1238 3880 1321 3927 est
1371 3870 1560 3931 Verbo,
1614 3888 1732 3942 qutc
1763 3888 1868 3926 una
1896 3880 1976 3925 cst
2022 3871 2072 3925 in

493 3971 686 4019 Sancta
711 3960 981 4018 Trinitate
1006 3977 1258 4035 persona.
1296 3962 1393 4018 Hic
1430 3964 1769 4033 octingentos
1805 3963 2076 4019 interfecit

473 4042 698 4130 ;impetu
726 4069 854 4108 uno.
877 4051 1196 4111 Octonarius
1218 4072 1476 4111 numerus
1502 4058 1567 4111 ad
1597 4058 2071 4122 resurrectionem,

472 4144 842 4215 petitenasius
871 4144 1107 4214 pertinet
1151 4145 1219 4199 ad
1270 4145 1676 4215 perfectionem.
1729 4146 1893 4200 David
1943 4160 2072 4217 ergo

491 4249 599 4291 uno
654 4232 855 4305 impetu
908 4234 1248 4304 octingentos
1302 4236 1594 4299 interfecit,
1645 4237 1770 4306 quia
1825 4233 2074 4290 Salvator

490 4336 678 4385 noster
727 4338 916 4380 omnes
974 4325 1066 4397 qui
1098 4323 1177 4378 vel
1207 4325 1593 4396 perfectionem
1629 4327 1749 4382 ﬁdei
1777 4336 2069 4397 appetunt,

470 4415 576 4493 ’γει
606 4415 1025 4475 resurrectionis
1066 4415 1291 4489 gloriam
1319 4422 1743 4489 concupiscunt,
1776 4420 1956 4490 gladio
1987 4419 2070 4473 sui

482 4510 708 4581 spiritus
748 4506 1047 4575 interfecit,
1086 4510 1212 4564 dum
1255 4524 1348 4565 eos
1391 4524 1490 4583 per
1561 4510 1947 4565 incarnationis
2005 4525 2069 4565 ac

472 4600 674 4669 _crucis
702 4614 814 4656 suae
844 4600 1162 4674 mysterium
1200 4600 1267 4657 ab
1306 4616 1490 4661 amore
1518 4603 1702 4658 mundi
1737 4602 1895 4672 hujus
1925 4617 2068 4657 mora

461 4698 615 4758 “tuos
644 4689 909 4758 reddidit;
932 4704 986 4746 et
1005 4690 1167 4769 367
1192 4692 1293 4748 hoc
1316 4709 1424 4750 uno
1447 4703 1703 4767 operatus
1730 4705 1813 4750 est
1843 4694 2066 4764 impetu,

488 4782 540 4835 id
569 4790 675 4847 est,
701 4795 810 4836 uno
835 4797 946 4837 sua:
975 4781 1366 4839 incarnationis
1401 4783 1655 4841 adventu.
1708 4783 1885 4840 Semel
1923 4785 2068 4840 enim

480 4886 585 4953 pro
615 4873 849 4947 peccatis
876 4874 1077 4929 nostris
1100 4882 1346 4934 mortuus
1374 4885 1455 4931 est
1474 4918 1489 4946 ,
1505 4877 1618 4946 jam
1645 4876 1785 4931 ultra
1820 4894 1928 4932 non
1957 4893 2070 4932 mo-

466 4961 633 5035 _l'itur
660 4961 834 5035 (Rom.
859 4963 955 5037 γι).
986 4963 1069 5018 Au
1115 4980 1222 5020 non
1271 4964 1387 5037 ejus
1412 4967 1674 5022 adventus
1696 4967 1818 5037 jure
1846 4976 2072 5022 vocatur

489 5052 743 5123 impetus,
778 5054 844 5108 de
872 5070 980 5125 quo
1001 5054 1255 5111 Salomon
1286 5057 1362 5111 ait
1390 5076 1402 5111 :
1435 5075 1452 5108 ι
1485 5057 1625 5114 Ecce
1654 5058 1754 5114 iste
1786 5058 1985 5114 saliens
2010 5060 2064 5114 in

489 5139 787 5198 montibus.
818 5146 1125 5198 transiliens
1166 5148 1332 5198 colles
1358 5147 1537 5198 (Cant.
1573 5151 1658 5198 nl.
1693 5169 1711 5198 ι
1759 5151 1822 5198 Et
1851 5149 2018 5198 David
2047 5168 2060 5198 :

2102 4556 2145 4614 D

2177 3332 2323 3387 sunt,
2358 3330 2415 3376 ut
2466 3338 2527 3377 ea
2559 3337 2681 3393 quae
2726 3333 2851 3378 sunt
2892 3324 3227 3392 destrueret,
3258 3336 3453 3380 utnon
3503 3326 3762 3397 glorietur

2174 3412 2351 3467 omnis
2394 3428 2520 3468 caro
2563 3414 2616 3468 in
2662 3424 2946 3484 conspectu
2976 3414 3093 3485 ejus
3125 3415 3209 3485 (ll
3238 3413 3361 3471 Cor.
3392 3418 3452 3487 ι).
3487 3436 3508 3469 ι
3545 3415 3761 3471 Talibus

2175 3504 2316 3558 enim
2342 3505 2685 3573 omnipotens
2716 3506 2857 3564 Deus
2890 3509 3194 3563 uberiorem
3241 3524 3382 3579 saepe
3413 3509 3753 3578 przedicatio-

2177 3597 2261 3650 uis
2293 3599 2522 3668 gratiam
2551 3598 2766 3664 tribuit,
2792 3608 2955 3671 atque
2985 3614 3079 3670 per
3106 3616 3200 3655 eos
3224 3610 3439 3655 versuta
3474 3601 3760 3656 mandant

2175 3688 2451 3756 sapientia:
2480 3689 2795 3760 argumenta
2826 3691 3116 3746 convincit.
3148 3690 3281 3746 Hinc
3303 3702 3381 3747 est
3410 3695 3560 3762 quod
3596 3706 3758 3761 spon-

2176 3795 2268 3833 sus
2301 3780 2364 3834 ad
2394 3795 2646 3851 sponsam
2679 3781 2808 3837 dicit
2836 3783 2890 3837 in
2935 3781 3211 3839 Cantlcis:
3244 3800 3263 3834 ο
3302 3781 3606 3837 Umbilicus
3641 3791 3759 3837 tuus

2170 3878 2355 3924 crater
2395 3871 2697 3936 Iornatilis,
2730 3888 3002 3943 nunquam
3055 3872 3299 3943 indigens
3339 3872 3549 3943 poculis
3580 3871 3758 3945 (Cant.

2172 3965 2293 4032 vn).
2335 3982 2353 4015 ι
2386 3961 2684 4020 Umbilicus
2725 3948 2903 4020 autem
2956 3964 3303 4037 fragilissima
3339 3982 3469 4038 pars
3509 3968 3758 4038 corporis

2174 4061 2275 4108 est.
2310 4053 2447 4121 Quid
2480 4062 2611 4126 ergo
2647 4071 2741 4124 per
2769 4056 3023 4112 Ecclesia:
3054 4058 3369 4129 designatur
3399 4058 3758 4123 umbiculum,

2175 4145 2276 4199 nisi
2304 4154 2481 4201 cretus
2511 4146 2846 4202 infirmorum
2891 4157 3054 4218 atque
3110 4148 3406 4205 debilium?
3446 4148 3591 4216 Quid
3632 4162 3757 4204 vero

2173 4250 2270 4305 per
2295 4244 2560 4291 craterem
2589 4278 2600 4294 .
2638 4236 2736 4291 nisi
2770 4238 3186 4307 praedicatorum
3232 4239 3585 4311 intelligimus
3612 4241 3759 4295 ordi-

2175 4339 2294 4381 nem
2326 4346 2338 4380 :
2370 4328 2459 4397 qui
2486 4328 2737 4383 nimirum
2776 4331 3048 4385 mentibus
3070 4330 3374 4385 auditorum
3396 4330 3642 4387 caelestis
3667 4329 3761 4385 do-

2173 4417 2361 4472 ctrina:
2390 4418 2510 4472 vina
2541 4421 2854 4490 propinant,
2876 4435 3076 4493 easque
3102 4422 3308 4493 poculis
3338 4432 3542 4478 sanctae
3566 4421 3757 4493 praedi-

2172 4511 2402 4565 cationis
2432 4512 2742 4569 inebriant?

2246 4601 2543 4658 Umbilicus
2569 4620 2697 4674 ergo
2721 4603 2996 4673 Ecclesiaa,
3024 4607 3221 4663 crateri
3254 4607 3450 4664 merito
3472 4624 3760 4679 compara-

2173 4699 2302 4759 tur,
2353 4694 2477 4764 quia
2531 4693 2849 4765 plerumque
2933 4697 3126 4752 debilis
3197 4705 3251 4752 et
3305 4697 3560 4755 inﬁrmus
3595 4698 3755 4771 368

2175 4782 2403 4851 quilibet
2449 4798 2545 4837 vas
2586 4782 2845 4839 doctrime
2890 4786 3128 4843 cmlesds
3182 4786 3433 4844 efﬁcitur.
3498 4788 3604 4856 Qui
3652 4803 3754 4844 non

2174 4875 2378 4947 indiget
2416 4876 2653 4946 poculis,
2694 4880 2819 4948 quia
2884 4879 3123 4936 ctelestis
3152 4881 3351 4952 eloquii
3407 4894 3517 4938 non
3560 4880 3754 4938 desinit

2176 4966 2415 5038 irriguus
2443 4982 2561 5023 esse
2588 4966 2824 5025 ﬂuentis.
2860 4969 3014 5026 Unde
3042 4971 3179 5027 bene
3208 4981 3389 5027 crater
3429 4973 3520 5028 hic
3575 4983 3757 5028 toma-

2171 5057 2281 5115 tilis
2328 5059 2549 5126 dicitur,
2581 5069 2739 5116 torno
2775 5061 3040 5130 siquidem
3070 5063 3192 5134 quis
3218 5062 3431 5119 facilius
3472 5072 3752 5134 operatur.
3790 5060 3793 5065 ’

2171 5150 2486 5198 Πιηηριὶῐιίιιςι
2536 5154 2678 5198 enim
2740 5167 2881 5198 same
2928 5163 3091 5198 atrum
3141 5154 3403 5198 ἰηηπρηερ
3458 5156 3514 5198 in
3565 5163 3749 5198 canon
