3992 5322
197 201 307 264 893

1613 199 1846 260 SERMO
1883 201 2110 260 LXVIII.

3378 191 3484 249 894

199 319 440 392 simplex
469 327 556 376 est
581 317 818 382 animal,
847 318 950 374 nisi
995 317 1242 388 imperita
1269 315 1588 388 simplicium
1617 315 1796 371 homi-
1825 323 1872 382 Α
1901 317 2044 374 Deus
2073 319 2124 372 in
2157 317 2306 380 viris,
2335 313 2632 371 mirabmus
2663 323 2842 370 tamen
2867 319 2921 370 et
2949 325 3241 388 g.orIosIus
3283 317 3482 364 ll'ltllll-

197 431 328 470 num
361 428 468 468 ora
505 409 820 482 signantur?
843 409 1070 465 Samson
1099 411 1299 481 itaque,
1329 427 1434 466 non
1463 427 1582 466 cum
1613 413 1800 478 armis,

197 521 306 560 non
334 520 469 560 cum
497 503 726 562 diversis
766 503 992 558 telorum
1023 503 1334 574 generibus,
1366 505 1458 560 sed
1489 520 1610 558 cum
1645 521 1802 560 man-

197 595 384 654 dihula
435 595 578 650 asini
635 595 782 650 mille
823 595 971 650 viros
1021 597 1250 662 occidit;
1295 597 1421 668 quia
1475 596 1802 668 Redemptor

195 695 414 752 noster,
454 702 620 758 quem
669 687 756 742 ille
803 683 1080 756 signabat,
1133 703 1256 743 cum
1307 688 1573 760 imperitis
1621 697 1673 742 et
1705 704 1798 740 ru-

196 777 358 834 dibus
389 777 700 849 perfectum
743 777 1036 836 inﬁdelium
1083 795 1368 836 numerum
1399 797 1429 836 a
1464 783 1570 837 vita
1605 781 1800 838 veteris

195 869 404 922 erroris
430 867 721 926 exstinxit.

223 1037 226 1040 ,
262 957 408 1028 Quid
457 971 642 1016 autem
691 961 888 1018 mirum
921 963 964 1018 si
1023 975 1240 1018 sanctos
1283 963 1662 1036 praedicatores
1699 981 1798 1038 per

195 1051 332 1106 asini
374 1055 657 1108 maxillam
707 1073 922 1112 sacrum
955 1057 1200 1126 designet
1251 1057 1558 1128 eloquium,
1591 1073 1712 1112 cum
1739 1067 1796 1114 et

196 1144 371 1216 ipsum
439 1147 846 1216 pra:dicatio:.is
891 1150 1114 1202 verbum
1163 1165 1260 1220 per
1313 1153 1569 1206 hordeum
1617 1169 1791 1221 quan-

197 1233 372 1306 doque
402 1237 712 1302 denuntiet,
760 1239 902 1308 quod
942 1251 1024 1294 est
1057 1241 1240 1310 utique
1281 1241 1534 1311 pabulum
1577 1241 1794 1310 jumen-

197 1335 396 1381 torum.
424 1326 584 1394 Quod
614 1341 760 1382 certe
801 1347 906 1386 non
951 1333 1109 1384 modo
1141 1347 1236 1402 per
1265 1333 1604 1400 evangelicos
1631 1334 1788 1402 quin-

195 1435 294 1488 que
319 1434 494 1488 panes
533 1421 868 1488 agnoscitur,
913 1421 1006 1476 sed
1055 1438 1150 1492 per
1184 1423 1288 1478 hoc
1345 1425 1508 1478 etiam
1549 1425 1690 1494 quod
1735 1425 1788 1478 in

193 1511 326 1566 lihro
353 1509 614 1566 Iudicum
645 1515 928 1582 reperitur.
969 1515 1100 1570 Nam
1131 1533 1252 1570 cum
1283 1516 1499 1572 Gedeon
1529 1517 1790 1572 ausculta-

195 1605 352 1660 tionis
381 1605 565 1676 gratia
596 1607 660 1660 ad
693 1615 870 1662 castra
901 1607 1137 1674 Madian,
1165 1607 1394 1664 Domino
1425 1609 1784 1680 prmcipiente,

1907 411 2034 480 phat
2085 409 2138 464 in
2183 407 2419 463 feminis.
2471 407 2606 462 lluic
2663 421 2825 476 porro
2875 403 3084 460 militia:
3127 401 3312 460 Judith
3366 409 3488 456 erat

1903 501 2159 570 ascripta,
2191 515 2310 568 qua:
2331 499 2458 552 dum
2485 497 2772 552 deauratos
2803 507 2964 566 atque
2989 503 3294 564 gemmatos
3321 491 3490 546 Holo-

1903 591 2070 646 fernis
2113 591 2376 646 thalamos
2415 591 2638 662 respuit,
2689 589 2900 645 ebrium
2931 587 3192 643 luxuriosi
3225 585 3486 657 principis

1901 693 2064 754 caput
2093 683 2314 754 proprio
2332 681 2502 752 ipsius
2531 682 2758 752 pugione
2777 680 3048 736 truncavit
3075 679 3304 746 (Iudith.
3335 677 3480 748 xm).

1901 779 2067 846 llujus
2089 779 2294 834 militiae
2321 793 2544 833 consors
2565 785 2681 831 erat
2711 777 2928 840 Esther,
2953 789 3074 844 quae
3095 773 3222 828 dum
3269 771 3482 826 feroces

1897 873 2121 928 Assueri
2155 873 2298 942 regis
2330 873 2543 926 animos
2571 869 2873 925 artiﬁcibus
2920 867 3164 924 delinivit
3210 865 3480 932 alloquiis,

1895 977 1946 1022 et
1973 966 2368 1022 Mai-doclueum
2393 967 2460 1020 ab
2493 963 2822 1020 imminentis
2851 961 3118 1018 sententia
3153 959 3346 1013 mortis
3375 957 3484 1012 eri-

1895 1060 2010 1128 puit
2036 1069 2084 1110 et
2111 1059 2166 1112 in
2195 1069 2356 1130 caput
2381 1057 2582 1120 Aman,
2612 1057 2702 1126 qui
2729 1057 2875 1112 necis
2899 1056 3058 1126 hujus
3085 1063 3274 1108 auctor
3305 1051 3478 1108 exsti-

1897 1159 2029 1204 terat
2045 1193 2058 1214 ,
2078 1151 2250 1222 dignae
2272 1149 2635 1204 damnationis
2658 1157 2972 1218 argumenta
2999 1145 3216 1201 retorsit
3239 1143 3476 1216 (Esther.

1893 1243 2032 1308 νιιι).
2069 1239 2217 1294 Hane
2243 1240 2514 1310 gaudebat
2555 1237 2794 1307 bajulare
2823 1235 3068 1292 militiam
3097 1235 3328 1300 Debora,
3354 1249 3476 1304 qua!

1893 1333 2016 1384 dum
2045 1333 2394 1386 Israeliticam
2417 1331 2626 1400 plebem
2649 1329 2984 1400 propheticis
3007 1327 3333 1398 gubernaret
3356 1339 3482 1379 ora-

1892 1421 2046 1484 ctilis,
2073 1423 2122 1475 in
2159 1421 2402 1492 praelium
2426 1437 2642 1492 quoque
2683 1421 2830 1475 velut
2858 1419 3103 1488 quaedam
3138 1417 3228 1472 Dei
3259 1415 3478 1472 Bellona

1891 1514 2248 1578 congrediens
2277 1513 2554 1581 copiosum
2587 1510 2744 1566 Jabin
2779 1509 2922 1582 regis
2974 1511 3274 1564 exercitum
3299 1507 3476 1578 perdi-

1891 1599 1964 1654 dit
1987 1611 2040 1655 et
2092 1602 2346 1672 populum
2395 1601 2488 1656 Dei
2522 1601 2824 1656 durissimas
2841 1599 2973 1672 jugo
3003 1599 3280 1654 servitutis
3300 1595 3480 1652 absol-

195 1698 462 1768 dirigttur,
513 1697 810 1754 Madianita
839 1701 1108 1772 quispiam
1149 1701 1286 1756 alter
1321 1703 1386 1756 ad
1438 1703 1664 1758 alterum
1711 1703 1773 1756 vi~

1891 1693 1964 1745 vit
1992 1693 2192 1758 (Judic.
2227 1693 2320 1762 tv).
2355 1691 2490 1747 Huic
2533 1691 2737 1746 militia:
2787 1690 3102 1746 deserviunt
3147 1685 3300 1742 Jahel
3339 1701 3482 1742 uxor

196 1789 329 1844 disse
356 1805 416 1844 se
439 1790 716 1844 somnium
745 1791 1402 1866 proﬁtetur[conﬁtetur].
1423 1815 1440 1845 ‹
1467 1793 1780 1858 Videbatur,

195 1880 386 1950 inquit,
425 1881 566 1936 mihi
618 1883 770 1951 quasi
827 1883 1218 1938 subcinericius
1271 1887 1424 1954 panis
1471 1903 1536 1940 ex
1583 1887 1784 1940 hordeo

199 1969 354 2036 volvi,
383 1979 436 2024 et
467 1970 526 2026 in
566 1983 742 2026 castra
771 1971 980 2028 Madian
1025 1975 1351 2030 descendere
1381 1977 1578 2048 (Judic.
1605 1981 1719 2044 vn).
1759 1997 1776 2029 ι

195 2055 430 2130 Cumque
479 2063 823 2130 pervcnissrt
851 2063 916 2116 ad
961 2065 1390 2130 tabernaculum,
1421 2069 1689 2136 percussit
1716 2067 1781 2120 il-

197 2147 310 2212 lud,
343 2159 510 2220 atque
565 2151 861 2218 subvertit,
895 2162 948 2207 et
979 2163 1136 2209 terra:
1175 2155 1417 2210 funditus
1458 2159 1778 2226 comquavil.

196 2237 482 2310 ReSpondit
505 2241 729 2298 auditor
761 2261 772 2298 :
813 2263 830 2294 ι
865 2243 978 2298 Non
1003 2253 1082 2300 est
1113 2245 1214 2300 hoc.
1239 2247 1414 2312 aliud,
1449 2249 1550 2304 nisi
1573 2249 1780 2320 gladius

195 2329 454 2388 Gedeonis
477 2331 576 2388 lilii
608 2333 734 2390 Joas
761 2336 1014 2390 Israelita:
1042 2357 1054 2390 :
1093 2339 1314 2392 tradidit
1343 2341 1488 2394 enim
1519 2341 1780 2396 Dominus

197 2420 242 2473 in
271 2438 426 2476 manu
475 2424 598 2494 ejus
641 2423 876 2490 Manlian,
919 2437 968 2480 el
1016 2429 1194 2482 omnia
1241 2439 1420 2484 castra
1455 2430 1590 2500 ejus.
1623 2451 1639 2483 ι
1675 2431 1778 2486 Per

193 2511 418 2580 Gedeon,
448 2517 550 2587 qui
591 2533 694 2572 non
722 2519 1004 2582 circuitus,
1042 2521 1136 2576 sed
1183 2521 1490 2574 circumiens
1535 2523 1588 2574 in
1633 2531 1776 2576 utero

197 2603 400 2670 dicitur,
445 2605 540 2660 ille
585 2607 781 2662 merito
835 2610 1167 2680 designatur,
1208 2611 1298 2682 qui
1349 2613 1473 2666 dum
1529 2611 1773 2683 virginali

198 2691 532 2751 clauderetur
571 2697 625 2751 in
680 2697 802 2752 alvo
841 2707 1006 2754 totam
1069 2701 1252 2756 mundi
1315 2703 1620 2756 machinam
1675 2718 1774 2758 suo

196 2785 592 2854 circumdabat,
649 2805 710 2846 ac
755 2789 1075 2864 disponebat
1121 2793 1368 2865 imperio.
1411 2795 1517 2850 Per
1559 2797 1770 2852 Madian

197 2885 391 2944 autem,
425 2880 518 2950 qui
551 2881 617 2933 de
642 2881 848 2952 judicio
899 2881 1318 2954 interpretatur,
1381 2887 1604 2958 populus
1651 2887 1772 2942 infl-

1889 1781 2084 1848 llaber,
2140 1799 2262 1837 cum
2323 1781 2563 1838 Sisaram
2619 1781 2912 1852 fugientem
2960 1779 3104 1834 intra
3153 1779 3476 1832 tabernacu-

1885 1872 1993 1925 lum
2050 1875 2268 1942 quidem
2323 1871 2518 1928 blande
2573 1871 2834 1944 suscepit,
2885 1871 2980 1926 sed
3029 1869 3314 1926 cerebrum
3351 1868 3472 1939 ejus

1884 1965 2038 2019 clavo
2097 1965 2432 2022 tabernaculi
2480 1981 2578 2036 per
2631 1973 2842 2035 tempus
2869 1973 3161 2036 utrumque
3203 1961 3476 2018 transﬁxit

1885 2057 2092 2128 (usus.

1957 2149 2126 2218 l-Injus
2176 2159 2326 2204 certe
2372 2147 2581 2204 militiae
2637 2145 2912 2218 particeps
2967 2143 3070 2200 fuit
3127 2144 3356 2216 insignis
3382 2143 3472 2199 illa

1880 2239 2154 2304 bellatrix,
2187 2239 2394 2294 scilicet
2425 2239 2584 2294 beata
2627 2235 2912 2302 Felicitas,
2953 2253 3074 2308 qua;
3105 2237 3232 2292 dum
3264 2247 3470 2306 septem

1881 2331 1980 2385 sibi
2008 2331 2146 2386 ﬁlios
2173 2331 2228 2384 in
2257 2345 2432 2402 agone
2459 2330 2747 2400 praemisit,
2777 2329 2927 2386 salvo
2957 2329 3060 2385 sibi
3085 2337 3138 2384 et
3171 2329 3254 2384 sui
3285 2337 3469 2384 certa-

1881 2423 2042 2476 minis
2066 2423 2310 2492 praemio,
2327 2421 2663 2493 septemplici
2689 2421 2744 2477 in
2777 2423 2962 2478 sobole
2985 2423 3250 2494 martyrio
3275 2421 3468 2477 trium-

1879 2515 2083 2584 phavit.
2119 2513 2267 2568 lianc
2289 2529 2505 2586 quoque
2547 2513 2800 2570 militiam
2855 2525 3078 2570 strenue
3131 2513 3470 2584 bajulavitet

1881 2609 1992 2661 hare
2023 2607 2174 2678 virgo
2201 2607 2524 2672 clarissima,
2571 2605 2724 2676 cujus
2769 2607 2928 2664 hodie
2973 2607 3151 2662 votiva
3203 2606 3468 2664 festivitas

1877 2699 2096 2752 Colitur.
2149 2699 2278 2766 Qua:
2333 2697 2584 2754 videlicet
2643 2699 2873 2770 duplicis
2925 2713 3116 2770 pugna:
3171 2699 3464 2754 victoriam

1877 2793 2070 2858 tenuit,
2101 2793 2226 2844 dum
2260 2801 2314 2848 et
2341 2791 2612 2847 titillantia
2639 2793 2819 2848 carnis
2838 2793 3110 2848 incentiva
3137 2792 3460 2863 perdomuit,

1875 2895 1928 2942 et
1975 2887 2120 2941 illata
2153 2887 2252 2942 sibi
2287 2887 2542 2943 horriﬁca
2571 2903 2850 2960 pinnarum
2897 2895 3166 2942 tormenta
3211 2885 3463 2942 calcavit.

197 2967 318 3024 delis
344 2971 632 3040 accipitur,
668 2973 734 3028 de
761 2989 870 3044 quo
903 2973 1164 3030 Dominus
1192 2977 1268 3032 ait
1295 2996 1308 3032 :
1341 2996 1360 3030 ι
1395 2977 1496 3045 Qui
1523 2995 1626 3034 non
1657 2993 1772 3034 cre-
1816 3045 1838 3046 Ῠ
1873 2975 1919 3030 0
1942 2977 2160 3046 quantis
2193 2976 2294 3030 ista
2325 2975 2692 3030 cmunlabitur
2721 2977 2957 3046 praemiis
2999 2976 3052 3030 in
3097 2975 3462 3031 retributione

197 3059 284 3126 dit,
307 3059 418 3130 jam
441 3061 722 3130 judicatus
743 3073 826 3120 est
855 3065 1036 3136 (Joan.
1069 3068 1172 3140 Iit).
1213 3089 1230 3120 ι

255 3153 422 3211 Porro
441 3167 629 3212 autem
653 3175 821 3230 usque
849 3161 916 3216 ad
947 3159 1247 3219 Salvatoris
1277 3167 1584 3230 adventum,
1615 3155 1780 3222 more

195 3245 364 3304 hordei
393 3249 495 3304 sub
525 3251 697 3320 paleis
723 3251 1068 3318 litterarum,
1115 3261 1170 3310 et
1217 3255 1350 3328 legis
1393 3267 1660 3328 praecepta
1709 3265 1766 3312 et

195 3339 556 3408 prophetarum
589 3343 906 3414 tegebantur
931 3346 1182 3410 oracula;
1223 3347 1316 3401 sed
1355 3357 1638 3418 postquam
1673 3347 1764 3406 ille

193 3429 392 3487 veniens
407 3475 420 3498 ,
443 3449 612 3504 panes
631 3435 963 3494 hordeaceos
986 3435 1165 3508 fregit,
1187 3439 1440 3508 deditque
1465 3439 1764 3510 discipulis,

193 3527 240 3572 ut
265 3521 426 3577 turbis
437 3537 794 3596 apponerent:
823 3527 972 3598 cujus
986 3529 1146 3584 etiam
1167 3530 1348 3598 operis
1368 3531 1634 3600 expositio
1658 3539 1762 3598 est,

191 3613 314 3678 quod
351 3617 684 3687 evangelista
714 3621 844 3674 dicit
875 3636 889 3674 :
921 3641 937 3672 ι
973 3621 1238 3690 Quoniam
1266 3625 1474 3694 aperuit
1505 3623 1609 3678 illis
1637 3641 1761 3679 sen-

191 3715 323 3770 sum,
357 3717 413 3762 ut
453 3709 818 3782 intelligerent
848 3711 1158 3784 Scuipturas
1187 3713 1338 3784 (Luc.
1373 3715 1552 3786 xxIv);
1587 3735 1602 3765 ι
1651 3715 1762 3786 jam

191 3809 248 3848 ex
295 3797 494 3858 hordeo
519 3845 534 3872 ,
585 3805 727 3872 quod
761 3807 934 3860 brutis
959 3807 1244 3863 videbatur
1281 3807 1607 3862 animalibus
1634 3823 1764 3862 con-

194 3901 399 3958 gruere,
423 3908 620 3962 panem
649 3893 831 3952 facere
859 3898 1108 3968 dignatus
1137 3908 1220 3954 est
1255 3899 1580 3952 animarum.
1610 3899 1763 3954 Sicut

193 3981 320 4050 enim
353 3983 616 4042 hordeum
667 3987 808 4044 inter
855 3988 1050 4044 molam
1103 3999 1390 4061 utramque.
1437 3993 1757 4060 conteritur,

193 4079 240 4124 ut
287 4088 314 4127 a
359 4073 545 4134 farina:
591 4079 866 4156 farragine
905 4082 1224 4136 cantabrum
1279 4091 1634 4150 secernatur;
1687 4085 1759 4139 ita

193 4159 320 4217 velut
345 4163 484 4222 inter
536 4169 688 4238 duos,
724 4170 858 4242 legis
893 4171 1098 4228 scilicet
1138 4181 1192 4228 et
1223 4171 1518 4244 Evangelii,
1553 4174 1758 4243 lapides

193 4263 370 4310 sancte
419 4259 673 4316 Ecclesia:
727 4261 969 4317 doctrina
1024 4263 1410 4328 commolitur,
1461 4275 1518 4318 ιιι
1567 4265 1758 4322 littera:

1797 3045 1844 3106 C
1869 3045 2170 3136 justormn!
2208 3081 2431 3138 quanta,
2455 3045 2736 3139 judicante
2777 3067 3018 3132 Christo,
3057 3067 3322 3124 ditabitur
3348 3066 3466 3138 glo-

1873 3163 1975 3226 ria,
2010 3177 2126 3230 qua:
2159 3170 2308 3216 tanto
2360 3163 2540 3217 crucis
2586 3161 2786 3217 Christi
2819 3161 2920 3218 fuit
2948 3163 3185 3232 pondere
3217 3177 3454 3232 praegra-

1873 3255 2024 3308 vata!
2074 3253 2208 3306 Nam
2234 3253 2386 3322 juxta
2423 3253 2678 3310 Veritatis
2705 3270 2914 3318 vocem,
2951 3273 2968 3304 ι
3007 3269 3213 3318 semen,
3239 3255 3384 3326 quod
3408 3255 3463 3309 in

1873 3356 2072 3400 terram
2103 3345 2317 3410 cecidit,
2337 3345 2480 3398 aliud
2497 3345 2856 3415 trigesimum,
2877 3345 3020 3399 aliud
3039 3345 3459 3416 sexagesimum,

1869 3433 2010 3488 aliud
2041 3437 2400 3489 centesimum
2425 3435 2604 3490 attulit
2631 3435 2864 3489 fructum
2899 3435 3118 3505 (Matth.
3157 3435 3300 3506 xm).
3341 3453 3361 3486 ι

1939 3525 2072 3580 Cum
2125 3543 2276 3598 ergo,
2323 3527 2462 3582 sicut
2513 3529 2812 3586 authentici
2857 3528 3107 3582 doctores
3155 3535 3455 3598 exponunt,

1869 3617 2168 3688 virginitati
2197 3617 2406 3673 fructus
2432 3619 2718 3689 centuplus
2763 3619 3045 3684 debeatur,
3093 3619 3310 3690 quantis
3343 3619 3460 3674 haec

1867 3710 2024 3764 beata
2083 3709 2235 3780 virgo
2287 3709 2720 3766 accumulabitur
2773 3711 2950 3774 donis,
3009 3727 3168 3780 quam
3225 3710 3458 3782 insignis

1865 3803 2056 3874 gratia:
2079 3803 2429 3858 decorabitur
2463 3803 2668 3870 infulis,
2703 3821 2823 3872 qua}
2859 3813 3147 3876 postquam
3195 3815 3455 3862 centenos

1866 3894 2073 3948 fructus
2103 3894 2168 3949 de
2193 3895 2505 3964 virginitate
2531 3905 2852 3962 messuerat,
2887 3897 3052 3952 etiam
3089 3897 3332 3970 martyrii
3361 3912 3452 3954 co-

1867 4001 2052 4040 ronam
2083 4003 2204 4040 cum
2237 3995 2384 4042 tanta
2409 3987 2579 4060 gloria
2614 3989 2958 4060 reportabat?
2995 3989 3129 4046 Nam
3161 4006 3283 4046 cum
3305 3997 3451 4046 esset

1865 4080 1916 4134 in
1949 4082 2248 4136 certamine
2289 4081 2607 4146 constituta,
2644 4081 2812 4138 lorica
2861 4082 2986 4138 ﬁdei
3035 4083 3358 4158 praemunita
3397 4091 3454 4140 et

1863 4175 2030 4228 armis
2055 4175 2268 4230 invicta:
2295 4177 2569 4246 patientia:
2596 4192 2658 4231 ac
2693 4177 2919 4248 gemina:
2948 4177 3238 4232 charitatis
3260 4175 3448 4232 accin-

1863 4281 1969 4336 cta,
2007 4273 2306 4341 duplicibus
2340 4273 2672 4328 diversorum
2725 4273 2962 4328 hostium
2997 4270 3305 4342 agminibus
3334 4269 3451 4324 ciu-

193 4347 482 4462 :uperﬁcies
507 4368 536 4406 a
565 4353 812 4410 medullis
839 4355 1060 4424 spiritus
1089 4355 1448 4412 discernatur.
1483 4358 1586 4412 Sed
1622 4371 1680 4413 ut
1703 4361 1753 4413 in
1785 4405 1832 4462 υ
1863 4363 2110 4430 gehatur.
2169 4361 2315 4416 Intus
2369 4371 2556 4416 contra
2607 4361 2898 4416 seditiosos
2951 4359 3224 4430 pugnabat
3275 4359 3445 4426 cives,

211 4433 557 4462 .i....._1,:__,
661 4445 692 4462 ι-
738 4445 774 4462 ,ρ
828 4461 831 4462 ν
889 4448 898 4457 .
1295 4447 1308 4462 ι
1439 4447 1452 4462 ι
1559 4449 1623 4462 ι.
1673 4447 1694 4462 η
1867 4451 1887 4462 η
1953 4453 1962 4462 .
2079 4451 2091 4462 .
2564 4459 2571 4462 .
2903 4449 3020 4462 η..
3165 4449 3228 4462 .-
3312 4449 3346 4462 _.

195 4432 264 4488 his
295 4439 470 4496 verbis
501 4460 608 4498 non
642 4445 844 4500 diutius
888 4448 1264 4512 immoremur,
1295 4447 1409 4502 haec
1438 4447 1623 4504 hordei
1670 4447 1751 4504 fa-

195 4523 326 4610 I‘itlu,
353 4531 492 4590 sacri
535 4534 877 4606 baptismatis
906 4553 1043 4607 aqua
1079 4553 1374 4608 conspersa
1401 4537 1632 4593 conﬂata
1652 4581 1666 4608 ,
1699 4549 1754 4596 et

192 4617 344 4702 sancti
371 4619 603 4692 Spiritus
627 4627 751 4696 igne
775 4640 1046 4700 percocta,
1079 4627 1139 4683 ﬁt
1165 4631 1352 4702 panis,
1377 4631 1466 4700 qui
1505 4631 1756 4688 videlicet

195 4701 380 4765 Madian
405 4725 580 4770 castra
611 4719 905 4788 subvertit,
951 4721 1074 4792 quia
1293 4731 1518 4778 cunctas
1553 4721 1744 4778 inﬁde-

196 4795 306 4888 lium
333 4809 604 4866 machinas
628 4811 876 4870 destruit.
911 4813 1008 4869 ilic
1047 4815 1221 4884 panis,
1249 4812 1412 4882 juxta
1457 4815 1570 4870 veri
1603 4815 1750 4872 illius

197 4899 476 4982 tutel-prelis
498 4901 884 4972 conjecturam,
913 4905 1184 4960 Gedeonis
1207 4913 1288 4960 est
1323 4906 1560 4978 gladius;
1595 4909 1745 4982 quia,

199 4978 317 5070 sicut
342 4987 620 5060 Apostolus
650 4997 764 5054 ait:
801 5018 818 5052 ι
847 4995 1069 5053 Gladius
1105 4995 1362 5070 Spiritus,
1398 5007 1483 5056 est
1509 4978 1746 5058 Verbum

205 5067 282 5126 Dei
307 5073 510 5148 (Epltes.
545 5089 642 5158 v1).
693 5111 714 5144 ι

265 5163 365 5222 lloc
393 5179 554 5232 sancti
587 5181 820 5252 Spiritus
857 5181 1035 5252 gladio
1079 5199 1176 5240 rex
1219 5184 1553 5240 exercituum
1583 5185 1743 5244 Chri-

199 5260 298 5312 stus
323 5275 440 5320 suos
465 5281 635 5322 armat
689 5277 909 5322 milites-
947 5274 1048 5322 hoc
1074 5275 1234 5322 etiam
1274 5287 1402 5322 snas
1454 5279 1734 5322 nmen-intrii

1788 5309 1794 5318 ο
1841 5307 1882 5322 ᾗ

1863 4451 1993 4504 foris
2027 4451 2286 4504 adversus
2327 4459 2737 4519 persecuturum
2785 4465 2848 4505 ac
2899 4449 3022 4503 ﬁdei
3073 4449 3450 4507 resistentium

1857 4543 2005 4597 acies
2031 4541 2341 4595 dimicabat.
2373 4541 2480 4596 Pro
2528 4542 2739 4596 duobus
2779 4541 2974 4596 castris
3004 4539 3181 4596 stabat
3210 4555 3312 4594 una
3335 4539 3454 4597 bel-

1857 4633 2037 4688 latrix.
2085 4631 2218 4686 Hinc.
2271 4631 2548 4702 pudicitiae
2592 4633 2928 4700 clausulam;
2984 4633 3132 4688 illinc
3182 4633 3460 4701 impresso

1856 4723 2050 4796 Sponsi
2089 4725 2170 4778 sui
2195 4723 2538 4791 charactere,
2569 4725 2690 4779 ﬁdei
2733 4725 3072 4794 signaculum
3100 4721 3468 4790 defendebat.

1861 4817 1957 4879 Sic
1977 4821 2132 4874 docta
2182 4831 2372 4871 manus
2429 4821 2496 4874 ad
2541 4819 2808 4890 prrelium,
2860 4819 3200 4874 circumacto
3229 4815 3493 4892 virtutis

1857 4915 2101 4984 undique
2122 4909 2325 4980 clypeo,
2355 4912 2518 4966 modo
2543 4911 2638 4964 lita
2665 4923 2870 4965 veneno
2897 4911 3004 4966 tela
3033 4907 3277 4970 luxuriae,
3295 4923 3518 4991 mag“

1857 5005 2184 5075 imminente
2222 5001 2452 5070 Pcrﬁdia
2491 5003 2798 5074 iaCUIOI‘lll“
2832 5000 3207 5074 ί¹¹ῧτῑ¹θ¹¹ίί¹¹¹¹¹
3238 5015 3551 5076 ετθῆίὶῖθ

1853 5117 1908 5166 η
1921 5123 2000 5171 em
2027 5091 2374 5170 hropellebat.

1949 5191 2108 5278 370
2130 5185 2506 5278 Dicebatergo
2533 5189 2862 5260 agouotbela
2885 5187 2990 5247 Dei
3025 5211 3038 5248 ;
3077 5210 3095 5243 ι
3123 5185 3288 5254 Nigra
3315 5201 3514 5270 sum

2031 5289 2280 5322 rus-mnu.
2335 5277 2462 5322 ﬁlim
2506 5281 2864 5322 "inruenlnnl-
2926 5285 3064 5322 cinul
3115 5279 3506 5322 l:|ilﬂrnaD-.|
