3992 5322
495 268 603 329 895

1095 267 1154 324 S.
1193 265 1399 323 PETRI
1436 264 1720 323 DAMIANI
1758 265 1909 323 OPP.
1950 261 2129 322 PARS
2165 263 2293 323 SEU
2332 264 2567 324 TOMUS
2595 266 2658 323 ιι.
2688 295 2757 308 -
2794 264 3181 323 SERMONES.

3651 261 3755 319 896

497 381 738 438 brarum.
766 379 874 436 Sed
903 378 1253 454 intrinsecus
1275 378 1511 435 formosa
1559 393 1700 444 sum,
1733 378 1860 448 quia
1891 396 1910 429 ε
1948 393 2078 433 con-
2105 381 2155 441 Α
2185 387 2324 434 totus
2348 381 2716 436 desiderabilis
2749 379 2927 453 (Cant.
2955 381 3030 452 v).
3066 399 3084 433 ι
3123 378 3358 434 Dilectus
3387 376 3654 434 candidus
3677 387 3762 433 est

498 474 704 544 cupivit
751 488 847 528 rex
891 473 1129 544 speciem
1164 489 1362 538 meam,
1387 481 1440 527 et
1462 471 1640 528 omnis
1664 472 1833 542 gloria
1864 487 1981 525 mea
2007 472 2074 527 ab

499 565 660 620 intus.
690 582 710 616 ι
739 563 1000 619 Formosa
1026 578 1166 629 sum,
1201 563 1440 632 inquam,
1468 563 1608 617 sicut
1637 562 1818 632 pellis,
1845 563 1946 616 hoc
1967 570 2072 628 est,

498 659 636 715 sicut
663 656 1069 712 tabernaculum
1107 655 1428 709 Salomonis.
1466 654 1616 708 Sicut
1647 655 1792 709 enim
1822 653 2078 708 taberna-

497 749 678 805 culum
717 763 784 803 ex
839 756 1175 802 mortuorum
1224 747 1281 800 ﬁt
1320 745 1545 816 pellibus
1600 745 1940 810 animalium,
1999 745 2075 798 ita

499 841 765 894 duntaxat
788 839 861 893 illi
891 848 1016 892 sunt
1039 839 1407 893 habitaculum
1435 838 1660 906 Dei,qui
1687 836 1905 894 Christo
1927 853 2076 892 com-

499 929 736 994 mortui,
799 928 947 984 vitiis
1010 944 1224 998 quoque
1283 928 1570 998 carnisque
1621 927 2076 997 concupiscentiis

500 1020 924 1077 suntexstincti.
973 1018 1082 1075 Nec
1111 1021 1254 1074 enim
1289 1020 1551 1090 potuisset
1597 1021 1709 1073 bzec
1759 1020 1911 1088 virgo
1937 1019 2072 1073 mori

499 1129 598 1186 pro
634 1114 885 1178 Domino,
934 1114 1039 1167 nisi
1088 1121 1302 1166 mortua
1336 1111 1526 1171 fuisset
1572 1112 1822 1182 primitus
1855 1112 2072 1166 mundo.

507 1221 526 1254 ι
565 1201 760 1268 Nolite,
795 1202 993 1272 inquit,
1043 1218 1128 1257 me
1159 1203 1529 1267 considerare,
1563 1203 1703 1272 quod
1757 1201 1907 1257 fusca
1951 1202 2050 1256 sim

501 1295 626 1364 quia
655 1291 993 1348 decoloravit
1021 1308 1106 1348 me
1135 1293 1214 1347 sol
1247 1291 1422 1364 (Cant.
1449 1294 1509 1364 ι).
1551 1313 1570 1345 ›

517 1455 521 1460 ι
572 1385 616 1440 0
643 1385 766 1440 ﬁlia:
792 1384 1152 1450 Hierusalem,
1178 1384 1355 1449 idest,
1381 1400 1412 1439 ο
1441 1385 1624 1439 ﬁdeles
1653 1385 1866 1449 anima},
1912 1385 1962 1438 in
1989 1383 2074 1438 illa

523 1495 609 1534 am
633 1478 838 1534 cmlesti
869 1478 1038 1550 gloria
1076 1493 1172 1548 per
1200 1478 1523 1532 desiderium
1550 1478 1878 1541 constituue,
1912 1477 2076 1531 nolite

503 1586 588 1626 me
609 1570 974 1634 considerare,
1007 1570 1148 1637 quod
1171 1567 1324 1625 fusca
1351 1569 1474 1633 sim,
1497 1571 1547 1624 id
1575 1580 1676 1634 est,
1695 1569 1859 1624 nolite
1886 1570 2076 1638 despe-

501 1677 642 1727 rare,
673 1661 757 1715 vel
802 1661 964 1716 nimis
996 1675 1380 1731 expavescere,
1414 1664 1555 1732 quod
1588 1679 1670 1717 me
1703 1663 2078 1720 tribulationes

500 1753 835 1824 opprimunt,
879 1751 1022 1822 quod
1076 1753 1479 1824 persecutiones
1526 1752 1786 1819 allieiunl,
1836 1754 1978 1823 quod
2024 1753 2076 1807 in
2110 1742 2152 1802 Β

503 1847 603 1901 hoc
669 1847 1006 1917 tempestatis
1066 1847 1534 1916 procellarumque
1593 1847 1873 1918 naufragio
1939 1847 2082 1900 intu-

505 1950 812 1995 mescentes
861 1955 948 1994 me
991 1938 1186 1994 ﬂuctus
1215 1939 1451 2006 illidunt,
1477 1942 1605 2010 quia
1643 1939 1970 1994 decoloravit
1997 1953 2083 1993 me

503 2031 602 2096 sol,
630 2031 891 2102 quoniam
939 2046 1104 2102 super
1144 2047 1232 2085 me
1278 2032 1669 2102 persecutionis
1698 2041 1859 2086 :estus
1893 2032 2079 2086 incan-

501 2125 638 2188 duit,
665 2125 1027 2193 decoremque
1058 2140 1192 2179 meze
1220 2126 1525 2179 venustatis
1575 2141 1636 2180 ac
1667 2125 2082 2195 pulchritudinis

504 2212 806 2268 oll‘uscavit.
825 2215 900 2269 Ac
925 2215 968 2270 si
996 2214 1141 2270 dicat
1171 2232 1183 2267 :
1215 2211 1388 2270 Nolite
1413 2224 1520 2270 tam
1543 2231 1630 2279 ea,
1661 2217 1854 2285 quibus
1878 2215 2084 2270 extrin-

502 2317 660 2359 secus
687 2302 911 2374 allligor,
944 2304 1246 2368 attendere,
1272 2319 1433 2374 quam
1461 2313 1773 2358 vcrnantcm
1806 2304 2082 2360 interioris

501 2394 796 2448 venustatis
821 2394 1026 2464 species
1049 2395 1309 2463 cogitare.
1327 2394 1454 2449 Tale
1485 2403 1567 2449 est
1601 2405 1652 2449 et
1685 2397 1827 2466 quod
1848 2395 2078 2466 Aposto-

504 2483 588 2538 lus
614 2483 744 2538 dicit
774 2502 787 2538 :
827 2503 845 2535 ι
881 2481 1056 2540 Nolite
1103 2485 1334 2542 deﬁcere
1365 2486 1418 2540 in
1473 2487 1913 2543 tribulationibus
1946 2489 2083 2544 meis

507 2588 606 2643 pro
660 2573 836 2638 vobis,
868 2589 988 2643 qum
1035 2585 1118 2630 est
1161 2575 1330 2646 gloria
1363 2584 1540 2631 vestra
1583 2576 1939 2647 (Ep/188.1“);
1976 2593 2082 2633 non

505 2665 648 2720 enim
676 2667 960 2737 condigna:
1008 2677 1135 2723 sunt
1187 2669 1468 2738 passiones
1519 2671 1678 2741 hujus
1731 2673 1988 2743 temporis
2017 2673 2084 2728 ad

502 2759 739 2816 futuram
789 2762 1036 2833 gloriam,
1089 2779 1209 2834 quae
1251 2764 1579 2820 revelabitur
1633 2767 1686 2822 in
1725 2767 1880 2823 nobis
1907 2769 2081 2839 (Rom.

503 2853 646 2921 vm).
679 2871 698 2903 ι
730 2851 881 2908 Hanc
909 2864 1089 2910 autem
1113 2856 1421 2910 interiorem
1445 2857 1902 2928 pulchritudinem
1926 2871 2082 2917 cxte-

504 2941 810 3014 rioremque
856 2946 1191 3016 nigredinem
1240 2950 1480 3004 breviter
1525 2949 1786 3007 Jercmias
1833 2970 2084 3025 compre-

503 3034 712 3099 hendit,
764 3035 954 3092 dicens.
985 3057 996 3092 :
1033 3057 1051 3091 ι
1102 3039 1456 3097 Candidiores
1512 3043 1755 3099 Nazarzei
1787 3044 1904 3114 ejus
1933 3048 2076 3113 nive,

2179 471 2512 543 virginitate,
2561 473 2891 528 rubicundus
2936 473 2989 528 in
3039 471 3309 543 passione.
3349 489 3368 523 ι
3405 469 3756 526 Lavit'enim

2179 577 2278 618 nos
2310 579 2339 618 a
2369 565 2605 634 peccatis
2631 565 2832 620 nostris
2889 565 2942 620 in
2973 565 3236 636 sanguine
3273 579 3372 619 suo
3416 563 3605 634 (Apoc.
3636 562 3698 632 l).
3734 582 3752 614 ι

2177 652 2345 710 Totus
2368 664 2548 710 autem
2580 655 2954 712 desiderabilis
2976 665 3077 722 est,
3109 656 3237 726 quia
3280 654 3656 711 desiderabilis
3681 663 3762 708 est

2178 745 2235 798 in
2267 745 2525 814 singulari
2558 746 2867 812 nativitate,
2896 749 2950 802 in
2977 747 3188 802 vivilica
3217 757 3416 814 morte,
3441 747 3497 802 in
3524 747 3759 818 gloriosa

2179 837 2598 899 resurrectione,
2637 836 2689 891 in
2725 837 3037 908 triumphali
3088 838 3427 894 ascensione.
3477 838 3760 893 Desidera-

2178 927 2299 981 bilis
2329 938 2427 988 est,
2486 929 2612 983 dum
2665 929 2925 1000 loquitur,
2982 931 3107 986 dum
3158 929 3425 986 mirabilia
3476 925 3776 998 operatur.’

2177 1019 2243 1075 Et
2271 1037 2303 1075 0
2331 1037 2490 1090 quam
2545 1023 2860 1092 praeclarum
2917 1039 2981 1078 ac
3031 1023 3187 1078 dulce
3231 1023 3625 1079 commercium
3673 1021 3763 1081 ubi

2179 1123 2364 1166 mutua
2416 1114 2646 1169 invicem
2697 1114 3079 1184 praedicatione
3123 1114 3376 1170 laudatur
3425 1114 3674 1185 Sponsus
3711 1120 3765 1168 et

2179 1218 2393 1272 sponsa,
2458 1204 2684 1259 Creator
2734 1215 2788 1260 et
2841 1206 3119 1260 creatura!
3176 1205 3267 1260 Sic
3323 1205 3580 1276 impletur
3621 1203 3767 1286 quod
3805 1246 3828 1270 ,

2178 1310 2272 1365 per
2309 1293 2649 1350 i’salntistam
2709 1296 2909 1352 dicitur
2963 1313 3024 1350 ε(
3087 1295 3390 1352 Jucundum
3438 1297 3511 1352 sit
3557 1297 3609 1350 ei
3655 1293 3764 1350 elo-

2178 1387 2363 1455 quium
2425 1404 2637 1452 meum,
2709 1404 2808 1459 ego
2871 1403 3000 1444 vero
3059 1387 3366 1446 delectabar
3428 1390 3483 1444 in
3535 1387 3764 1444 Domino

2185 1475 2356 1549 (Psal.
2406 1479 2544 1550 cm).
2598 1499 2614 1532 ι

2254 1571 2318 1624 Et
2351 1587 2537 1625 revera
2570 1572 2682 1626 hare
2703 1581 2786 1626 est
2813 1571 2901 1626 illa
2933 1571 3156 1627 humani
3180 1569 3396 1643 generis
3418 1584 3569 1639 pars,
3604 1565 3763 1639 virgi-

2185 1662 2322 1717 nalis
2351 1663 2557 1718 scilicet
2583 1663 2802 1728 ehorus,
2854 1664 2907 1717 in
2938 1677 3042 1733 qua
3068 1663 3211 1718 Deus
3256 1663 3611 1731 omnipotens
3641 1674 3761 1728 pro-

2183 1757 2402 1830 pensius
2429 1774 2490 1812 ac
2521 1756 2806 1827 specialius
2829 1757 3147 1812 delectatur.
3189 1753 3323 1809 Nam
3348 1763 3467 1810 esto
3494 1762 3554 1808 ut
3580 1765 3762 1807 omnes

2185 1865 2214 1904 a
2244 1851 2469 1904 Domino
2491 1850 2738 1920 discipuli
2770 1849 3239 1922 diligantur,sicut
3259 1865 3290 1903 a
3313 1847 3474 1902 Patre
3499 1846 3760 1916 diligitur,

2184 1943 2300 2013 ipso
2340 1942 2681 2010 perhibente,
2710 1942 2786 1995 ait
2823 1959 2835 1994 :
2885 1959 2904 1992 ι
2944 1938 3097 1996 Sicut
3147 1939 3338 1995 dilexit
3377 1952 3463 1992 me
3491 1935 3676 1999 Pater,
3713 1942 3765 1989 et

2183 2051 2282 2106 ego
2309 2034 2469 2089 dilexi
2499 2050 2596 2090 vos
2627 2033 2808 2105 (Joan.
2842 2034 2953 2104 xv).
2982 2053 3000 2088 ι
3035 2033 3164 2088 Esto
3188 2031 3330 2102 quod
3363 2029 3562 2085 Petrus
3591 2027 3764 2083 claves

2185 2125 2456 2196 acceperit
2487 2126 2634 2197 regni
2667 2125 2949 2180 caelorum.
2985 2123 3116 2180 Esto
3139 2123 3282 2193 quod
3302 2123 3355 2176 in
3384 2119 3541 2176 ctelis
3568 2135 3635 2174 ac
3657 2128 3761 2173 ter-

2184 2215 2278 2278 ris,
2336 2214 2536 2284 ligandi
2594 2213 2946 2283 solvendique
3001 2213 3225 2269 sortitus
3282 2211 3354 2266 sit
3395 2209 3763 2280 principatum

2185 2306 2397 2377 (Matth.
2426 2307 2561 2376 xvi),
2594 2316 2967 2362 verumtamen
3013 2305 3272 2373 Joannes,
3303 2304 3567 2375 quoniam
3616 2301 3764 2372 virgo

2182 2409 2284 2466 est,
2309 2400 2422 2469 ipse
2458 2408 2542 2455 est
2567 2398 2862 2469 discipulus
2894 2414 3053 2470 quem
3085 2397 3340 2469 diligebat
3387 2393 3550 2451 Iesus
3583 2392 3762 2464 (Jan.

2184 2491 2324 2561 xm).
2358 2491 2495 2546 Hinc
2527 2499 2610 2546 est
2636 2499 2690 2545 et
2715 2490 2859 2560 quod
2884 2485 2936 2543 in
2963 2488 3285 2560 Apocalypsi
3315 2485 3557 2542 Joannes
3588 2485 3720 2540 dicit
3746 2501 3760 2538 :

2189 2597 2206 2629 ι
2241 2577 2376 2646 Quia
2406 2594 2565 2634 nemo
2596 2588 2810 2649 poterat
2843 2577 3026 2632 dicere
3056 2577 3346 2641 canticum,
3381 2576 3484 2630 nisi
3521 2573 3612 2629 illa
3641 2588 3763 2629 cen-

2186 2681 2298 2726 tum
2333 2671 2694 2741 quadraginta
2726 2679 2962 2740 quatuor
3007 2667 3197 2734 millia,
3225 2668 3319 2738 qui
3350 2667 3519 2737 empti
3555 2663 3765 2721 suntde

2185 2773 2362 2830 terra;
2393 2765 2449 2819 hi
2471 2773 2598 2820 sunt
2617 2763 2708 2834 qui
2733 2778 2856 2818 cum
2886 2760 3206 2818 mulieribus
3227 2775 3335 2816 non
3364 2768 3492 2813 sunt
3519 2758 3764 2826 coinqui-

2183 2859 2320 2920 nati,
2343 2858 2578 2928 virgines
2609 2857 2750 2912 enim
2781 2864 2926 2921 sunt,
2950 2855 3006 2911 hi
3054 2861 3355 2924 sequuntur
3385 2853 3604 2922 Agnum
3635 2868 3764 2921 quo-

2181 2966 2393 3023 cunque
2439 2951 2561 3006 ierit
2611 2949 2794 3020 (Apoc.
2848 2951 2981 3018 xiv).
3018 2966 3036 2998 ι
3081 2946 3188 3002 Sed
3230 2945 3375 3000 hunc
3416 2945 3662 3015 Agnum,
3711 2950 3767 2996 ut

2183 3041 2366 3097 multae
2390 3041 2603 3096 valeant
2632 3040 2887 3110 virgines,
2913 3054 3018 3109 qua
3045 3038 3304 3110 graditur,
3331 3036 3513 3106 sequi,
3541 3036 3658 3106 ipse
3680 3035 3767 3089 dat

502 3123 782 3181 nitidiores
814 3126 972 3193 lacte,
1023 3130 1439 3187 rubicundiores
1488 3133 1649 3189 ebore
1677 3111 1920 3207 antiquo,
1954 3111 2078 3208 Sap;
2107 3111 2153 3176 Ο
2187 3133 2242 3190 in
2283 3133 2548 3188 servanda
2588 3131 2901 3202 virginitate
2930 3128 3313 3194 constantiam,
3362 3127 3414 3182 in
3459 3127 3766 3198 superanda

499 3215 658 3284 phiro
702 3217 1040 3287 pulchriores
1072 3220 1287 3292 (Tltren.
1339 3223 1436 3295 tv).
1475 3243 1493 3276 ι
1530 3224 1668 3282 Ecce
1716 3228 2076 3296 pulchritudo,

499 3306 594 3360 sed
622 3308 745 3362 audi
775 3309 1144 3379 nigredinem;
1178 3327 1301 3366 nam
1351 3313 1494 3370 illico
1543 3319 1828 3385 sequitur:
1868 3339 1886 3370 ‹
1916 3320 2078 3375 Deni-

498 3406 649 3466 grata
699 3409 782 3453 est
816 3415 979 3470 super
1005 3404 1270 3458 carbones
1297 3404 1467 3461 facies
1499 3422 1710 3473 eorum,
1743 3398 1797 3464 et
1824 3426 1927 3465 non
1956 3418 2081 3466 sunt

498 3486 699 3557 cogniti
750 3489 803 3543 in
861 3489 1074 3559 plateis.
1129 3492 1369 3548 Adhzesit
1410 3496 1551 3550 cutis
1608 3513 1794 3552 eorum
1841 3501 2077 3566 ossibus,

501 3578 664 3643 aruit,
692 3587 746 3632 et
773 3579 912 3634 facta
939 3590 1023 3636 est
1047 3583 1201 3652 quasi
1235 3585 1437 3656 lignum
1465 3586 1674 3658 (llud).
1706 3609 1724 3640 ι
1751 3589 1857 3646 Sed
1883 3593 2080 3662 aspici-

498 3688 618 3727 mus
666 3677 988 3733 exteriorem
1040 3679 1396 3751 nigredincm,
1445 3685 1656 3753 aperiat
1693 3685 1807 3755 ipsa
1840 3685 1981 3740 unde
2008 3685 2080 3741 sit

499 3764 725 3818 interior
752 3767 1144 3836 pulchritudo:
1197 3792 1215 3824 ι
1263 3772 1441 3829 Indica
1489 3776 1638 3843 mihi,
1674 3777 1870 3848 inquit,
1919 3793 2078 3847 quem

498 3852 673 3926 diligit
700 3860 880 3914 anima
906 3878 1044 3929 mea,
1075 3863 1165 3918 ubi
1199 3881 1408 3934 pascas,
1439 3869 1526 3922 ubi
1557 3869 1742 3934 cubes,
1771 3871 1823 3924 in
1854 3870 2080 3925 meridie

499 3947 677 4016 (Cant.
716 3953 778 4021 ι).
813 3973 830 4005 ι
867 3954 944 4009 Ac
971 3956 1012 4010 si
1043 3958 1188 4011 dicat
1222 3975 1236 4012 :
1280 3959 1323 4014 Ο
1365 3960 1572 4028 Sponse
1623 3962 1884 4027 caelestis,
1917 3977 2076 4032 quem

497 4039 679 4093 anima
721 4056 840 4096 mea
888 4044 1330 4103 inenarrabiliter
1375 4049 1567 4117 diligit,
1601 4052 1652 4105 in
1679 4067 1786 4120 quo
1813 4067 1908 4122 per
1933 4051 2079 4107 desi-

497 4128 932 4202 deriumjugitcr
982 4137 1290 4205 requiescit,
1341 4153 1498 4208 quem
1543 4140 1684 4195 ulnis
1719 4143 1921 4196 intimae
1945 4143 2080 4199 dile-

494 4223 690 4278 ctionis
713 4225 1076 4294 amplectitur,
1125 4227 1176 4281 in
1201 4244 1307 4299 quo
1335 4231 1462 4284 totis
1492 4233 1791 4287 visceribus
1834 4233 2074 4289 delecta-

497 4320 602 4380 tur,
633 4314 720 4371 dic
767 4317 899 4372 mihi
961 4319 1050 4374 ubi
1083 4336 1295 4391 pascas,
1352 4322 1453 4378 hoc
1481 4333 1583 4391 est,
1638 4333 1693 4380 tu
1746 4326 1836 4396 qui
1892 4338 2079 4397 pastor

496 4409 669 4464 bonus
695 4427 775 4477 es,
826 4412 914 4468 ubi
964 4429 1093 4470 oves
1140 4424 1260 4470 tuas
1290 4433 1526 4488 pascere.
1546 4418 1735 4484 facias,
1771 4420 1882 4490 ipse
1908 4422 2072 4476 etiam

495 4498 584 4554 ubi
615 4501 800 4566 cubes,
847 4503 899 4558 id
930 4515 1035 4572 est,
1066 4507 1154 4562 ubi
1188 4510 1500 4580 requicseas
1548 4512 1600 4565 in
1651 4520 1783 4566 mstu
1815 4527 2072 4582 persecu-

497 4590 658 4648 tionis
683 4602 738 4647 et
784 4593 998 4652 fervore
1055 4600 1374 4656 tentationis
1423 4611 1652 4668 nostras;
1704 4603 1793 4658 ubi
1840 4605 2069 4674 scilicet,

495 4681 596 4736 nisi
643 4683 697 4738 in
747 4683 831 4740 his
882 4689 972 4757 qui
1022 4685 1217 4743 furenti
1267 4694 1502 4747 vesanice
1547 4695 1740 4750 cedere
1796 4698 2069 4765 nesciunt,

500 4782 554 4826 et
584 4777 880 4831 erassantis
906 4778 1127 4834 malitim
1177 4783 1460 4838 conatibus
1503 4787 1772 4841 enervitcr
1813 4803 1916 4842 non
1949 4804 2071 4844 suc-

493 4863 774 4918 cumbtmt.

565 4958 690 5012 inde
723 4973 851 5029 ergo
882 4960 1173 5019 formosam
1220 4984 1276 5022 se
1307 4984 1503 5038 Sponsa
1531 4971 1631 5026 ista
1679 4973 1912 5040 dicebat,
1941 4975 2068 5046 quia

493 5047 580 5101 ille
613 5048 663 5102 in
689 5047 804 5116 ipso
823 5055 1215 5117 persecutionis
1242 5058 1469 5113 articulo
1498 5060 1551 5113 in
1581 5076 1644 5115 ea
1677 5063 2068 5120 delectabiliter

491 5138 825 5209 quiescebat,
856 5141 944 5208 qui
971 5147 1261 5201 serenitate
1309 5150 1488 5206 vultus
1537 5153 1617 5205 sui
1647 5164 1840 5208 cuncta
1862 5155 2063 5210 clariﬁ-

492 5239 593 5284 cat.
630 5229 779 5285 Unde
809 5239 861 5285 ct
908 5246 1134 5300 sponsus
1162 5239 1227 5290 ad
1253 5254 1370 5292 eam
1409 5256 1422 5294 :
1453 5261 1468 5290 ι
1511 5241 1664 5305 Tota,
1700 5244 1896 5314 inquit,
1944 5247 2064 5317 pul-

2186 3225 2481 3281 tentatione
2509 3223 2815 3287 victoriam,
2864 3222 2917 3276 in
2961 3220 3168 3291 praemii
3222 3218 3587 3274 retributione
3618 3231 3767 3272 coro-

2183 3332 2330 3372 nam.
2385 3314 2505 3384 Ipse
2559 3313 2690 3368 dicit
2739 3332 2752 3368 :
2807 3331 2826 3364 ‹
2871 3311 2983 3382 Ego
3031 3326 3150 3366 sum
3203 3309 3374 3364 lilium
3434 3308 3766 3364 convallium

2183 3407 2358 3479 (Cant.
2389 3407 2472 3478 ιι).
2502 3426 2520 3459 ι
2550 3406 2747 3461 Lilium
2780 3403 2940 3474 plane
2970 3411 3192 3474 propter
3223 3401 3442 3458 niveum
3473 3401 3766 3456 candorem

2182 3500 2549 3556 mundissima:
2605 3498 2892 3553 castitatis.
2943 3495 3142 3552 Lilium
3183 3510 3290 3556 non
3341 3492 3638 3559 “nouitium,
3675 3491 3767 3545 sed

2182 3591 2525 3657 convallium,
2559 3591 2683 3661 quia
2711 3588 2830 3660 pias
2853 3587 3005 3658 eligit
3049 3595 3260 3642 mentes
3301 3583 3595 3654 humilium
3659 3596 3764 3639 non

2181 3685 2430 3754 scopulos
2457 3683 2726 3738 inhabitat
2757 3680 3139 3752 superborum.

2255 3773 2408 3828 Hune
2434 3773 2662 3844 Agnum,
2697 3770 3366 3840 dilectissimi,sequamur
3391 3767 3446 3822 in
3477 3767 3764 3837 via,quam

2181 3867 2236 3922 in
2262 3869 2362 3923 hac
2389 3867 2497 3921 vita
2530 3866 2735 3937 positus
2768 3864 2961 3929 tenuit,
2987 3872 3046 3918 ut
3075 3872 3130 3918 et
3165 3862 3320 3934 sequi
3369 3876 3684 3917 mereamur
3711 3861 3764 3916 in

2180 3959 2372 4032 gloria,
2396 3961 2461 4014 ad
2492 3975 2651 4030 quam
2680 3958 2889 4014 devicta
2920 3967 3096 4015 morte
3137 3956 3473 4013 conscendit.
3497 3955 3764 4012 Conside-

2181 4068 2367 4107 remus
2389 4051 2682 4119 diligenter
2708 4048 2798 4104 ubi
2829 4048 3074 4119 sintejus
3100 4047 3365 4117 impressa
3396 4046 3764 4117 vestigia,nec

2179 4143 2511 4200 declinemus
2536 4158 2564 4196 a
2590 4141 2779 4196 semita
2814 4139 3136 4211 gradientis,
3161 4138 3208 4193 si
3257 4137 3510 4192 volumus
3538 4151 3764 4192 consor-

2180 4243 2260 4290 tes
2287 4249 2408 4288 esse
2434 4231 2730 4303 regnantis.
2761 4230 2875 4284 Dux
2903 4229 3115 4285 itineris
3141 4227 3314 4284 nostri
3342 4226 3526 4282 erucis
3552 4225 3761 4282 exstitit

2177 4322 2406 4393 baiulus,
2431 4323 2553 4377 felle
2575 4322 2784 4376 cibatus
2809 4329 2911 4376 est.
2935 4319 3035 4388 Qui
3065 4334 3194 4392 ergo
3215 4319 3368 4374 ducis
3398 4316 3566 4387 hujus
3591 4317 3761 4372 vexil-

2178 4414 2286 4470 lum
2317 4414 2468 4485 sequi
2513 4413 2807 4478 desiderat,
2837 4411 3074 4467 carnalis
3109 4409 3408 4467 dulcedinis
3435 4409 3600 4466 mella
3627 4424 3760 4465 con-

2102 4477 2148 4536 B
2179 4477 2410 4560 temnat:
2435 4523 2452 4555 ι
2489 4501 2606 4558 Νοιι
2649 4477 2815 4568 enim,
2857 4503 3010 4574 juxta
3034 4501 3185 4556 Pauli
3214 4514 3428 4567 vocem,
3469 4514 3762 4572 possumus

2175 4597 2264 4652 hic
2284 4597 2518 4668 gaudere
2542 4596 2606 4651 de
2628 4595 2847 4659 saeculo,
2862 4603 2918 4651 et
2943 4595 3049 4651 illic
3064 4609 3294 4667 regnare
3318 4610 3441 4649 cum
3467 4593 3712 4650 Christo.
3735 4610 3753 4646 ι

2174 4687 2312 4742 Hinc
2340 4696 2438 4753 est,
2469 4687 2610 4758 quod
2659 4703 2755 4758 per
2782 4686 3094 4742 mandatum
3137 4685 3291 4758 legis,
3337 4700 3502 4741 omne
3545 4685 3753 4740 sacriﬁ-

2172 4780 2315 4836 cium
2342 4780 2453 4836 sale
2482 4779 2876 4850 conspergitur,
2912 4779 3018 4835 mel
3041 4787 3248 4844 autem,
3287 4778 3402 4834 sive
3428 4777 3753 4833 fermentum

2170 4872 2374 4927 adoleri
2406 4873 2459 4927 in
2492 4872 2760 4928 sacriﬁcio
2802 4870 3046 4926 funditus
3095 4869 3432 4941 prohibetur.
3462 4867 3620 4924 Unde
3654 4867 3754 4922 Do-

2170 4962 2348 5018 minus
2371 4963 2438 5017 ad
2465 4961 2682 5034 Moysen
2715 4963 2766 5015 in
2797 4960 3038 5016 Levitico
3067 4980 3080 5014 :
3107 4979 3126 5012 ι
3147 4959 3360 5024 Omnis,
3381 4959 3580 5030 inquit,
3603 4955 3750 5013 obla-

2171 5052 2263 5115 tio,
2292 5066 2412 5120 quae
2441 5049 2665 5106 oﬁertur
2689 5049 2938 5114 Domino,
2969 5050 3175 5120 absque
3204 5047 3473 5104 fermento
3503 5046 3620 5112 ﬁet,
3650 5059 3747 5101 nec

2169 5143 2461 5214 quidquam
2512 5141 2760 5198 fermenti
2788 5157 2852 5196 ac
2877 5141 3051 5196 mellis
3073 5139 3378 5196 adolebitur
3401 5141 3454 5194 in
3480 5137 3748 5193 sacriﬁcio

2169 5234 2380 5289 Domini
2427 5235 2612 5306 (Lavit.
2645 5233 2729 5304 ιι).
2761 5253 2780 5285 ι
2813 5233 3070 5305 Quisquis
3095 5233 3237 5288 enim
3277 5233 3361 5287 vel
3407 5234 3654 5303 rapinam
3685 5232 3738 5286 in
