3992 5322
273 343 375 400 897
871 319 883 352 ⁵
1199 323 1228 362 ³
1303 355 1308 358 ·
1393 324 1402 371 ί

1665 337 1898 396 SERMO
1928 293 2124 396 LXIX.

3441 341 3544 399 898

278 456 618 526 voluptatem
641 468 964 524 omnemque
987 438 1219 509 carnalis
1246 453 1510 508 illecebrae
1527 452 1863 508 dulcedinem
1891 460 1946 519 Α
2043 455 2097 508 In
2124 455 2227 508 hac
2257 453 2576 526 congeritur
2604 454 2879 526 multiplex
2915 456 3151 510 varietas
3174 469 3546 514 sacramento.

278 551 521 603 damnat.
548 548 639 603 Sal
669 557 848 602 autem
879 549 1131 602 omnibus
1159 547 1470 616 praecipitur
1497 545 1863 601 oblationibus

279 641 549 705 adhiberi,
600 641 762 712 372
810 651 866 694 ut
906 641 1164 712 quidquid
1228 641 1454 695 Domino
1495 655 1656 710 super
1711 655 1863 694 aram

277 735 457 788 devoti
487 735 666 788 cordis
686 733 984 798 offerimus,
1018 735 1243 788 rationis
1275 749 1490 803 semper
1514 743 1676 804 atque
1701 732 1862 788 intel-

277 823 515 894 ligentia:
564 839 757 895 sapore
813 825 1036 880 condire
1083 824 1418 879 Studeamus.
1483 824 1577 878 Ait
1640 823 1787 878 enim
1844 836 1862 877 :

283 936 302 970 ι
331 917 603 986 Quidquid
630 917 891 972 obtuleris
922 917 1198 983 sacrificii,
1225 918 1336 972 sale
1363 919 1606 984 condies,
1637 933 1742 973 nec
1764 931 1862 971 au-

278 1007 422 1064 feres
445 1009 525 1063 sal
553 1009 772 1064 fmderis
803 1010 896 1063 Dei
940 1011 1012 1063 tui
1042 1010 1109 1064 de
1148 1010 1417 1064 sacrificio
1450 1019 1560 1065 tuo.
1600 1029 1616 1062 ι

350 1105 417 1159 Ει
460 1117 517 1159 ut
563 1105 702 1175 quod
759 1106 971 1160 dicebat
1010 1105 1168 1160 altius
1197 1105 1516 1169 inculcaret,
1541 1115 1684 1160 etne
1712 1113 1866 1159 mens
1930 1119 1936 1122 '

280 1204 468 1250 nostra
520 1196 767 1251 fortassis
797 1197 1086 1267 aliquando
1132 1197 1334 1252 insulsa
1362 1197 1653 1266 desiperet,
1690 1196 1866 1251 adhuc

279 1289 642 1361 ingeminans,
675 1291 800 1345 dicit
842 1307 856 1345 :
888 1310 904 1342 ι
944 1290 1000 1345 1η
1058 1291 1203 1345 omni
1251 1290 1525 1345 oblatione
1559 1298 1645 1343 tua
1673 1286 1866 1344 offeres

278 1385 358 1439 sal
385 1383 523 1452 (Col.
555 1383 652 1453 iv).
693 1403 710 1435 ι
744 1383 854 1438 lloc
878 1383 1036 1454 plane
1087 1383 1229 1438 istud
1261 1392 1345 1438 est
1373 1382 1472 1447 sal,
1503 1382 1569 1436 de
1591 1396 1700 1452 quo
1723 1381 1863 1450 Apo-

278 1475 451 1531 stolus
477 1476 552 1529 ait
582 1494 593 1529 :
635 1495 651 1526 ‹
684 1475 738 1530 In
769 1475 1035 1547 sapientia
1070 1475 1341 1529 ambulate
1373 1474 1439 1527 ad
1465 1489 1580 1534 eos,
1613 1473 1702 1543 qui
1729 1471 1863 1528 foris

279 1578 426 1633 sunt,
463 1578 676 1639 tempus
705 1569 1054 1624 redimentes.
1111 1568 1304 1623 Sermo
1360 1576 1537 1621 vester
1565 1581 1780 1636 semper
1810 1564 1865 1620 in

280 1661 454 1727 gratia
485 1658 598 1714 sale
630 1659 699 1714 sit
723 1659 992 1726 conditus,
1013 1666 1070 1713 ut
1092 1659 1297 1722 sciatis,
1317 1657 1588 1730 quomodo
1617 1664 1868 1727 oporteat

279 1762 376 1802 vos
405 1748 698 1818 unicuique
730 1748 1059 1818 respondere
1111 1746 1319 1818 (lbid.).
1360 1766 1378 1797 ι
1418 1746 1492 1800 De
1523 1747 1624 1800 hoc
1671 1746 1782 1800 sale
1810 1754 1863 1800 et

1925 568 1930 572 ι
1971 561 2116 611 rum,
2148 555 2203 600 et
2234 547 2538 616 contegitur
2570 548 2865 616 antiquitas
2912 548 3411 604 misericordiarum
3438 551 3546 607 Do-

1969 638 2103 693 mini
2131 637 2224 694 Dei
2267 639 2461 693 nostri.
2508 638 2575 693 Et
2597 649 2654 693 ut
2682 640 2916 695 breviter
2944 639 3105 711 373
3129 641 3548 712 intelligentiolze

1968 738 2167 786 nostrae
2189 729 2534 800 propalemus
2557 730 2885 800 indaginem,
2910 731 3188 786 duodecim
3205 743 3549 789 sacramenta

1967 831 2094 876 sunt
2110 821 2163 875 in
2192 820 2454 885 Ecclesia,
2473 835 2592 890 quae
2612 820 2772 875 unius
2794 821 2913 876 fidei
2936 821 3108 891 pietas
3127 823 3384 893 contegit,
3401 823 3546 880 circa

1967 928 2199 983 quorum
2250 913 2568 968 instantiam
2598 911 2890 968 reflectitur
2916 911 3238 970 Christianae
3266 914 3546 987 religionis

1968 1005 2281 1060 auctoritas.

2036 1097 2277 1153 Primum
2301 1107 2386 1154 est
2408 1099 2752 1173 baptismatis
2781 1109 3183 1156 sacramentum
3211 1100 3349 1174 (vide
3376 1100 3544 1157 Scho-

1967 1189 2040 1244 lia
2083 1191 2152 1244 ad
2200 1190 2395 1245 calcem
2428 1192 2728 1264 sermonis).
2778 1191 2892 1248 Hoc
2913 1194 3204 1263 pretiosius
3230 1195 3547 1250 estcunctis

1965 1285 2181 1356 Opibus,
2208 1293 2264 1339 et
2283 1283 2490 1347 omnia,
2517 1300 2638 1355 qua:
2665 1285 3065 1351 desiderantur,
3088 1285 3213 1341 huic
3238 1301 3346 1340 non
3368 1286 3547 1342 valent

1967 1379 2293 1448 comparari.
2341 1377 2474 1446 Quis
2510 1377 2656 1434 enim
2697 1378 3022 1449 cogitatione
3051 1379 3251 1446 cordis,
3282 1379 3366 1434 vel
3393 1379 3545 1435 volu-

1965 1471 2176 1527 bilitate
2219 1472 2487 1527 sermonis
2531 1471 2775 1543 impleat,
2825 1482 3030 1542 quanta
3063 1473 3172 1528 sint
3201 1474 3253 1527 in
3285 1489 3546 1544 aquarum

1969 1564 2273 1618 substantia
2319 1573 2662 1620 sacramenta
2707 1565 3008 1635 completa?
3047 1565 3352 1635 Antequam
3394 1582 3549 1621 mun-

1968 1656 2068 1710 dus
2085 1656 2450 1726 parturiretur
2471 1666 2522 1710 et
2551 1671 2617 1711 ex
2641 1655 2856 1710 informi
2883 1658 3109 1711 materia
3137 1655 3548 1714 multiformium
3619 1695 3624 1699 ρ

1966 1748 2270 1816 specierum
2321 1748 2612 1802 diversitas
2680 1747 2944 1813 exsiliret,
2978 1748 3212 1820 Spiritus
3241 1752 3334 1805 Dei
3368 1751 3421 1805 in
3454 1767 3548 1804 au-

279 1846 541 1901 Dominus
564 1846 679 1899 ait:
717 1863 735 1896 σ
775 1844 833 1900 Si
861 1845 939 1901 sal
962 1844 1286 1899 infatuatum
1314 1843 1494 1908 luerit,
1525 1843 1577 1896 in
1603 1858 1708 1912 quo
1735 1859 1864 1896 cou-
1893 1835 1939 1895 Β
1969 1841 2098 1912 riga:
2151 1841 2368 1895 modmn
2422 1839 2696 1895 ferebatur
2751 1856 2915 1911 super
2969 1855 3138 1911 aquas
3195 1839 3348 1912 (Gen.
3385 1840 3448 1914 ι),
3491 1849 3548 1897 et

239 1925 242 1928 ’
277 1936 495 1991 dietur?
519 1935 733 2004 (Matth.
753 1936 830 2005 v.)
865 1955 883 1987 ι
917 1934 1030 1990 Non
1058 1951 1187 2006 ergo
1211 1933 1291 1988 sal
1319 1934 1490 1989 simus
1516 1932 1857 1998 infatuatum,

235 2015 244 2020 ’
279 2041 372 2092 ne,
401 2025 544 2096 quod
569 2026 730 2090 absit,
760 2042 881 2080 cum
925 2026 1087 2080 fatuis
1119 2025 1416 2096 virginibus
1441 2023 1732 2077 adveniens
1755 2037 1863 2075 cce-

278 2119 432 2175 lestis
463 2120 552 2176 ille
601 2135 698 2176 nos
740 2119 983 2190 Sponsus
1043 2120 1302 2185 inveniat,
1335 2129 1383 2172 et
1419 2117 1756 2188 pulsantibus
1799 2131 1864 2169 ac

277 2212 619 2282 gementibus
675 2211 933 2282 nuptialis
978 2210 1208 2266 convivii
1244 2210 1468 2280 januam
1501 2207 1738 2271 claudat,
1769 2206 1862 2262 sed

279 2305 592 2377 hujusmodi
625 2304 703 2360 sal
731 2320 851 2359 esse
872 2319 970 2376 per
1018 2305 1254 2358 divinam
1280 2303 1506 2372 gratiam
1530 2302 1861 2365 studeamus,

278 2397 422 2469 quod
451 2413 550 2452 nos
575 2412 696 2452 esse
717 2396 852 2460 vult,
894 2396 987 2464 qui
1031 2394 1307 2465 discipulis
1334 2394 1446 2448 suis
1497 2392 1668 2446 dicit:
1702 2408 1720 2441 ι
1757 2390 1864 2444 Vos
1903 2448 1906 2450 γ

277 2489 409 2547 estis
431 2487 510 2542 sal
533 2495 692 2541 terra:
719 2485 930 2559 (lbid.),
967 2505 984 2538 ι
1019 2495 1290 2556 quatenus
1323 2483 1669 2538 tenebrarum
1694 2495 1861 2551 opera

277 2580 666 2650 relinquentes,
701 2586 758 2633 et
787 2593 930 2633 nunc
957 2577 1302 2633 elaboremus
1342 2585 1399 2628 ut
1446 2573 1539 2628 lilii
1570 2573 1705 2628 lucis
1750 2587 1864 2627 am-

277 2672 489 2736 bulare,
527 2680 582 2728 et
607 2672 950 2743 postmodum
984 2671 1127 2725 inter
1169 2669 1440 2738 sapientes
1489 2667 1748 2736 virgines,
1771 2680 1865 2720 ac-

278 2765 460 2821 censis
491 2764 845 2836 lampadibus,
875 2762 1181 2819 advenienti
1231 2761 1408 2816 Judici
1441 2775 1749 2814 mereamur
1776 2775 1867 2813 oc-

279 2869 527 2919 currere,
556 2855 646 2924 qui
673 2869 796 2908 cum
830 2853 941 2909 Deo
969 2852 1132 2907 Patre
1163 2861 1215 2906 et
1265 2851 1469 2921 Spiritu
1513 2858 1708 2904 sancto
1736 2848 1866 2902 vivit

275 2952 334 2999 et
354 2953 547 3016 regnat
572 2959 668 3014 per
689 2944 870 2998 omnia
894 2943 1087 2998 szecula
1115 2941 1460 2997 saeculorum.
1494 2942 1688 2995 Amen.

814 3036 845 3068 "
882 3033 1115 3089 SERMO
1154 3031 1338 3087 LXIX.

640 3145 676 3184 l.
716 3143 771 3183 IN
819 3139 1175 3182 DEDICA‘I'IONB
1219 3141 1505 3180 εεειεδιέε.

1965 1933 2293 1986 elementum
2362 1932 2464 1986 hoc
2531 1931 2740 2002 figurali
2809 1933 3195 2002 priemulcebat
3255 1933 3536 2003 obsequio.

1963 2023 2173 2078 Ctelum
2209 2023 2382 2092 ipsum
2415 2038 2484 2076 ex
2513 2023 2670 2092 aquis
2696 2032 3038 2093 compactum
3067 2022 3412 2078 Hebraeorum
3442 2032 3547 2078 tra-

1964 2117 2041 2171 dit
2074 2116 2386 2178 auctoritas,
2419 2124 2472 2170 et
2495 2129 2592 2185 per
2639 2131 2810 2186 aquas
2835 2114 3161 2170 universalis
3203 2115 3293 2170 illa
3335 2131 3536 2186 purga-

1965 2210 2038 2263 tio
2079 2209 2403 2265 celebratur.
2449 2209 2778 2264 Patriarcha:
2803 2210 2870 2264 ad
2895 2225 3064 2280 aquas
3097 2209 3232 2265 fiunt
3264 2211 3460 2276 uxorii,
3493 2219 3551 2266 et

1964 2315 2062 2370 per
2087 2316 2254 2371 aquas
2281 2300 2526 2356 lerribile‘
2552 2300 2857 2356 Judatorum
2885 2317 3130 2357 murmur
3165 2303 3546 2376 exstinguitur.

2037 2397 2225 2453 ()nmis
2267 2396 2355 2450 illa
2397 2395 2568 2451 series
2605 2395 2813 2450 Veteris
2843 2395 3196 2452 lnstrumenti
3238 2397 3550 2470 diligentius

1966 2490 2296 2559 introspecta
2323 2529 2339 2556 ,
2387 2488 2647 2559 majorem
2696 2495 3162 2542 sacramentorum
3205 2487 3545 2544 altitudinem

1965 2582 2020 2636 in
2045 2595 2309 2650 aquarum
2332 2579 2557 2633 materia
2583 2578 2940 2648 consignavit.
2961 2576 3213 2634 Salvator
3236 2579 3350 2649 ipse
3372 2577 3548 2649 legem

1967 2685 2233 2741 sequens,
2293 2669 2561 2723 itinerarii
2601 2669 2685 2722 sui
2733 2667 3058 2738 principium
3107 2669 3262 2739 aquis
3316 2669 3543 2735 indixit,

1965 2779 2091 2817 cum
2124 2761 2180 2815 in
2216 2760 2433 2815 flumine
2481 2758 2732 2814 sublimis
2764 2758 2850 2813 illa
2879 2767 3117 2828 potestas
3148 2759 3330 2816 abillo
3357 2776 3551 2832 magno

1966 2855 2186 2909 homine
2217 2853 2389 2906 voluit
2425 2851 2689 2922 baptizari
2725 2850 2942 2922 (Matth.
2967 2851 3072 2921 ιιι).
3106 2851 3347 2907 Primum
3385 2853 3551 2907 mira-

1967 2950 2148 3005 culum
2189 2963 2256 3002 ex
2308 2947 2464 3016 aquis
2504 2945 2634 3002 fecit
2660 2946 2950 3018 (Joan.tt).
3002 2945 3362 3002 Samaritanae
3396 2948 3549 3018 juxta

1964 3049 2189 3114 puteum
2233 3055 2496 3109 aquarum
2544 3038 2749 3094 fontem
2807 3054 2962 3109 aqua:
3011 3039 3255 3094 salientis
3293 3039 3345 3092 in
3380 3039 3548 3094 vitam

1967 3148 2227 3192 aeternam
2286 3134 2616 3204 repromittit
2677 3133 2984 3204 (Joan.tv).
3042 3133 3285 3205 Denique
3338 3134 3428 3204 qui
3481 3133 3551 3189 ab

351 3220 482 3275 Post
517 3234 759 3285 crucem,
810 3227 930 3288 post
966 3217 1254 3290 virginem,
1296 3227 1419 3287 post
1460 3215 1701 3287 angelos,
1735 3216 1864 3286 quid

1971 3229 2126 3298 aquis
2175 3234 2420 3296 emperat
2468 3225 2642 3279 finivit
2680 3225 2732 3278 in
2767 3225 2941 3295 aquis.
2973 3223 3272 3281 Vulnerato
3301 3226 3444 3278 enim
3473 3222 3553 3278 la-

275 3319 361 3367 est
409 3312 584 3382 majus
629 3311 686 3366 in
733 3309 910 3371 terris,
938 3309 1065 3378 quid
1119 3309 1169 3362 in
1227 3309 1378 3363 caelis
1406 3307 1734 3362 sublimius?
1772 3307 1863 3362 Illa

235 3439 244 3448 -
275 3405 466 3474 utique
485 3419 649 3475 quam
699 3402 1009 3472 acceptavit
1051 3401 1383 3465 Altissimus,
1418 3417 1538 3469 qua:
1563 3401 1868 3456 vulneravit

239 3537 246 3542 η
277 3509 375 3550 cor
397 3494 594 3567 Sponsi
622 3495 728 3561 sui,
757 3494 844 3551 cui
874 3493 1119 3564 Sponsus
1152 3493 1293 3546 idem
1332 3493 1384 3544 in
1416 3492 1657 3547 Canticis
1683 3492 1814 3546 dicit
1847 3507 1861 3545 :

282 3606 303 3639 ι
334 3586 646 3643 Vulnerasti
688 3602 786 3642 cor
816 3601 1018 3650 meum,
1070 3599 1224 3640 soror
1253 3599 1371 3638 mea
1423 3598 1645 3653 sponsa,
1675 3583 1726 3636 in
1759 3599 1865 3638 uno

239 3735 242 3738 .
276 3679 430 3734 crine
462 3678 584 3734 colli
619 3679 717 3745 tui,
763 3687 818 3734 et
849 3678 900 3732 in
944 3692 1052 3732 uno
1103 3675 1385 3730 oculorum
1440 3686 1652 3732 litorum
1686 3676 1864 3747 (Cant.

276 3772 375 3840 Iv).
406 3789 424 3821 ι
456 3769 629 3837 Quam
659 3769 906 3839 speciosa
931 3784 1128 3839 sponsa
1160 3769 1283 3834 ista,
1325 3785 1444 3838 qtue
1475 3769 1529 3822 in
1559 3785 1668 3823 uno
1693 3769 1864 3840 capil-

277 3862 391 3917 lulo
451 3872 507 3918 et
569 3862 780 3918 ocelluli
848 3861 1231 3918 sciutillatione
1297 3861 1545 3916 vulnerat
1603 3862 1866 3918 caelorum

281 3954 510 4027 Regem,
535 3956 850 4028 angelorum
884 3957 1189 4020 Dominmn,
1215 3955 1410 4010 Filium
1440 3955 1533 4012 Dei
1563 3957 1760 4012 Patris.
1792 3957 1868 4010 De

241 4049 549 4110 .illanobis
608 4059 680 4105 \st
720 4065 922 4114 sermo,
971 4049 1098 4104 licet
1152 4064 1258 4103 non
1305 4050 1375 4104 sit
1427 4065 1608 4106 sermo
1661 4051 1715 4105 in
1762 4050 1866 4104 lin-

277 4157 382 4214 gua
423 4151 633 4197 nostra.
682 4140 809 4197 Haec
849 4149 930 4195 est
980 4140 1095 4205 illa,
1139 4157 1259 4210 qua:
1283 4141 1457 4210 posita
1494 4142 1653 4196 estin
1683 4157 1869 4212 super-

279 4233 426 4288 biam
454 4231 970 4305 _saeculorum,cujus
985 4232 1154 4302 gloria
1187 4248 1217 4286 a
1250 4233 1386 4286 mari
1410 4249 1579 4304 usque
1603 4232 1668 4288 ad
1695 4248 1867 4298 mare,

277 4327 361 4381 cui
381 4343 535 4397 reges
555 4335 610 4380 et
633 4326 905 4396 principes
935 4324 1289 4388 fanmlantur,
1314 4339 1476 4394 quam
1504 4325 1864 4380 circumvolat

279 4418 587 4474 caelestium
617 4416 888 4486 legionum
912 4415 1222 4487 multitudo,
1242 4416 1414 4485 inqua
1441 4415 1559 4470 fons
1583 4417 1868 4487 sapientiae

278 4513 550 4584 repositus
574 4485 692 4574 est,
719 4529 736 4562 ‹
773 4485 990 4574 hortu§\
1007 4508 1316 4570 conclusus,
1366 4507 1486 4563 fons
1537 4485 1800 4578 srgn—atus.
1840 4526 1858 4557 ι

1970 3330 2083 3376 tere
2108 3318 2386 3383 Cruciftvi,
2421 3317 2658 3371 manavit
2685 3333 2823 3386 aqua
2855 3316 3036 3388 (Joan.
3063 3317 3200 3382 xu),
3230 3313 3350 3387 qua:
3379 3327 3552 3371 terra-

1969 3427 2088 3465 rum
2120 3411 2306 3463 orbem
2339 3409 2654 3478 purgatorio
2681 3407 2948 3462 lavamine
2977 3409 3306 3463 candidavit.
3346 3407 3428 3462 Ad
3457 3422 3556 3461 ex-

1971 3511 2200 3558 tremum
2263 3500 2522 3556 inelusiva
2588 3499 2853 3555 sententia
2913 3501 3139 3554 chorum
3197 3498 3551 3570 apostolicum

1971 3593 2256 3647 imbuens:
2294 3609 2311 3642 ‹
2343 3591 2569 3651 Euntes.
2621 3591 2815 3661 inquit,
2853 3591 3124 3660 baptizate
3152 3605 3339 3646 omnes
3367 3599 3552 3661 gentes

1969 3687 2023 3742 in
2058 3686 2271 3741 nomine
2304 3684 2503 3748 Patris,
2534 3694 2590 3739 et
2616 3683 2759 3749 Filii,
2791 3693 2845 3738 et
2875 3682 3109 3754 Spiritus
3150 3683 3322 3738 sancti
3356 3681 3549 3753 (Marc.

1972 3778 2098 3848 xvi).
2130 3797 2147 3830 ι
2182 3775 2367 3831 Nonne
2400 3776 2562 3846 igitur
2588 3775 2791 3846 liquido
2815 3774 3021 3845 colligis
3045 3775 3167 3845 quia
3194 3773 3327 3844 legis
3351 3773 3553 3828 utriusv

1933 3886 2076 3940 lque
2146 3869 2450 3924 sublimitas
2521 3868 2627 3922 vim
2699 3883 2883 3923 rerum
2953 3865 3428 3922 saeramentalium
3497 3864 3552 3920 in

1971 3961 2135 4032 hujus
2161 3960 2413 4014 elementi
2446 3960 2654 4030 liquore
2680 3959 2918 4014 refudit?
2947 3957 3062 4013 Non
3097 3967 3148 4013 te
3179 3965 3393 4012 moveat
3420 3970 3555 4027 pau-

1972 4055 2108 4108 citas
2133 4051 2527 4122 exemplorum,
2558 4067 2680 4106 cum
2711 4051 2941 4122 plurima
2971 4065 3083 4122 prae
3112 4049 3361 4104 manibus
3389 4047 3556 4104 babe-

1971 4158 2182 4212 rentor,
2217 4146 2320 4200 nisi
2357 4145 2721 4216 prolixitatem
2752 4147 3009 4201 evitasset
3041 4146 3236 4202 oratio.

2021 4237 2350 4301 Secundum
2399 4245 2482 4291 est
2527 4245 2926 4291 sacramentum
2983 4236 3434 4302 confirmationis.
3498 4233 3556 4291 In

1969 4329 2296 4399 baptismate
2343 4329 2579 4398 Spiritus
2630 4329 2790 4383 datur
2840 4329 2906 4382 ad
2953 4329 3186 4393 veniam,
3231 4327 3319 4382 his
3353 4328 3419 4381 ad
3461 4343 3559 4397 pu-

1971 4437 2162 4492 gnam;
2189 4422 2258 4477 ibi
2286 4423 2611 4476 mundamur
2641 4423 2709 4476 ab
2734 4421 3131 4489 iniquitatibus,
3157 4418 3244 4473 hic
3269 4418 3558 4474 virtutibus

1971 4515 2376 4583 praemunimur.
2410 4513 2598 4569 Nonne
2626 4513 2677 4565 in
2711 4512 3112 4582 superlimiuari
3150 4511 3331 4568 fronte
3362 4513 3555 4570 domus

245 4661 250 4670 .
277 4605 476 4662 llortus
506 4606 598 4661 ubi
627 4604 779 4662 clara
810 4604 1016 4660 rosaria
1068 4602 1366 4674 pulchriori
1397 4601 1580 4656 colore
1626 4601 1867 4670 refulgu-
1897 4577 1948 4636 Ῑ)
1977 4616 2174 4660 nostrai
2211 4605 2489 4659 terrestris
2525 4609 2840 4658 consecrata
2881 4618 3073 4656 manus
3107 4603 3248 4658 sacri
3278 4602 3560 4660 Chrisma-

276 4711 422 4766 rant,
470 4707 526 4754 et
579 4697 768 4754 felices
815 4697 982 4768 virga:
1035 4696 1226 4751 ﬂorum
1274 4703 1330 4748 et
1388 4694 1665 4749 fructuum
1693 4694 1867 4765 gloria
1937 4699 2048 4753 ‘tis
2079 4697 2343 4768 imprimit
2373 4697 2722 4750 unctionem?
2754 4695 2861 4751 Nec
2888 4694 3118 4764 quilibet
3146 4695 3278 4749 tanti
3310 4696 3566 4768 mysterii

241 4792 654 4856 cumulantur;
709 4791 922 4856 hortus,
976 4804 1135 4858 quem
1186 4797 1470 4842 ventorum
1528 4803 1636 4842 non
1698 4786 1871 4856 tangit
1975 4791 2172 4861 legitur
2205 4800 2518 4855 exsecutor,
2569 4789 2661 4843 sed
2708 4789 2853 4844 solus
2892 4789 3194 4861 episeOpus,
3225 4803 3394 4856 super
3423 4789 3575 4860 cuius

271 4883 582 4946 alternitas,
613 4881 706 4937 ubi
734 4878 1355 4949 molliorisaurtegratia
1383 4878 1700 4949 frequenter
1725 4878 1867 4946 aspi-
1977 4893 2140 4954 caput
2188 4882 2363 4936 rusum
2408 4890 2493 4936 ρει
2538 4882 2809 4936 Magonis
2855 4880 3059 4946 meum,
3100 4890 3155 4936 et
3189 4879 3343 4949 cuius
3379 4877 3588 4946 animi

237 4986 432 5033 .ratet
453 4990 694 5030 vernans
715 4974 1003 5028 ammnitas
1035 4972 1862 5038 allicitintuentes;conclusus,
1941 4974 2331 5033 sacerdotalis
2377 4973 2630 5028 subditur
2683 4972 2991 5029 multitudo.
3032 4972 3289 5044 Baptismi
3335 4979 3600 5046 gramm

269 5086 373 5094 -..-
428 5064 631 5094 manu]:
669 5065 915 5096 mnnI‘:nn
973 5077 1068 5096 non
1120 5069 1573 5096 nmunnnluln-nnn
1627 5062 1862 5096 Ιηιιῖιιιηνι

1980 5067 2121 5098 Αης-ιξ
2155 5065 2360 5098 ΙνΛηιῖιηῖ
2420 5067 2501 5098 νΛΙ
2530 5068 2674 5098 n-nn:
2701 5067 2851 5098 οΛνηῖ
2887 5068 3112 5098 Ινιηιιῖιηο
3151 5068 3406 5098 ιιὶιηῢηιιξι
3471 5095 3486 5098 _
3521 5077 3618 5098 an-
