  <div class='ocr_page' id='page_1' title='image "/cluster/home/n/w/nwhite01/storage/ocr_20150623/144/hvd.32044010574010/455.png"; bbox 0 0 3992 5322; ppageno 0'>
   <div class='ocr_carea' id='block_1_1' title="bbox 484 182 595 242">
    <p class='ocr_par' dir='ltr' id='par_1_1' title="bbox 484 182 595 242">
     <span class='ocr_line' id='line_1_1' title="bbox 484 182 595 242; baseline 0 0"><span class='ocrx_word' id='word_1_1' title='bbox 484 182 595 242; x_wconf 69' lang='grc'><strong>809</strong></span> 
     </span>
    </p>
   </div>
   <div class='ocr_carea' id='block_1_2' title="bbox 1053 147 3143 275">
    <p class='ocr_par' dir='ltr' id='par_1_2' title="bbox 1053 147 3143 275">
     <span class='ocr_line' id='line_1_2' title="bbox 1053 147 3143 275; baseline -0.001 -32"><span class='ocrx_word' id='word_1_2' title='bbox 1053 184 1111 243; x_wconf 90' lang='lat' dir='ltr'><strong>s.</strong></span> <span class='ocrx_word' id='word_1_3' title='bbox 1151 183 1361 242; x_wconf 78' lang='lat' dir='ltr'><strong>PETRI</strong></span> <span class='ocrx_word' id='word_1_4' title='bbox 1380 181 1667 241; x_wconf 74' lang='lat' dir='ltr'><strong>DAMIANI</strong></span> <span class='ocrx_word' id='word_1_5' title='bbox 1694 180 1848 241; x_wconf 82' lang='lat' dir='ltr'><strong>opp.</strong></span> <span class='ocrx_word' id='word_1_6' title='bbox 1868 147 2071 239; x_wconf 64' lang='lat' dir='ltr'><strong>me</strong></span> <span class='ocrx_word' id='word_1_7' title='bbox 2114 175 2249 239; x_wconf 72' lang='lat' dir='ltr'><strong>seu</strong></span> <span class='ocrx_word' id='word_1_8' title='bbox 2293 180 2529 241; x_wconf 77' lang='lat' dir='ltr'><strong>TOMUS</strong></span> <span class='ocrx_word' id='word_1_9' title='bbox 2553 180 2620 275; x_wconf 71' lang='lat' dir='ltr'><strong>tt.</strong></span> <span class='ocrx_word' id='word_1_10' title='bbox 2643 212 2717 227; x_wconf 93' lang='lat'><strong>—</strong></span> <span class='ocrx_word' id='word_1_11' title='bbox 2751 182 3143 243; x_wconf 73' lang='lat' dir='ltr'><strong>santiones.</strong></span> 
     </span>
    </p>
   </div>
   <div class='ocr_carea' id='block_1_3' title="bbox 3644 181 3761 247">
    <p class='ocr_par' dir='ltr' id='par_1_3' title="bbox 3644 181 3761 247">
     <span class='ocr_line' id='line_1_3' title="bbox 3644 181 3761 247; baseline 0 -2"><span class='ocrx_word' id='word_1_12' title='bbox 3644 181 3761 247; x_wconf 71' lang='lat'><strong>000</strong></span> 
     </span>
    </p>
   </div>
   <div class='ocr_carea' id='block_1_4' title="bbox 491 298 3759 374">
    <p class='ocr_par' dir='ltr' id='par_1_4' title="bbox 491 298 3759 374">
     <span class='ocr_line' id='line_1_4' title="bbox 491 298 3759 374; baseline 0.001 -17"><span class='ocrx_word' id='word_1_13' title='bbox 491 304 891 358; x_wconf 78' lang='lat' dir='ltr'><strong>descendemus</strong></span> <span class='ocrx_word' id='word_1_14' title='bbox 924 302 990 357; x_wconf 86' lang='lat' dir='ltr'><strong>ad</strong></span> <span class='ocrx_word' id='word_1_15' title='bbox 1019 303 1295 374; x_wconf 76' lang='lat' dir='ltr'><strong>singulare</strong></span> <span class='ocrx_word' id='word_1_16' title='bbox 1324 301 1638 359; x_wconf 73' lang='lat' dir='ltr'><strong>certamen!</strong></span> <span class='ocrx_word' id='word_1_17' title='bbox 1672 299 1782 356; x_wconf 85' lang='lat' dir='ltr'><strong>Nec</strong></span> <span class='ocrx_word' id='word_1_18' title='bbox 1826 314 1926 356; x_wconf 89' lang='lat' dir='ltr'><strong>nos</strong></span> <span class='ocrx_word' id='word_1_19' title='bbox 1969 299 2066 355; x_wconf 89' lang='lat' dir='ltr'><strong>de-</strong></span> <span class='ocrx_word' id='word_1_20' title='bbox 2093 298 2142 358; x_wconf 80' lang='grc' dir='ltr'><strong>Α</strong></span> <span class='ocrx_word' id='word_1_21' title='bbox 2171 301 2345 356; x_wconf 89' lang='lat' dir='ltr'><strong>nenda</strong></span> <span class='ocrx_word' id='word_1_22' title='bbox 2374 300 2650 358; x_wconf 71' lang='lat' dir='ltr'><strong>nobilitas.</strong></span> <span class='ocrx_word' id='word_1_23' title='bbox 2677 300 2932 358; x_wconf 85' lang='lat' dir='ltr'><strong>Procedit</strong></span> <span class='ocrx_word' id='word_1_24' title='bbox 2968 302 3177 359; x_wconf 90' lang='lat' dir='ltr'><strong>medius</strong></span> <span class='ocrx_word' id='word_1_25' title='bbox 3212 302 3396 370; x_wconf 86' lang='lat' dir='ltr'><strong>homo,</strong></span> <span class='ocrx_word' id='word_1_26' title='bbox 3443 317 3612 374; x_wconf 88' lang='lat' dir='ltr'><strong>super</strong></span> <span class='ocrx_word' id='word_1_27' title='bbox 3654 304 3759 360; x_wconf 79' lang='lat' dir='ltr'><strong>lio-</strong></span> 
     </span>
    </p>
   </div>
   <div class='ocr_carea' id='block_1_5' title="bbox 482 395 2065 466">
    <p class='ocr_par' dir='ltr' id='par_1_5' title="bbox 482 395 2065 466">
     <span class='ocr_line' id='line_1_5' title="bbox 482 395 2065 466; baseline 0 -17"><span class='ocrx_word' id='word_1_28' title='bbox 482 405 724 450; x_wconf 78' lang='lat' dir='ltr'><strong>terreant</strong></span> <span class='ocrx_word' id='word_1_29' title='bbox 755 411 909 450; x_wconf 86' lang='lat' dir='ltr'><strong>arma</strong></span> <span class='ocrx_word' id='word_1_30' title='bbox 936 395 1125 461; x_wconf 75' lang='lat' dir='ltr'><strong>Golite,</strong></span> <span class='ocrx_word' id='word_1_31' title='bbox 1159 397 1244 451; x_wconf 88' lang='lat' dir='ltr'><strong>vel</strong></span> <span class='ocrx_word' id='word_1_32' title='bbox 1274 396 1593 466; x_wconf 84' lang='lat' dir='ltr'><strong>magnitudo</strong></span> <span class='ocrx_word' id='word_1_33' title='bbox 1636 402 1849 451; x_wconf 79' lang='lat' dir='ltr'><strong>moveat</strong></span> <span class='ocrx_word' id='word_1_34' title='bbox 1892 404 2065 450; x_wconf 85' lang='lat' dir='ltr'><strong>statu-</strong></span> 
     </span>
    </p>
   </div>
   <div class='ocr_carea' id='block_1_6' title="bbox 2168 393 3750 468">
    <p class='ocr_par' dir='ltr' id='par_1_6' title="bbox 2168 393 3750 468">
     <span class='ocr_line' id='line_1_6' title="bbox 2168 393 3750 468; baseline 0.006 -22"><span class='ocrx_word' id='word_1_35' title='bbox 2168 393 2342 449; x_wconf 87' lang='lat' dir='ltr'><strong>mines</strong></span> <span class='ocrx_word' id='word_1_36' title='bbox 2389 403 2745 463; x_wconf 87' lang='lat' dir='ltr'><strong>regnaturus,</strong></span> <span class='ocrx_word' id='word_1_37' title='bbox 2792 395 3131 466; x_wconf 88' lang='lat' dir='ltr'><strong>constipatus</strong></span> <span class='ocrx_word' id='word_1_38' title='bbox 3181 396 3395 468; x_wconf 87' lang='lat' dir='ltr'><strong>agmine</strong></span> <span class='ocrx_word' id='word_1_39' title='bbox 3446 397 3750 467; x_wconf 84' lang='lat' dir='ltr'><strong>personali.</strong></span> 
     </span>
    </p>
   </div>
   <div class='ocr_carea' id='block_1_7' title="bbox 487 484 3753 560">
    <p class='ocr_par' dir='ltr' id='par_1_7' title="bbox 487 484 3753 560">
     <span class='ocr_line' id='line_1_7' title="bbox 487 484 3753 560; baseline 0.001 -19"><span class='ocrx_word' id='word_1_40' title='bbox 487 487 634 552; x_wconf 82' lang='lat' dir='ltr'><strong>ralis,</strong></span> <span class='ocrx_word' id='word_1_41' title='bbox 668 486 795 556; x_wconf 87' lang='lat' dir='ltr'><strong>quia</strong></span> <span class='ocrx_word' id='word_1_42' title='bbox 824 487 1109 543; x_wconf 83' lang='lat' dir='ltr'><strong>uobiscum</strong></span> <span class='ocrx_word' id='word_1_43' title='bbox 1140 502 1370 559; x_wconf 87' lang='lat' dir='ltr'><strong>magnus</strong></span> <span class='ocrx_word' id='word_1_44' title='bbox 1396 494 1481 543; x_wconf 86' lang='lat' dir='ltr'><strong>est</strong></span> <span class='ocrx_word' id='word_1_45' title='bbox 1516 486 1774 543; x_wconf 81' lang='lat' dir='ltr'><strong>Dominus</strong></span> <span class='ocrx_word' id='word_1_46' title='bbox 1804 486 1946 543; x_wconf 86' lang='lat' dir='ltr'><strong>Deus</strong></span> <span class='ocrx_word' id='word_1_47' title='bbox 1968 502 2067 543; x_wconf 84' lang='lat' dir='ltr'><strong>no-</strong></span> <span class='ocrx_word' id='word_1_48' title='bbox 2166 484 2391 543; x_wconf 85' lang='lat' dir='ltr'><strong>Ducitur</strong></span> <span class='ocrx_word' id='word_1_49' title='bbox 2437 487 2670 557; x_wconf 87' lang='lat' dir='ltr'><strong>denique</strong></span> <span class='ocrx_word' id='word_1_50' title='bbox 2717 487 2783 543; x_wconf 85' lang='lat' dir='ltr'><strong>ad</strong></span> <span class='ocrx_word' id='word_1_51' title='bbox 2827 502 2979 542; x_wconf 87' lang='lat' dir='ltr'><strong>aram</strong></span> <span class='ocrx_word' id='word_1_52' title='bbox 3029 487 3228 545; x_wconf 78' lang='lat' dir='ltr'><strong>excelsi</strong></span> <span class='ocrx_word' id='word_1_53' title='bbox 3266 488 3555 559; x_wconf 88' lang='lat' dir='ltr'><strong>Principis,</strong></span> <span class='ocrx_word' id='word_1_54' title='bbox 3604 490 3753 560; x_wconf 85' lang='lat' dir='ltr'><strong>prin-</strong></span> 
     </span>
    </p>
   </div>
   <div class='ocr_carea' id='block_1_8' title="bbox 444 576 2064 651">
    <p class='ocr_par' dir='ltr' id='par_1_8' title="bbox 444 576 2064 651">
     <span class='ocr_line' id='line_1_8' title="bbox 444 576 2064 651; baseline 0.002 -19"><span class='ocrx_word' id='word_1_55' title='bbox 444 628 447 631; x_wconf 74' lang='grc'>,</span> <span class='ocrx_word' id='word_1_56' title='bbox 475 589 613 642; x_wconf 85' lang='lat' dir='ltr'><strong>ster,</strong></span> <span class='ocrx_word' id='word_1_57' title='bbox 626 587 684 633; x_wconf 86' lang='lat' dir='ltr'><strong>et</strong></span> <span class='ocrx_word' id='word_1_58' title='bbox 704 593 898 650; x_wconf 81' lang='lat' dir='ltr'><strong>magna</strong></span> <span class='ocrx_word' id='word_1_59' title='bbox 921 580 1093 634; x_wconf 89' lang='lat' dir='ltr'><strong>virtus</strong></span> <span class='ocrx_word' id='word_1_60' title='bbox 1112 576 1638 651; x_wconf 74' lang='lat' dir='ltr'><strong>ejus(Psat.cxt.vl),</strong></span> <span class='ocrx_word' id='word_1_61' title='bbox 1652 579 2064 649; x_wconf 72' lang='lat' dir='ltr'><strong>apprehendens</strong></span> 
     </span>
    </p>
   </div>
   <div class='ocr_carea' id='block_1_9' title="bbox 470 670 2133 743">
    <p class='ocr_par' dir='ltr' id='par_1_9' title="bbox 470 670 2133 743">
     <span class='ocr_line' id='line_1_9' title="bbox 470 670 2133 743; baseline 0.002 -18"><span class='ocrx_word' id='word_1_62' title='bbox 470 685 626 725; x_wconf 73' lang='lat' dir='ltr'><strong>ama</strong></span> <span class='ocrx_word' id='word_1_63' title='bbox 658 679 981 736; x_wconf 66' lang='lat' dir='ltr'><strong>uacuum,</strong></span> <span class='ocrx_word' id='word_1_64' title='bbox 1022 679 1086 725; x_wconf 85' lang='lat' dir='ltr'><strong>nt</strong></span> <span class='ocrx_word' id='word_1_65' title='bbox 1126 682 1386 743; x_wconf 81' lang='lat' dir='ltr'><strong>exsurgat</strong></span> <span class='ocrx_word' id='word_1_66' title='bbox 1426 671 1485 727; x_wconf 80' lang='lat' dir='ltr'><strong>in</strong></span> <span class='ocrx_word' id='word_1_67' title='bbox 1525 670 1855 740; x_wconf 72' lang='lat' dir='ltr'><strong>adiutorium</strong></span> <span class='ocrx_word' id='word_1_68' title='bbox 1901 672 2062 729; x_wconf 81' lang='lat' dir='ltr'><strong>nobis</strong></span> <span class='ocrx_word' id='word_1_69' title='bbox 2124 730 2133 737; x_wconf 75' lang='grc'>,</span> 
     </span>
    </p>
   </div>
   <div class='ocr_carea' id='block_1_10' title="bbox 473 759 893 833">
    <p class='ocr_par' dir='ltr' id='par_1_10' title="bbox 473 759 893 833">
     <span class='ocr_line' id='line_1_10' title="bbox 473 759 893 833; baseline 0.005 -19"><span class='ocrx_word' id='word_1_70' title='bbox 473 759 652 833; x_wconf 72' lang='lat' dir='ltr'><strong>(Paul.</strong></span> <span class='ocrx_word' id='word_1_71' title='bbox 680 762 893 832; x_wconf 69' lang='lat' dir='ltr'><strong>xxxiv).</strong></span> 
     </span>
    </p>
   </div>
   <div class='ocr_carea' id='block_1_11' title="bbox 542 851 2052 924">
    <p class='ocr_par' dir='ltr' id='par_1_11' title="bbox 542 851 2052 924">
     <span class='ocr_line' id='line_1_11' title="bbox 542 851 2052 924; baseline 0.003 -18"><span class='ocrx_word' id='word_1_72' title='bbox 542 852 783 907; x_wconf 88' lang='lat' dir='ltr'><strong>Tertium</strong></span> <span class='ocrx_word' id='word_1_73' title='bbox 845 862 929 908; x_wconf 89' lang='lat' dir='ltr'><strong>est</strong></span> <span class='ocrx_word' id='word_1_74' title='bbox 980 851 1582 924; x_wconf 45' lang='lat' dir='ltr'><strong>uqqﬁﬂemﬁrmorum.</strong></span> <span class='ocrx_word' id='word_1_75' title='bbox 1642 852 2052 911; x_wconf 76' lang='lat' dir='ltr'><strong>lnilrrnaatibus</strong></span> 
     </span>
    </p>
   </div>
   <div class='ocr_carea' id='block_1_12' title="bbox 466 940 2055 1015">
    <p class='ocr_par' dir='ltr' id='par_1_12' title="bbox 466 940 2055 1015">
     <span class='ocr_line' id='line_1_12' title="bbox 466 940 2055 1015; baseline 0.004 -19"><span class='ocrx_word' id='word_1_76' title='bbox 466 940 636 1015; x_wconf 62' lang='grc'><strong>8⁸14</strong></span> <span class='ocrx_word' id='word_1_77' title='bbox 662 942 843 1009; x_wconf 85' lang='lat' dir='ltr'><strong>nobis,</strong></span> <span class='ocrx_word' id='word_1_78' title='bbox 870 951 929 999; x_wconf 89' lang='lat' dir='ltr'><strong>et</strong></span> <span class='ocrx_word' id='word_1_79' title='bbox 956 957 1130 1013; x_wconf 77' lang='lat' dir='ltr'><strong>usque</strong></span> <span class='ocrx_word' id='word_1_80' title='bbox 1160 942 1232 999; x_wconf 80' lang='lat' dir='ltr'><strong>ad</strong></span> <span class='ocrx_word' id='word_1_81' title='bbox 1272 955 1506 1001; x_wconf 74' lang='lat' dir='ltr'><strong>mortem</strong></span> <span class='ocrx_word' id='word_1_82' title='bbox 1554 944 1769 1002; x_wconf 85' lang='lat' dir='ltr'><strong>mortali</strong></span> <span class='ocrx_word' id='word_1_83' title='bbox 1801 955 2055 1014; x_wconf 57' lang='lat' dir='ltr'><strong>peccato-</strong></span> 
     </span>
    </p>
   </div>
   <div class='ocr_carea' id='block_1_13' title="bbox 468 1032 2053 1105">
    <p class='ocr_par' dir='ltr' id='par_1_13' title="bbox 468 1032 2053 1105">
     <span class='ocr_line' id='line_1_13' title="bbox 468 1032 2053 1105; baseline 0.001 -16"><span class='ocrx_word' id='word_1_84' title='bbox 468 1049 589 1089; x_wconf 86' lang='lat' dir='ltr'><strong>rum</strong></span> <span class='ocrx_word' id='word_1_85' title='bbox 634 1033 793 1091; x_wconf 72' lang='lat' dir='ltr'><strong>febre</strong></span> <span class='ocrx_word' id='word_1_86' title='bbox 832 1033 1244 1105; x_wconf 69' lang='lat' dir='ltr'><strong>languentibus.</strong></span> <span class='ocrx_word' id='word_1_87' title='bbox 1296 1032 1537 1104; x_wconf 79' lang='lat' dir='ltr'><strong>Spiritus</strong></span> <span class='ocrx_word' id='word_1_88' title='bbox 1580 1035 1800 1105; x_wconf 82' lang='lat' dir='ltr'><strong>pietatis</strong></span> <span class='ocrx_word' id='word_1_89' title='bbox 1825 1036 2053 1103; x_wconf 75' lang='lat' dir='ltr'><strong>assistit,</strong></span> 
     </span>
    </p>
   </div>
   <div class='ocr_carea' id='block_1_14' title="bbox 464 1126 2055 1198">
    <p class='ocr_par' dir='ltr' id='par_1_14' title="bbox 464 1126 2055 1198">
     <span class='ocr_line' id='line_1_14' title="bbox 464 1126 2055 1198; baseline 0.003 -17"><span class='ocrx_word' id='word_1_90' title='bbox 464 1134 523 1181; x_wconf 84' lang='lat' dir='ltr'><strong>et</strong></span> <span class='ocrx_word' id='word_1_91' title='bbox 562 1126 886 1181; x_wconf 83' lang='lat' dir='ltr'><strong>recordatus</strong></span> <span class='ocrx_word' id='word_1_92' title='bbox 931 1134 1018 1183; x_wconf 79' lang='lat' dir='ltr'><strong>est</strong></span> <span class='ocrx_word' id='word_1_93' title='bbox 1061 1126 1321 1197; x_wconf 66' lang='lat' dir='ltr'><strong>quoidam</strong></span> <span class='ocrx_word' id='word_1_94' title='bbox 1350 1126 1529 1198; x_wconf 80' lang='lat' dir='ltr'><strong>pulvis</strong></span> <span class='ocrx_word' id='word_1_95' title='bbox 1551 1142 1763 1185; x_wconf 78' lang='lat' dir='ltr'><strong>sanius.</strong></span> <span class='ocrx_word' id='word_1_96' title='bbox 1796 1128 1883 1184; x_wconf 87' lang='lat' dir='ltr'><strong>Ait</strong></span> <span class='ocrx_word' id='word_1_97' title='bbox 1908 1130 2055 1189; x_wconf 84' lang='lat' dir='ltr'><strong>enim</strong></span> 
     </span>
    </p>
   </div>
   <div class='ocr_carea' id='block_1_15' title="bbox 462 1216 2058 1290">
    <p class='ocr_par' dir='ltr' id='par_1_15' title="bbox 462 1216 2058 1290">
     <span class='ocr_line' id='line_1_15' title="bbox 462 1216 2058 1290; baseline 0.003 -17"><span class='ocrx_word' id='word_1_98' title='bbox 462 1216 624 1273; x_wconf 83' lang='lat' dir='ltr'><strong>divus</strong></span> <span class='ocrx_word' id='word_1_99' title='bbox 656 1216 933 1275; x_wconf 67' lang='lat' dir='ltr'><strong>Iacobus:</strong></span> <span class='ocrx_word' id='word_1_100' title='bbox 970 1237 991 1273; x_wconf 78' lang='grc' dir='ltr'><strong>σ</strong></span> <span class='ocrx_word' id='word_1_101' title='bbox 1018 1218 1337 1277; x_wconf 65' lang='grc' dir='ltr'><strong>ιηείτωιυι·</strong></span> <span class='ocrx_word' id='word_1_102' title='bbox 1365 1220 1489 1290; x_wconf 87' lang='lat' dir='ltr'><strong>quis</strong></span> <span class='ocrx_word' id='word_1_103' title='bbox 1516 1220 1573 1276; x_wconf 87' lang='lat' dir='ltr'><strong>in</strong></span> <span class='ocrx_word' id='word_1_104' title='bbox 1605 1220 1797 1278; x_wconf 81' lang='lat' dir='ltr'><strong>vobis?</strong></span> <span class='ocrx_word' id='word_1_105' title='bbox 1835 1222 2058 1278; x_wconf 65' lang='lat' dir='ltr'><strong>lnrlucat</strong></span> 
     </span>
    </p>
   </div>
   <div class='ocr_carea' id='block_1_16' title="bbox 460 1308 2051 1384">
    <p class='ocr_par' dir='ltr' id='par_1_16' title="bbox 460 1308 2051 1384">
     <span class='ocr_line' id='line_1_16' title="bbox 460 1308 2051 1384; baseline 0.002 -20"><span class='ocrx_word' id='word_1_106' title='bbox 460 1308 811 1382; x_wconf 69' lang='lat' dir='ltr'><strong>presbyteros</strong></span> <span class='ocrx_word' id='word_1_107' title='bbox 837 1308 1110 1375; x_wconf 69' lang='lat' dir='ltr'><strong>Ecclesia,</strong></span> <span class='ocrx_word' id='word_1_108' title='bbox 1146 1318 1204 1365; x_wconf 90' lang='lat' dir='ltr'><strong>et</strong></span> <span class='ocrx_word' id='word_1_109' title='bbox 1240 1318 1402 1366; x_wconf 88' lang='lat' dir='ltr'><strong>orent</strong></span> <span class='ocrx_word' id='word_1_110' title='bbox 1423 1325 1585 1381; x_wconf 85' lang='lat' dir='ltr'><strong>super</strong></span> <span class='ocrx_word' id='word_1_111' title='bbox 1605 1326 1751 1378; x_wconf 81' lang='lat' dir='ltr'><strong>eum,</strong></span> <span class='ocrx_word' id='word_1_112' title='bbox 1784 1319 2051 1384; x_wconf 85' lang='lat' dir='ltr'><strong>ungentes</strong></span> 
     </span>
    </p>
   </div>
   <div class='ocr_carea' id='block_1_17' title="bbox 462 1399 2054 1465">
    <p class='ocr_par' dir='ltr' id='par_1_17' title="bbox 462 1399 2054 1465">
     <span class='ocr_line' id='line_1_17' title="bbox 462 1399 2054 1465; baseline 0.001 -10"><span class='ocrx_word' id='word_1_113' title='bbox 462 1415 588 1455; x_wconf 81' lang='lat' dir='ltr'><strong>eum</strong></span> <span class='ocrx_word' id='word_1_114' title='bbox 614 1399 735 1457; x_wconf 88' lang='lat' dir='ltr'><strong>oleo</strong></span> <span class='ocrx_word' id='word_1_115' title='bbox 760 1399 818 1456; x_wconf 80' lang='lat' dir='ltr'><strong>in</strong></span> <span class='ocrx_word' id='word_1_116' title='bbox 843 1400 1066 1458; x_wconf 81' lang='lat' dir='ltr'><strong>nomine</strong></span> <span class='ocrx_word' id='word_1_117' title='bbox 1099 1400 1342 1465; x_wconf 91' lang='lat' dir='ltr'><strong>Domini,</strong></span> <span class='ocrx_word' id='word_1_118' title='bbox 1374 1409 1429 1456; x_wconf 93' lang='lat' dir='ltr'><strong>et</strong></span> <span class='ocrx_word' id='word_1_119' title='bbox 1457 1400 1633 1456; x_wconf 87' lang='lat' dir='ltr'><strong>oratio</strong></span> <span class='ocrx_word' id='word_1_120' title='bbox 1662 1400 1786 1457; x_wconf 81' lang='lat' dir='ltr'><strong>fidei</strong></span> <span class='ocrx_word' id='word_1_121' title='bbox 1824 1402 2054 1458; x_wconf 74' lang='lat' dir='ltr'><strong>salvabit</strong></span> 
     </span>
    </p>
   </div>
   <div class='ocr_carea' id='block_1_18' title="bbox 465 1490 2054 1564">
    <p class='ocr_par' dir='ltr' id='par_1_18' title="bbox 465 1490 2054 1564">
     <span class='ocr_line' id='line_1_18' title="bbox 465 1490 2054 1564; baseline -0.001 -15"><span class='ocrx_word' id='word_1_122' title='bbox 465 1490 769 1559; x_wconf 77' lang='lat' dir='ltr'><strong>inﬁrmam,</strong></span> <span class='ocrx_word' id='word_1_123' title='bbox 791 1499 850 1548; x_wconf 88' lang='lat' dir='ltr'><strong>ot</strong></span> <span class='ocrx_word' id='word_1_124' title='bbox 874 1490 1156 1547; x_wconf 80' lang='lat' dir='ltr'><strong>alleviabit</strong></span> <span class='ocrx_word' id='word_1_125' title='bbox 1188 1507 1313 1547; x_wconf 87' lang='lat' dir='ltr'><strong>eum</strong></span> <span class='ocrx_word' id='word_1_126' title='bbox 1357 1491 1650 1559; x_wconf 82' lang='lat' dir='ltr'><strong>Dominus;</strong></span> <span class='ocrx_word' id='word_1_127' title='bbox 1688 1502 1748 1548; x_wconf 89' lang='lat' dir='ltr'><strong>et</strong></span> <span class='ocrx_word' id='word_1_128' title='bbox 1774 1494 1821 1548; x_wconf 88' lang='lat' dir='ltr'><strong>si</strong></span> <span class='ocrx_word' id='word_1_129' title='bbox 1847 1494 1902 1548; x_wconf 84' lang='lat' dir='ltr'><strong>in</strong></span> <span class='ocrx_word' id='word_1_130' title='bbox 1930 1507 2054 1564; x_wconf 85' lang='lat' dir='ltr'><strong>pec-</strong></span> 
     </span>
    </p>
   </div>
   <div class='ocr_carea' id='block_1_19' title="bbox 458 1583 2047 1657">
    <p class='ocr_par' dir='ltr' id='par_1_19' title="bbox 458 1583 2047 1657">
     <span class='ocr_line' id='line_1_19' title="bbox 458 1583 2047 1657; baseline -0.001 -15"><span class='ocrx_word' id='word_1_131' title='bbox 458 1587 603 1642; x_wconf 81' lang='lat' dir='ltr'><strong>catis</strong></span> <span class='ocrx_word' id='word_1_132' title='bbox 625 1593 732 1652; x_wconf 82' lang='lat' dir='ltr'><strong>est,</strong></span> <span class='ocrx_word' id='word_1_133' title='bbox 761 1585 1107 1642; x_wconf 70' lang='lat' dir='ltr'><strong>dimittuntur</strong></span> <span class='ocrx_word' id='word_1_134' title='bbox 1130 1584 1183 1642; x_wconf 90' lang='lat' dir='ltr'><strong>ei</strong></span> <span class='ocrx_word' id='word_1_135' title='bbox 1205 1583 1352 1655; x_wconf 78' lang='lat' dir='ltr'><strong>(Jac.</strong></span> <span class='ocrx_word' id='word_1_136' title='bbox 1382 1585 1462 1657; x_wconf 88' lang='lat' dir='ltr'><strong>v).</strong></span> <span class='ocrx_word' id='word_1_137' title='bbox 1486 1604 1507 1637; x_wconf 76' lang='grc' dir='ltr'><strong><em>ι</em></strong></span> <span class='ocrx_word' id='word_1_138' title='bbox 1538 1583 1813 1642; x_wconf 87' lang='lat' dir='ltr'><strong>Solemnis</strong></span> <span class='ocrx_word' id='word_1_139' title='bbox 1842 1588 2047 1653; x_wconf 89' lang='lat' dir='ltr'><strong>unctio,</strong></span> 
     </span>
    </p>
   </div>
   <div class='ocr_carea' id='block_1_20' title="bbox 2158 576 3757 651">
    <p class='ocr_par' dir='ltr' id='par_1_20' title="bbox 2158 576 3757 651">
     <span class='ocr_line' id='line_1_20' title="bbox 2158 576 3757 651; baseline -0.002 -16"><span class='ocrx_word' id='word_1_140' title='bbox 2158 578 2363 649; x_wconf 77' lang='lat' dir='ltr'><strong>cipiunt</strong></span> <span class='ocrx_word' id='word_1_141' title='bbox 2419 579 2571 649; x_wconf 85' lang='lat' dir='ltr'><strong>regni</strong></span> <span class='ocrx_word' id='word_1_142' title='bbox 2635 579 2931 635; x_wconf 88' lang='lat' dir='ltr'><strong>sortiturus</strong></span> <span class='ocrx_word' id='word_1_143' title='bbox 2980 576 3049 633; x_wconf 91' lang='lat' dir='ltr'><strong>ab</strong></span> <span class='ocrx_word' id='word_1_144' title='bbox 3095 578 3188 635; x_wconf 92' lang='lat' dir='ltr'><strong>illo</strong></span> <span class='ocrx_word' id='word_1_145' title='bbox 3232 594 3332 651; x_wconf 91' lang='lat' dir='ltr'><strong>per</strong></span> <span class='ocrx_word' id='word_1_146' title='bbox 3373 594 3541 650; x_wconf 85' lang='lat' dir='ltr'><strong>quem</strong></span> <span class='ocrx_word' id='word_1_147' title='bbox 3596 596 3757 651; x_wconf 75' lang='lat' dir='ltr'><strong>reges</strong></span> 
     </span>
    </p>
   </div>
   <div class='ocr_carea' id='block_1_21' title="bbox 2165 668 3752 741">
    <p class='ocr_par' dir='ltr' id='par_1_21' title="bbox 2165 668 3752 741">
     <span class='ocr_line' id='line_1_21' title="bbox 2165 668 3752 741; baseline -0.001 -16"><span class='ocrx_word' id='word_1_148' title='bbox 2165 677 2395 740; x_wconf 84' lang='lat' dir='ltr'><strong>regnant</strong></span> <span class='ocrx_word' id='word_1_149' title='bbox 2426 668 2612 739; x_wconf 80' lang='lat' dir='ltr'><strong>(Prov.</strong></span> <span class='ocrx_word' id='word_1_150' title='bbox 2640 668 2782 741; x_wconf 83' lang='lat' dir='ltr'><strong>vui).</strong></span> <span class='ocrx_word' id='word_1_151' title='bbox 2835 668 2995 725; x_wconf 89' lang='lat' dir='ltr'><strong>Prius</strong></span> <span class='ocrx_word' id='word_1_152' title='bbox 3033 679 3214 724; x_wconf 90' lang='lat' dir='ltr'><strong>autem</strong></span> <span class='ocrx_word' id='word_1_153' title='bbox 3241 684 3404 740; x_wconf 90' lang='lat' dir='ltr'><strong>quam</strong></span> <span class='ocrx_word' id='word_1_154' title='bbox 3447 671 3752 739; x_wconf 85' lang='lat' dir='ltr'><strong>imperato-</strong></span> 
     </span>
    </p>
   </div>
   <div class='ocr_carea' id='block_1_22' title="bbox 2160 759 3752 831">
    <p class='ocr_par' dir='ltr' id='par_1_22' title="bbox 2160 759 3752 831">
     <span class='ocr_line' id='line_1_22' title="bbox 2160 759 3752 831; baseline -0.001 -14"><span class='ocrx_word' id='word_1_155' title='bbox 2160 761 2259 818; x_wconf 82' lang='lat' dir='ltr'><strong>riis</strong></span> <span class='ocrx_word' id='word_1_156' title='bbox 2301 759 2533 817; x_wconf 84' lang='lat' dir='ltr'><strong>cultibus</strong></span> <span class='ocrx_word' id='word_1_157' title='bbox 2582 760 2885 826; x_wconf 88' lang='lat' dir='ltr'><strong>vestiatur,</strong></span> <span class='ocrx_word' id='word_1_158' title='bbox 2944 759 3240 830; x_wconf 85' lang='lat' dir='ltr'><strong>requiritur</strong></span> <span class='ocrx_word' id='word_1_159' title='bbox 3285 775 3452 831; x_wconf 88' lang='lat' dir='ltr'><strong>super</strong></span> <span class='ocrx_word' id='word_1_160' title='bbox 3495 775 3564 815; x_wconf 88' lang='lat' dir='ltr'><strong>eo</strong></span> <span class='ocrx_word' id='word_1_161' title='bbox 3615 759 3752 815; x_wconf 84' lang='lat' dir='ltr'><strong>cieri</strong></span> 
     </span>
    </p>
   </div>
   <div class='ocr_carea' id='block_1_23' title="bbox 2161 851 3750 926">
    <p class='ocr_par' dir='ltr' id='par_1_23' title="bbox 2161 851 3750 926">
     <span class='ocr_line' id='line_1_23' title="bbox 2161 851 3750 926; baseline 0 -17"><span class='ocrx_word' id='word_1_162' title='bbox 2161 855 2410 911; x_wconf 84' lang='lat' dir='ltr'><strong>voluntas</strong></span> <span class='ocrx_word' id='word_1_163' title='bbox 2436 863 2491 908; x_wconf 85' lang='lat' dir='ltr'><strong>et</strong></span> <span class='ocrx_word' id='word_1_164' title='bbox 2520 854 2722 925; x_wconf 86' lang='lat' dir='ltr'><strong>populi,</strong></span> <span class='ocrx_word' id='word_1_165' title='bbox 2750 863 2805 910; x_wconf 90' lang='lat' dir='ltr'><strong>et</strong></span> <span class='ocrx_word' id='word_1_166' title='bbox 2827 869 2990 909; x_wconf 89' lang='lat' dir='ltr'><strong>manu</strong></span> <span class='ocrx_word' id='word_1_167' title='bbox 3013 855 3229 926; x_wconf 86' lang='lat' dir='ltr'><strong>propria</strong></span> <span class='ocrx_word' id='word_1_168' title='bbox 3248 851 3401 922; x_wconf 89' lang='lat' dir='ltr'><strong>jurat</strong></span> <span class='ocrx_word' id='word_1_169' title='bbox 3430 852 3750 909; x_wconf 84' lang='lat' dir='ltr'><strong>libertatem</strong></span> 
     </span>
    </p>
   </div>
   <div class='ocr_carea' id='block_1_24' title="bbox 2157 945 3753 1003">
    <p class='ocr_par' dir='ltr' id='par_1_24' title="bbox 2157 945 3753 1003">
     <span class='ocr_line' id='line_1_24' title="bbox 2157 945 3753 1003; baseline -0.003 0"><span class='ocrx_word' id='word_1_170' title='bbox 2157 946 2544 1003; x_wconf 79' lang='lat' dir='ltr'><strong>Ecclesiarum.</strong></span> <span class='ocrx_word' id='word_1_171' title='bbox 2587 946 2668 1001; x_wconf 82' lang='lat' dir='ltr'><strong>Ex</strong></span> <span class='ocrx_word' id='word_1_172' title='bbox 2712 955 2841 1002; x_wconf 89' lang='lat' dir='ltr'><strong>tunc</strong></span> <span class='ocrx_word' id='word_1_173' title='bbox 2883 946 3103 1001; x_wconf 78' lang='lat' dir='ltr'><strong>exuitur</strong></span> <span class='ocrx_word' id='word_1_174' title='bbox 3152 945 3495 1002; x_wconf 83' lang='lat' dir='ltr'><strong>vestimentis</strong></span> <span class='ocrx_word' id='word_1_175' title='bbox 3542 945 3658 1000; x_wconf 90' lang='lat' dir='ltr'><strong>suis</strong></span> <span class='ocrx_word' id='word_1_176' title='bbox 3696 952 3753 1000; x_wconf 76' lang='lat' dir='ltr'><strong>et</strong></span> 
     </span>
    </p>
   </div>
   <div class='ocr_carea' id='block_1_25' title="bbox 2156 1039 3749 1112">
    <p class='ocr_par' dir='ltr' id='par_1_25' title="bbox 2156 1039 3749 1112">
     <span class='ocr_line' id='line_1_25' title="bbox 2156 1039 3749 1112; baseline -0.003 -15"><span class='ocrx_word' id='word_1_177' title='bbox 2156 1040 2277 1097; x_wconf 81' lang='lat' dir='ltr'><strong>oleo</strong></span> <span class='ocrx_word' id='word_1_178' title='bbox 2301 1039 2748 1096; x_wconf 76' lang='lat' dir='ltr'><strong>sanctiﬁcationis</strong></span> <span class='ocrx_word' id='word_1_179' title='bbox 2791 1040 3120 1112; x_wconf 79' lang='lat' dir='ltr'><strong>aspergitur,</strong></span> <span class='ocrx_word' id='word_1_180' title='bbox 3160 1048 3221 1095; x_wconf 91' lang='lat' dir='ltr'><strong>ut</strong></span> <span class='ocrx_word' id='word_1_181' title='bbox 3257 1040 3439 1111; x_wconf 87' lang='lat' dir='ltr'><strong>typico</strong></span> <span class='ocrx_word' id='word_1_182' title='bbox 3469 1053 3597 1095; x_wconf 90' lang='lat' dir='ltr'><strong>rore</strong></span> <span class='ocrx_word' id='word_1_183' title='bbox 3622 1055 3749 1111; x_wconf 84' lang='lat' dir='ltr'><strong>pcr-</strong></span> 
     </span>
    </p>
   </div>
   <div class='ocr_carea' id='block_1_26' title="bbox 2157 1129 3749 1202">
    <p class='ocr_par' dir='ltr' id='par_1_26' title="bbox 2157 1129 3749 1202">
     <span class='ocr_line' id='line_1_26' title="bbox 2157 1129 3749 1202; baseline -0.002 -15"><span class='ocrx_word' id='word_1_184' title='bbox 2157 1130 2328 1194; x_wconf 83' lang='lat' dir='ltr'><strong>fusus,</strong></span> <span class='ocrx_word' id='word_1_185' title='bbox 2381 1131 2622 1187; x_wconf 69' lang='lat' dir='ltr'><strong>caelestis</strong></span> <span class='ocrx_word' id='word_1_186' title='bbox 2670 1130 2927 1202; x_wconf 87' lang='lat' dir='ltr'><strong>unguenti</strong></span> <span class='ocrx_word' id='word_1_187' title='bbox 2975 1130 3308 1201; x_wconf 86' lang='lat' dir='ltr'><strong>plenitudine</strong></span> <span class='ocrx_word' id='word_1_188' title='bbox 3334 1130 3624 1202; x_wconf 86' lang='lat' dir='ltr'><strong>glorietur.</strong></span> <span class='ocrx_word' id='word_1_189' title='bbox 3664 1129 3749 1184; x_wconf 85' lang='lat' dir='ltr'><strong>ln-</strong></span> 
     </span>
    </p>
   </div>
   <div class='ocr_carea' id='block_1_27' title="bbox 2156 1218 3748 1292">
    <p class='ocr_par' dir='ltr' id='par_1_27' title="bbox 2156 1218 3748 1292">
     <span class='ocr_line' id='line_1_27' title="bbox 2156 1218 3748 1292; baseline -0.001 -16"><span class='ocrx_word' id='word_1_190' title='bbox 2156 1221 2338 1276; x_wconf 88' lang='lat' dir='ltr'><strong>duitur</strong></span> <span class='ocrx_word' id='word_1_191' title='bbox 2364 1220 2596 1291; x_wconf 89' lang='lat' dir='ltr'><strong>denique</strong></span> <span class='ocrx_word' id='word_1_192' title='bbox 2623 1234 2881 1291; x_wconf 88' lang='lat' dir='ltr'><strong>purpura,</strong></span> <span class='ocrx_word' id='word_1_193' title='bbox 2909 1218 3075 1292; x_wconf 79' lang='lat'><strong>375</strong></span> <span class='ocrx_word' id='word_1_194' title='bbox 3124 1220 3266 1292; x_wconf 87' lang='lat' dir='ltr'><strong>quod</strong></span> <span class='ocrx_word' id='word_1_195' title='bbox 3304 1231 3393 1274; x_wconf 84' lang='lat' dir='ltr'><strong>est</strong></span> <span class='ocrx_word' id='word_1_196' title='bbox 3419 1219 3587 1292; x_wconf 79' lang='lat' dir='ltr'><strong>regia:</strong></span> <span class='ocrx_word' id='word_1_197' title='bbox 3632 1236 3748 1275; x_wconf 85' lang='lat' dir='ltr'><strong>ma-</strong></span> 
     </span>
    </p>
   </div>
   <div class='ocr_carea' id='block_1_28' title="bbox 2149 1306 3743 1382">
    <p class='ocr_par' dir='ltr' id='par_1_28' title="bbox 2149 1306 3743 1382">
     <span class='ocr_line' id='line_1_28' title="bbox 2149 1306 3743 1382; baseline -0.001 -16"><span class='ocrx_word' id='word_1_198' title='bbox 2149 1309 2363 1381; x_wconf 85' lang='lat' dir='ltr'><strong>jestatis</strong></span> <span class='ocrx_word' id='word_1_199' title='bbox 2399 1311 2632 1382; x_wconf 79' lang='lat' dir='ltr'><strong>insigne,</strong></span> <span class='ocrx_word' id='word_1_200' title='bbox 2672 1319 2893 1381; x_wconf 77' lang='lat' dir='ltr'><strong>gestans</strong></span> <span class='ocrx_word' id='word_1_201' title='bbox 2925 1310 3073 1381; x_wconf 85' lang='lat' dir='ltr'><strong>regni</strong></span> <span class='ocrx_word' id='word_1_202' title='bbox 3099 1319 3370 1380; x_wconf 86' lang='lat' dir='ltr'><strong>sceptrum</strong></span> <span class='ocrx_word' id='word_1_203' title='bbox 3406 1309 3462 1365; x_wconf 91' lang='lat' dir='ltr'><strong>in</strong></span> <span class='ocrx_word' id='word_1_204' title='bbox 3493 1306 3743 1365; x_wconf 83' lang='lat' dir='ltr'><strong>manibus</strong></span> 
     </span>
    </p>
   </div>
   <div class='ocr_carea' id='block_1_29' title="bbox 2153 1400 3745 1474">
    <p class='ocr_par' dir='ltr' id='par_1_29' title="bbox 2153 1400 3745 1474">
     <span class='ocr_line' id='line_1_29' title="bbox 2153 1400 3745 1474; baseline -0.003 -14"><span class='ocrx_word' id='word_1_205' title='bbox 2153 1403 2223 1460; x_wconf 90' lang='lat' dir='ltr'><strong>ad</strong></span> <span class='ocrx_word' id='word_1_206' title='bbox 2275 1404 2568 1474; x_wconf 89' lang='lat' dir='ltr'><strong>regendum</strong></span> <span class='ocrx_word' id='word_1_207' title='bbox 2624 1402 2878 1474; x_wconf 88' lang='lat' dir='ltr'><strong>populum</strong></span> <span class='ocrx_word' id='word_1_208' title='bbox 2931 1411 3180 1457; x_wconf 88' lang='lat' dir='ltr'><strong>sanctum</strong></span> <span class='ocrx_word' id='word_1_209' title='bbox 3232 1402 3347 1456; x_wconf 89' lang='lat' dir='ltr'><strong>Dei.</strong></span> <span class='ocrx_word' id='word_1_210' title='bbox 3408 1400 3643 1456; x_wconf 85' lang='lat' dir='ltr'><strong>Ponitur</strong></span> <span class='ocrx_word' id='word_1_211' title='bbox 3691 1410 3745 1456; x_wconf 88' lang='lat' dir='ltr'><strong>et</strong></span> 
     </span>
    </p>
   </div>
   <div class='ocr_carea' id='block_1_30' title="bbox 2152 1494 3749 1572">
    <p class='ocr_par' dir='ltr' id='par_1_30' title="bbox 2152 1494 3749 1572">
     <span class='ocr_line' id='line_1_30' title="bbox 2152 1494 3749 1572; baseline -0.002 -20"><span class='ocrx_word' id='word_1_212' title='bbox 2152 1511 2355 1552; x_wconf 84' lang='lat' dir='ltr'><strong>corona</strong></span> <span class='ocrx_word' id='word_1_213' title='bbox 2402 1510 2565 1572; x_wconf 79' lang='lat' dir='ltr'><strong>aurea</strong></span> <span class='ocrx_word' id='word_1_214' title='bbox 2595 1509 2756 1564; x_wconf 87' lang='lat' dir='ltr'><strong>super</strong></span> <span class='ocrx_word' id='word_1_215' title='bbox 2801 1494 2959 1565; x_wconf 85' lang='lat' dir='ltr'><strong>caput</strong></span> <span class='ocrx_word' id='word_1_216' title='bbox 3000 1495 3117 1565; x_wconf 84' lang='lat' dir='ltr'><strong>ejus</strong></span> <span class='ocrx_word' id='word_1_217' title='bbox 3150 1511 3405 1567; x_wconf 69' lang='lat' dir='ltr'><strong>expressa</strong></span> <span class='ocrx_word' id='word_1_218' title='bbox 3432 1497 3594 1566; x_wconf 90' lang='lat' dir='ltr'><strong>signo</strong></span> <span class='ocrx_word' id='word_1_219' title='bbox 3620 1512 3749 1550; x_wconf 78' lang='lat' dir='ltr'><strong>san-</strong></span> 
     </span>
    </p>
   </div>
   <div class='ocr_carea' id='block_1_31' title="bbox 2152 1584 3742 1659">
    <p class='ocr_par' dir='ltr' id='par_1_31' title="bbox 2152 1584 3742 1659">
     <span class='ocr_line' id='line_1_31' title="bbox 2152 1584 3742 1659; baseline -0.001 -16"><span class='ocrx_word' id='word_1_220' title='bbox 2152 1587 2381 1653; x_wconf 85' lang='lat' dir='ltr'><strong>ctitatis,</strong></span> <span class='ocrx_word' id='word_1_221' title='bbox 2435 1586 2609 1657; x_wconf 78' lang='lat' dir='ltr'><strong>gloria</strong></span> <span class='ocrx_word' id='word_1_222' title='bbox 2661 1586 2885 1641; x_wconf 90' lang='lat' dir='ltr'><strong>honoris</strong></span> <span class='ocrx_word' id='word_1_223' title='bbox 2922 1595 2975 1642; x_wconf 91' lang='lat' dir='ltr'><strong>et</strong></span> <span class='ocrx_word' id='word_1_224' title='bbox 3012 1601 3112 1656; x_wconf 86' lang='lat' dir='ltr'><strong>ope</strong></span> <span class='ocrx_word' id='word_1_225' title='bbox 3160 1585 3497 1642; x_wconf 90' lang='lat' dir='ltr'><strong>fortitudinis</strong></span> <span class='ocrx_word' id='word_1_226' title='bbox 3548 1584 3742 1659; x_wconf 77' lang='lat' dir='ltr'><strong>(Ecrli.</strong></span> 
     </span>
    </p>
   </div>
   <div class='ocr_carea' id='block_1_32' title="bbox 458 1670 3745 1757">
    <p class='ocr_par' dir='ltr' id='par_1_32' title="bbox 458 1670 3745 1757">
     <span class='ocr_line' id='line_1_32' title="bbox 458 1670 3745 1757; baseline 0 -26"><span class='ocrx_word' id='word_1_227' title='bbox 458 1676 637 1747; x_wconf 85' lang='lat' dir='ltr'><strong>liquor</strong></span> <span class='ocrx_word' id='word_1_228' title='bbox 678 1676 982 1743; x_wconf 67' lang='lat' dir='ltr'><strong>ascensus,</strong></span> <span class='ocrx_word' id='word_1_229' title='bbox 1030 1693 1141 1749; x_wconf 88' lang='lat' dir='ltr'><strong>quo</strong></span> <span class='ocrx_word' id='word_1_230' title='bbox 1181 1678 1385 1757; x_wconf 80' lang='lat' dir='ltr'><strong>sanitas</strong></span> <span class='ocrx_word' id='word_1_231' title='bbox 1438 1678 1705 1744; x_wconf 80' lang='lat' dir='ltr'><strong>redditur,</strong></span> <span class='ocrx_word' id='word_1_232' title='bbox 1758 1688 2041 1750; x_wconf 77' lang='lat' dir='ltr'><strong>peccatum</strong></span> <span class='ocrx_word' id='word_1_233' title='bbox 2076 1670 2122 1730; x_wconf 85' lang='grc' dir='ltr'><strong>Β</strong></span> <span class='ocrx_word' id='word_1_234' title='bbox 2150 1677 2294 1748; x_wconf 67' lang='grc' dir='ltr'><strong>κων).</strong></span> <span class='ocrx_word' id='word_1_235' title='bbox 2331 1675 2623 1731; x_wconf 61' lang='lat' dir='ltr'><strong>Praefertur</strong></span> <span class='ocrx_word' id='word_1_236' title='bbox 2648 1687 2705 1731; x_wconf 87' lang='lat' dir='ltr'><strong>et</strong></span> <span class='ocrx_word' id='word_1_237' title='bbox 2725 1676 2935 1747; x_wconf 82' lang='lat' dir='ltr'><strong>gladius</strong></span> <span class='ocrx_word' id='word_1_238' title='bbox 2960 1677 3013 1731; x_wconf 92' lang='lat' dir='ltr'><strong>in</strong></span> <span class='ocrx_word' id='word_1_239' title='bbox 3041 1677 3216 1732; x_wconf 88' lang='lat' dir='ltr'><strong>oculis</strong></span> <span class='ocrx_word' id='word_1_240' title='bbox 3258 1679 3395 1749; x_wconf 85' lang='lat' dir='ltr'><strong>ejus,</strong></span> <span class='ocrx_word' id='word_1_241' title='bbox 3445 1687 3507 1732; x_wconf 90' lang='lat' dir='ltr'><strong>ut</strong></span> <span class='ocrx_word' id='word_1_242' title='bbox 3541 1693 3745 1750; x_wconf 76' lang='lat' dir='ltr'><strong>cogno-</strong></span> 
     </span>
    </p>
   </div>
   <div class='ocr_carea' id='block_1_33' title="bbox 458 1765 2045 1841">
    <p class='ocr_par' dir='ltr' id='par_1_33' title="bbox 458 1765 2045 1841">
     <span class='ocr_line' id='line_1_33' title="bbox 458 1765 2045 1841; baseline 0.002 -19"><span class='ocrx_word' id='word_1_243' title='bbox 458 1765 772 1834; x_wconf 80' lang='lat' dir='ltr'><strong>dimittitur,</strong></span> <span class='ocrx_word' id='word_1_244' title='bbox 802 1766 1117 1824; x_wconf 72' lang='lat' dir='ltr'><strong>immittitur</strong></span> <span class='ocrx_word' id='word_1_245' title='bbox 1140 1768 1311 1823; x_wconf 80' lang='lat' dir='ltr'><strong>timor</strong></span> <span class='ocrx_word' id='word_1_246' title='bbox 1336 1766 1570 1824; x_wconf 82' lang='lat' dir='ltr'><strong>Domini.</strong></span> <span class='ocrx_word' id='word_1_247' title='bbox 1606 1769 1841 1825; x_wconf 80' lang='lat' dir='ltr'><strong>Videsne</strong></span> <span class='ocrx_word' id='word_1_248' title='bbox 1868 1770 2045 1841; x_wconf 86' lang='lat' dir='ltr'><strong>quali-</strong></span> 
     </span>
    </p>
   </div>
   <div class='ocr_carea' id='block_1_34' title="bbox 458 1860 2039 1935">
    <p class='ocr_par' dir='ltr' id='par_1_34' title="bbox 458 1860 2039 1935">
     <span class='ocr_line' id='line_1_34' title="bbox 458 1860 2039 1935; baseline 0.003 -19"><span class='ocrx_word' id='word_1_249' title='bbox 458 1860 924 1918; x_wconf 75' lang='lat' dir='ltr'><strong>toraacerdotalis</strong></span> <span class='ocrx_word' id='word_1_250' title='bbox 960 1876 1155 1918; x_wconf 75' lang='lat' dir='ltr'><strong>manus</strong></span> <span class='ocrx_word' id='word_1_251' title='bbox 1194 1862 1525 1918; x_wconf 78' lang='lat' dir='ltr'><strong>inﬁrmatis</strong></span> <span class='ocrx_word' id='word_1_252' title='bbox 1568 1877 1768 1935; x_wconf 90' lang='lat' dir='ltr'><strong>corpus</strong></span> <span class='ocrx_word' id='word_1_253' title='bbox 1801 1864 2039 1935; x_wconf 89' lang='lat' dir='ltr'><strong>alleviet,</strong></span> 
     </span>
    </p>
   </div>
   <div class='ocr_carea' id='block_1_35' title="bbox 455 1950 2044 2014">
    <p class='ocr_par' dir='ltr' id='par_1_35' title="bbox 455 1950 2044 2014">
     <span class='ocr_line' id='line_1_35' title="bbox 455 1950 2044 2014; baseline 0.004 -7"><span class='ocrx_word' id='word_1_254' title='bbox 455 1958 514 2007; x_wconf 79' lang='lat' dir='ltr'><strong>et</strong></span> <span class='ocrx_word' id='word_1_255' title='bbox 581 1950 959 2009; x_wconf 80' lang='lat' dir='ltr'><strong>illecebrosom</strong></span> <span class='ocrx_word' id='word_1_256' title='bbox 1011 1966 1267 2009; x_wconf 83' lang='lat' dir='ltr'><strong>sensuum</strong></span> <span class='ocrx_word' id='word_1_257' title='bbox 1323 1954 1616 2009; x_wconf 86' lang='lat' dir='ltr'><strong>motionem</strong></span> <span class='ocrx_word' id='word_1_258' title='bbox 1678 1956 2044 2014; x_wconf 82' lang='lat' dir='ltr'><strong>sacratissima</strong></span> 
     </span>
    </p>
   </div>
   <div class='ocr_carea' id='block_1_36' title="bbox 454 2045 2045 2117">
    <p class='ocr_par' dir='ltr' id='par_1_36' title="bbox 454 2045 2045 2117">
     <span class='ocr_line' id='line_1_36' title="bbox 454 2045 2045 2117; baseline 0.004 -17"><span class='ocrx_word' id='word_1_259' title='bbox 454 2045 667 2117; x_wconf 78' lang='lat' dir='ltr'><strong>mitiget</strong></span> <span class='ocrx_word' id='word_1_260' title='bbox 694 2047 983 2102; x_wconf 76' lang='lat' dir='ltr'><strong>unctione?</strong></span> <span class='ocrx_word' id='word_1_261' title='bbox 1013 2045 1164 2104; x_wconf 83' lang='lat' dir='ltr'><strong>Unde</strong></span> <span class='ocrx_word' id='word_1_262' title='bbox 1188 2057 1242 2102; x_wconf 91' lang='lat' dir='ltr'><strong>et</strong></span> <span class='ocrx_word' id='word_1_263' title='bbox 1264 2050 1440 2105; x_wconf 84' lang='lat' dir='ltr'><strong>sancti</strong></span> <span class='ocrx_word' id='word_1_264' title='bbox 1462 2049 1653 2107; x_wconf 87' lang='lat' dir='ltr'><strong>Patres</strong></span> <span class='ocrx_word' id='word_1_265' title='bbox 1676 2050 1818 2107; x_wconf 89' lang='lat' dir='ltr'><strong>hanc</strong></span> <span class='ocrx_word' id='word_1_266' title='bbox 1838 2052 2045 2107; x_wconf 88' lang='lat' dir='ltr'><strong>unctio-</strong></span> 
     </span>
    </p>
   </div>
   <div class='ocr_carea' id='block_1_37' title="bbox 456 2147 1516 2196">
    <p class='ocr_par' dir='ltr' id='par_1_37' title="bbox 456 2147 1516 2196">
     <span class='ocr_line' id='line_1_37' title="bbox 456 2147 1516 2196; baseline 0.001 -1"><span class='ocrx_word' id='word_1_267' title='bbox 456 2151 586 2195; x_wconf 60' lang='grc' dir='ltr'><strong>Μ</strong></span> <span class='ocrx_word' id='word_1_268' title='bbox 613 2147 1018 2194; x_wconf 72' lang='lat' dir='ltr'><strong>sacramentum</strong></span> <span class='ocrx_word' id='word_1_269' title='bbox 1044 2154 1171 2195; x_wconf 87' lang='lat' dir='ltr'><strong>esse</strong></span> <span class='ocrx_word' id='word_1_270' title='bbox 1194 2151 1516 2196; x_wconf 80' lang='lat' dir='ltr'><strong>sanxertmt.</strong></span> 
     </span>
    </p>
   </div>
   <div class='ocr_carea' id='block_1_38' title="bbox 522 2228 2042 2306">
    <p class='ocr_par' dir='ltr' id='par_1_38' title="bbox 522 2228 2042 2306">
     <span class='ocr_line' id='line_1_38' title="bbox 522 2228 2042 2306; baseline 0.005 -22"><span class='ocrx_word' id='word_1_271' title='bbox 522 2228 793 2298; x_wconf 81' lang='lat' dir='ltr'><strong>Quartum</strong></span> <span class='ocrx_word' id='word_1_272' title='bbox 839 2239 926 2286; x_wconf 81' lang='lat' dir='ltr'><strong>est</strong></span> <span class='ocrx_word' id='word_1_273' title='bbox 970 2233 1649 2303; x_wconf 57' lang='grc' dir='ltr'><strong>ωιδεεοηιὶρῷωιίίίςίδ.</strong></span> <span class='ocrx_word' id='word_1_274' title='bbox 1685 2235 1810 2290; x_wconf 61' lang='lat' dir='ltr'><strong>Haec</strong></span> <span class='ocrx_word' id='word_1_275' title='bbox 1835 2244 2042 2306; x_wconf 80' lang='lat' dir='ltr'><strong>quanto</strong></span> 
     </span>
    </p>
   </div>
   <div class='ocr_carea' id='block_1_39' title="bbox 452 2322 2043 2397">
    <p class='ocr_par' dir='ltr' id='par_1_39' title="bbox 452 2322 2043 2397">
     <span class='ocr_line' id='line_1_39' title="bbox 452 2322 2043 2397; baseline 0.001 -16"><span class='ocrx_word' id='word_1_276' title='bbox 452 2322 775 2388; x_wconf 71' lang='lat' dir='ltr'><strong>sublimior.</strong></span> <span class='ocrx_word' id='word_1_277' title='bbox 834 2332 989 2379; x_wconf 86' lang='lat' dir='ltr'><strong>tanto</strong></span> <span class='ocrx_word' id='word_1_278' title='bbox 1032 2324 1249 2396; x_wconf 78' lang='lat' dir='ltr'><strong>dignior</strong></span> <span class='ocrx_word' id='word_1_279' title='bbox 1302 2330 1654 2397; x_wconf 82' lang='lat' dir='ltr'><strong>approbatur.</strong></span> <span class='ocrx_word' id='word_1_280' title='bbox 1707 2328 1840 2383; x_wconf 87' lang='lat' dir='ltr'><strong>Cum</strong></span> <span class='ocrx_word' id='word_1_281' title='bbox 1897 2328 2043 2383; x_wconf 87' lang='lat' dir='ltr'><strong>enim</strong></span> 
     </span>
    </p>
   </div>
   <div class='ocr_carea' id='block_1_40' title="bbox 449 2414 2043 2490">
    <p class='ocr_par' dir='ltr' id='par_1_40' title="bbox 449 2414 2043 2490">
     <span class='ocr_line' id='line_1_40' title="bbox 449 2414 2043 2490; baseline 0.001 -17"><span class='ocrx_word' id='word_1_282' title='bbox 449 2414 738 2473; x_wconf 73' lang='lat' dir='ltr'><strong>canonicis</strong></span> <span class='ocrx_word' id='word_1_283' title='bbox 784 2414 1158 2471; x_wconf 83' lang='lat' dir='ltr'><strong>sanctionibus</strong></span> <span class='ocrx_word' id='word_1_284' title='bbox 1181 2417 1405 2489; x_wconf 85' lang='lat' dir='ltr'><strong>eligitur</strong></span> <span class='ocrx_word' id='word_1_285' title='bbox 1432 2433 1687 2488; x_wconf 79' lang='lat' dir='ltr'><strong>persona,</strong></span> <span class='ocrx_word' id='word_1_286' title='bbox 1727 2436 1848 2490; x_wconf 67' lang='lat' dir='ltr'><strong>qua:</strong></span> <span class='ocrx_word' id='word_1_287' title='bbox 1878 2430 2043 2476; x_wconf 68' lang='lat' dir='ltr'><strong>tanta:</strong></span> 
     </span>
    </p>
   </div>
   <div class='ocr_carea' id='block_1_41' title="bbox 448 2506 2042 2581">
    <p class='ocr_par' dir='ltr' id='par_1_41' title="bbox 448 2506 2042 2581">
     <span class='ocr_line' id='line_1_41' title="bbox 448 2506 2042 2581; baseline 0 -16"><span class='ocrx_word' id='word_1_288' title='bbox 448 2506 732 2581; x_wconf 67' lang='lat' dir='ltr'><strong>dignitatis</strong></span> <span class='ocrx_word' id='word_1_289' title='bbox 777 2506 975 2562; x_wconf 84' lang='lat' dir='ltr'><strong>debeat</strong></span> <span class='ocrx_word' id='word_1_290' title='bbox 1016 2508 1202 2564; x_wconf 78' lang='lat' dir='ltr'><strong>subire</strong></span> <span class='ocrx_word' id='word_1_291' title='bbox 1247 2508 1545 2579; x_wconf 79' lang='lat' dir='ltr'><strong>fastigium,</strong></span> <span class='ocrx_word' id='word_1_292' title='bbox 1575 2510 1772 2566; x_wconf 85' lang='lat' dir='ltr'><strong>clarior</strong></span> <span class='ocrx_word' id='word_1_293' title='bbox 1801 2510 2042 2581; x_wconf 78' lang='lat' dir='ltr'><strong>pontifex</strong></span> 
     </span>
    </p>
   </div>
   <div class='ocr_carea' id='block_1_42' title="bbox 442 2600 2043 2672">
    <p class='ocr_par' dir='ltr' id='par_1_42' title="bbox 442 2600 2043 2672">
     <span class='ocr_line' id='line_1_42' title="bbox 442 2600 2043 2672; baseline 0 -15"><span class='ocrx_word' id='word_1_294' title='bbox 442 2614 572 2657; x_wconf 82' lang='lat' dir='ltr'><strong>eum</strong></span> <span class='ocrx_word' id='word_1_295' title='bbox 640 2600 863 2657; x_wconf 68' lang='lat' dir='ltr'><strong>caeteris</strong></span> <span class='ocrx_word' id='word_1_296' title='bbox 926 2600 1279 2670; x_wconf 72' lang='lat' dir='ltr'><strong>pontiﬁcibus</strong></span> <span class='ocrx_word' id='word_1_297' title='bbox 1344 2611 1623 2658; x_wconf 80' lang='lat' dir='ltr'><strong>evocatur.</strong></span> <span class='ocrx_word' id='word_1_298' title='bbox 1700 2602 2043 2672; x_wconf 71' lang='lat' dir='ltr'><strong>Praeparalur</strong></span> 
     </span>
    </p>
   </div>
   <div class='ocr_carea' id='block_1_43' title="bbox 444 2690 2042 2766">
    <p class='ocr_par' dir='ltr' id='par_1_43' title="bbox 444 2690 2042 2766">
     <span class='ocr_line' id='line_1_43' title="bbox 444 2690 2042 2766; baseline 0.001 -16"><span class='ocrx_word' id='word_1_299' title='bbox 444 2690 715 2756; x_wconf 58' lang='grc' dir='ltr'><strong>Μαάθ.</strong></span> <span class='ocrx_word' id='word_1_300' title='bbox 755 2699 966 2762; x_wconf 77' lang='lat' dir='ltr'><strong>patrem</strong></span> <span class='ocrx_word' id='word_1_301' title='bbox 1010 2702 1329 2762; x_wconf 80' lang='lat' dir='ltr'><strong>susceptura</strong></span> <span class='ocrx_word' id='word_1_302' title='bbox 1364 2694 1435 2749; x_wconf 85' lang='lat' dir='ltr'><strong>de</strong></span> <span class='ocrx_word' id='word_1_303' title='bbox 1467 2694 1597 2749; x_wconf 86' lang='lat' dir='ltr'><strong>lilio.</strong></span> <span class='ocrx_word' id='word_1_304' title='bbox 1638 2693 1870 2766; x_wconf 86' lang='lat' dir='ltr'><strong>Ungitur</strong></span> <span class='ocrx_word' id='word_1_305' title='bbox 1900 2696 2042 2752; x_wconf 86' lang='lat' dir='ltr'><strong>illius</strong></span> 
     </span>
    </p>
   </div>
   <div class='ocr_carea' id='block_1_44' title="bbox 444 2782 2036 2854">
    <p class='ocr_par' dir='ltr' id='par_1_44' title="bbox 444 2782 2036 2854">
     <span class='ocr_line' id='line_1_44' title="bbox 444 2782 2036 2854; baseline 0.002 -13"><span class='ocrx_word' id='word_1_306' title='bbox 444 2792 609 2854; x_wconf 73' lang='lat' dir='ltr'><strong>caput</strong></span> <span class='ocrx_word' id='word_1_307' title='bbox 654 2782 775 2839; x_wconf 86' lang='lat' dir='ltr'><strong>oleo</strong></span> <span class='ocrx_word' id='word_1_308' title='bbox 802 2783 1005 2840; x_wconf 65' lang='lat' dir='ltr'><strong>latitia</strong></span> <span class='ocrx_word' id='word_1_309' title='bbox 1049 2799 1165 2854; x_wconf 62' lang='lat' dir='ltr'><strong>prae</strong></span> <span class='ocrx_word' id='word_1_310' title='bbox 1211 2786 1559 2841; x_wconf 84' lang='lat' dir='ltr'><strong>consortibus</strong></span> <span class='ocrx_word' id='word_1_311' title='bbox 1601 2788 1734 2852; x_wconf 87' lang='lat' dir='ltr'><strong>suis,</strong></span> <span class='ocrx_word' id='word_1_312' title='bbox 1789 2787 1843 2841; x_wconf 93' lang='lat' dir='ltr'><strong>in</strong></span> <span class='ocrx_word' id='word_1_313' title='bbox 1890 2788 2036 2844; x_wconf 89' lang='lat' dir='ltr'><strong>illius</strong></span> 
     </span>
    </p>
   </div>
   <div class='ocr_carea' id='block_1_45' title="bbox 444 2876 2041 2949">
    <p class='ocr_par' dir='ltr' id='par_1_45' title="bbox 444 2876 2041 2949">
     <span class='ocr_line' id='line_1_45' title="bbox 444 2876 2041 2949; baseline 0.004 -20"><span class='ocrx_word' id='word_1_314' title='bbox 444 2876 701 2948; x_wconf 65' lang='lat' dir='ltr'><strong>ﬁguram,</strong></span> <span class='ocrx_word' id='word_1_315' title='bbox 748 2877 843 2947; x_wconf 84' lang='lat' dir='ltr'><strong>qui</strong></span> <span class='ocrx_word' id='word_1_316' title='bbox 893 2876 1133 2934; x_wconf 78' lang='lat' dir='ltr'><strong>thalamo</strong></span> <span class='ocrx_word' id='word_1_317' title='bbox 1181 2878 1432 2949; x_wconf 87' lang='lat' dir='ltr'><strong>virginali</strong></span> <span class='ocrx_word' id='word_1_318' title='bbox 1474 2880 1745 2949; x_wconf 87' lang='lat' dir='ltr'><strong>spirituali</strong></span> <span class='ocrx_word' id='word_1_319' title='bbox 1796 2881 2041 2936; x_wconf 83' lang='lat' dir='ltr'><strong>balsamo</strong></span> 
     </span>
    </p>
   </div>
   <div class='ocr_carea' id='block_1_46' title="bbox 440 2967 2038 3044">
    <p class='ocr_par' dir='ltr' id='par_1_46' title="bbox 440 2967 2038 3044">
     <span class='ocr_line' id='line_1_46' title="bbox 440 2967 2038 3044; baseline 0.004 -19"><span class='ocrx_word' id='word_1_320' title='bbox 440 2967 724 3041; x_wconf 67' lang='lat' dir='ltr'><strong>profusius</strong></span> <span class='ocrx_word' id='word_1_321' title='bbox 754 2969 1042 3035; x_wconf 74' lang='lat' dir='ltr'><strong>irrontus,</strong></span> <span class='ocrx_word' id='word_1_322' title='bbox 1068 2970 1247 3025; x_wconf 90' lang='lat' dir='ltr'><strong>oleum</strong></span> <span class='ocrx_word' id='word_1_323' title='bbox 1277 2971 1671 3027; x_wconf 82' lang='lat' dir='ltr'><strong>benedictionis</strong></span> <span class='ocrx_word' id='word_1_324' title='bbox 1706 2988 1867 3044; x_wconf 84' lang='lat' dir='ltr'><strong>super</strong></span> <span class='ocrx_word' id='word_1_325' title='bbox 1898 2973 2038 3031; x_wconf 80' lang='lat' dir='ltr'><strong>ﬁlios</strong></span> 
     </span>
    </p>
   </div>
   <div class='ocr_carea' id='block_1_47' title="bbox 444 3048 2112 3138">
    <p class='ocr_par' dir='ltr' id='par_1_47' title="bbox 444 3048 2112 3138">
     <span class='ocr_line' id='line_1_47' title="bbox 444 3048 2112 3138; baseline 0.003 -19"><span class='ocrx_word' id='word_1_326' title='bbox 444 3061 727 3119; x_wconf 68' lang='lat' dir='ltr'><strong>hominum</strong></span> <span class='ocrx_word' id='word_1_327' title='bbox 768 3062 1071 3119; x_wconf 68' lang='lat' dir='ltr'><strong>distillavit.</strong></span> <span class='ocrx_word' id='word_1_328' title='bbox 1122 3062 1415 3119; x_wconf 87' lang='lat' dir='ltr'><strong>Liuiuntur</strong></span> <span class='ocrx_word' id='word_1_329' title='bbox 1440 3073 1498 3119; x_wconf 90' lang='lat' dir='ltr'><strong>et</strong></span> <span class='ocrx_word' id='word_1_330' title='bbox 1533 3081 1750 3133; x_wconf 86' lang='lat' dir='ltr'><strong>manus,</strong></span> <span class='ocrx_word' id='word_1_331' title='bbox 1801 3076 1860 3123; x_wconf 90' lang='lat' dir='ltr'><strong>ut</strong></span> <span class='ocrx_word' id='word_1_332' title='bbox 1882 3070 2037 3138; x_wconf 88' lang='lat' dir='ltr'><strong>quid-</strong></span> <span class='ocrx_word' id='word_1_333' title='bbox 2064 3048 2112 3111; x_wconf 70' lang='grc' dir='ltr'>ο</span> 
     </span>
    </p>
   </div>
   <div class='ocr_carea' id='block_1_48' title="bbox 441 3154 2038 3230">
    <p class='ocr_par' dir='ltr' id='par_1_48' title="bbox 441 3154 2038 3230">
     <span class='ocr_line' id='line_1_48' title="bbox 441 3154 2038 3230; baseline 0.004 -19"><span class='ocrx_word' id='word_1_334' title='bbox 441 3155 573 3227; x_wconf 78' lang='lat' dir='ltr'><strong>quid</strong></span> <span class='ocrx_word' id='word_1_335' title='bbox 617 3154 994 3213; x_wconf 83' lang='lat' dir='ltr'><strong>benedixerint</strong></span> <span class='ocrx_word' id='word_1_336' title='bbox 1034 3158 1389 3214; x_wconf 87' lang='lat' dir='ltr'><strong>benedicatur</strong></span> <span class='ocrx_word' id='word_1_337' title='bbox 1426 3170 1483 3216; x_wconf 88' lang='lat' dir='ltr'><strong>et</strong></span> <span class='ocrx_word' id='word_1_338' title='bbox 1518 3169 1802 3230; x_wconf 84' lang='lat' dir='ltr'><strong>acceptum</strong></span> <span class='ocrx_word' id='word_1_339' title='bbox 1857 3162 1930 3217; x_wconf 90' lang='lat' dir='ltr'><strong>sit</strong></span> <span class='ocrx_word' id='word_1_340' title='bbox 1956 3163 2038 3218; x_wconf 88' lang='lat' dir='ltr'><strong>di-</strong></span> 
     </span>
    </p>
   </div>
   <div class='ocr_carea' id='block_1_49' title="bbox 442 3246 2034 3325">
    <p class='ocr_par' dir='ltr' id='par_1_49' title="bbox 442 3246 2034 3325">
     <span class='ocr_line' id='line_1_49' title="bbox 442 3246 2034 3325; baseline 0.005 -22"><span class='ocrx_word' id='word_1_341' title='bbox 442 3246 586 3304; x_wconf 65' lang='lat' dir='ltr'><strong>vine</strong></span> <span class='ocrx_word' id='word_1_342' title='bbox 618 3246 916 3318; x_wconf 74' lang='lat' dir='ltr'><strong>maiestatis</strong></span> <span class='ocrx_word' id='word_1_343' title='bbox 948 3250 1213 3320; x_wconf 85' lang='lat' dir='ltr'><strong>aspectui.</strong></span> <span class='ocrx_word' id='word_1_344' title='bbox 1258 3250 1486 3307; x_wconf 81' lang='lat' dir='ltr'><strong>Ponitur</strong></span> <span class='ocrx_word' id='word_1_345' title='bbox 1515 3260 1568 3309; x_wconf 90' lang='lat' dir='ltr'><strong>et</strong></span> <span class='ocrx_word' id='word_1_346' title='bbox 1598 3253 1911 3323; x_wconf 86' lang='lat' dir='ltr'><strong>evangelica</strong></span> <span class='ocrx_word' id='word_1_347' title='bbox 1936 3269 2034 3325; x_wconf 86' lang='lat' dir='ltr'><strong>pa-</strong></span> 
     </span>
    </p>
   </div>
   <div class='ocr_carea' id='block_1_50' title="bbox 440 3340 2037 3412">
    <p class='ocr_par' dir='ltr' id='par_1_50' title="bbox 440 3340 2037 3412">
     <span class='ocr_line' id='line_1_50' title="bbox 440 3340 2037 3412; baseline 0.003 -16"><span class='ocrx_word' id='word_1_348' title='bbox 440 3340 568 3412; x_wconf 77' lang='lat' dir='ltr'><strong>gina</strong></span> <span class='ocrx_word' id='word_1_349' title='bbox 613 3356 777 3411; x_wconf 81' lang='lat' dir='ltr'><strong>super</strong></span> <span class='ocrx_word' id='word_1_350' title='bbox 815 3351 979 3412; x_wconf 83' lang='lat' dir='ltr'><strong>caput</strong></span> <span class='ocrx_word' id='word_1_351' title='bbox 1015 3342 1184 3412; x_wconf 89' lang='lat' dir='ltr'><strong>ipsius</strong></span> <span class='ocrx_word' id='word_1_352' title='bbox 1238 3344 1626 3410; x_wconf 86' lang='lat' dir='ltr'><strong>recumbentis,</strong></span> <span class='ocrx_word' id='word_1_353' title='bbox 1679 3352 1739 3399; x_wconf 86' lang='lat' dir='ltr'><strong>ut</strong></span> <span class='ocrx_word' id='word_1_354' title='bbox 1774 3355 1830 3401; x_wconf 90' lang='lat' dir='ltr'><strong>et</strong></span> <span class='ocrx_word' id='word_1_355' title='bbox 1871 3346 2037 3401; x_wconf 86' lang='lat' dir='ltr'><strong>verbo</strong></span> 
     </span>
    </p>
   </div>
   <div class='ocr_carea' id='block_1_51' title="bbox 443 3433 2035 3508">
    <p class='ocr_par' dir='ltr' id='par_1_51' title="bbox 443 3433 2035 3508">
     <span class='ocr_line' id='line_1_51' title="bbox 443 3433 2035 3508; baseline 0.003 -20"><span class='ocrx_word' id='word_1_356' title='bbox 443 3433 570 3489; x_wconf 73' lang='lat' dir='ltr'><strong>vitae</strong></span> <span class='ocrx_word' id='word_1_357' title='bbox 597 3448 752 3489; x_wconf 85' lang='lat' dir='ltr'><strong>suam</strong></span> <span class='ocrx_word' id='word_1_358' title='bbox 781 3433 984 3490; x_wconf 86' lang='lat' dir='ltr'><strong>sentiat</strong></span> <span class='ocrx_word' id='word_1_359' title='bbox 1017 3435 1283 3490; x_wconf 84' lang='lat' dir='ltr'><strong>excedere</strong></span> <span class='ocrx_word' id='word_1_360' title='bbox 1331 3436 1623 3504; x_wconf 87' lang='lat' dir='ltr'><strong>rationem,</strong></span> <span class='ocrx_word' id='word_1_361' title='bbox 1659 3447 1717 3491; x_wconf 92' lang='lat' dir='ltr'><strong>et</strong></span> <span class='ocrx_word' id='word_1_362' title='bbox 1745 3436 1889 3491; x_wconf 90' lang='lat' dir='ltr'><strong>oculi</strong></span> <span class='ocrx_word' id='word_1_363' title='bbox 1917 3437 2035 3508; x_wconf 81' lang='lat' dir='ltr'><strong>ejus</strong></span> 
     </span>
    </p>
   </div>
   <div class='ocr_carea' id='block_1_52' title="bbox 412 3523 2032 3599">
    <p class='ocr_par' dir='ltr' id='par_1_52' title="bbox 412 3523 2032 3599">
     <span class='ocr_line' id='line_1_52' title="bbox 412 3523 2032 3599; baseline 0.001 -18"><span class='ocrx_word' id='word_1_364' title='bbox 412 3523 702 3582; x_wconf 79' lang='lat' dir='ltr'><strong>.deileiant</strong></span> <span class='ocrx_word' id='word_1_365' title='bbox 746 3525 800 3579; x_wconf 80' lang='lat' dir='ltr'><strong>in</strong></span> <span class='ocrx_word' id='word_1_366' title='bbox 848 3525 1127 3597; x_wconf 85' lang='lat' dir='ltr'><strong>eloquium</strong></span> <span class='ocrx_word' id='word_1_367' title='bbox 1172 3526 1409 3582; x_wconf 86' lang='lat' dir='ltr'><strong>Domini.</strong></span> <span class='ocrx_word' id='word_1_368' title='bbox 1474 3527 1776 3599; x_wconf 80' lang='lat' dir='ltr'><strong>imponitur</strong></span> <span class='ocrx_word' id='word_1_369' title='bbox 1827 3528 2032 3584; x_wconf 88' lang='lat' dir='ltr'><strong>cidaris</strong></span> 
     </span>
    </p>
   </div>
   <div class='ocr_carea' id='block_1_53' title="bbox 436 3615 2031 3691">
    <p class='ocr_par' dir='ltr' id='par_1_53' title="bbox 436 3615 2031 3691">
     <span class='ocr_line' id='line_1_53' title="bbox 436 3615 2031 3691; baseline 0.003 -21"><span class='ocrx_word' id='word_1_370' title='bbox 436 3615 609 3685; x_wconf 86' lang='lat' dir='ltr'><strong>capiti</strong></span> <span class='ocrx_word' id='word_1_371' title='bbox 638 3626 983 3681; x_wconf 81' lang='lat' dir='ltr'><strong>consecrato,</strong></span> <span class='ocrx_word' id='word_1_372' title='bbox 1038 3626 1094 3672; x_wconf 91' lang='lat' dir='ltr'><strong>et</strong></span> <span class='ocrx_word' id='word_1_373' title='bbox 1128 3632 1296 3673; x_wconf 88' lang='lat' dir='ltr'><strong>aurea</strong></span> <span class='ocrx_word' id='word_1_374' title='bbox 1349 3620 1549 3673; x_wconf 87' lang='lat' dir='ltr'><strong>lamina</strong></span> <span class='ocrx_word' id='word_1_375' title='bbox 1605 3617 1802 3675; x_wconf 83' lang='lat' dir='ltr'><strong>frontis</strong></span> <span class='ocrx_word' id='word_1_376' title='bbox 1858 3621 2031 3691; x_wconf 89' lang='lat' dir='ltr'><strong>gloria</strong></span> 
     </span>
    </p>
   </div>
   <div class='ocr_carea' id='block_1_54' title="bbox 408 3709 2029 3782">
    <p class='ocr_par' dir='ltr' id='par_1_54' title="bbox 408 3709 2029 3782">
     <span class='ocr_line' id='line_1_54' title="bbox 408 3709 2029 3782; baseline -0.001 -15"><span class='ocrx_word' id='word_1_377' title='bbox 408 3709 813 3782; x_wconf 59' lang='lat' dir='ltr'><strong>.praesignitur,</strong></span> <span class='ocrx_word' id='word_1_378' title='bbox 868 3711 924 3766; x_wconf 90' lang='lat' dir='ltr'><strong>in</strong></span> <span class='ocrx_word' id='word_1_379' title='bbox 967 3726 1074 3782; x_wconf 91' lang='lat' dir='ltr'><strong>qua</strong></span> <span class='ocrx_word' id='word_1_380' title='bbox 1114 3712 1427 3767; x_wconf 85' lang='lat' dir='ltr'><strong>contexitur</strong></span> <span class='ocrx_word' id='word_1_381' title='bbox 1463 3728 1658 3767; x_wconf 87' lang='lat' dir='ltr'><strong>nomen</strong></span> <span class='ocrx_word' id='word_1_382' title='bbox 1705 3713 2029 3770; x_wconf 83' lang='lat' dir='ltr'><strong>divinitatis.</strong></span> 
     </span>
    </p>
   </div>
   <div class='ocr_carea' id='block_1_55' title="bbox 447 3797 2033 3873">
    <p class='ocr_par' dir='ltr' id='par_1_55' title="bbox 447 3797 2033 3873">
     <span class='ocr_line' id='line_1_55' title="bbox 447 3797 2033 3873; baseline 0.001 -17"><span class='ocrx_word' id='word_1_383' title='bbox 447 3797 706 3856; x_wconf 74' lang='lat' dir='ltr'><strong>Traditur</strong></span> <span class='ocrx_word' id='word_1_384' title='bbox 746 3801 982 3857; x_wconf 89' lang='lat' dir='ltr'><strong>annulus</strong></span> <span class='ocrx_word' id='word_1_385' title='bbox 1005 3809 1339 3857; x_wconf 86' lang='lat' dir='ltr'><strong>secretorum</strong></span> <span class='ocrx_word' id='word_1_386' title='bbox 1371 3802 1423 3856; x_wconf 89' lang='lat' dir='ltr'><strong>in</strong></span> <span class='ocrx_word' id='word_1_387' title='bbox 1445 3818 1607 3856; x_wconf 88' lang='lat' dir='ltr'><strong>manu</strong></span> <span class='ocrx_word' id='word_1_388' title='bbox 1638 3803 1776 3873; x_wconf 84' lang='lat' dir='ltr'><strong>ejus,</strong></span> <span class='ocrx_word' id='word_1_389' title='bbox 1807 3812 1865 3857; x_wconf 90' lang='lat' dir='ltr'><strong>ut</strong></span> <span class='ocrx_word' id='word_1_390' title='bbox 1886 3803 2033 3858; x_wconf 79' lang='lat' dir='ltr'><strong>dicat</strong></span> 
     </span>
    </p>
   </div>
   <div class='ocr_carea' id='block_1_56' title="bbox 434 3894 2026 3965">
    <p class='ocr_par' dir='ltr' id='par_1_56' title="bbox 434 3894 2026 3965">
     <span class='ocr_line' id='line_1_56' title="bbox 434 3894 2026 3965; baseline 0 -15"><span class='ocrx_word' id='word_1_391' title='bbox 434 3906 566 3950; x_wconf 73' lang='lat' dir='ltr'><strong>etim</strong></span> <span class='ocrx_word' id='word_1_392' title='bbox 593 3894 861 3964; x_wconf 85' lang='lat' dir='ltr'><strong>Propheta</strong></span> <span class='ocrx_word' id='word_1_393' title='bbox 889 3914 903 3950; x_wconf 89' lang='lat'><strong>:</strong></span> <span class='ocrx_word' id='word_1_394' title='bbox 931 3915 950 3947; x_wconf 78' lang='grc' dir='ltr'>ι</span> <span class='ocrx_word' id='word_1_395' title='bbox 981 3895 1039 3949; x_wconf 85' lang='lat' dir='ltr'><strong>In</strong></span> <span class='ocrx_word' id='word_1_396' title='bbox 1060 3897 1224 3951; x_wconf 85' lang='lat' dir='ltr'><strong>corde</strong></span> <span class='ocrx_word' id='word_1_397' title='bbox 1248 3911 1369 3951; x_wconf 88' lang='lat' dir='ltr'><strong>meo</strong></span> <span class='ocrx_word' id='word_1_398' title='bbox 1390 3894 1648 3950; x_wconf 84' lang='lat' dir='ltr'><strong>abscondi</strong></span> <span class='ocrx_word' id='word_1_399' title='bbox 1674 3895 1885 3965; x_wconf 87' lang='lat' dir='ltr'><strong>eloquia</strong></span> <span class='ocrx_word' id='word_1_400' title='bbox 1913 3904 2026 3962; x_wconf 89' lang='lat' dir='ltr'><strong>tua,</strong></span> 
     </span>
    </p>
   </div>
   <div class='ocr_carea' id='block_1_57' title="bbox 441 3986 2029 4059">
    <p class='ocr_par' dir='ltr' id='par_1_57' title="bbox 441 3986 2029 4059">
     <span class='ocr_line' id='line_1_57' title="bbox 441 3986 2029 4059; baseline 0 -16"><span class='ocrx_word' id='word_1_401' title='bbox 441 3995 502 4043; x_wconf 91' lang='lat' dir='ltr'><strong>ut</strong></span> <span class='ocrx_word' id='word_1_402' title='bbox 541 4003 647 4041; x_wconf 90' lang='lat' dir='ltr'><strong>non</strong></span> <span class='ocrx_word' id='word_1_403' title='bbox 696 4003 914 4056; x_wconf 86' lang='lat' dir='ltr'><strong>peccem</strong></span> <span class='ocrx_word' id='word_1_404' title='bbox 956 3988 1048 4042; x_wconf 86' lang='lat' dir='ltr'><strong>tibi</strong></span> <span class='ocrx_word' id='word_1_405' title='bbox 1081 3986 1255 4059; x_wconf 79' lang='lat' dir='ltr'><strong>(Paul.</strong></span> <span class='ocrx_word' id='word_1_406' title='bbox 1303 3988 1514 4048; x_wconf 82' lang='lat' dir='ltr'><strong>cxvut).</strong></span> <span class='ocrx_word' id='word_1_407' title='bbox 1543 4008 1559 4040; x_wconf 77' lang='grc' dir='ltr'>ι</span> <span class='ocrx_word' id='word_1_408' title='bbox 1606 3989 1931 4044; x_wconf 80' lang='lat' dir='ltr'><strong>Calccantur</strong></span> <span class='ocrx_word' id='word_1_409' title='bbox 1972 3997 2029 4043; x_wconf 88' lang='lat' dir='ltr'><strong>et</strong></span> 
     </span>
    </p>
   </div>
   <div class='ocr_carea' id='block_1_58' title="bbox 436 4058 2025 4149">
    <p class='ocr_par' dir='ltr' id='par_1_58' title="bbox 436 4058 2025 4149">
     <span class='ocr_line' id='line_1_58' title="bbox 436 4058 2025 4149; baseline 0.003 -21"><span class='ocrx_word' id='word_1_410' title='bbox 436 4076 604 4146; x_wconf 77' lang='lat' dir='ltr'><strong>pedes</strong></span> <span class='ocrx_word' id='word_1_411' title='bbox 652 4076 707 4131; x_wconf 92' lang='lat' dir='ltr'><strong>in</strong></span> <span class='ocrx_word' id='word_1_412' title='bbox 756 4058 1149 4146; x_wconf 66' lang='lat' dir='ltr'><strong>praeparatione</strong></span> <span class='ocrx_word' id='word_1_413' title='bbox 1193 4076 1465 4146; x_wconf 85' lang='lat' dir='ltr'><strong>Evangelii</strong></span> <span class='ocrx_word' id='word_1_414' title='bbox 1500 4078 1651 4146; x_wconf 85' lang='lat' dir='ltr'><strong>pacis</strong></span> <span class='ocrx_word' id='word_1_415' title='bbox 1681 4075 1895 4147; x_wconf 74' lang='lat' dir='ltr'><strong>(Ep/tes.</strong></span> <span class='ocrx_word' id='word_1_416' title='bbox 1922 4077 2025 4149; x_wconf 83' lang='lat' dir='ltr'><strong>vi),</strong></span> 
     </span>
    </p>
   </div>
   <div class='ocr_carea' id='block_1_59' title="bbox 434 4167 2025 4237">
    <p class='ocr_par' dir='ltr' id='par_1_59' title="bbox 434 4167 2025 4237">
     <span class='ocr_line' id='line_1_59' title="bbox 434 4167 2025 4237; baseline 0 -13"><span class='ocrx_word' id='word_1_417' title='bbox 434 4177 515 4225; x_wconf 78' lang='lat' dir='ltr'><strong>ut‘</strong></span> <span class='ocrx_word' id='word_1_418' title='bbox 549 4167 622 4224; x_wconf 85' lang='lat' dir='ltr'><strong>sit</strong></span> <span class='ocrx_word' id='word_1_419' title='bbox 674 4168 740 4223; x_wconf 88' lang='lat' dir='ltr'><strong>de</strong></span> <span class='ocrx_word' id='word_1_420' title='bbox 798 4168 1000 4237; x_wconf 88' lang='lat' dir='ltr'><strong>quibus</strong></span> <span class='ocrx_word' id='word_1_421' title='bbox 1052 4168 1290 4222; x_wconf 88' lang='lat' dir='ltr'><strong>dicitur:</strong></span> <span class='ocrx_word' id='word_1_422' title='bbox 1330 4167 1537 4234; x_wconf 72' lang='lat' dir='ltr'><strong>«Quam</strong></span> <span class='ocrx_word' id='word_1_423' title='bbox 1586 4170 1812 4237; x_wconf 82' lang='lat' dir='ltr'><strong>speciosi</strong></span> <span class='ocrx_word' id='word_1_424' title='bbox 1860 4170 2025 4237; x_wconf 86' lang='lat' dir='ltr'><strong>pedes</strong></span> 
     </span>
    </p>
   </div>
   <div class='ocr_carea' id='block_1_60' title="bbox 434 4258 2025 4331">
    <p class='ocr_par' dir='ltr' id='par_1_60' title="bbox 434 4258 2025 4331">
     <span class='ocr_line' id='line_1_60' title="bbox 434 4258 2025 4331; baseline -0.001 -15"><span class='ocrx_word' id='word_1_425' title='bbox 434 4259 928 4331; x_wconf 72' lang='lat' dir='ltr'><strong>evangeliuntium</strong></span> <span class='ocrx_word' id='word_1_426' title='bbox 975 4273 1162 4328; x_wconf 88' lang='lat' dir='ltr'><strong>pacem</strong></span> <span class='ocrx_word' id='word_1_427' title='bbox 1210 4258 1367 4330; x_wconf 82' lang='lat' dir='ltr'><strong>(Isai.</strong></span> <span class='ocrx_word' id='word_1_428' title='bbox 1402 4259 1517 4329; x_wconf 83' lang='lat' dir='ltr'><strong>LII).</strong></span> <span class='ocrx_word' id='word_1_429' title='bbox 1543 4279 1559 4309; x_wconf 76' lang='grc' dir='ltr'><strong><em>ι</em></strong></span> <span class='ocrx_word' id='word_1_430' title='bbox 1608 4260 1818 4328; x_wconf 86' lang='lat' dir='ltr'><strong>Accipit</strong></span> <span class='ocrx_word' id='word_1_431' title='bbox 1846 4268 1902 4315; x_wconf 89' lang='lat' dir='ltr'><strong>et</strong></span> <span class='ocrx_word' id='word_1_432' title='bbox 1932 4261 2025 4315; x_wconf 86' lang='lat' dir='ltr'><strong>ba-</strong></span> 
     </span>
    </p>
   </div>
   <div class='ocr_carea' id='block_1_61' title="bbox 431 4350 2020 4423">
    <p class='ocr_par' dir='ltr' id='par_1_61' title="bbox 431 4350 2020 4423">
     <span class='ocr_line' id='line_1_61' title="bbox 431 4350 2020 4423; baseline -0.004 -12"><span class='ocrx_word' id='word_1_433' title='bbox 431 4351 612 4411; x_wconf 88' lang='lat' dir='ltr'><strong>culum</strong></span> <span class='ocrx_word' id='word_1_434' title='bbox 642 4352 996 4423; x_wconf 87' lang='lat' dir='ltr'><strong>pastoralem,</strong></span> <span class='ocrx_word' id='word_1_435' title='bbox 1026 4359 1086 4404; x_wconf 91' lang='lat' dir='ltr'><strong>ut</strong></span> <span class='ocrx_word' id='word_1_436' title='bbox 1113 4367 1179 4405; x_wconf 80' lang='lat' dir='ltr'><strong>ex</strong></span> <span class='ocrx_word' id='word_1_437' title='bbox 1206 4350 1319 4419; x_wconf 88' lang='lat' dir='ltr'><strong>ipsa</strong></span> <span class='ocrx_word' id='word_1_438' title='bbox 1346 4351 1511 4421; x_wconf 60' lang='lat' dir='ltr'><strong>virga:</strong></span> <span class='ocrx_word' id='word_1_439' title='bbox 1546 4350 1804 4420; x_wconf 88' lang='lat' dir='ltr'><strong>qualitate</strong></span> <span class='ocrx_word' id='word_1_440' title='bbox 1840 4351 2020 4422; x_wconf 88' lang='lat' dir='ltr'><strong>signe-</strong></span> 
     </span>
    </p>
   </div>
   <div class='ocr_carea' id='block_1_62' title="bbox 434 4442 2015 4514">
    <p class='ocr_par' dir='ltr' id='par_1_62' title="bbox 434 4442 2015 4514">
     <span class='ocr_line' id='line_1_62' title="bbox 434 4442 2015 4514; baseline 0.001 -16"><span class='ocrx_word' id='word_1_441' title='bbox 434 4452 527 4501; x_wconf 81' lang='lat' dir='ltr'><strong>tur</strong></span> <span class='ocrx_word' id='word_1_442' title='bbox 550 4442 787 4514; x_wconf 85' lang='lat' dir='ltr'><strong>qualiter</strong></span> <span class='ocrx_word' id='word_1_443' title='bbox 814 4452 1126 4499; x_wconf 87' lang='lat' dir='ltr'><strong>mansuetos</strong></span> <span class='ocrx_word' id='word_1_444' title='bbox 1154 4442 1393 4513; x_wconf 78' lang='lat' dir='ltr'><strong>colligat,</strong></span> <span class='ocrx_word' id='word_1_445' title='bbox 1427 4442 1691 4512; x_wconf 85' lang='lat' dir='ltr'><strong>corripiat</strong></span> <span class='ocrx_word' id='word_1_446' title='bbox 1730 4443 2015 4512; x_wconf 84' lang='lat' dir='ltr'><strong>inquietos.</strong></span> 
     </span>
    </p>
   </div>
   <div class='ocr_carea' id='block_1_63' title="bbox 431 4532 2018 4606">
    <p class='ocr_par' dir='ltr' id='par_1_63' title="bbox 431 4532 2018 4606">
     <span class='ocr_line' id='line_1_63' title="bbox 431 4532 2018 4606; baseline -0.002 -13"><span class='ocrx_word' id='word_1_447' title='bbox 431 4532 527 4593; x_wconf 79' lang='lat' dir='ltr'><strong>Sic</strong></span> <span class='ocrx_word' id='word_1_448' title='bbox 556 4537 639 4593; x_wconf 85' lang='lat' dir='ltr'><strong>sic</strong></span> <span class='ocrx_word' id='word_1_449' title='bbox 675 4535 902 4592; x_wconf 86' lang='lat' dir='ltr'><strong>solemni</strong></span> <span class='ocrx_word' id='word_1_450' title='bbox 955 4535 1399 4589; x_wconf 80' lang='lat' dir='ltr'><strong>vestimentorum</strong></span> <span class='ocrx_word' id='word_1_451' title='bbox 1449 4534 1840 4602; x_wconf 85' lang='lat' dir='ltr'><strong>glorilicatione</strong></span> <span class='ocrx_word' id='word_1_452' title='bbox 1880 4550 2018 4606; x_wconf 66' lang='lat' dir='ltr'><strong>pra:-</strong></span> 
     </span>
    </p>
   </div>
   <div class='ocr_carea' id='block_1_64' title="bbox 428 4625 2020 4695">
    <p class='ocr_par' dir='ltr' id='par_1_64' title="bbox 428 4625 2020 4695">
     <span class='ocr_line' id='line_1_64' title="bbox 428 4625 2020 4695; baseline 0 -13"><span class='ocrx_word' id='word_1_453' title='bbox 428 4625 707 4695; x_wconf 82' lang='lat' dir='ltr'><strong>fulgidus,</strong></span> <span class='ocrx_word' id='word_1_454' title='bbox 761 4636 817 4682; x_wconf 88' lang='lat' dir='ltr'><strong>et</strong></span> <span class='ocrx_word' id='word_1_455' title='bbox 864 4626 931 4681; x_wconf 93' lang='lat' dir='ltr'><strong>ad</strong></span> <span class='ocrx_word' id='word_1_456' title='bbox 982 4626 1156 4681; x_wconf 88' lang='lat' dir='ltr'><strong>altare</strong></span> <span class='ocrx_word' id='word_1_457' title='bbox 1202 4626 1294 4681; x_wconf 87' lang='lat' dir='ltr'><strong>Dei</strong></span> <span class='ocrx_word' id='word_1_458' title='bbox 1342 4626 1664 4682; x_wconf 84' lang='lat' dir='ltr'><strong>tamiliarius</strong></span> <span class='ocrx_word' id='word_1_459' title='bbox 1709 4627 1918 4683; x_wconf 87' lang='lat' dir='ltr'><strong>intrans</strong></span> <span class='ocrx_word' id='word_1_460' title='bbox 1962 4636 2020 4683; x_wconf 89' lang='lat' dir='ltr'><strong>et</strong></span> 
     </span>
    </p>
   </div>
   <div class='ocr_carea' id='block_1_65' title="bbox 430 4716 2017 4788">
    <p class='ocr_par' dir='ltr' id='par_1_65' title="bbox 430 4716 2017 4788">
     <span class='ocr_line' id='line_1_65' title="bbox 430 4716 2017 4788; baseline -0.001 -12"><span class='ocrx_word' id='word_1_461' title='bbox 430 4721 640 4784; x_wconf 86' lang='lat' dir='ltr'><strong>exiens,</strong></span> <span class='ocrx_word' id='word_1_462' title='bbox 688 4719 829 4775; x_wconf 89' lang='lat' dir='ltr'><strong>iram</strong></span> <span class='ocrx_word' id='word_1_463' title='bbox 871 4718 1073 4787; x_wconf 77' lang='lat' dir='ltr'><strong>judicia</strong></span> <span class='ocrx_word' id='word_1_464' title='bbox 1116 4721 1167 4772; x_wconf 92' lang='lat' dir='ltr'><strong>in</strong></span> <span class='ocrx_word' id='word_1_465' title='bbox 1215 4718 1645 4773; x_wconf 86' lang='lat' dir='ltr'><strong>misericordiam</strong></span> <span class='ocrx_word' id='word_1_466' title='bbox 1678 4720 1846 4788; x_wconf 87' lang='lat' dir='ltr'><strong>patris</strong></span> <span class='ocrx_word' id='word_1_467' title='bbox 1873 4716 2017 4774; x_wconf 82' lang='lat' dir='ltr'><strong>felici</strong></span> 
     </span>
    </p>
   </div>
   <div class='ocr_carea' id='block_1_66' title="bbox 430 4808 2013 4881">
    <p class='ocr_par' dir='ltr' id='par_1_66' title="bbox 430 4808 2013 4881">
     <span class='ocr_line' id='line_1_66' title="bbox 430 4808 2013 4881; baseline 0 -16"><span class='ocrx_word' id='word_1_468' title='bbox 430 4810 855 4865; x_wconf 85' lang='lat' dir='ltr'><strong>commutatione</strong></span> <span class='ocrx_word' id='word_1_469' title='bbox 887 4809 1148 4864; x_wconf 86' lang='lat' dir='ltr'><strong>devolvit.</strong></span> <span class='ocrx_word' id='word_1_470' title='bbox 1186 4808 1283 4865; x_wconf 88' lang='lat' dir='ltr'><strong>Hic</strong></span> <span class='ocrx_word' id='word_1_471' title='bbox 1312 4810 1475 4865; x_wconf 85' lang='lat' dir='ltr'><strong>habet</strong></span> <span class='ocrx_word' id='word_1_472' title='bbox 1499 4809 1737 4879; x_wconf 87' lang='lat' dir='ltr'><strong>gladitun</strong></span> <span class='ocrx_word' id='word_1_473' title='bbox 1768 4811 2013 4881; x_wconf 88' lang='lat' dir='ltr'><strong>spiritus,</strong></span> 
     </span>
    </p>
   </div>
   <div class='ocr_carea' id='block_1_67' title="bbox 428 4897 2014 4972">
    <p class='ocr_par' dir='ltr' id='par_1_67' title="bbox 428 4897 2014 4972">
     <span class='ocr_line' id='line_1_67' title="bbox 428 4897 2014 4972; baseline 0.002 -17"><span class='ocrx_word' id='word_1_474' title='bbox 428 4900 575 4972; x_wconf 90' lang='lat' dir='ltr'><strong>quod</strong></span> <span class='ocrx_word' id='word_1_475' title='bbox 596 4910 682 4956; x_wconf 87' lang='lat' dir='ltr'><strong>est</strong></span> <span class='ocrx_word' id='word_1_476' title='bbox 709 4901 925 4955; x_wconf 88' lang='lat' dir='ltr'><strong>verbum</strong></span> <span class='ocrx_word' id='word_1_477' title='bbox 952 4900 1045 4955; x_wconf 90' lang='lat' dir='ltr'><strong>Dei</strong></span> <span class='ocrx_word' id='word_1_478' title='bbox 1072 4897 1297 4970; x_wconf 81' lang='lat' dir='ltr'><strong>(Ephes.</strong></span> <span class='ocrx_word' id='word_1_479' title='bbox 1321 4902 1417 4970; x_wconf 80' lang='lat' dir='ltr'><strong>vi).</strong></span> <span class='ocrx_word' id='word_1_480' title='bbox 1451 4900 1549 4956; x_wconf 82' lang='lat' dir='ltr'><strong>llic</strong></span> <span class='ocrx_word' id='word_1_481' title='bbox 1587 4909 1768 4970; x_wconf 87' lang='lat' dir='ltr'><strong>potest</strong></span> <span class='ocrx_word' id='word_1_482' title='bbox 1800 4902 2014 4958; x_wconf 86' lang='lat' dir='ltr'><strong>tradere</strong></span> 
     </span>
    </p>
   </div>
   <div class='ocr_carea' id='block_1_68' title="bbox 432 4988 1592 5063">
    <p class='ocr_par' dir='ltr' id='par_1_68' title="bbox 432 4988 1592 5063">
     <span class='ocr_line' id='line_1_68' title="bbox 432 4988 1592 5063; baseline -0.002 -15"><span class='ocrx_word' id='word_1_483' title='bbox 432 4990 653 5048; x_wconf 62' lang='lat' dir='ltr'><strong>satana</strong></span> <span class='ocrx_word' id='word_1_484' title='bbox 683 4991 737 5045; x_wconf 88' lang='lat' dir='ltr'><strong>in</strong></span> <span class='ocrx_word' id='word_1_485' title='bbox 765 4990 1044 5052; x_wconf 75' lang='lat' dir='ltr'><strong>interitum</strong></span> <span class='ocrx_word' id='word_1_486' title='bbox 1066 4993 1249 5047; x_wconf 84' lang='lat' dir='ltr'><strong>carnis</strong></span> <span class='ocrx_word' id='word_1_487' title='bbox 1279 4990 1330 5063; x_wconf 88' lang='lat' dir='ltr'><strong>(I</strong></span> <span class='ocrx_word' id='word_1_488' title='bbox 1366 4988 1490 5046; x_wconf 86' lang='lat' dir='ltr'><strong>Cor.</strong></span> <span class='ocrx_word' id='word_1_489' title='bbox 1516 4993 1592 5061; x_wconf 89' lang='lat' dir='ltr'><strong>v).</strong></span> 
     </span>
    </p>
   </div>
   <div class='ocr_carea' id='block_1_69' title="bbox 502 5070 2010 5155">
    <p class='ocr_par' dir='ltr' id='par_1_69' title="bbox 502 5070 2010 5155">
     <span class='ocr_line' id='line_1_69' title="bbox 502 5070 2010 5155; baseline -0.001 -15"><span class='ocrx_word' id='word_1_490' title='bbox 502 5082 762 5152; x_wconf 79' lang='lat' dir='ltr'><strong>Quintum</strong></span> <span class='ocrx_word' id='word_1_491' title='bbox 801 5090 887 5136; x_wconf 90' lang='lat' dir='ltr'><strong>est</strong></span> <span class='ocrx_word' id='word_1_492' title='bbox 918 5083 1161 5145; x_wconf 83' lang='lat' dir='ltr'><strong>inunctio</strong></span> <span class='ocrx_word' id='word_1_493' title='bbox 1184 5084 1359 5155; x_wconf 42' lang='lat' dir='ltr'><strong>regis</strong></span> <span class='ocrx_word' id='word_1_494' title='bbox 1380 5083 1638 5138; x_wconf 89' lang='lat' dir='ltr'><strong>Sublimis</strong></span> <span class='ocrx_word' id='word_1_495' title='bbox 1661 5070 1768 5140; x_wconf 66' lang='lat' dir='ltr'><strong>ista</strong></span> <span class='ocrx_word' id='word_1_496' title='bbox 1805 5082 2010 5139; x_wconf 62' lang='lat' dir='ltr'><strong>delibuo</strong></span> 
     </span>
    </p>
   </div>
   <div class='ocr_carea' id='block_1_70' title="bbox 432 5171 2008 5245">
    <p class='ocr_par' dir='ltr' id='par_1_70' title="bbox 432 5171 2008 5245">
     <span class='ocr_line' id='line_1_70' title="bbox 432 5171 2008 5245; baseline -0.003 -11"><span class='ocrx_word' id='word_1_497' title='bbox 432 5176 531 5243; x_wconf 87' lang='lat' dir='ltr'><strong>tio,</strong></span> <span class='ocrx_word' id='word_1_498' title='bbox 580 5174 710 5245; x_wconf 90' lang='lat' dir='ltr'><strong>quia</strong></span> <span class='ocrx_word' id='word_1_499' title='bbox 757 5171 1043 5228; x_wconf 85' lang='lat' dir='ltr'><strong>sublimem</strong></span> <span class='ocrx_word' id='word_1_500' title='bbox 1077 5172 1239 5228; x_wconf 77' lang='lat' dir='ltr'><strong>efﬁcit</strong></span> <span class='ocrx_word' id='word_1_501' title='bbox 1292 5183 1633 5244; x_wconf 87' lang='lat' dir='ltr'><strong>potestatem.</strong></span> <span class='ocrx_word' id='word_1_502' title='bbox 1681 5174 1817 5231; x_wconf 89' lang='lat' dir='ltr'><strong>Cum</strong></span> <span class='ocrx_word' id='word_1_503' title='bbox 1863 5176 2008 5230; x_wconf 88' lang='lat' dir='ltr'><strong>enim</strong></span> 
     </span>
    </p>
   </div>
   <div class='ocr_carea' id='block_1_71' title="bbox 433 5266 2009 5322">
    <p class='ocr_par' dir='ltr' id='par_1_71' title="bbox 433 5266 2009 5322">
     <span class='ocr_line' id='line_1_71' title="bbox 433 5266 2009 5322; baseline 0 0"><span class='ocrx_word' id='word_1_504' title='bbox 433 5280 600 5322; x_wconf 67' lang='lat' dir='ltr'><strong>tanta!</strong></span> <span class='ocrx_word' id='word_1_505' title='bbox 636 5266 939 5322; x_wconf 80' lang='lat' dir='ltr'><strong>nobilitatis</strong></span> <span class='ocrx_word' id='word_1_506' title='bbox 983 5268 1222 5322; x_wconf 70' lang='lat' dir='ltr'><strong>sanatus.</strong></span> <span class='ocrx_word' id='word_1_507' title='bbox 1267 5270 1353 5322; x_wconf 90' lang='lat' dir='ltr'><strong>vel</strong></span> <span class='ocrx_word' id='word_1_508' title='bbox 1383 5284 1603 5322; x_wconf 68' lang='lat' dir='ltr'><strong>neuere.</strong></span> <span class='ocrx_word' id='word_1_509' title='bbox 1633 5268 1719 5322; x_wconf 90' lang='lat' dir='ltr'><strong>vel</strong></span> <span class='ocrx_word' id='word_1_510' title='bbox 1745 5269 2009 5322; x_wconf 87' lang='lat' dir='ltr'><strong>electione</strong></span> 
     </span>
    </p>
   </div>
   <div class='ocr_carea' id='block_1_72' title="bbox 2149 1766 3745 1838">
    <p class='ocr_par' dir='ltr' id='par_1_72' title="bbox 2149 1766 3745 1838">
     <span class='ocr_line' id='line_1_72' title="bbox 2149 1766 3745 1838; baseline -0.003 -13"><span class='ocrx_word' id='word_1_511' title='bbox 2149 1777 2267 1826; x_wconf 88' lang='lat' dir='ltr'><strong>scat</strong></span> <span class='ocrx_word' id='word_1_512' title='bbox 2297 1768 2425 1838; x_wconf 87' lang='lat' dir='ltr'><strong>quia</strong></span> <span class='ocrx_word' id='word_1_513' title='bbox 2455 1767 2651 1821; x_wconf 86' lang='lat' dir='ltr'><strong>vindex</strong></span> <span class='ocrx_word' id='word_1_514' title='bbox 2680 1775 2763 1822; x_wconf 87' lang='lat' dir='ltr'><strong>est</strong></span> <span class='ocrx_word' id='word_1_515' title='bbox 2788 1767 2881 1821; x_wconf 61' lang='lat' dir='ltr'><strong>ira:</strong></span> <span class='ocrx_word' id='word_1_516' title='bbox 2908 1766 3023 1833; x_wconf 86' lang='lat' dir='ltr'><strong>Dei,</strong></span> <span class='ocrx_word' id='word_1_517' title='bbox 3056 1768 3107 1821; x_wconf 93' lang='lat' dir='ltr'><strong>in</strong></span> <span class='ocrx_word' id='word_1_518' title='bbox 3138 1767 3238 1822; x_wconf 89' lang='lat' dir='ltr'><strong>hoc</strong></span> <span class='ocrx_word' id='word_1_519' title='bbox 3267 1768 3441 1838; x_wconf 89' lang='lat' dir='ltr'><strong>ipsum</strong></span> <span class='ocrx_word' id='word_1_520' title='bbox 3478 1768 3745 1822; x_wconf 91' lang='lat' dir='ltr'><strong>constitu-</strong></span> 
     </span>
    </p>
   </div>
   <div class='ocr_carea' id='block_1_73' title="bbox 2151 1854 3741 1930">
    <p class='ocr_par' dir='ltr' id='par_1_73' title="bbox 2151 1854 3741 1930">
     <span class='ocr_line' id='line_1_73' title="bbox 2151 1854 3741 1930; baseline -0.001 -16"><span class='ocrx_word' id='word_1_521' title='bbox 2151 1870 2257 1915; x_wconf 91' lang='lat' dir='ltr'><strong>tus.</strong></span> <span class='ocrx_word' id='word_1_522' title='bbox 2298 1857 2491 1913; x_wconf 85' lang='lat' dir='ltr'><strong>Tantis</strong></span> <span class='ocrx_word' id='word_1_523' title='bbox 2521 1857 2686 1929; x_wconf 83' lang='lat' dir='ltr'><strong>igitur</strong></span> <span class='ocrx_word' id='word_1_524' title='bbox 2726 1872 2790 1912; x_wconf 88' lang='lat' dir='ltr'><strong>ac</strong></span> <span class='ocrx_word' id='word_1_525' title='bbox 2826 1856 3025 1911; x_wconf 85' lang='lat' dir='ltr'><strong>talibus</strong></span> <span class='ocrx_word' id='word_1_526' title='bbox 3051 1854 3324 1930; x_wconf 80' lang='lat' dir='ltr'><strong>mysteriis</strong></span> <span class='ocrx_word' id='word_1_527' title='bbox 3351 1857 3623 1923; x_wconf 86' lang='lat' dir='ltr'><strong>initiatus,</strong></span> <span class='ocrx_word' id='word_1_528' title='bbox 3653 1872 3741 1912; x_wconf 87' lang='lat' dir='ltr'><strong>re-</strong></span> 
     </span>
    </p>
   </div>
   <div class='ocr_carea' id='block_1_74' title="bbox 2146 1949 3743 2023">
    <p class='ocr_par' dir='ltr' id='par_1_74' title="bbox 2146 1949 3743 2023">
     <span class='ocr_line' id='line_1_74' title="bbox 2146 1949 3743 2023; baseline 0 -18"><span class='ocrx_word' id='word_1_529' title='bbox 2146 1962 2396 2023; x_wconf 85' lang='lat' dir='ltr'><strong>portatur</strong></span> <span class='ocrx_word' id='word_1_530' title='bbox 2447 1953 2514 2007; x_wconf 87' lang='lat' dir='ltr'><strong>ad</strong></span> <span class='ocrx_word' id='word_1_531' title='bbox 2562 1951 2844 2021; x_wconf 88' lang='lat' dir='ltr'><strong>palatium,</strong></span> <span class='ocrx_word' id='word_1_532' title='bbox 2876 1966 2905 2004; x_wconf 89' lang='lat' dir='ltr'><strong>a</strong></span> <span class='ocrx_word' id='word_1_533' title='bbox 2935 1950 3021 2005; x_wconf 89' lang='lat' dir='ltr'><strong>die</strong></span> <span class='ocrx_word' id='word_1_534' title='bbox 3051 1949 3140 2005; x_wconf 91' lang='lat' dir='ltr'><strong>illa</strong></span> <span class='ocrx_word' id='word_1_535' title='bbox 3168 1960 3224 2006; x_wconf 92' lang='lat' dir='ltr'><strong>et</strong></span> <span class='ocrx_word' id='word_1_536' title='bbox 3246 1951 3505 2020; x_wconf 78' lang='lat' dir='ltr'><strong>deinceps</strong></span> <span class='ocrx_word' id='word_1_537' title='bbox 3544 1952 3743 2006; x_wconf 86' lang='lat' dir='ltr'><strong>timen-</strong></span> 
     </span>
    </p>
   </div>
   <div class='ocr_carea' id='block_1_75' title="bbox 2148 2043 3739 2116">
    <p class='ocr_par' dir='ltr' id='par_1_75' title="bbox 2148 2043 3739 2116">
     <span class='ocr_line' id='line_1_75' title="bbox 2148 2043 3739 2116; baseline 0 -16"><span class='ocrx_word' id='word_1_538' title='bbox 2148 2046 2248 2100; x_wconf 90' lang='lat' dir='ltr'><strong>dus</strong></span> <span class='ocrx_word' id='word_1_539' title='bbox 2291 2043 2496 2116; x_wconf 89' lang='lat' dir='ltr'><strong>pariter</strong></span> <span class='ocrx_word' id='word_1_540' title='bbox 2545 2051 2600 2098; x_wconf 93' lang='lat' dir='ltr'><strong>et</strong></span> <span class='ocrx_word' id='word_1_541' title='bbox 2645 2043 2927 2098; x_wconf 87' lang='lat' dir='ltr'><strong>amandus.</strong></span> <span class='ocrx_word' id='word_1_542' title='bbox 2986 2043 3135 2098; x_wconf 82' lang='lat' dir='ltr'><strong>Felix</strong></span> <span class='ocrx_word' id='word_1_543' title='bbox 3177 2053 3381 2109; x_wconf 87' lang='lat' dir='ltr'><strong>autem,</strong></span> <span class='ocrx_word' id='word_1_544' title='bbox 3416 2045 3462 2099; x_wconf 82' lang='lat' dir='ltr'><strong>si</strong></span> <span class='ocrx_word' id='word_1_545' title='bbox 3500 2043 3739 2114; x_wconf 88' lang='lat' dir='ltr'><strong>gladium</strong></span> 
     </span>
    </p>
   </div>
   <div class='ocr_carea' id='block_1_76' title="bbox 2147 2134 3739 2208">
    <p class='ocr_par' dir='ltr' id='par_1_76' title="bbox 2147 2134 3739 2208">
     <span class='ocr_line' id='line_1_76' title="bbox 2147 2134 3739 2208; baseline -0.001 -17"><span class='ocrx_word' id='word_1_546' title='bbox 2147 2135 2296 2208; x_wconf 87' lang='lat' dir='ltr'><strong>regni</strong></span> <span class='ocrx_word' id='word_1_547' title='bbox 2348 2151 2470 2191; x_wconf 90' lang='lat' dir='ltr'><strong>cum</strong></span> <span class='ocrx_word' id='word_1_548' title='bbox 2519 2135 2698 2207; x_wconf 89' lang='lat' dir='ltr'><strong>gladio</strong></span> <span class='ocrx_word' id='word_1_549' title='bbox 2725 2134 2924 2207; x_wconf 85' lang='lat' dir='ltr'><strong>jungat</strong></span> <span class='ocrx_word' id='word_1_550' title='bbox 2965 2135 3277 2199; x_wconf 88' lang='lat' dir='ltr'><strong>sacerdotii,</strong></span> <span class='ocrx_word' id='word_1_551' title='bbox 3309 2145 3368 2190; x_wconf 91' lang='lat' dir='ltr'><strong>ut</strong></span> <span class='ocrx_word' id='word_1_552' title='bbox 3397 2134 3615 2207; x_wconf 82' lang='lat' dir='ltr'><strong>gladius</strong></span> <span class='ocrx_word' id='word_1_553' title='bbox 3648 2150 3739 2190; x_wconf 51' lang='lat' dir='ltr'><strong>sa-</strong></span> 
     </span>
    </p>
   </div>
   <div class='ocr_carea' id='block_1_77' title="bbox 2145 2225 3739 2299">
    <p class='ocr_par' dir='ltr' id='par_1_77' title="bbox 2145 2225 3739 2299">
     <span class='ocr_line' id='line_1_77' title="bbox 2145 2225 3739 2299; baseline -0.003 -15"><span class='ocrx_word' id='word_1_554' title='bbox 2145 2227 2381 2284; x_wconf 83' lang='lat' dir='ltr'><strong>cerdotis</strong></span> <span class='ocrx_word' id='word_1_555' title='bbox 2423 2226 2629 2295; x_wconf 81' lang='lat' dir='ltr'><strong>mitiget</strong></span> <span class='ocrx_word' id='word_1_556' title='bbox 2658 2226 2896 2299; x_wconf 84' lang='lat' dir='ltr'><strong>gladium</strong></span> <span class='ocrx_word' id='word_1_557' title='bbox 2928 2227 3084 2298; x_wconf 88' lang='lat' dir='ltr'><strong>regis.</strong></span> <span class='ocrx_word' id='word_1_558' title='bbox 3119 2236 3176 2280; x_wconf 90' lang='lat' dir='ltr'><strong>et</strong></span> <span class='ocrx_word' id='word_1_559' title='bbox 3204 2226 3416 2298; x_wconf 82' lang='lat' dir='ltr'><strong>gladius</strong></span> <span class='ocrx_word' id='word_1_560' title='bbox 3447 2228 3594 2299; x_wconf 79' lang='lat' dir='ltr'><strong>regis</strong></span> <span class='ocrx_word' id='word_1_561' title='bbox 3628 2225 3739 2299; x_wconf 83' lang='lat' dir='ltr'><strong>gla-</strong></span> 
     </span>
    </p>
   </div>
   <div class='ocr_carea' id='block_1_78' title="bbox 2145 2318 3740 2395">
    <p class='ocr_par' dir='ltr' id='par_1_78' title="bbox 2145 2318 3740 2395">
     <span class='ocr_line' id='line_1_78' title="bbox 2145 2318 3740 2395; baseline 0.001 -19"><span class='ocrx_word' id='word_1_562' title='bbox 2145 2320 2293 2376; x_wconf 86' lang='lat' dir='ltr'><strong>dium</strong></span> <span class='ocrx_word' id='word_1_563' title='bbox 2347 2329 2504 2376; x_wconf 87' lang='lat' dir='ltr'><strong>acuat</strong></span> <span class='ocrx_word' id='word_1_564' title='bbox 2560 2322 2881 2377; x_wconf 85' lang='lat' dir='ltr'><strong>sacerdotis.</strong></span> <span class='ocrx_word' id='word_1_565' title='bbox 2938 2321 3028 2375; x_wconf 87' lang='lat' dir='ltr'><strong>lsti</strong></span> <span class='ocrx_word' id='word_1_566' title='bbox 3085 2330 3213 2376; x_wconf 86' lang='lat' dir='ltr'><strong>sunt</strong></span> <span class='ocrx_word' id='word_1_567' title='bbox 3257 2318 3362 2377; x_wconf 89' lang='lat' dir='ltr'><strong>duo</strong></span> <span class='ocrx_word' id='word_1_568' title='bbox 3416 2321 3626 2395; x_wconf 85' lang='lat' dir='ltr'><strong>gladii,</strong></span> <span class='ocrx_word' id='word_1_569' title='bbox 3672 2320 3740 2378; x_wconf 84' lang='lat' dir='ltr'><strong>de</strong></span> 
     </span>
    </p>
   </div>
   <div class='ocr_carea' id='block_1_79' title="bbox 2143 2411 3738 2485">
    <p class='ocr_par' dir='ltr' id='par_1_79' title="bbox 2143 2411 3738 2485">
     <span class='ocr_line' id='line_1_79' title="bbox 2143 2411 3738 2485; baseline 0.004 -22"><span class='ocrx_word' id='word_1_570' title='bbox 2143 2411 2343 2482; x_wconf 79' lang='lat' dir='ltr'><strong>quibus</strong></span> <span class='ocrx_word' id='word_1_571' title='bbox 2366 2413 2421 2467; x_wconf 87' lang='lat' dir='ltr'><strong>in</strong></span> <span class='ocrx_word' id='word_1_572' title='bbox 2448 2413 2657 2468; x_wconf 89' lang='lat' dir='ltr'><strong>Domini</strong></span> <span class='ocrx_word' id='word_1_573' title='bbox 2684 2414 2934 2483; x_wconf 84' lang='lat' dir='ltr'><strong>passione</strong></span> <span class='ocrx_word' id='word_1_574' title='bbox 2958 2413 3156 2485; x_wconf 86' lang='lat' dir='ltr'><strong>legitur</strong></span> <span class='ocrx_word' id='word_1_575' title='bbox 3186 2431 3199 2467; x_wconf 90' lang='lat'><strong>:</strong></span> <span class='ocrx_word' id='word_1_576' title='bbox 3234 2433 3252 2465; x_wconf 84' lang='grc'><strong><em>‹</em></strong></span> <span class='ocrx_word' id='word_1_577' title='bbox 3276 2413 3415 2468; x_wconf 85' lang='lat' dir='ltr'><strong>Ecce</strong></span> <span class='ocrx_word' id='word_1_578' title='bbox 3438 2413 3609 2485; x_wconf 87' lang='lat' dir='ltr'><strong>gladii</strong></span> <span class='ocrx_word' id='word_1_579' title='bbox 3634 2414 3738 2469; x_wconf 80' lang='lat' dir='ltr'><strong>duo</strong></span> 
     </span>
    </p>
   </div>
   <div class='ocr_carea' id='block_1_80' title="bbox 2147 2494 3733 2577">
    <p class='ocr_par' dir='ltr' id='par_1_80' title="bbox 2147 2494 3733 2577">
     <span class='ocr_line' id='line_1_80' title="bbox 2147 2494 3733 2577; baseline -0.001 -18"><span class='ocrx_word' id='word_1_580' title='bbox 2147 2503 2269 2570; x_wconf 86' lang='lat' dir='ltr'><strong>hic;</strong></span> <span class='ocrx_word' id='word_1_581' title='bbox 2302 2515 2357 2560; x_wconf 89' lang='lat' dir='ltr'><strong>et</strong></span> <span class='ocrx_word' id='word_1_582' title='bbox 2390 2504 2747 2576; x_wconf 80' lang='lat' dir='ltr'><strong>respondetur</strong></span> <span class='ocrx_word' id='word_1_583' title='bbox 2775 2523 2802 2559; x_wconf 89' lang='lat' dir='ltr'><strong>a</strong></span> <span class='ocrx_word' id='word_1_584' title='bbox 2836 2506 3061 2561; x_wconf 88' lang='lat' dir='ltr'><strong>Domino</strong></span> <span class='ocrx_word' id='word_1_585' title='bbox 3089 2520 3102 2560; x_wconf 90' lang='lat'><strong>:</strong></span> <span class='ocrx_word' id='word_1_586' title='bbox 3129 2494 3340 2561; x_wconf 77' lang='lat' dir='ltr'><strong>Sufﬁcit</strong></span> <span class='ocrx_word' id='word_1_587' title='bbox 3366 2504 3524 2575; x_wconf 83' lang='lat' dir='ltr'><strong>(Luc.</strong></span> <span class='ocrx_word' id='word_1_588' title='bbox 3558 2506 3733 2577; x_wconf 58' lang='grc' dir='ltr'><strong>μὴ.»</strong></span> 
     </span>
    </p>
   </div>
   <div class='ocr_carea' id='block_1_81' title="bbox 2144 2603 3737 2675">
    <p class='ocr_par' dir='ltr' id='par_1_81' title="bbox 2144 2603 3737 2675">
     <span class='ocr_line' id='line_1_81' title="bbox 2144 2603 3737 2675; baseline 0.001 -16"><span class='ocrx_word' id='word_1_589' title='bbox 2144 2603 2297 2660; x_wconf 87' lang='lat' dir='ltr'><strong>Tunc</strong></span> <span class='ocrx_word' id='word_1_590' title='bbox 2328 2605 2470 2661; x_wconf 86' lang='lat' dir='ltr'><strong>enim</strong></span> <span class='ocrx_word' id='word_1_591' title='bbox 2500 2620 2724 2675; x_wconf 82' lang='lat' dir='ltr'><strong>regnum</strong></span> <span class='ocrx_word' id='word_1_592' title='bbox 2765 2605 3099 2675; x_wconf 82' lang='lat' dir='ltr'><strong>provehitur,</strong></span> <span class='ocrx_word' id='word_1_593' title='bbox 3140 2604 3505 2660; x_wconf 82' lang='lat' dir='ltr'><strong>sacerdotium</strong></span> <span class='ocrx_word' id='word_1_594' title='bbox 3546 2605 3737 2661; x_wconf 78' lang='lat' dir='ltr'><strong>dilata-</strong></span> 
     </span>
    </p>
   </div>
   <div class='ocr_carea' id='block_1_82' title="bbox 2143 2697 3733 2775">
    <p class='ocr_par' dir='ltr' id='par_1_82' title="bbox 2143 2697 3733 2775">
     <span class='ocr_line' id='line_1_82' title="bbox 2143 2697 3733 2775; baseline 0 -23"><span class='ocrx_word' id='word_1_595' title='bbox 2143 2705 2250 2759; x_wconf 89' lang='lat' dir='ltr'><strong>tur,</strong></span> <span class='ocrx_word' id='word_1_596' title='bbox 2286 2697 2583 2751; x_wconf 82' lang='lat' dir='ltr'><strong>honoratur</strong></span> <span class='ocrx_word' id='word_1_597' title='bbox 2612 2707 2924 2767; x_wconf 82' lang='lat' dir='ltr'><strong>utrumque,</strong></span> <span class='ocrx_word' id='word_1_598' title='bbox 2952 2713 3075 2753; x_wconf 90' lang='lat' dir='ltr'><strong>cum</strong></span> <span class='ocrx_word' id='word_1_599' title='bbox 3105 2714 3137 2753; x_wconf 86' lang='lat' dir='ltr'><strong>a</strong></span> <span class='ocrx_word' id='word_1_600' title='bbox 3169 2698 3398 2753; x_wconf 87' lang='lat' dir='ltr'><strong>Domino</strong></span> <span class='ocrx_word' id='word_1_601' title='bbox 3427 2707 3733 2775; x_wconf 72' lang='lat' dir='ltr'><strong>praetaxata</strong></span> 
     </span>
    </p>
   </div>
   <div class='ocr_carea' id='block_1_83' title="bbox 2142 2788 3125 2861">
    <p class='ocr_par' dir='ltr' id='par_1_83' title="bbox 2142 2788 3125 2861">
     <span class='ocr_line' id='line_1_83' title="bbox 2142 2788 3125 2861; baseline 0 -19"><span class='ocrx_word' id='word_1_602' title='bbox 2142 2788 2283 2844; x_wconf 78' lang='lat' dir='ltr'><strong>felici</strong></span> <span class='ocrx_word' id='word_1_603' title='bbox 2319 2789 2782 2845; x_wconf 72' lang='lat' dir='ltr'><strong>confmderatione</strong></span> <span class='ocrx_word' id='word_1_604' title='bbox 2802 2789 3125 2861; x_wconf 85' lang='lat' dir='ltr'><strong>junguntur.</strong></span> 
     </span>
    </p>
   </div>
   <div class='ocr_carea' id='block_1_84' title="bbox 2212 2916 3729 2999">
    <p class='ocr_par' dir='ltr' id='par_1_84' title="bbox 2212 2916 3729 2999">
     <span class='ocr_line' id='line_1_84' title="bbox 2212 2916 3729 2999; baseline 0.001 -23"><span class='ocrx_word' id='word_1_605' title='bbox 2212 2922 2436 2976; x_wconf 81' lang='lat' dir='ltr'><strong>Sextum</strong></span> <span class='ocrx_word' id='word_1_606' title='bbox 2482 2929 2566 2975; x_wconf 91' lang='lat' dir='ltr'><strong>est</strong></span> <span class='ocrx_word' id='word_1_607' title='bbox 2607 2926 3011 2976; x_wconf 81' lang='lat' dir='ltr'><strong>sacramentum</strong></span> <span class='ocrx_word' id='word_1_608' title='bbox 3059 2916 3729 2999; x_wconf 33' lang='lat' dir='ltr'><strong>dedicationiswecclesiz.</strong></span> 
     </span>
    </p>
   </div>
   <div class='ocr_carea' id='block_1_85' title="bbox 2144 2996 3729 3083">
    <p class='ocr_par' dir='ltr' id='par_1_85' title="bbox 2144 2996 3729 3083">
     <span class='ocr_line' id='line_1_85' title="bbox 2144 2996 3729 3083; baseline 0.001 -18"><span class='ocrx_word' id='word_1_609' title='bbox 2144 3012 2259 3068; x_wconf 88' lang='lat' dir='ltr'><strong>Dici</strong></span> <span class='ocrx_word' id='word_1_610' title='bbox 2296 3013 2386 3067; x_wconf 87' lang='lat' dir='ltr'><strong>vix</strong></span> <span class='ocrx_word' id='word_1_611' title='bbox 2418 3020 2596 3083; x_wconf 91' lang='lat' dir='ltr'><strong>polest</strong></span> <span class='ocrx_word' id='word_1_612' title='bbox 2622 3022 2825 3081; x_wconf 81' lang='lat' dir='ltr'><strong>quanta</strong></span> <span class='ocrx_word' id='word_1_613' title='bbox 2858 3014 2928 3068; x_wconf 88' lang='lat' dir='ltr'><strong>sit</strong></span> <span class='ocrx_word' id='word_1_614' title='bbox 2957 3013 3010 3066; x_wconf 89' lang='lat' dir='ltr'><strong>in</strong></span> <span class='ocrx_word' id='word_1_615' title='bbox 3042 3012 3146 3067; x_wconf 81' lang='lat' dir='ltr'><strong>hoc</strong></span> <span class='ocrx_word' id='word_1_616' title='bbox 3353 2996 3729 3070; x_wconf 62' lang='lat' dir='ltr'><strong>sacramento-</strong></span> 
     </span>
    </p>
   </div>
   <div class='ocr_carea' id='block_1_86' title="bbox 2142 3101 3729 3161">
    <p class='ocr_par' dir='ltr' id='par_1_86' title="bbox 2142 3101 3729 3161">
     <span class='ocr_line' id='line_1_86' title="bbox 2142 3101 3729 3161; baseline -0.001 0"><span class='ocrx_word' id='word_1_617' title='bbox 2142 3120 2263 3161; x_wconf 87' lang='lat' dir='ltr'><strong>rum</strong></span> <span class='ocrx_word' id='word_1_618' title='bbox 2293 3108 2532 3160; x_wconf 83' lang='lat' dir='ltr'><strong>varietas</strong></span> <span class='ocrx_word' id='word_1_619' title='bbox 2588 3113 2646 3160; x_wconf 75' lang='lat' dir='ltr'><strong>et</strong></span> <span class='ocrx_word' id='word_1_620' title='bbox 2681 3104 3079 3159; x_wconf 86' lang='lat' dir='ltr'><strong>institutionum</strong></span> <span class='ocrx_word' id='word_1_621' title='bbox 3125 3103 3433 3158; x_wconf 75' lang='lat' dir='ltr'><strong>alternatio.</strong></span> <span class='ocrx_word' id='word_1_622' title='bbox 3484 3101 3729 3161; x_wconf 78' lang='lat' dir='ltr'><strong>Primum</strong></span> 
     </span>
    </p>
   </div>
   <div class='ocr_carea' id='block_1_87' title="bbox 2140 3192 3729 3259">
    <p class='ocr_par' dir='ltr' id='par_1_87' title="bbox 2140 3192 3729 3259">
     <span class='ocr_line' id='line_1_87' title="bbox 2140 3192 3729 3259; baseline 0.001 -8"><span class='ocrx_word' id='word_1_623' title='bbox 2140 3197 2287 3251; x_wconf 90' lang='lat' dir='ltr'><strong>enim</strong></span> <span class='ocrx_word' id='word_1_624' title='bbox 2358 3195 2586 3251; x_wconf 83' lang='lat' dir='ltr'><strong>ecclesia</strong></span> <span class='ocrx_word' id='word_1_625' title='bbox 2639 3194 2785 3248; x_wconf 89' lang='lat' dir='ltr'><strong>intus</strong></span> <span class='ocrx_word' id='word_1_626' title='bbox 2834 3205 2892 3250; x_wconf 89' lang='lat' dir='ltr'><strong>et</strong></span> <span class='ocrx_word' id='word_1_627' title='bbox 2935 3192 3139 3250; x_wconf 77' lang='lat' dir='ltr'><strong>deforis</strong></span> <span class='ocrx_word' id='word_1_628' title='bbox 3183 3192 3491 3259; x_wconf 84' lang='lat' dir='ltr'><strong>dealbatur,</strong></span> <span class='ocrx_word' id='word_1_629' title='bbox 3539 3206 3729 3251; x_wconf 78' lang='lat' dir='ltr'><strong>cruces</strong></span> 
     </span>
    </p>
   </div>
   <div class='ocr_carea' id='block_1_88' title="bbox 2139 3284 3729 3355">
    <p class='ocr_par' dir='ltr' id='par_1_88' title="bbox 2139 3284 3729 3355">
     <span class='ocr_line' id='line_1_88' title="bbox 2139 3284 3729 3355; baseline 0 -14"><span class='ocrx_word' id='word_1_630' title='bbox 2139 3284 2426 3341; x_wconf 85' lang='lat' dir='ltr'><strong>duodecim</strong></span> <span class='ocrx_word' id='word_1_631' title='bbox 2462 3286 2518 3339; x_wconf 90' lang='lat' dir='ltr'><strong>in</strong></span> <span class='ocrx_word' id='word_1_632' title='bbox 2547 3285 2806 3339; x_wconf 84' lang='lat' dir='ltr'><strong>interiore</strong></span> <span class='ocrx_word' id='word_1_633' title='bbox 2845 3284 3080 3341; x_wconf 85' lang='lat' dir='ltr'><strong>circuitu</strong></span> <span class='ocrx_word' id='word_1_634' title='bbox 3117 3284 3365 3340; x_wconf 60' lang='lat' dir='ltr'><strong>ecclesias</strong></span> <span class='ocrx_word' id='word_1_635' title='bbox 3402 3285 3729 3355; x_wconf 65' lang='lat' dir='ltr'><strong>imprimun-</strong></span> 
     </span>
    </p>
   </div>
   <div class='ocr_carea' id='block_1_89' title="bbox 2141 3372 3727 3442">
    <p class='ocr_par' dir='ltr' id='par_1_89' title="bbox 2141 3372 3727 3442">
     <span class='ocr_line' id='line_1_89' title="bbox 2141 3372 3727 3442; baseline 0 -9"><span class='ocrx_word' id='word_1_636' title='bbox 2141 3387 2246 3442; x_wconf 84' lang='lat' dir='ltr'><strong>tur,</strong></span> <span class='ocrx_word' id='word_1_637' title='bbox 2290 3378 2433 3433; x_wconf 85' lang='lat' dir='ltr'><strong>cerei</strong></span> <span class='ocrx_word' id='word_1_638' title='bbox 2474 3377 2699 3432; x_wconf 87' lang='lat' dir='ltr'><strong>totidem</strong></span> <span class='ocrx_word' id='word_1_639' title='bbox 2745 3377 3140 3442; x_wconf 81' lang='lat' dir='ltr'><strong>accenduntur,</strong></span> <span class='ocrx_word' id='word_1_640' title='bbox 3175 3372 3506 3432; x_wconf 69' lang='lat' dir='ltr'><strong>emendatur</strong></span> <span class='ocrx_word' id='word_1_641' title='bbox 3544 3376 3727 3433; x_wconf 73' lang='lat' dir='ltr'><strong>occla—</strong></span> 
     </span>
    </p>
   </div>
   <div class='ocr_carea' id='block_1_90' title="bbox 2134 3468 3724 3541">
    <p class='ocr_par' dir='ltr' id='par_1_90' title="bbox 2134 3468 3724 3541">
     <span class='ocr_line' id='line_1_90' title="bbox 2134 3468 3724 3541; baseline -0.001 -16"><span class='ocrx_word' id='word_1_642' title='bbox 2134 3468 2236 3536; x_wconf 87' lang='lat' dir='ltr'><strong>sia,</strong></span> <span class='ocrx_word' id='word_1_643' title='bbox 2280 3469 2525 3541; x_wconf 84' lang='lat' dir='ltr'><strong>pontifex</strong></span> <span class='ocrx_word' id='word_1_644' title='bbox 2575 3468 2859 3524; x_wconf 84' lang='lat' dir='ltr'><strong>ecclesiam</strong></span> <span class='ocrx_word' id='word_1_645' title='bbox 2910 3468 3150 3524; x_wconf 77' lang='lat' dir='ltr'><strong>exterius</strong></span> <span class='ocrx_word' id='word_1_646' title='bbox 3187 3468 3386 3524; x_wconf 81' lang='lat' dir='ltr'><strong>circuit</strong></span> <span class='ocrx_word' id='word_1_647' title='bbox 3423 3482 3554 3523; x_wconf 72' lang='lat' dir='ltr'><strong>cum</strong></span> <span class='ocrx_word' id='word_1_648' title='bbox 3584 3482 3724 3539; x_wconf 82' lang='lat' dir='ltr'><strong>aqua</strong></span> 
     </span>
    </p>
   </div>
   <div class='ocr_carea' id='block_1_91' title="bbox 2136 3560 3724 3634">
    <p class='ocr_par' dir='ltr' id='par_1_91' title="bbox 2136 3560 3724 3634">
     <span class='ocr_line' id='line_1_91' title="bbox 2136 3560 3724 3634; baseline -0.001 -17"><span class='ocrx_word' id='word_1_649' title='bbox 2136 3561 2446 3628; x_wconf 83' lang='lat' dir='ltr'><strong>benedicta,</strong></span> <span class='ocrx_word' id='word_1_650' title='bbox 2496 3570 2552 3617; x_wconf 88' lang='lat' dir='ltr'><strong>et</strong></span> <span class='ocrx_word' id='word_1_651' title='bbox 2592 3562 2644 3615; x_wconf 90' lang='lat' dir='ltr'><strong>in</strong></span> <span class='ocrx_word' id='word_1_652' title='bbox 2693 3560 3093 3631; x_wconf 80' lang='lat' dir='ltr'><strong>superliminari</strong></span> <span class='ocrx_word' id='word_1_653' title='bbox 3143 3570 3313 3631; x_wconf 75' lang='lat' dir='ltr'><strong>perun</strong></span> <span class='ocrx_word' id='word_1_654' title='bbox 3363 3563 3528 3617; x_wconf 81' lang='lat' dir='ltr'><strong>tertio</strong></span> <span class='ocrx_word' id='word_1_655' title='bbox 3574 3561 3724 3634; x_wconf 78' lang='lat' dir='ltr'><strong>virga</strong></span> 
     </span>
    </p>
   </div>
   <div class='ocr_carea' id='block_1_92' title="bbox 2139 3653 3719 3725">
    <p class='ocr_par' dir='ltr' id='par_1_92' title="bbox 2139 3653 3719 3725">
     <span class='ocr_line' id='line_1_92' title="bbox 2139 3653 3719 3725; baseline 0.001 -17"><span class='ocrx_word' id='word_1_656' title='bbox 2139 3654 2397 3724; x_wconf 86' lang='lat' dir='ltr'><strong>pastorali</strong></span> <span class='ocrx_word' id='word_1_657' title='bbox 2424 3654 2758 3725; x_wconf 86' lang='lat' dir='ltr'><strong>percutiens,</strong></span> <span class='ocrx_word' id='word_1_658' title='bbox 2783 3653 2914 3709; x_wconf 91' lang='lat' dir='ltr'><strong>dicit</strong></span> <span class='ocrx_word' id='word_1_659' title='bbox 2934 3671 2947 3707; x_wconf 88' lang='lat'><strong>:</strong></span> <span class='ocrx_word' id='word_1_660' title='bbox 2977 3670 2997 3705; x_wconf 71' lang='grc' dir='ltr'><strong>α</strong></span> <span class='ocrx_word' id='word_1_661' title='bbox 3017 3653 3263 3709; x_wconf 76' lang='lat' dir='ltr'><strong>Attollite</strong></span> <span class='ocrx_word' id='word_1_662' title='bbox 3280 3663 3470 3724; x_wconf 86' lang='lat' dir='ltr'><strong>portas</strong></span> <span class='ocrx_word' id='word_1_663' title='bbox 3489 3664 3719 3721; x_wconf 74' lang='lat' dir='ltr'><strong>vestntt,</strong></span> 
     </span>
    </p>
   </div>
   <div class='ocr_carea' id='block_1_93' title="bbox 2132 3738 3721 3814">
    <p class='ocr_par' dir='ltr' id='par_1_93' title="bbox 2132 3738 3721 3814">
     <span class='ocr_line' id='line_1_93' title="bbox 2132 3738 3721 3814; baseline 0.001 -14"><span class='ocrx_word' id='word_1_664' title='bbox 2132 3753 2186 3800; x_wconf 87' lang='lat' dir='ltr'><strong>et</strong></span> <span class='ocrx_word' id='word_1_665' title='bbox 2232 3744 2552 3810; x_wconf 85' lang='lat' dir='ltr'><strong>elevamini,</strong></span> <span class='ocrx_word' id='word_1_666' title='bbox 2604 3754 2777 3814; x_wconf 67' lang='lat' dir='ltr'><strong>portae</strong></span> <span class='ocrx_word' id='word_1_667' title='bbox 2823 3743 3147 3811; x_wconf 77' lang='lat' dir='ltr'><strong>aeternales,</strong></span> <span class='ocrx_word' id='word_1_668' title='bbox 3198 3753 3258 3800; x_wconf 85' lang='lat' dir='ltr'><strong>et</strong></span> <span class='ocrx_word' id='word_1_669' title='bbox 3304 3738 3721 3802; x_wconf 56' lang='lat' dir='ltr'><strong>introibit&#39;ltex</strong></span> 
     </span>
    </p>
   </div>
   <div class='ocr_carea' id='block_1_94' title="bbox 2132 3837 3721 3909">
    <p class='ocr_par' dir='ltr' id='par_1_94' title="bbox 2132 3837 3721 3909">
     <span class='ocr_line' id='line_1_94' title="bbox 2132 3837 3721 3909; baseline 0.004 -19"><span class='ocrx_word' id='word_1_670' title='bbox 2132 3838 2344 3907; x_wconf 79' lang='lat' dir='ltr'><strong>glorise;</strong></span> <span class='ocrx_word' id='word_1_671' title='bbox 2375 3856 2394 3889; x_wconf 72' lang='grc' dir='ltr'><strong>ι</strong></span> <span class='ocrx_word' id='word_1_672' title='bbox 2425 3837 2530 3892; x_wconf 86' lang='lat' dir='ltr'><strong>illis</strong></span> <span class='ocrx_word' id='word_1_673' title='bbox 2550 3839 2769 3893; x_wconf 87' lang='lat' dir='ltr'><strong>deintns</strong></span> <span class='ocrx_word' id='word_1_674' title='bbox 2791 3840 3281 3909; x_wconf 85' lang='lat' dir='ltr'><strong>respondentibus:</strong></span> <span class='ocrx_word' id='word_1_675' title='bbox 3314 3840 3482 3907; x_wconf 67' lang='lat' dir='ltr'><strong>«Quis</strong></span> <span class='ocrx_word' id='word_1_676' title='bbox 3500 3849 3590 3895; x_wconf 82' lang='lat' dir='ltr'><strong>est</strong></span> <span class='ocrx_word' id='word_1_677' title='bbox 3619 3842 3721 3898; x_wconf 81' lang='lat' dir='ltr'><strong>iste</strong></span> 
     </span>
    </p>
   </div>
   <div class='ocr_carea' id='block_1_95' title="bbox 2133 3929 3717 4004">
    <p class='ocr_par' dir='ltr' id='par_1_95' title="bbox 2133 3929 3717 4004">
     <span class='ocr_line' id='line_1_95' title="bbox 2133 3929 3717 4004; baseline 0.004 -21"><span class='ocrx_word' id='word_1_678' title='bbox 2133 3929 2245 3985; x_wconf 76' lang='lat' dir='ltr'><strong>Rex</strong></span> <span class='ocrx_word' id='word_1_679' title='bbox 2267 3930 2476 4002; x_wconf 69' lang='lat' dir='ltr'><strong>gloriaz?</strong></span> <span class='ocrx_word' id='word_1_680' title='bbox 2502 3929 2706 4001; x_wconf 75' lang='grc' dir='ltr'><strong>»(Ρσαι.</strong></span> <span class='ocrx_word' id='word_1_681' title='bbox 2722 3932 3069 4004; x_wconf 84' lang='lat' dir='ltr'><strong>xxtu.)Tunc</strong></span> <span class='ocrx_word' id='word_1_682' title='bbox 3091 3932 3569 4002; x_wconf 83' lang='lat' dir='ltr'><strong>benedicitaqnam</strong></span> <span class='ocrx_word' id='word_1_683' title='bbox 3584 3932 3717 3999; x_wconf 81' lang='lat' dir='ltr'><strong>sale,</strong></span> 
     </span>
    </p>
   </div>
   <div class='ocr_carea' id='block_1_96' title="bbox 2128 4023 3716 4095">
    <p class='ocr_par' dir='ltr' id='par_1_96' title="bbox 2128 4023 3716 4095">
     <span class='ocr_line' id='line_1_96' title="bbox 2128 4023 3716 4095; baseline 0.002 -16"><span class='ocrx_word' id='word_1_684' title='bbox 2128 4024 2334 4087; x_wconf 78' lang='lat' dir='ltr'><strong>cinere,</strong></span> <span class='ocrx_word' id='word_1_685' title='bbox 2363 4024 2487 4077; x_wconf 88' lang='lat' dir='ltr'><strong>vino</strong></span> <span class='ocrx_word' id='word_1_686' title='bbox 2508 4023 2853 4095; x_wconf 81' lang='lat' dir='ltr'><strong>liyssopoque</strong></span> <span class='ocrx_word' id='word_1_687' title='bbox 2882 4037 3253 4093; x_wconf 86' lang='lat' dir='ltr'><strong>conspersam,</strong></span> <span class='ocrx_word' id='word_1_688' title='bbox 3276 4024 3631 4094; x_wconf 81' lang='lat' dir='ltr'><strong>alphabetum</strong></span> <span class='ocrx_word' id='word_1_689' title='bbox 3651 4036 3716 4083; x_wconf 81' lang='lat' dir='ltr'><strong>ex</strong></span> 
     </span>
    </p>
   </div>
   <div class='ocr_carea' id='block_1_97' title="bbox 2089 4115 3717 4186">
    <p class='ocr_par' dir='ltr' id='par_1_97' title="bbox 2089 4115 3717 4186">
     <span class='ocr_line' id='line_1_97' title="bbox 2089 4115 3717 4186; baseline 0.002 -15"><span class='ocrx_word' id='word_1_690' title='bbox 2089 4124 2092 4129; x_wconf 83' lang='lat'><strong><em>&#39;</em></strong></span> <span class='ocrx_word' id='word_1_691' title='bbox 2133 4126 2442 4171; x_wconf 86' lang='lat' dir='ltr'><strong>transverso</strong></span> <span class='ocrx_word' id='word_1_692' title='bbox 2487 4115 2855 4186; x_wconf 80' lang='lat' dir='ltr'><strong>quadrangula</strong></span> <span class='ocrx_word' id='word_1_693' title='bbox 2906 4117 3114 4169; x_wconf 85' lang='lat' dir='ltr'><strong>ratione</strong></span> <span class='ocrx_word' id='word_1_694' title='bbox 3162 4117 3486 4182; x_wconf 64' lang='lat' dir='ltr'><strong>«inscribit,</strong></span> <span class='ocrx_word' id='word_1_695' title='bbox 3542 4118 3717 4174; x_wconf 83' lang='lat' dir='ltr'><strong>altare</strong></span> 
     </span>
    </p>
   </div>
   <div class='ocr_carea' id='block_1_98' title="bbox 2126 4208 3711 4277">
    <p class='ocr_par' dir='ltr' id='par_1_98' title="bbox 2126 4208 3711 4277">
     <span class='ocr_line' id='line_1_98' title="bbox 2126 4208 3711 4277; baseline 0.002 -15"><span class='ocrx_word' id='word_1_696' title='bbox 2126 4209 2328 4276; x_wconf 85' lang='lat' dir='ltr'><strong>septies</strong></span> <span class='ocrx_word' id='word_1_697' title='bbox 2354 4222 2418 4262; x_wconf 86' lang='lat' dir='ltr'><strong>ex</strong></span> <span class='ocrx_word' id='word_1_698' title='bbox 2450 4208 2640 4262; x_wconf 86' lang='lat' dir='ltr'><strong>eadem</strong></span> <span class='ocrx_word' id='word_1_699' title='bbox 2683 4222 2821 4276; x_wconf 86' lang='lat' dir='ltr'><strong>aqua</strong></span> <span class='ocrx_word' id='word_1_700' title='bbox 2864 4209 3145 4277; x_wconf 88' lang='lat' dir='ltr'><strong>respergit,</strong></span> <span class='ocrx_word' id='word_1_701' title='bbox 3172 4222 3364 4262; x_wconf 86' lang='lat' dir='ltr'><strong>cruces</strong></span> <span class='ocrx_word' id='word_1_702' title='bbox 3392 4210 3711 4275; x_wconf 80' lang='lat' dir='ltr'><strong>chrismate,</strong></span> 
     </span>
    </p>
   </div>
   <div class='ocr_carea' id='block_1_99' title="bbox 2127 4297 3709 4370">
    <p class='ocr_par' dir='ltr' id='par_1_99' title="bbox 2127 4297 3709 4370">
     <span class='ocr_line' id='line_1_99' title="bbox 2127 4297 3709 4370; baseline 0.002 -18"><span class='ocrx_word' id='word_1_703' title='bbox 2127 4297 2300 4353; x_wconf 85' lang='lat' dir='ltr'><strong>altare</strong></span> <span class='ocrx_word' id='word_1_704' title='bbox 2328 4314 2457 4353; x_wconf 87' lang='lat' dir='ltr'><strong>vero</strong></span> <span class='ocrx_word' id='word_1_705' title='bbox 2482 4300 2708 4352; x_wconf 86' lang='lat' dir='ltr'><strong>mistura</strong></span> <span class='ocrx_word' id='word_1_706' title='bbox 2736 4300 3070 4362; x_wconf 87' lang='lat' dir='ltr'><strong>chrismatis,</strong></span> <span class='ocrx_word' id='word_1_707' title='bbox 3101 4301 3315 4369; x_wconf 85' lang='lat' dir='ltr'><strong>oleique</strong></span> <span class='ocrx_word' id='word_1_708' title='bbox 3343 4303 3617 4370; x_wconf 86' lang='lat' dir='ltr'><strong>perungit,</strong></span> <span class='ocrx_word' id='word_1_709' title='bbox 3645 4301 3709 4355; x_wconf 80' lang='lat' dir='ltr'><strong>ad</strong></span> 
     </span>
    </p>
   </div>
   <div class='ocr_carea' id='block_1_100' title="bbox 2045 4392 3712 4467">
    <p class='ocr_par' dir='ltr' id='par_1_100' title="bbox 2045 4392 3712 4467">
     <span class='ocr_line' id='line_1_100' title="bbox 2045 4392 3712 4467; baseline 0.001 -21"><span class='ocrx_word' id='word_1_710' title='bbox 2045 4407 2100 4467; x_wconf 73' lang='grc' dir='ltr'><strong>ι)</strong></span> <span class='ocrx_word' id='word_1_711' title='bbox 2126 4402 2361 4463; x_wconf 88' lang='lat' dir='ltr'><strong>quatuor</strong></span> <span class='ocrx_word' id='word_1_712' title='bbox 2413 4392 2598 4446; x_wconf 87' lang='lat' dir='ltr'><strong>altaris</strong></span> <span class='ocrx_word' id='word_1_713' title='bbox 2643 4406 2847 4447; x_wconf 87' lang='lat' dir='ltr'><strong>cornua</strong></span> <span class='ocrx_word' id='word_1_714' title='bbox 2889 4392 3173 4447; x_wconf 88' lang='lat' dir='ltr'><strong>incensum</strong></span> <span class='ocrx_word' id='word_1_715' title='bbox 3217 4393 3493 4461; x_wconf 82' lang='lat' dir='ltr'><strong>incendit,</strong></span> <span class='ocrx_word' id='word_1_716' title='bbox 3541 4394 3712 4448; x_wconf 82' lang='lat' dir='ltr'><strong>altare</strong></span> 
     </span>
    </p>
   </div>
   <div class='ocr_carea' id='block_1_101' title="bbox 2131 4483 3708 4556">
    <p class='ocr_par' dir='ltr' id='par_1_101' title="bbox 2131 4483 3708 4556">
     <span class='ocr_line' id='line_1_101' title="bbox 2131 4483 3708 4556; baseline 0.002 -18"><span class='ocrx_word' id='word_1_717' title='bbox 2131 4491 2334 4538; x_wconf 86' lang='lat' dir='ltr'><strong>tersum</strong></span> <span class='ocrx_word' id='word_1_718' title='bbox 2384 4485 2538 4538; x_wconf 86' lang='lat' dir='ltr'><strong>novis</strong></span> <span class='ocrx_word' id='word_1_719' title='bbox 2589 4483 2945 4539; x_wconf 84' lang='lat' dir='ltr'><strong>velaminibus</strong></span> <span class='ocrx_word' id='word_1_720' title='bbox 2987 4488 3191 4553; x_wconf 87' lang='lat' dir='ltr'><strong>operit,</strong></span> <span class='ocrx_word' id='word_1_721' title='bbox 3244 4484 3463 4556; x_wconf 82' lang='lat' dir='ltr'><strong>aliaque</strong></span> <span class='ocrx_word' id='word_1_722' title='bbox 3519 4486 3708 4553; x_wconf 78' lang='lat' dir='ltr'><strong>multa,</strong></span> 
     </span>
    </p>
   </div>
   <div class='ocr_carea' id='block_1_102' title="bbox 2129 4576 3709 4647">
    <p class='ocr_par' dir='ltr' id='par_1_102' title="bbox 2129 4576 3709 4647">
     <span class='ocr_line' id='line_1_102' title="bbox 2129 4576 3709 4647; baseline 0.004 -18"><span class='ocrx_word' id='word_1_723' title='bbox 2129 4587 2250 4645; x_wconf 64' lang='lat' dir='ltr'><strong>quas</strong></span> <span class='ocrx_word' id='word_1_724' title='bbox 2285 4576 2554 4631; x_wconf 87' lang='lat' dir='ltr'><strong>sermonis</strong></span> <span class='ocrx_word' id='word_1_725' title='bbox 2596 4576 2832 4630; x_wconf 82' lang='lat' dir='ltr'><strong>brevitas</strong></span> <span class='ocrx_word' id='word_1_726' title='bbox 2859 4590 2964 4630; x_wconf 87' lang='lat' dir='ltr'><strong>non</strong></span> <span class='ocrx_word' id='word_1_727' title='bbox 2994 4578 3258 4647; x_wconf 76' lang='lat' dir='ltr'><strong>permittit</strong></span> <span class='ocrx_word' id='word_1_728' title='bbox 3286 4577 3550 4633; x_wconf 88' lang='lat' dir='ltr'><strong>inserere.</strong></span> <span class='ocrx_word' id='word_1_729' title='bbox 3582 4577 3709 4635; x_wconf 81' lang='lat' dir='ltr'><strong>Post</strong></span> 
     </span>
    </p>
   </div>
   <div class='ocr_carea' id='block_1_103' title="bbox 2128 4668 3706 4745">
    <p class='ocr_par' dir='ltr' id='par_1_103' title="bbox 2128 4668 3706 4745">
     <span class='ocr_line' id='line_1_103' title="bbox 2128 4668 3706 4745; baseline 0.004 -24"><span class='ocrx_word' id='word_1_730' title='bbox 2128 4668 2243 4723; x_wconf 65' lang='lat' dir='ltr'><strong>haec</strong></span> <span class='ocrx_word' id='word_1_731' title='bbox 2268 4668 2415 4722; x_wconf 87' lang='lat' dir='ltr'><strong>omni</strong></span> <span class='ocrx_word' id='word_1_732' title='bbox 2446 4669 2895 4724; x_wconf 78' lang='lat' dir='ltr'><strong>vestimentorum</strong></span> <span class='ocrx_word' id='word_1_733' title='bbox 2925 4670 3093 4740; x_wconf 73' lang='lat' dir='ltr'><strong>gloria</strong></span> <span class='ocrx_word' id='word_1_734' title='bbox 3130 4672 3436 4727; x_wconf 79' lang='lat' dir='ltr'><strong>cumulatus</strong></span> <span class='ocrx_word' id='word_1_735' title='bbox 3464 4673 3706 4745; x_wconf 78' lang='lat' dir='ltr'><strong>ingredi-</strong></span> 
     </span>
    </p>
   </div>
   <div class='ocr_carea' id='block_1_104' title="bbox 2127 4759 3702 4831">
    <p class='ocr_par' dir='ltr' id='par_1_104' title="bbox 2127 4759 3702 4831">
     <span class='ocr_line' id='line_1_104' title="bbox 2127 4759 3702 4831; baseline 0.005 -19"><span class='ocrx_word' id='word_1_736' title='bbox 2127 4766 2216 4813; x_wconf 87' lang='lat' dir='ltr'><strong>tur</strong></span> <span class='ocrx_word' id='word_1_737' title='bbox 2252 4759 2320 4814; x_wconf 86' lang='lat' dir='ltr'><strong>ad</strong></span> <span class='ocrx_word' id='word_1_738' title='bbox 2354 4759 2546 4828; x_wconf 84' lang='lat' dir='ltr'><strong>altare,</strong></span> <span class='ocrx_word' id='word_1_739' title='bbox 2593 4760 2918 4815; x_wconf 76' lang='lat' dir='ltr'><strong>sacriﬁcium</strong></span> <span class='ocrx_word' id='word_1_740' title='bbox 2971 4762 3248 4830; x_wconf 82' lang='lat' dir='ltr'><strong>singulare</strong></span> <span class='ocrx_word' id='word_1_741' title='bbox 3294 4762 3702 4831; x_wconf 68' lang='lat' dir='ltr'><strong>celebratum,</strong></span> 
     </span>
    </p>
   </div>
   <div class='ocr_carea' id='block_1_105' title="bbox 2120 4850 3703 4926">
    <p class='ocr_par' dir='ltr' id='par_1_105' title="bbox 2120 4850 3703 4926">
     <span class='ocr_line' id='line_1_105' title="bbox 2120 4850 3703 4926; baseline 0.003 -20"><span class='ocrx_word' id='word_1_742' title='bbox 2120 4859 2176 4906; x_wconf 86' lang='lat' dir='ltr'><strong>et</strong></span> <span class='ocrx_word' id='word_1_743' title='bbox 2208 4850 2289 4906; x_wconf 84' lang='lat' dir='ltr'><strong>sic</strong></span> <span class='ocrx_word' id='word_1_744' title='bbox 2322 4850 2740 4906; x_wconf 85' lang='lat' dir='ltr'><strong>sanetillcationi</strong></span> <span class='ocrx_word' id='word_1_745' title='bbox 2783 4853 2942 4908; x_wconf 81' lang='lat' dir='ltr'><strong>tinem</strong></span> <span class='ocrx_word' id='word_1_746' title='bbox 2974 4853 3344 4923; x_wconf 84' lang='lat' dir='ltr'><strong>impositurus.</strong></span> <span class='ocrx_word' id='word_1_747' title='bbox 3375 4855 3513 4922; x_wconf 79' lang='lat' dir='ltr'><strong>Quis</strong></span> <span class='ocrx_word' id='word_1_748' title='bbox 3546 4854 3703 4926; x_wconf 68' lang='lat' dir='ltr'><strong>huius</strong></span> 
     </span>
    </p>
   </div>
   <div class='ocr_carea' id='block_1_106' title="bbox 2122 4943 3702 5016">
    <p class='ocr_par' dir='ltr' id='par_1_106' title="bbox 2122 4943 3702 5016">
     <span class='ocr_line' id='line_1_106' title="bbox 2122 4943 3702 5016; baseline 0.003 -18"><span class='ocrx_word' id='word_1_749' title='bbox 2122 4943 2299 5015; x_wconf 81' lang='lat' dir='ltr'><strong>abyssi</strong></span> <span class='ocrx_word' id='word_1_750' title='bbox 2347 4944 2633 5014; x_wconf 85' lang='lat' dir='ltr'><strong>caliginem</strong></span> <span class='ocrx_word' id='word_1_751' title='bbox 2678 4948 2948 5001; x_wconf 87' lang='lat' dir='ltr'><strong>sermonis</strong></span> <span class='ocrx_word' id='word_1_752' title='bbox 2986 4948 3233 5001; x_wconf 78' lang='lat' dir='ltr'><strong>claritate</strong></span> <span class='ocrx_word' id='word_1_753' title='bbox 3278 4951 3452 5016; x_wconf 62' lang='lat' dir='ltr'><strong>[iussit</strong></span> <span class='ocrx_word' id='word_1_754' title='bbox 3508 4949 3702 5002; x_wconf 78' lang='lat' dir='ltr'><strong>illumi-</strong></span> 
     </span>
    </p>
   </div>
   <div class='ocr_carea' id='block_1_107' title="bbox 2120 5034 3698 5110">
    <p class='ocr_par' dir='ltr' id='par_1_107' title="bbox 2120 5034 3698 5110">
     <span class='ocr_line' id='line_1_107' title="bbox 2120 5034 3698 5110; baseline 0.002 -19"><span class='ocrx_word' id='word_1_755' title='bbox 2120 5034 2289 5091; x_wconf 77' lang='lat' dir='ltr'><strong>nare?</strong></span> <span class='ocrx_word' id='word_1_756' title='bbox 2330 5036 2708 5106; x_wconf 78' lang='lat' dir='ltr'><strong>Attigissetnus</strong></span> <span class='ocrx_word' id='word_1_757' title='bbox 2760 5047 2940 5093; x_wconf 78' lang='lat' dir='ltr'><strong>tamen</strong></span> <span class='ocrx_word' id='word_1_758' title='bbox 2985 5039 3555 5110; x_wconf 79' lang='lat' dir='ltr'><strong>quantulumcunque,</strong></span> <span class='ocrx_word' id='word_1_759' title='bbox 3596 5039 3698 5095; x_wconf 80' lang='lat' dir='ltr'><strong>nisi</strong></span> 
     </span>
    </p>
   </div>
   <div class='ocr_carea' id='block_1_108' title="bbox 2118 5130 3702 5205">
    <p class='ocr_par' dir='ltr' id='par_1_108' title="bbox 2118 5130 3702 5205">
     <span class='ocr_line' id='line_1_108' title="bbox 2118 5130 3702 5205; baseline 0.003 -21"><span class='ocrx_word' id='word_1_760' title='bbox 2118 5130 2321 5186; x_wconf 86' lang='lat' dir='ltr'><strong>nostris</strong></span> <span class='ocrx_word' id='word_1_761' title='bbox 2373 5131 2704 5201; x_wconf 86' lang='lat' dir='ltr'><strong>temporibus</strong></span> <span class='ocrx_word' id='word_1_762' title='bbox 2753 5133 3004 5201; x_wconf 83' lang='lat' dir='ltr'><strong>quidam,</strong></span> <span class='ocrx_word' id='word_1_763' title='bbox 3060 5134 3149 5203; x_wconf 89' lang='lat' dir='ltr'><strong>qui</strong></span> <span class='ocrx_word' id='word_1_764' title='bbox 3203 5134 3527 5189; x_wconf 78' lang='lat' dir='ltr'><strong>Carnutensi</strong></span> <span class='ocrx_word' id='word_1_765' title='bbox 3562 5149 3702 5205; x_wconf 76' lang='lat' dir='ltr'><strong>prte-</strong></span> 
     </span>
    </p>
   </div>
   <div class='ocr_carea' id='block_1_109' title="bbox 2116 5225 3698 5299">
    <p class='ocr_par' dir='ltr' id='par_1_109' title="bbox 2116 5225 3698 5299">
     <span class='ocr_line' id='line_1_109' title="bbox 2116 5225 3698 5299; baseline 0.003 -20"><span class='ocrx_word' id='word_1_766' title='bbox 2116 5225 2259 5279; x_wconf 89' lang='lat' dir='ltr'><strong>sedit</strong></span> <span class='ocrx_word' id='word_1_767' title='bbox 2306 5225 2585 5292; x_wconf 68' lang='lat' dir='ltr'><strong>ecclesias,</strong></span> <span class='ocrx_word' id='word_1_768' title='bbox 2645 5226 2989 5282; x_wconf 87' lang='lat' dir='ltr'><strong>vivacissimo</strong></span> <span class='ocrx_word' id='word_1_769' title='bbox 3041 5228 3237 5282; x_wconf 87' lang='lat' dir='ltr'><strong>mentis</strong></span> <span class='ocrx_word' id='word_1_770' title='bbox 3288 5227 3420 5299; x_wconf 83' lang='lat' dir='ltr'><strong>igne</strong></span> <span class='ocrx_word' id='word_1_771' title='bbox 3467 5226 3698 5284; x_wconf 78' lang='lat' dir='ltr'><strong>lucidius</strong></span> 
     </span>
    </p>
   </div>
  </div>
