3992 5322
305 311 415 370 901

1707 305 1938 362 ΞΕΗΜΟ
1971 305 2163 363 LXIX.

3473 311 3582 368 90!

303 427 704 498 subsequentia
747 425 880 482 nihil
925 423 1233 495 huiusmodi
1275 419 1472 478 merito
1505 422 1788 478 contulere
1825 425 1901 476 le-
1929 429 1978 485 Α
2005 421 2308 490 spiritibus,
2352 421 2410 476 in
2455 417 2672 478 divitias
2715 420 2900 494 gloriae
2941 421 3375 492 contemptativis
3407 423 3580 481 oculis

307 531 534 590 gantur.

383 610 690 683 Septimum
717 619 798 666 est
827 618 1224 666 sacramentum
1263 605 1640 688 confessionis.
1669 603 1896 662 Confes-

305 701 486 758 sionis
533 701 732 756 bonum
774 707 1058 770 quantum,
1109 699 1192 754 vel
1235 685 1658 769 qualesliiion
1687 707 1895 754 estno-

305 805 444 849 stra
491 793 775 848 tenuitatis
823 791 1070 847 laudibus
1101 790 1454 855 efferendum,
1483 805 1604 844 cum
1633 787 1894 860 praclara

303 885 537 940 Patrum
570 885 786 956 ingenia
815 883 996 939 multis
1024 897 1142 938 eam
1169 883 1513 952 insigniorint
1535 883 1887 938 documentis.

247 995 268 1010 υ
305 977 438 1032 Htec
459 986 545 1032 est
563 976 648 1032 via
671 975 972 1031 communis
992 975 1060 1030 ad
1081 975 1270 1042 Deum,
1295 975 1414 1030 fons
1435 985 1539 1029 tam
1553 973 1716 1042 justis
1731 989 1892 1042 quam

305 1067 684 1140 peccatoribus
727 1075 960 1136 patens,
1012 1067 1104 1135 qui
1160 1065 1448 1120 criminum
1505 1065 1887 1120 abundantiam

303 1160 692 1214 abundantiori
707 1158 916 1228 liquore
929 1158 1177 1228 detergit.
1195 1158 1428 1212 Primam
1445 1158 1620 1211 reddit
1637 1171 1888 1210 innocen-

307 1253 396 1304 tiae
429 1251 646 1315 stolam,
675 1259 732 1304 et
755 1249 1036 1322 fugitivum
1069 1249 1237 1304 filium
1279 1250 1332 1302 in
1379 1257 1635 1319 paternos
1682 1247 1888 1303 reducit

303 1343 590 1412 amplexus
615 1341 766 1413 (Luc.
801 1341 917 1412 xv).
969 1341 1050 1396 Ex
1109 1342 1212 1396 hoc
1249 1340 1397 1394 fonte
1435 1340 1620 1396 felices
1661 1339 1886 1410 apostoli

305 1435 566 1506 lacrymte
608 1435 1014 1504 proﬂuxerunt;
1063 1435 1115 1488 in
1159 1435 1264 1490 hoc
1309 1435 1628 1504 peccatricis
1675 1433 1890 1488 fetninae

279 1525 570 1588 daemonia
589 1534 716 1580 sunt
735 1525 1014 1581 submersa
1037 1525 1190 1598 (Luc.
1204 1523 1332 1590 vn);
1367 1539 1460 1594 per
1483 1523 1622 1576 bunt:
1647 1523 1880 1587 adulter,

309 1626 368 1672 et
419 1616 688 1672 homicida
737 1616 900 1672 David
950 1614 1036 1686 (II
1079 1614 1208 1686 Reg.
1253 1614 1330 1684 χι)
1371 1609 1562 1684 spiritu
1603 1614 1884 1684 principali

303 1707 507 1778 legitur
545 1693 900 1764 conﬁrmatus
926 1705 1098 1778 (Psal.
1123 1706 1212 1780 1.);
1251 1707 1304 1762 in
1333 1709 1434 1762 hoc
1463 1707 1586 1761 felix
1621 1707 1706 1760 ille
1735 1707 1883 1760 volu-

1995 515 2296 582 rapiuntur,
2341 523 2394 568 et
2423 513 2476 568 in
2503 528 2668 568 carne
2692 515 2874 568 carnis
2921 513 3076 570 obliti
3125 521 3374 570 naturam
3421 529 3576 572 suam

1997 607 2265 664 indefessa
2295 609 2644 662 meditatione
2673 607 2920 678 fatigant.
2965 631 2968 636 ·

2068 698 2420 756 Undecimum
2439 709 2521 752 est
2543 697 3028 754 sanctimonalium.
3056 697 3176 754 lstte
3195 715 3384 756 sexum
3399 709 3456 754 et
3473 716 3576 758 sa:-

1993 789 2174 845 culum
2197 805 2328 842 ausu
2353 788 2610 842 validiore
2627 788 2920 850 vincentes,
2937 790 3280 857 spectabilem
3293 791 3576 845 victoriam

1995 871 2062 933 ab
2107 879 2280 932 hostis
2311 877 2518 946 antiqui
2569 877 2784 930 feritate
2837 887 3132 946 reportant.
3185 878 3428 934 Gloriosa
3463 895 3574 944 res,

1993 975 2082 1030 ubi
2137 985 2324 1030 tenera
2373 975 2612 1030 membra
2653 975 2877 1046 longiori
2928 975 3188 1048 martyrio
3229 975 3576 1047 confringun-

1993 1077 2102 1130 tur.
2129 1079 2182 1122 et
2210 1068 2352 1122 illius
2367 1077 2628 1122 enervant
2649 1066 3016 1122 fortitudinem
3043 1068 3133 1136 qui
3165 1065 3572 1122 similitudinem

1991 1157 2249 1211 Altissimi
2289 1157 2616 1225 concupivit.
2653 1157 2730 1209 Ad
2783 1157 2938 1222 hujus
2973 1155 3340 1226 spectaculum
3383 1171 3574 1227 pugna:

1991 1249 2099 1304 cito
2123 1250 2454 1303 convertitur
2487 1247 2573 1302 ille
2607 1247 2914 1300 misericors
2958 1248 3206 1312 mtuitns,
3247 1257 3302 1302 et
3335 1247 3424 1302 tali
3473 1263 3572 1318 po-

1991 1341 2258 1396 tissimum
2283 1341 2506 1395 victoria
2533 1341 2854 1396 delectatur.

2063 1434 2446 1488 Duodecimum
2501 1443 2584 1488 est
2631 1434 2941 1502 nuptiarum
2981 1441 3400 1486 sat-ramentum.
3460 1435 3574 1490 Hoc

1989 1541 2244 1596 magnum
2269 1524 2462 1588 est,ait
2489 1525 2777 1594 Apostolus
2803 1521 3015 1596 (Ep/tes.
3039 1525 3127 1596 v);
3153 1533 3206 1578 et
3231 1523 3488 1579 DOminus
3515 1525 3570 1580 in

1989 1618 2278 1688 Evangelia
2307 1635 2320 1670 :
2367 1637 2384 1668 ί
2422 1617 2649 1685 Propter
2674 1617 2774 1671 hoc
2807 1617 3070 1686 relinquet
3095 1617 3256 1672 homo
3283 1626 3488 1686 patrem
3511 1627 3569 1672 et

1989 1717 2241 1774 matrem,
2291 1719 2344 1761 et
2379 1706 2672 1762 adhzereb-it
2703 1707 2859 1760 uxori
2900 1721 3030 1772 sane,
3067 1717 3120 1762 et
3163 1715 3324 1762 erunt
3363 1707 3472 1762 duo
3513 1709 3570 1764 in

301 1807 450 1852 tatus
475 1811 560 1854 est
589 1799 750 1864 latro,
777 1799 944 1870 376
965 1799 1056 1868 qui
1079 1799 1228 1853 brevi
1255 1808 1419 1868 ponte
1449 1799 1628 1852 crucis
1655 1798 1720 1851 de
1747 1797 1884 1868 pati-
1913 1801 1958 1858 B
1988 1817 2150 1858 carne
2197 1815 2302 1854 una
2336 1799 2530 1872 (Marc.
2583 1802 2659 1870 χ).
2697 1819 2716 1852 ι
2785 1797 2924 1867 Quid
2979 1800 3120 1854 enim
3177 1801 3351 1870 magis
3401 1815 3569 1856 unum

281 1890 428 1964 _bulo
454 1891 518 1944 ad
546 1906 768 1961 regnum
794 1891 860 1944 de
887 1889 1144 1960 supplicio
1175 1889 1225 1942 in
1249 1889 1559 1958 paradisum
1592 1888 1884 1943 translatus

299 1992 382 2036 est
435 1979 587 2052 (Luc.
633 1987 812 2052 mu),
867 1988 1272 2034 consummatus
1312 1980 1364 2032 in
1417 1977 1592 2042 brevi,
1643 1977 1884 2048 explevit

301 2083 545 2142 tempora
577 2071 742 2126 multa
773 2069 929 2142 (Sap.
961 2069 1059 2138 tv).

369 2165 426 2216 In
467 2165 570 2220 bac
603 2165 798 2218 virtute
829 2162 1066 2234 caligant
1091 2163 1234 2218 oculi
1259 2162 1638 2234 plurimorum,
1669 2163 1760 2233 qui
1795 2163 1880 2218 vel

299 2255 632 2310 discretione
687 2254 920 2325 privati,
967 2253 1052 2307 vel
1103 2253 1467 2308 assentatione
1507 2255 1742 2319 seducti,
1790 2263 1882 2310 aut

295 2347 546 2403 nesciunt
591 2348 720 2418 quid
777 2347 1082 2418 injungant,
1134 2345 1238 2410 vel,
1273 2345 1317 2400 si
1369 2347 1566 2408 sciunt,
1613 2347 1878 2416 privatam

297 2437 866 2512 gratiainpraafcrunt
909 2437 1145 2492 veritati.
1193 2433 1388 2490 Verum
1415 2452 1521 2490 non
1543 2437 1880 2507 suscepimus

201 2515 204 2518 l
297 2531 388 2587 hic
444 2531 654 2602 aperire
699 2531 828 2602 quid
877 2530 1174 2584 sentiamus
1233 2543 1296 2582 ex
1349 2545 1438 2594 ea,
1491 2532 1586 2584 sed
1639 2532 1875 2586 sermoni

297 2622 516 2692 proprio
562 2621 946 2692 pr0prietatem
981 2619 1124 2672 illius
1163 2633 1524 2674 reservamus.
1554 2619 1668 2675 Hoc
1697 2631 1874 2676 tamen

297 2711 488 2766 lectori
537 2711 813 2766 taediosum
855 2727 962 2765 non
996 2711 1066 2765 sit
1101 2709 1420 2780 intelligere,
1457 2711 1582 2778 quia
1613 2711 1878 2766 conﬁtens

299 2803 502 2874 pastori
533 2819 654 2870 suo,
697 2803 990 2874 puritatem
1037 2803 1238 2866 cordis,
1275 2803 1557 2858 veritatem
1588 2804 1722 2870 oris,
1756 2819 1874 2858 ma-

299 2895 628 2951 cerationem
673 2893 855 2950 carnis
906 2895 1102 2950 debeat
1147 2895 1426 2950 exhibere.
1473 2895 1567 2953 ille
1609 2911 1740 2952 vero
1789 2897 1877 2950 cui

297 2987 606 3052 conﬁtetur,
659 2985 1034 3058 pamiteutiam
1079 2987 1317 3058 dignam,
1367 2987 1670 3042 orationem
1703 2987 1877 3044 conti-

297 3093 484 3142 nuam,
511 3075 935 3132 taciturnitatem
959 3085 1272 3146 perpetuam
1296 3078 1576 3134 conﬁtenti
1599 3092 1699 3134 suo
1720 3086 1876 3134 curet

297 3169 699 3224 administrare.

362 3261 624 3318 Octavum
638 3271 720 3316 est
731 3276 1114 3340 canonicorum
1127 3261 1174 3330 (l
1185 3262 1296 3336 20).
1313 3263 1402 3318 Isti
1416 3272 1540 3319 sunt
1553 3265 1606 3319 in
1619 3263 1876 3322 Ecclesiae

293 3355 428 3412 solio
463 3355 758 3422 sublimati,
783 3355 878 3425 qui
905 3355 960 3410 in
989 3354 1282 3426 episcOpali
1309 3355 1436 3411 sede
1467 3363 1616 3412 veste
1645 3357 1876 3412 candida

299 3449 646 3521 refulgentes,
693 3449 1066 3505 innocentiam
1117 3449 1361 3506 cordium
1405 3449 1589 3504 colore
1645 3451 1874 3504 vestium

299 3541 700 3611 repromittunt.
727 3540 764 3594 li
787 3541 856 3596 de
881 3539 1182 3606 communi,
1210 3548 1266 3594 et
1291 3540 1345 3594 in
1373 3553 1660 3595 commune
1690 3539 1876 3594 viven-

299 3641 400 3698 tes,
445 3630 532 3684 vel
577 3631 760 3685 vivere
809 3631 1066 3686 debentes
1108 3639 1394 3701 perpetua,
1431 3629 1478 3684 si
1511 3631 1873 3700 peccaverint,

297 3731 422 3780 sunt
469 3722 788 3792 paenitentia
843 3720 1176 3792 castigandi;
1221 3721 1440 3776 habitus
1492 3721 1636 3777 enim
1685 3735 1876 3776 eorum

299 3827 402 3867 non
439 3810 795 3882 ptenitentite,
839 3812 938 3866 sed
983 3811 1304 3866 innocentia:
1350 3825 1472 3866 esse
1517 3818 1873 3866 monstratur.

297 3902 528 3958 Videant
569 3903 669 3972 ipsi
719 3903 882 3958 amici
935 3901 1128 3973 Sponsi
1177 3903 1305 3974 quid
1349 3903 1712 3974 respondeant
1749 3909 1876 3957 ante

295 3993 482 4050 faciem
521 3994 742 4065 Sponsi,
767 3996 858 4065 qui
879 3994 1088 4065 judicat
1115 3995 1303 4050 orbem
1327 4003 1486 4050 terra:
1511 3996 1564 4049 in
1595 3995 1874 4064 aequitate,

293 4105 418 4146 cum
449 4091 516 4145 de
543 4104 741 4160 sponsa
779 4089 1002 4160 creperi!
1035 4089 1254 4160 exigere
1289 4091 1578 4144 rationem.
1614 4087 1876 4144 Nolumus

295 4181 470 4236 invehi
503 4195 670 4252 super
701 4180 842 4246 illos,
873 4182 968 4234 sed
991 4181 1096 4235 hoc
1121 4178 1293 4234 solum
1321 4190 1570 4244 caveant,
1601 4196 1668 4234 ne
1691 4182 1758 4236 de
1779 4195 1876 4250 pa-

299 4274 544 4329 trimonio
589 4271 846 4328 Cruciﬁxi
895 4271 1217 4328 lautioribus
1264 4271 1440 4341 epulis
1495 4271 1873 4340 infundantur,

299 4367 376 4422 vel
422 4366 763 4422 vestimentis
798 4373 1064 4423 ornentur
1091 4365 1464 4430 nitidioribus,
1497 4380 1566 4420 ne
1593 4366 1818 4420 audiant
1843 4381 1872 4420 a

293 4460 554 4530 propheta
583 4476 600 4513 :
635 4457 794 4514 «Non
841 4458 1318 4528 compatiebantur
1357 4473 1523 4530 super
1543 4459 1874 4530 contritione

291 4548 484 4623 Ioseph
505 4551 710 4624 (Amos.
734 4549 834 4621 vn.
893 4569 914 4604 ι

357 4641 571 4698 Nonum
598 4651 682 4697 est
707 4641 1122 4716 triumphorum.
1145 4641 1212 4698 lli
1243 4649 1370 4697 sunt
1395 4642 1486 4712 qui
1513 4657 1546 4696 a
1573 4639 1870 4698 forensium

293 4747 574 4808 musarmn
624 4733 942 4790 tonantibus
986 4733 1222 4806 elongati
1257 4733 1646 4790 ludiﬁcatorias
1677 4735 1866 4790 incan-

291 4827 524 4884 tationes
567 4826 870 4902 “mnuum
901 4827 1170 4898 patienter
1193 4827 1440 4883 eludunt.
1479 4827 1535 4882 ln
1565 4826 1867 4896 Scripturis

293 4918 514 4984 assidui,
545 4917 600 4972 in
633 4917 944 4974 obedientia
987 4919 1270 4990 praecipui,
1323 4916 1516 4972 fervidi
1571 4920 1863 4984 cbaritate,

291 5009 458 5068 beata
517 5010 673 5066 urbis
739 5009 930 5080 gaudia
981 5023 1015 5062 e
1070 5009 1346 5068 vestibulo
1403 5011 1866 5082 contemplantur.

290 5103 744 5175 Circumspth
783 5117 950 5158 .ameu
987 5107 1358 5176 semetipsos,
1422 5121 1488 5160 ne
1537 5108 1592 5161 in
1637 5105 1870 5174 ampli”-

287 5195 356 5250 ris
383 5208 630 5258 comm.
665 5194 752 5249 vel
789 5191 1006 5248 laxioris
1043 5196 1408 5256 calceamenti
1453 5195 1658 5251 vilitate
1703 5195 1876 5250 conﬁ-

645 5283 798 5310 ιιι-σιν·-
827 5281 996 5322 nido):
1037 5280 1096 5322 in
1147 5283 1291 5322 Γαοίο
1373 5285 1516 5322 nulla
1573 5295 1755 5322 ιιι-αρη-
1817 5280 1870 5322 in

283 5293 400 5322 lii-Ai
469 5297 598 5322 ..ἸΙΙΙ-

1898 4535 1949 4600 D

1985 1910 2146 1966 quam
2181 1893 2278 1959 illi,
2333 1892 2527 1962 quibus
2555 1903 2640 1946 est
2683 1905 2788 1944 una
2839 1905 2990 1956 caro,
3022 1907 3124 1946 una
3173 1905 3378 1955 mensa,
3429 1907 3570 1946 unus

1983 1997 2158 2052 torus,
2197 1987 2486 2041 haereditas
2513 1985 2654 2039 una?
2681 2003 2698 2036 ε
2725 1984 3050 2038 lionorabile
3073 1983 3408 2052 coniugium,
3437 1983 3572 2038 dicit

1981 2081 2088 2136 Vas
2110 2077 2408 2142 electionis,
2433 2085 2585 2131 torus
2615 2075 2994 2130 immaculatus
3025 2071 3211 2144 (Hebr.
3243 2072 3420 2144 ιιιι).ι
3453 2071 3569 2130 Hoc

1981 2173 2332 2228 destruuntur
2359 2171 2664 2224 incestuosa
2688 2166 2956 2236 coniugia,
2988 2177 3041 2220 et
3063 2166 3430 2236 legitimorum
3459 2165 3570 2222 hae-

1981 2265 2168 2319 redum
2199 2263 2358 2333 digna
2387 2259 2674 2331 progenies
2700 2265 3046 2328 prepagatur.
3073 2253 3200 2311 Haec
3215 2265 3341 2310 sunt
3367 2257 3571 2312 duodtk

1980 2359 2084 2414 cim
2113 2362 2473 2418 sacramenta,
2489 2351 2652 2426 377
2679 2367 2796 2422 qua:
2811 2351 2937 2423 (nisi
2961 2349 3140 2418 fallor)
3159 2349 3260 2404 illae
3280 2348 3564 2404 duodecim

1977 2465 2172 2506 cruces
2195 2447 2522 2520 signiﬁcant,
2551 2461 2687 2516 quas
2709 2445 2764 2500 in
2793 2443 3022 2498 circuitu
3047 2439 3294 2498 ecclesia:
3316 2441 3567 2498 videmus

1981 2543 2288 2613 impressas.
2323 2539 2430 2596 Sed
2465 2540 2579 2608 jam
2609 2538 2961 2593 dimittendus
3001 2545 3090 2591 est
3123 2535 3315 2608 stylus,
3359 2536 3486 2606 quia
3509 2541 3570 2591 et

1979 2637 2175 2708 ingenii
2221 2643 2528 2706 paupertas,
2568 2641 2622 2687 et
2663 2630 2951 2685 inﬁrmitas
3009 2628 3210 2696 carnis,
3260 2641 3380 2697 qua:
3405 2626 3566 2683 solito

1977 2730 2168 2786 durius
2193 2728 2494 2794 inundavit,
2525 2733 2708 2782 vetant
2739 2739 2824 2780 me
2853 2721 3058 2794 aliquid
3099 2719 3309 2794 longius
3347 2720 3566 2790 scripti-

1978 2833 2113 2879 tare.
2149 2821 2208 2878 Si
2265 2822 2550 2877 convalere
2593 2831 2838 2890 potuero,
2873 2831 3146 2887 exsequar
3195 2815 3342 2886 quod
3389 2814 3560 2885 ccepi,

1977 2913 2044 2968 ad
2083 2913 2345 2968 honorem
2401 2911 2547 2967 illius
2583 2910 2676 2981 qui
2731 2915 2815 2965 est
2859 2908 3181 2964 beneoictus
3229 2906 3284 2961 in
3337 2904 3560 2962 mola.

1976 3001 2174 3060 Amen.

2605 3201 2942 3262 SCH'OLIA.

2051 3301 2336 3356 Duodecim
2379 3307 2711 3353 sacramenta
2757 3306 2876 3349 sunt
2925 3295 2980 3350 in
3026 3289 3286 3348 Ecclesia.
3335 3288 3564 3346 Constat

1977 3371 2304 3428 sacramenti
2353 3383 2552 3442 vocent
2585 3366 2890 3442 ambiguam
2921 3379 3066 3428 esse,
3089 3371 3256 3432 atque
3285 3376 3350 3416 ex
3378 3359 3559 3442 prima

1949 3442 2320 3510 .itnpositione
2367 3456 2472 3494 non
2511 3435 2818 3510 signiﬁcare
2843 3444 3052 3510 tantum
3097 3447 3312 3488 sacrum
3346 3435 3558 3510 signum

1975 3503 2365 3568 sanctiﬁcantis
2385 3503 2594 3579 gratiae,
2619 3517 2694 3579 ut
2713 3523 2742 3559 a
2769 3505 3030 3575 theologis
3057 3503 3460 3579 accommodata
3475 3507 3562 3555 est

1975 3583 2044 3638 ad
2069 3571 2420 3652 significanda
2447 3578 2662 3648 propria
2693 3571 3054 3642 sacramenta,
3081 3571 3558 3652 praesertim‘nnvm

1977 3641 2149 3723 legis:
2183 3665 2310 3723 qua
2359 3641 2566 3723 taurum
2617 3657 2742 3723 sunt
2793 3641 3266 3723 septem;sed_ex
3311 3657 3370 3696 se
3393 3641 3559 3723 latius

1973 3713 2290 3778 (aliendi-ad
2320 3719 2734 3793 significandum
2764 3713 3041 3793 quodlibet
3067 3713 3330 3793 abditum,
3357 3721 3558 3793 myste-

1977 3795 2141 3856 rium,
2173 3779 2470 3862 praesertim
2502 3789 2650 3852 illud,
2683 3779 2852 3862 quod,
2881 3804 3000 3862 cum
3027 3779 3306 3862 spirituale
3331 3779 3424 3844 sit,
3454 3781 3557 3837 sub

1977 3853 2242 3920 velamine
2292 3857 2566 3931 signiorum
2617 3853 2922 3914 seu-sibilins
2965 3853 3116 3931 latet.
3167 3855 3222 3931 in
3269 3853 3371 3906 hoc
3425 3866 3554 3924 ergo

1977 3950 2134 3992 sensu
2179 3935 2279 3987 hoc
2329 3919 2445 3986 loco
2496 3939 2706 3998 sumpta
2737 3939 2820 3984 est
2871 3943 2972 3982 vox
3023 3925 3153 3998 illa,
3183 3919 3552 3998 Sacramenta,

1977 3991 2034 4061 ut
2064 4013 2312 4068 constat,
2341 4013 2450 4056 tum
2481 4017 2548 4055 ex
2573 3991 2706 4054 tanti
2733 3999 2978 4055 Doctoris
3005 3996 3311 4054 eruditione
3345 4001 3401 4048 et
3417 3991 3551 4074 _ﬁde,

1973 4078 2066 4145 qui
2113 4091 2218 4129 non
2252 4063 2534 4144 ignorabat
2575 4083 2782 4140 septem
2821 4079 3026 4146 tantum
3047 4082 3184 4146 _esse
3220 4080 3373 4146 novre
3417 4063 3555 4146 legis

1975 4136 2189 4216 [impria
2217 4136 2556 4199 sacramenta
2581 4158 2598 4216 ς
2633 4136 2744 4216 tum
2766 4141 2906 4216 quia
2938 4139 3096 4211 paulo
3124 4145 3265 4216 _ante
3295 4136 3550 4190 dixerat:

1983 4209 2000 4267 ἰ
2039 4209 2094 4272 In
2127 4216 2364 4271 Ecclesia
2392 4213 2600 4284 contegi
2629 4209 2982 4284 multiplicent
3026 4209 3340 4264 varietatem
3373 4221 3552 4284 sacra:

1979 4297 2302 4344 mentorum.
2359 4307 2377 4338 ι
2431 4275 2581 4352 ριιο”
2599 4275 3080 4352 νενι›οἐίςιιίίίρθι
3143 4295 3202 4333 se
3261 4287 3367 4330 non
3405 4275 3552 4352 loqui

1977 4343 2186 4414 tantum
2225 4358 2290 4412 tle
2333 4343 2550 4426 proprio
2594 4343 3054 4428 sacramentorum
3097 4361 3315 4426 genere,
3348 4347 3442 4399 sed
3478 4343 3550 4428 de

1977 4431 2122 4484 omni
2153 4421 2414 4484 varietate
2437 4421 2819 4496 mysteriorum
2839 4463 2852 4486 .
2891 4421 2972 4476 vel
2997 4421 3441 4496 carcinoniarom
3473 4421 3554 4496 vi-

1977 4501 2234 4560 sibilium,
2283 4487 3054 4565 quibus'Et-clesiaornatttr.
3093 4487 3244 4565 Quod
3277 4495 3458 4565 autem
3493 4487 3550 4541 in

1975 4571 2080 4624 bac
2121 4558 2530 4622 enumeratione
2587 4563 2894 4638 nonnullam
2937 4558 3094 4615 allert
3137 4558 3548 4638 obscuritatem,

1973 4641 2144 4694 solum
2179 4647 2293 4700 est,
2322 4651 2486 4709 quam
2525 4634 2786 4690 rati-onem
2815 4634 2866 4686 in
2909 4646 2968 4686 re
3001 4627 3296 4709 servaverit
3341 4625 3551 4680 Damia-

1971 4726 2096 4773 nus,
2122 4718 2174 4764 et
2197 4707 2498 4778 praesertim
2523 4720 2622 4779 cur
2647 4720 2712 4758 ex
2733 4711 2950 4779 septem
2980 4707 3214 4779 propriis
3240 4711 3551 4779 sacramcn:

1973 4783 2042 4836 tis
2063 4767 2158 4835 se:
2187 4767 2611 4838 énumeraverit.
2637 4767 2839 4847 omisso
2861 4767 3142 4847 principali
3169 4782 3378 4828 eorum,
3405 4767 3552 4847 quod

1969 4861 2052 4907 est
2071 4855 2481 4906 sacrosanctum
2503 4845 2846 4905 eucharistia:
2866 4841 3190 4916 mysterium
3207 4854 3237 4916 ,ε
3268 4853 3364 4892 cur
3385 4841 3552 4916 etiam

1967 4937 2032 4978 ex
2069 4919 2376 4993 impropriis
2439 4930 2496 4976 et
2539 4922 2658 4993 late
2689 4916 2848 4970 dictis
2881 4907 3292 4993 sacramentis,
3327 4922 3420 4993 ses
3453 4907 3560 4993 alia

1969 4979 2392 5049 enmneraverit.
2429 5007 2552 5048 cum
2589 4989 2750 5044 etiam
2791 4987 3002 5040 ratione
3029 4981 3145 5053 pari
3185 4979 3425 5062 potuerit
3452 4979 3561 5062 alia

1969 5066 2246 5134 complura
2271 5075 2600 5134 numerare.
2628 5067 2688 5112 ut
2711 5071 2964 5112 vasorum
3003 5064 3285 5134 sacrorum
3316 5057 3368 5100 et
3397 5057 3566 5104 vesti—

1969 5130 2274 5191 mentorum
2321 5133 2761 5202 benedictionem
2781 5169 2796 5192 ,
2818 5138 2942 5202 _aut
2969 5130 3574 5202 consecrationetlnusa-

1971 5185 2384 5263 Ennianum“
2418 5185 2670 5264 omnium
2707 5185 3126 5269 institutionem.
3145 5199 3207 5269 et
3234 5185 3574 5248 benedictio-

1971 5293 2118 5322 nnm-
2145 5285 2209 5322 ut
2235 5285 2393 5322 anna:
2431 5271 2690 5322 lum-alis.
2725 5267 2881 5322 nanis
2913 5265 3200 5322 benedicti.
3239 5269 3293 5314 ει
3313 5271 3478 5322 cem.
3507 5273 3580 5314 CX
