3992 5322
474 136 578 200 90?

1005 140 1060 198 s.
1103 142 1303 200 PETRI
1344 141 1623 199 parum
1658 142 1809 202 ore.
1849 141 2030 199 PARS
2068 140 2200 201 seu
2235 111 2473 202 renus
2507 145 2571 202 ιι.
2605 175 2674 189 -
2711 146 3100 206 seanouss.

3620 152 3733 212 904

473 272 578 311 non
636 255 854 312 omnino
898 257 1304 332 praetermisisse
1347 257 1690 313 eucharistia:
1733 272 2041 332 sacrainen-
2069 271 2116 330 Α
2145 265 2306 332 atque
2333 255 2467 309 adeo
2498 254 2779 332 religiosos
2807 257 3337 332 omnesclericalem
3367 268 3572 332 statum
3601 277 3731 332 pro-

471 337 588 382 tum
615 346 627 380 :
661 343 783 381 nam
815 336 967 384 sexto
999 327 1114 382 loco
1139 328 1422 383 declarans
1459 337 1855 384 sacramentum
1886 327 2041 382 Dedi-

475 399 702 453 cationis
737 397 1013 461 Ecclesizn,
1071 399 1251 453 subdit
1299 401 1410 453 haec
1461 400 1665 453 verba:
1709 418 1728 449 ‹
1765 399 1890 454 Post
1928 399 2042 454 haec

475 468 618 540 omni
653 468 1091 540 vestimentorum
1119 468 1284 540 gloria
1314 469 1616 540 cumulatus
1647 469 1947 538 ingreditur
1976 469 2043 540 ad

476 538 666 598 altare,
719 538 1039 609 sacrificium
1087 538 1357 609 singulare
1399 539 1799 606 celebraturus,
1844 547 1898 592 et
1942 538 2044 609 _sic

474 607 922 662 sanctificationis
957 609 1117 679 tinem
1159 607 1528 679 impositurus.
1565 629 1584 662 υ
1632 609 1771 663 Ecce
1810 609 1908 663 sub
1941 607 2045 664 hoc

476 688 817 734 sacramento
843 678 1218 749 complectitur
1237 678 1677 749 augustissimum
1701 679 2045 734 eucharistia:

475 751 810 820 mysterium.
849 748 913 801 Et
961 763 1028 804 ne
1063 748 1349 820 qvideretu’r
1388 765 1696 819 supremum
1739 764 2046 820 sacramen-

477 818 828 891 tu‘m,_obiter,
855 819 1073 891 etquasi
1096 818 1236 891 aliud
1263 835 1428 891 agens
1449 818 1709 891 attigisse,
1733 818 2039 889 subjuugit:

485 908 502 939 ι
535 888 665 955 Quis
693 889 850 958 hujus
876 888 1358 960 abyssicaligine'm
1381 888 1646 944 sermonis
1665 888 1907 960 claritate
1925 904 2046 958 pos-

476 961 548 1014 sit
591 959 928 1013 illuminare?
963 958 1343 1029 Altigissemus
1371 968 1551 1015 tamen
1597 959 2049 1029 quantulumcun-

476 1045 600 1100 que,
635 1029 733 1083 uisi
761 1029 962 1100 nostris
991 1029 1320 1100 temporibus
1345 1029 1584 1098 quidam,
1607 1030 1697 1100 qui
1727 1029 2047 1100 Caruotensi

477 1098 729 1171 {insidet
760 1098 1028 1171 Ecclesiae,
1065 1099 1409 1171 vivacissimo
1445 1098 1789 1171 utentisigne
1820 1098 2046 1171 lucidius

477 1168 656 1224 omnia
678 1168 1134 1250 .dcclztrassettdd
1162 1169 1308 1223 illttm
1337 1170 1503 1250 igitur
1525 1169 1896 1250 plenissimum
1922 1168 2043 1250 fons

478 1250 612 1310 tem,
649 1239 1254 1310 sitientemmmittimus,
1301 1239 1388 1294 ubi
1429 1239 1797 1310 plenissimam
1838 1240 2048 1293 hauriat

477 1309 780 1364 veritatem.
830 1329 848 1361 ι
900 1307 1058 1362 Hisce
1097 1319 1274 1364 autem
1313 1307 1492 1365 verbis
1531 1311 1783 1364 lectorem
1837 1310 2048 1362 videtur

480 1381 756 1434 remittere
798 1379 864 1433 ad
906 1378 1188 1446 epistolam
1228 1378 1465 1434 Fulberti
1502 1380 1844 1434 Caruoteusis
1882 1379 2048 1449 378

479 1449 1056 1520 episcOpi.iAdeodato
1091 1450 1366 1520 scriptam.
1402 1449 1516 1504 Non
1544 1465 1672 1520 ergo
1703 1451 1886 1504 omisit
1923 1467 2049 1503 sau-

479 1529 597 1573 ctus
639 1519 1180 1573 cardinalis’omnino
1212 1520 1315 1574 hoc
1345 1521 1581 1574 divinum
1616 1519 2043 1584 sacramentum,

477 1590 571 1661 sed
617 1588 874 1661 quidquid
905 1588 1189 1661 Fulbcrtus
1213 1589 1280 1645 de
1322 1589 1412 1644 illo
1438 1590 1688 1661 scripsit,
1737 1606 1830 1645 sua
1881 1591 2044 1644 inter-

477 1660 644 1714 fuisse
691 1659 920 1713 videtur.
962 1660 1143 1730 Adde,
1175 1661 1414 1730 potuisse
1443 1659 1602 1730 etiam
1637 1662 2047 1730 pra:termittere
2077 1662 2121 1721 Β

477 1730 902 1784 numerationem
930 1729 1271 1785 eucharistize
1294 1730 1432 1784 inter
1456 1729 1540 1784 illa
1564 1729 1842 1794 duodecim
1865 1746 2046 1784 sacra-

479 1809 683 1871 menta,
711 1799 833 1868 quia
867 1807 1073 1871 tantum
1104 1801 1298 1871 agebat
1335 1802 1401 1854 de
1429 1801 1800 1865 sacramentis,
1845 1815 1938 1854 seu
1969 1800 2047 1854 vi-

477 1870 720 1940 sibilinus
764 1870 951 1940 signis,
982 1885 1102 1940 quae
1151 1870 1224 1924 ad
1263 1874 1660 1926 venerationem
1703 1881 1757 1924 et
1788 1873 2047 1925 honorem

477 1939 636 2008 hujus
663 1939 1102 1994 excellentissimi
1149 1943 1470 1996 sacramenti
1515 1944 1865 2005 ordinantur,
1898 1950 1950 1995 et
1993 1941 2045 1994 in

480 2012 815 2067 dedicatione
855 2011 1108 2065 Ecclesia:
1144 2011 1458 2081 figurantur.
1491 2011 1674 2080 Itaque
1718 2012 2046 2066 eucharistia

427 2089 444 2137 .’
480 2097 585 2136 non
631 2081 802 2135 solutn
835 2089 1264 2145 sacramentum,
1297 2081 1387 2136 sed
1429 2083 1591 2136 etiam
1623 2082 1861 2136 continet
1902 2082 1953 2134 in
1991 2096 2049 2135 se

479 2154 640 2204 finem
684 2160 1140 2204 sacramentorum
1176 2152 1454 2217 omnium;
1495 2167 1594 2206 nec
1632 2161 1718 2206 est
1754 2151 1926 2204 solum
1977 2151 2050 2205 si-

477 2237 662 2291 gnum,
691 2223 783 2292 sed
808 2221 971 2274 etiam
998 2236 1104 2284 res,
1131 2222 1196 2276 ad
1234 2237 1394 2291 quam
1428 2237 1580 2276 sacra
1618 2222 1770 2292 signa
1809 2220 2050 2275 referun-

481 2290 598 2356 tur;
640 2302 696 2346 et
736 2290 852 2346 ideo
891 2306 992 2344 non
1026 2290 1341 2347 numeratur
1381 2293 1520 2346 inter
1540 2290 1896 2355 sacramenta,
1931 2305 2052 2361 qua

479 2373 602 2416 sunt
651 2371 854 2415 tantum
900 2363 1233 2416 caeremoniae
1283 2361 1365 2417 vel
1413 2363 1560 2431 signa
1596 2377 1771 2416 sacra.
1819 2361 1965 2416 Undc
1995 2362 2047 2418 in

479 2448 646 2488 serm.
678 2433 710 2485 4
763 2431 839 2484 Dc
877 2434 1055 2485 cadent
1102 2431 1349 2486 Ecclesia
1397 2433 1755 2494 Dedicatioue.
1788 2434 1882 2502 aiti
1910 2432 2048 2502 idem

479 2515 668 2557 auctor
697 2520 708 2555 :
753 2520 769 2552 ι
804 2503 907 2556 Per
936 2503 1066 2568 hoc,
1107 2504 1248 2571 quod
1278 2505 1330 2557 in
1361 2505 1535 2558 sacris
1573 2503 1834 2558 altaribus
1867 2501 2048 2556 Denti-

480 2574 602 2628 nico
632 2574 845 2642 corpori
877 2583 1184 2628 sanctorum
1209 2573 1446 2642 reliquiae
1469 2573 1812 2642 copulantur,
1841 2573 2048 2625 unitum

479 2644 824 2714 Redemptot'i
872 2658 969 2697 suo
1002 2651 1201 2697 sancta:
1231 2642 1482 2698 Ecclesia:
1509 2659 1704 2713 corpus
1728 2642 2048 2714 ostenditur,

478 2725 532 2768 et
561 2712 713 2784 quasi
741 2729 970 2782 sponsus
999 2729 1119 2768 cum
1163 2729 1358 2784 sponsa
1389 2715 1440 2768 in
1487 2712 1676 2768 sancto
1711 2714 1897 2772 altaris
1928 2712 2048 2784 tha'

481 2783 622 2840 lauto
649 2784 962 2839 collocatur.
1003 2803 1020 2835 ι
1072 2783 1255 2852 Itaque
1284 2786 1336 2839 in
1385 2785 1632 2855 praesenti
1683 2799 1931 2838 sermone
1961 2783 2051 2838 illa

482 2865 688 2908 tantum
733 2864 1070 2909 sacramenta
1117 2864 1396 2919 numerat,
1425 2855 1619 2924 quibus
1658 2869 1857 2924 sponsa
1888 2869 2053 2907 orna-

484 2935 572 2977 tur
599 2944 608 2975 :
649 2934 699 2976 et
733 2925 850 2978 ideo
882 2924 1075 2978 merito
1099 2925 1274 2995 potuit
1300 2925 1439 2978 inter
1469 2925 1554 2978 illa
1584 2940 1841 2995 sponsum
1873 2925 2048 2995 ipsum

2145 325 2358 380 fiteutes
2386 325 2825 394 comprehendit;
2859 330 3052 384 deinde
3075 331 3464 384 monachorum
3495 331 3552 385 in
3577 325 3729 387 ὠπι-

2146 397 2290 449 ruuni
2335 396 2649 461 viventium,
2695 406 2748 452 et
2793 399 3142 453 eremitarum
3197 399 3498 455 solitariam
3556 403 3727 456 vitatu

2143 467 2441 541 agentium,
2466 475 2521 520 et
2546 465 2855 541 moniaﬁum
2883 468 3184 541 religiosam
3214 471 3379 524 etiam
3402 472 3569 525 vitam
3598 488 3728 541 pro-

2145 535 2435 600 fitentium,
2468 551 2627 606 quam
2666 535 3060 610 professionem
3111 541 3413 610 religiosam
3449 535 3616 594 inter'
3640 557 3730 596 sa-

2145 616 2418 660 cramenta
2453 622 2572 676 qua:
2599 609 3116 664 oruantEcclesiam
3148 609 3252 664 non
3304 611 3582 665 itnmerito
3630 628 3732 664 uu-

2145 678 2393 750 meravit.
2427 676 2605 747 Atque
2648 678 2722 750 ita
2753 679 3047 750 probabilis
3074 683 3212 734 ratio
3242 681 3405 750 hujus
3432 695 3726 735 enumera-

2147 746 2309 820 tionis
2336 746 2581 820 constat,
2600 746 2840 820 satistjue
2863 749 2924 803 fit
2961 746 3431 820 dubitationifcur
3460 750 3565 804 alia
3595 751 3732 804 omi-

2145 818 2324 889 serit:
2362 824 2456 889 aut
2498 819 2642 889 enirn
2693 818 2762 889 ad
2796 819 2911 874 haec
2952 818 3109 875 facile
3141 821 3324 875 reduci
3354 830 3604 889 possunt,
3638 830 3731 874 aut

2145 887 2213 1009 pd
2241 881 2832 1012 prz‘edictam‘Ecclesiae
2863 891 3240 946 auctoritatem
3267 881 3370 961 per:
3399 907 3460 947 se
3494 881 3602 946 non
3647 905 3733 945 re—

2169 971 2300 1010 erun
2328 972 2410 1010 ur.
2845 993 2855 1005 ι

2169 971 2410 1010 eruntur.

2707 1065 2939 1124 SERMO
2979 1065 3139 1122 LXX.

2499 1175 2558 1214 ll.
2601 1173 2651 1212 ΙΝ
2689 1173 3044 1214 DEDICATIONB
3082 1171 3367 1214 εοειεειε.

2225 1269 2242 1302 t
2278 1248 2496 1305 lmmola
2528 1251 2637 1305 Deo
2664 1251 2993 1305 sacrificium
3035 1250 3230 1314 laudis,
3259 1257 3315 1304 et
3342 1247 3515 1304 redde
3564 1247 3727 1304 Altis-

2147 1344 2287 1400 simo
2317 1351 2440 1398 vota
2496 1351 2584 1396 tua
2615 1341 2790 1414 (Psal.
2820 1342 2989 1414 χιιι).
3027 1361 3046 1394 ι
3082 1342 3209 1396 Tria
3249 1350 3378 1397 sunt
3406 1340 3728 1411 principalia

2145 1446 2201 1492 et
2223 1436 2456 1507 perfecta
2486 1436 2774 1501 sacrificia,
2801 1450 2920 1505 qua:
2945 1435 3170 1490 reddere
3201 1445 3452 1490 tenemur
3475 1433 3724 1489 Domino.

2149 1528 2490 1584 Sacrificium
2519 1529 2621 1598 pia:
2651 1528 3028 1594 contritionis,
3057 1527 3385 1584 sacriﬁcium
3405 1526 3576 1597 justa
3603 1541 3732 1597 ope-

2156 1626 2404 1690 rationis,
2451 1625 2776 1680 sacrificium
2812 1623 2987 1680 laudis
3026 1624 3110 1681 vel
3132 1623 3493 1694 jubilatiouis.
3525 1623 3730 1680 Horum

2149 1716 2253 1772 duo
2275 1716 2329 1770 in
2353 1715 2603 1785 praesenti
2629 1724 2753 1770 sunt
2778 1715 3107 1780 necessaria,
3135 1716 3352 1771 tertium
3379 1715 3470 1771 hic
3490 1715 3730 1781 inchoat,

2147 1820 2202 1867 et
2232 1812 2288 1866 itt
2353 1811 2533 1866 futuro
2588 1809 3074 1866 consummabitur.
3132 1809 3210 1866 De
3261 1810 3443 1880 primo
3495 1809 3729 1865 dicitur:

2155 1920 2173 1954 t
2201 1902 2537 1958 Sacrificium
2561 1902 2671 1958 Deo
2690 1902 2912 1973 spiritus
2936 1901 3332 1958 contribulatus
3363 1899 3544 1974 (Psal.
3598 1901 3672 1969 ι).
3709 1920 3726 1952 ι

2148 1995 2226 2052 De
2296 1997 2588 2052 secundo:
2671 2014 2690 2047 ι
2737 1995 3055 2051 Sacrificate
3121 1994 3449 2051 sacrificium
3511 1993 3736 2064 justiti:

2153 2087 2327 2160 (Psal.
2367 2090 2474 2158 tv);
2510 2109 2528 2142 ι
2565 2088 2771 2144 et'alibi
2801 2106 2812 2142 :
2843 2106 2860 2138 t
2886 2088 3038 2142 Tunc
3067 2087 3377 2156 acceptabis
3401 2085 3735 2141 sacriﬁcium

2147 2179 2376 2250 justitias
2424 2177 2596 2249 (Ptol.
2627 2177 2702 2248 ι).
2749 2197 2767 2229 ι
2814 2177 2889 2233 De
2939 2179 3097 2232 tertio
3135 2195 3149 2231 :
3193 2195 3211 2228 t
3258 2176 3462 2232 Beatus
3506 2174 3737 2247 populus

2151 2271 2242 2341 qui
2271 2271 2376 2324 scit
2397 2269 2773 2339 jubilationem
2802 2266 2974 2338 (Psal.
3001 2268 3286 2338 Lxxxvm).
3321 2285 3340 2320 ι
3372 2267 3510 2322 ltem
3543 2283 3557 2319 :
3599 2285 3617 2318 t
3646 2265 3736 2320 Sa-

2151 2361 2414 2418 crificium
2467 2361 2642 2416 laudis
2703 2360 3082 2416 honorificabit
3137 2376 3223 2416 me
3280 2359 3456 2430 (Psal.
3503 2360 3730 2429 xux).t

2151 2455 2392 2510 Primum
2439 2454 2761 2510 sacrificium
2789 2453 2968 2524 placat
3009 2454 3196 2517 Deum,
3253 2453 3553 2508 secundum
3595 2451 3738 2506 dele-

2153 2556 2286 2612 ctat,
2330 2547 2545 2600 tertium
2573 2545 2824 2600 honorat.
2856 2543 2973 2600 Non
3000 2554 3157 2600 curat
3190 2544 3332 2599 Deus
3358 2543 3428 2597 de
3453 2543 3544 2598 his
3568 2541 3739 2597 sacri—

2155 2637 2313 2705 ficiis,
2389 2638 2490 2693 nisi
2546 2636 2835 2693 medullata
2886 2636 2997 2692 sint
3034 2647 3088 2691 et
3137 2636 3407 2708 saginata.
3463 2633 3621 2691 Unde
3665 2634 3741 2688 ait

2152 2730 2637 2802 psalmographus:
2673 2749 2692 2780 ‹
2728 2728 2879 2785 Sicut
2909 2729 3066 2800 adipe
3098 2736 3154 2784 et
3180 2727 3512 2800 pinguedine
3540 2725 3738 2796 replea-

2153 2829 2244 2876 tur
2272 2823 2451 2876 attima
2484 2835 2602 2875 mea
2629 2818 2801 2891 (Psal.
2838 2819 2996 2891 ult).
3029 2838 3047 2870 ι

2227 2911 2283 2965 In
2342 2912 2458 2983 lege
2504 2911 2678 2966 omnis
2709 2912 2876 2981 adeps
2918 2908 3100 2965 offerri
3130 2907 3372 2978 jubetur,
3406 2916 3464 2963 et
3486 2906 3738 2962 holocau-

481 3011 587 3050 ¹¹⁰¹¹
620 3008 920 3079 ηυηῖθτξπον
972 2995 1064 3079 ⁵,θά
1108 2993 1278 3079 59'!!!“
1305 2993 1888 3079 διιίυδθτείιειξιίιυξτη
1927 2994 2050 3047 υ¹⁸ί·
2079 3017 2126 3079 c
2156 3016 2300 3062 stum
2338 3007 2534 3078 pingue
2581 3005 2847 3060 laudatur.
2885 3003 3025 3059 Caro
3049 3004 3194 3059 enim
3247 3017 3470 3068 macra,
3522 3011 3580 3056 et
3627 3001 3741 3055 sine

481 3081 629 3134 nium
654 3063 1102 3134 complementum
1128 3065 1292 3119 totius
1310 3063 1535 3120 ornatus
1556 3063 1796 3134 ejusdem
1818 3078 2047 3134 sponsae.

483 3133 638 3192 Unde
687 3143 740 3205 et
779 3133 836 3189 in
907 3135 1094 3190 eodem
1151 3149 1401 3190 sermone
1446 3135 1481 3188 ι
1532 3133 1733 3205 optime
1781 3133 2055 3189 concludit

482 3206 659 3261 omnia
692 3204 778 3259 illa
813 3215 1150 3260 sacramenta
1182 3205 1368 3260 referri
1406 3205 1474 3275 ad
1510 3204 1772 3260 honorem
1808 3205 2053 3275 corporis

479 3276 714 3342 Domini,
753 3287 807 3331 et
846 3278 1158 3330 memoriam
1198 3277 1385 3331 mortis
1431 3273 1584 3344 ejus:
1644 3294 1662 3326 ι
1695 3273 1922 3346 Dignum
1967 3285 2053 3329 est

481 3362 630 3419 ergo,
663 3347 857 3419 inquit,
888 3356 944 3401 ut
973 3347 1024 3401 in
1055 3347 1235 3419 altari,
1273 3362 1434 3416 super
1459 3347 1602 3419 quod
1622 3361 1828 3419 corpus
1869 3346 2051 3402 Denti-

481 3417 660 3473 nicum
683 3417 878 3486 jugiter
902 3417 1228 3482 iunnolatur,
1256 3434 1402 3472 mors
1424 3417 1540 3487 ejus
1562 3417 1725 3487 etiam
1750 3431 1845 3486 per
1867 3430 2051 3470 rerum

484 3487 830 3544 invisibilium
871 3491 1156 3557 tenigmata
1193 3486 1488 3542 nuntietur.
1529 3506 1547 3540 ι
1602 3486 1658 3541 Si
1708 3487 1830 3557 quis
1871 3495 2052 3540 autem

481 3567 629 3614 recte
657 3558 961 3614 consideret
987 3560 1156 3612 sancti
1189 3558 1475 3614 cardinalis
1502 3557 1661 3612 verba
1694 3557 1784 3610 illa
1815 3573 1826 3608 :
1865 3574 1882 3606 ‹
1921 3557 2054 3609 Duo-

483 3630 657 3684 decim
707 3638 1043 3683 sacramenta
1083 3639 1208 3683 sunt
1257 3631 1309 3684 in
1359 3629 1621 3692 Ecclesia,
1652 3628 1792 3682 circa
1823 3637 2054 3695 quorum

484 3699 793 3755 instantiam
814 3698 1118 3770 reflectitur
1144 3699 1471 3770 Christiante
1510 3698 1782 3770 religionis
1820 3697 2055 3770 auctori-

485 3780 589 3835 tas,
620 3789 637 3823 t
680 3769 938 3839 intelliget
985 3771 1156 3839 ipsum
1193 3769 1364 3824 solum
1395 3767 1632 3824 voluisse
1651 3783 1936 3821 numerare
1964 3767 2054 3839 illa

484 3838 862 3905 sacramenta,
895 3840 944 3893 id
997 3838 1098 3903 est,
1147 3841 1527 3905 caeremonias,
1561 3849 1653 3892 aut
1682 3838 2056 3892 observantias

483 3910 910 3973 ecclesiasticas,
955 3910 1149 3978 quibus
1179 3911 1429 3965 Ecclesia:
1468 3909 1705 3964 membra
1735 3907 1818 3961 vel
1857 3909 2057 3962 consti-

486 3989 734 4042 tuuntur,
763 3979 845 4032 vel
871 3980 1224 4047 perficiuntur
1249 3989 1300 4034 et
1327 3990 1591 4037 ornantur
1612 4019 1626 4042 ,
1658 3987 1750 4032 aut
1790 3978 2056 4031 inundan-

487 4058 596 4114 tur,
621 4049 704 4103 vel
731 4050 782 4102 in
807 4050 1046 4104 diversos
1069 4051 1266 4119 gradus
1285 4060 1338 4103 et
1381 4050 1600 4103 ordines
1635 4049 2055 4118 distinguuntur.

489 4119 603 4175 Hac
627 4134 754 4190 ergo
781 4120 988 4172 ratione
1011 4117 1157 4187 ponit
1175 4117 1526 4188 Baptismum,
1551 4117 2055 4188 tauquam’primam

485 4190 742 4247 Ecclesia:
793 4190 1202 4258 professionem,
1251 4198 1305 4242 et
1353 4190 1504 4257 quasi
1547 4190 1686 4241 viam
1737 4203 1852 4258 Aper
1896 4203 2055 4256 quam

486 4261 744 4318 Ecclesia:
787 4256 1031 4314 membra
1075 4256 1492 4313 constituuntur.
1525 4258 1620 4312 Cui
1663 4256 1904 4328 adjungit
1932 4272 2061 4311 con-

485 4332 871 4395 firmationem,
905 4341 1160 4401 tauquam
1185 4328 1568 4398 perfectionem
1599 4329 1736 4398 ejus,
1761 4335 1818 4401 et
1834 4343 2056 4401 sacram

487 4404 815 4464 unctionem,
854 4411 909 4456 et
929 4397 1347 4464 confessionem,
1375 4397 1638 4470 tauquam
1654 4397 1949 4453 medicinas
1971 4397 2056 4452 his

489 4473 747 4528 membris
771 4472 1101 4527 necessarias
1134 4473 1202 4524 ad
1229 4473 1514 4525 sanitatem
1545 4471 1736 4522 anima:
1769 4477 1826 4524 et
1863 4484 2056 4538 corpo-

488 4545 587 4608 ris,
630 4544 676 4598 si
727 4543 994 4613 expediat.
1032 4540 1507 4613 Adjungitdeinde
1538 4541 1657 4613 duo
1695 4548 2056 4613 sacramenta,

488 4613 696 4668 ordinis
722 4623 776 4668 et
796 4610 1172 4676 'tuatrimonii,
1195 4612 1390 4680 quibus
1414 4611 1519 4663 duo
1543 4610 1760 4663 ordines
1777 4610 2058 4680 membro:

489 4701 609 4738 rum
633 4683 883 4739 Ecclesiae
905 4682 1160 4753 (scilicet_
1184 4677 1670 4753 ecclesiasticarum
1697 4690 1751 4732 et
1774 4677 2054 4746 laicorum)

488 4751 922 4823 distinguuntur.
957 4753 1102 4806 luter
1149 4751 1314 4806 laicos
1358 4760 1536 4823 autem
1567 4765 1660 4804 rex
1691 4758 1932 4823 tantum,
1965 4759 2054 4804 aut

494 4819 788 4891 imperator
832 4823 1045 4877 videtur
1106 4823 1173 4876 ad
1228 4821 1513 4892 specialem
1575 4819 2061 4892 auctoritatetnuet

491 4889 856 4947 defensionem
905 4893 1157 4947 Ecclesia:
1201 4889 1490 4961 pertinere,
1538 4900 1592 4942 et
1619 4891 1737 4961 ideo
1789 4889 1927 4961 inter
1968 4889 2056 4943 illa

493 4972 835 5017 sacramenta
868 4963 1017 5030 ponit
1063 4955 1219 5031 regis'
1249 4962 1576 5015 unctionem.
1626 4955 1777 5031 inter
1800 4958 2058 5020 ecclesia-

495 5033 661 5086 sticas
692 5045 820 5086 vero
864 5029 1266 5101 personas'tres
1292 5032 1485 5101 gradus
1531 5029 1781 5101 distingui
1810 5037 2056 5101 possunt,

495 5104 702 5158 scilicet
718 5101 1048 5170 pontificum,
1069 5099 1409 5170 clericorum,
1432 5112 1485 5155 et
1499 5099 1884 5170 religiosorum.
1898 5100 2062 5154 Addit

497 5189 625 5244 ergo
670 5169 1067 5226 sacramentum
1111 5169 1257 5236 illud,
1303 5185 1410 5240 quo
1433 5169 1713 5244 pontifices
1741 5185 2064 5244 epttsecran-

498 5237 606 5309 tu},
651 5243 751 5298 sub
778 5256 883 5311 quo
925 5248 1091 5293 totum
1123 5237 1336 5322 sacruui
1377 5237 2060 5322 ordinent.et_clericoru_m

2155 3096 2506 3169 pinguedine,
2551 3109 2728 3165 neque
2755 3093 2970 3164 quando
2998 3093 3300 3148 comeditur
3328 3099 3556 3163 praestat
3586 3104 3742 3160 sapo-

2156 3205 2293 3254 ret,
2355 3202 2529 3257 neque
2586 3187 2800 3257 quando
2842 3195 3054 3240 assatur
3088 3184 3263 3240 reddit
3319 3184 3567 3240 odorem.
3617 3183 3742 3237 Hec

2157 3289 2336 3336 autem
2365 3279 2636 3348 pinguedo
2664 3293 2770 3332 non
2793 3277 3060 3348 corporis,
3087 3275 3182 3331 sed
3203 3275 3458 3344 spiritus;
3490 3289 3599 3328 non
3625 3289 3742 3328 car-

2155 3373 2264 3437 nis,
2316 3371 2410 3426 sed
2458 3371 2656 3424 mentis
2703 3368 2926 3438 intelligi
2977 3368 3156 3422 debet.
3213 3365 3492 3436 Pinguedo
3551 3365 3745 3418 anima:

2154 3463 2386 3517 virtutes
2415 3469 2560 3514 sunt.
2593 3458 2686 3514 Ha:
2711 3461 2951 3514 suaviter
2979 3457 3254 3522 redolent,
3281 3456 3364 3511 ha:
3410 3457 3464 3510 in
3513 3454 3610 3508 Dei
3663 3468 3744 3508 sae

2157 3551 2366 3608 crificio
2413 3548 2640 3602 Domino
2669 3548 2902 3618 placent,
2933 3556 2986 3602 et
3028 3546 3145 3601 sine
3190 3546 3275 3602 his
3306 3544 3512 3600 nullum
3541 3543 3746 3599 sacriﬁ-

2158 3645 2302 3700 cium
2330 3650 2416 3697 est
2442 3639 2794 3710 acceptabile.
2843 3638 2954 3694 Hoc
2992 3639 3150 3708 adipe
3189 3637 3417 3709 pingues
3470 3647 3633 3692 erant
3672 3637 3742 3690 illi

2159 3735 2228 3790 de
2257 3733 2455 3804 quibus
2502 3732 2702 3787 dicitur
2727 3749 2740 3783 :
2771 3749 2788 3781 t
2818 3729 3275 3784 Manducaverunt
3298 3740 3354 3794 et
3383 3729 3746 3783 adoraverunt

2160 3838 2348 3880 omnes
2394 3822 2622 3892 pingues
2669 3828 2824 3874 terra:
2869 3817 3041 3888 (Psal.
3097 3817 3234 3886 xxi).
3273 3834 3292 3868 ι
3345 3816 3591 3885 Itemque
3642 3826 3746 3869 tres

2158 3918 2312 3988 pueri
2342 3916 2396 3970 in
2421 3913 2679 3970 Dauiele:
2739 3931 2758 3964 ι
2796 3912 2946 3968 Sicut
2974 3911 3026 3966 itt
3058 3911 3373 3966 holocausta
3401 3911 3662 3973 arietum,
3694 3919 3747 3963 et

2162 4022 2466 4071 taurorum,
2496 4018 2550 4063 et.
2601 4007 2742 4062 sicut
2775 4005 2828 4060 in
2879 4005 3117 4060 millibus
3147 4019 3410 4074 agnorum
3440 4004 3744 4074 pinguium,

2161 4102 2243 4156 sic
2279 4099 2374 4153 fiat
2422 4097 2748 4154 sacrificium
2792 4104 3035 4150 nostrum
3082 4092 3248 4163 (Dan.
3284 4093 3390 4160 tu).
3431 4114 3450 4147 ι
3495 4093 3569 4149 Ut
3619 4109 3746 4164 ergo

2160 4191 2411 4262 placeant
2439 4189 2556 4243 htcc
2595 4186 2862 4243 sacrificia
2897 4191 3085 4240 uestra
3128 4185 3258 4250 Deo,
3289 4183 3509 4254 pinguia
3537 4185 3670 4249 sint,
3695 4194 3747 4237 et

2163 4281 2452 4338 medullata

2083 4375 2138 4436 Ι)
2235 4373 2574 4430 Sacrificium
2597 4373 2699 4442 pia:
2721 4368 3064 4427 co'ntritionis
3087 4370 3256 4442 exigit
3282 4370 3542 4440 butyrum
3569 4369 3744 4424 humi-

2165 4466 2351 4530 litatis,
2382 4478 2503 4534 qua:
2549 4464 2604 4518 in
2654 4463 2829 4518 tribus
2855 4462 3140 4528 consistit;
3189 4461 3431 4526 scilicet,
3478 4468 3542 4515 ut
3570 4459 3746 4515 consi-

2164 4557 2318 4612 derat
2348 4555 2511 4611 homo
2565 4569 2726 4624 quam
2774 4551 3149 4625 imperfectum
3196 4551 3269 4609 sit
3295 4551 3438 4622 quod
3474 4551 3662 4614 habet,
3694 4559 3747 4605 et

2163 4647 2267 4704 hoc
2295 4657 2548 4715 respectu
2595 4647 2974 4716 superiorum;
3027 4645 3166 4702 unde
3190 4643 3358 4699 illud:
3415 4660 3435 4695 t
3466 4641 3541 4698 Ut
3577 4643 3746 4700 sciam

2164 4740 2291 4810 quid
2320 4739 2462 4796 desit
2491 4737 2622 4793 mihi
2652 4737 2826 4807 (Psal.
2859 4737 3110 4808 xxxvru).
3143 4755 3162 4788 ι
3195 4735 3420 4802 Deinde,
3461 4743 3524 4790 ut
3567 4733 3745 4791 cousi-

2163 4832 2316 4888 deret
2368 4833 2494 4901 quia
2545 4831 2620 4886 nil
2664 4831 2827 4886 habet
2877 4830 3192 4900 proprium;
3223 4829 3366 4884 unde
3405 4827 3736 4899 Apostolus:

2135 4942 2187 4977 -t
2232 4923 2367 4990 Quid
2416 4924 2582 4978 habes
2635 4923 2777 4994 quod
2830 4936 2966 4994 non;
3001 4919 3299 4991 accepisti?
3333 4936 3353 4972 ι
3381 4917 3433 4991 (1
3471 4915 3595 4972 Cor.
3644 4915 3739 4985 tv.)

2163 5016 2482 5072 Consideret
2511 5015 2699 5081 etiam,
2725 5014 2869 5082 quod
2905 5013 2981 5067 nit
3018 5013 3178 5067 habet
3206 5011 3261 5065 in
3294 5009 3396 5064 hac
3447 5009 3559 5064 vita
3599 5007 3742 5086 quod

2165 5109 2389 5180 perdere
2444 5122 2549 5162 non
2597 5107 2790 5177 possit,
2818 5103 2974 5175 juxta
3025 5103 3194 5159 illud:
3230 5120 3248 5155 t
3285 5101 3555 5157 Memento
3599 5087 3743 5195 unde

2164 5199 2454 5263 excideris,
2479 5199 2724 5268 etprima
2745 5211 2910 5266 opera
2933 5195 3019 5251 fac
3041 5196 3221 5268 (Apoc.
3247 5194 3332 5264 ll).
3356 5212 3374 5245 ι
3400 5191 3742 5265 Sacrificium

2165 5291 2321 5322 δῆρις-ιη
2350 5289 2680 5322 Ληο-σιοῖησιῖα
2712 5291 2873 5322 Δνῖηἶί
2905 5290 3080 5322 ΛΙηηινι
3126 5287 3464 5322 ﬂictu-Inﬁnit“:
3518 5284 3743 5322 ςαρνῖη..
