  <div class='ocr_page' id='page_1' title='image "/cluster/home/n/w/nwhite01/storage/ocr_20150623/144/hvd.32044010574010/458.png"; bbox 0 0 3992 5322; ppageno 0'>
   <div class='ocr_carea' id='block_1_1' title="bbox 216 143 355 206">
    <p class='ocr_par' dir='ltr' id='par_1_1' title="bbox 216 143 355 206">
     <span class='ocr_line' id='line_1_1' title="bbox 216 143 355 206; baseline 0.029 -4"><span class='ocrx_word' id='word_1_1' title='bbox 216 145 323 202; x_wconf 73' lang='lat'><strong>905</strong></span> <span class='ocrx_word' id='word_1_2' title='bbox 335 143 355 206; x_wconf 61' lang='grc' dir='ltr'><strong>ἰ</strong></span> 
     </span>
    </p>
   </div>
   <div class='ocr_carea' id='block_1_2' title="bbox 1657 153 2096 212">
    <p class='ocr_par' dir='ltr' id='par_1_2' title="bbox 1657 153 2096 212">
     <span class='ocr_line' id='line_1_2' title="bbox 1657 153 2096 212; baseline -0.005 -2"><span class='ocrx_word' id='word_1_3' title='bbox 1657 154 1884 211; x_wconf 74' lang='lat' dir='ltr'><strong>SERMO</strong></span> <span class='ocrx_word' id='word_1_4' title='bbox 1915 153 2096 212; x_wconf 73' lang='lat' dir='ltr'><strong>LXXI.</strong></span> 
     </span>
    </p>
   </div>
   <div class='ocr_carea' id='block_1_3' title="bbox 3347 163 3451 223">
    <p class='ocr_par' dir='ltr' id='par_1_3' title="bbox 3347 163 3451 223">
     <span class='ocr_line' id='line_1_3' title="bbox 3347 163 3451 223; baseline 0.029 -3"><span class='ocrx_word' id='word_1_5' title='bbox 3347 163 3451 223; x_wconf 78' lang='lat'><strong>906</strong></span> 
     </span>
    </p>
   </div>
   <div class='ocr_carea' id='block_1_4' title="bbox 217 249 3478 346">
    <p class='ocr_par' dir='ltr' id='par_1_4' title="bbox 217 249 3478 346">
     <span class='ocr_line' id='line_1_4' title="bbox 217 249 3478 346; baseline 0.005 -29"><span class='ocrx_word' id='word_1_6' title='bbox 217 249 438 334; x_wconf 86' lang='lat' dir='ltr'><strong>ponitur</strong></span> <span class='ocrx_word' id='word_1_7' title='bbox 479 261 808 318; x_wconf 77' lang='lat' dir='ltr'><strong>absinthium</strong></span> <span class='ocrx_word' id='word_1_8' title='bbox 859 265 1276 338; x_wconf 69' lang='lat' dir='ltr'><strong>indignationis;</strong></span> <span class='ocrx_word' id='word_1_9' title='bbox 1316 267 1480 340; x_wconf 74' lang='lat'><strong>380</strong></span> <span class='ocrx_word' id='word_1_10' title='bbox 1524 271 1785 326; x_wconf 87' lang='lat' dir='ltr'><strong>sacriﬁcio</strong></span> <span class='ocrx_word' id='word_1_11' title='bbox 1812 281 1860 338; x_wconf 78' lang='grc' dir='ltr'><strong>Α</strong></span> <span class='ocrx_word' id='word_1_12' title='bbox 1891 281 2022 326; x_wconf 84' lang='grc' dir='ltr'>ιυιιι.</span> <span class='ocrx_word' id='word_1_13' title='bbox 2057 268 2310 325; x_wconf 85' lang='lat' dir='ltr'><strong>Vovimus</strong></span> <span class='ocrx_word' id='word_1_14' title='bbox 2341 255 2567 324; x_wconf 84' lang='lat' dir='ltr'><strong>Domino</strong></span> <span class='ocrx_word' id='word_1_15' title='bbox 2603 270 2988 326; x_wconf 86' lang='lat' dir='ltr'><strong>continentiam</strong></span> <span class='ocrx_word' id='word_1_16' title='bbox 3016 315 3029 339; x_wconf 90' lang='lat'><strong>,</strong></span> <span class='ocrx_word' id='word_1_17' title='bbox 3063 276 3478 346; x_wconf 44' lang='lat' dir='ltr'><strong>obedientiam;</strong></span> 
     </span>
    </p>
   </div>
   <div class='ocr_carea' id='block_1_5' title="bbox 215 351 1784 425">
    <p class='ocr_par' dir='ltr' id='par_1_5' title="bbox 215 351 1784 425">
     <span class='ocr_line' id='line_1_5' title="bbox 215 351 1784 425; baseline 0.009 -23"><span class='ocrx_word' id='word_1_18' title='bbox 215 351 370 420; x_wconf 71' lang='lat' dir='ltr'><strong>iusta:</strong></span> <span class='ocrx_word' id='word_1_19' title='bbox 417 354 779 422; x_wconf 77' lang='lat' dir='ltr'><strong>operationis,</strong></span> <span class='ocrx_word' id='word_1_20' title='bbox 835 367 1045 409; x_wconf 90' lang='lat' dir='ltr'><strong>acetum</strong></span> <span class='ocrx_word' id='word_1_21' title='bbox 1100 357 1464 425; x_wconf 85' lang='lat' dir='ltr'><strong>conlusiouis;</strong></span> <span class='ocrx_word' id='word_1_22' title='bbox 1518 361 1784 416; x_wconf 88' lang='lat' dir='ltr'><strong>sacriﬁcio</strong></span> 
     </span>
    </p>
   </div>
   <div class='ocr_carea' id='block_1_6' title="bbox 216 442 1785 509">
    <p class='ocr_par' dir='ltr' id='par_1_6' title="bbox 216 442 1785 509">
     <span class='ocr_line' id='line_1_6' title="bbox 216 442 1785 509; baseline 0.008 -15"><span class='ocrx_word' id='word_1_23' title='bbox 216 442 413 508; x_wconf 83' lang='lat' dir='ltr'><strong>laudis,</strong></span> <span class='ocrx_word' id='word_1_24' title='bbox 441 455 703 500; x_wconf 83' lang='lat' dir='ltr'><strong>venenum</strong></span> <span class='ocrx_word' id='word_1_25' title='bbox 733 445 1075 509; x_wconf 77' lang='lat' dir='ltr'><strong>adulationis,</strong></span> <span class='ocrx_word' id='word_1_26' title='bbox 1099 447 1210 502; x_wconf 90' lang='lat' dir='ltr'><strong>sive</strong></span> <span class='ocrx_word' id='word_1_27' title='bbox 1243 447 1611 505; x_wconf 80' lang='lat' dir='ltr'><strong>detractionis.</strong></span> <span class='ocrx_word' id='word_1_28' title='bbox 1651 451 1785 506; x_wconf 71' lang='lat' dir='ltr'><strong>Oll‘e-</strong></span> 
     </span>
    </p>
   </div>
   <div class='ocr_carea' id='block_1_7' title="bbox 216 534 1783 608">
    <p class='ocr_par' dir='ltr' id='par_1_7' title="bbox 216 534 1783 608">
     <span class='ocr_line' id='line_1_7' title="bbox 216 534 1783 608; baseline 0.006 -21"><span class='ocrx_word' id='word_1_29' title='bbox 216 549 405 588; x_wconf 83' lang='lat' dir='ltr'><strong>ramus</strong></span> <span class='ocrx_word' id='word_1_30' title='bbox 422 534 601 605; x_wconf 82' lang='lat' dir='ltr'><strong>igitur,</strong></span> <span class='ocrx_word' id='word_1_31' title='bbox 623 535 979 602; x_wconf 75' lang='lat' dir='ltr'><strong>dilectissimi,</strong></span> <span class='ocrx_word' id='word_1_32' title='bbox 999 538 1224 592; x_wconf 90' lang='lat' dir='ltr'><strong>Domino</strong></span> <span class='ocrx_word' id='word_1_33' title='bbox 1246 541 1385 608; x_wconf 87' lang='lat' dir='ltr'><strong>piam</strong></span> <span class='ocrx_word' id='word_1_34' title='bbox 1404 543 1783 597; x_wconf 76' lang='lat' dir='ltr'><strong>contritionem</strong></span> 
     </span>
    </p>
   </div>
   <div class='ocr_carea' id='block_1_8' title="bbox 217 626 1780 699">
    <p class='ocr_par' dir='ltr' id='par_1_8' title="bbox 217 626 1780 699">
     <span class='ocr_line' id='line_1_8' title="bbox 217 626 1780 699; baseline 0.004 -19"><span class='ocrx_word' id='word_1_35' title='bbox 217 626 270 680; x_wconf 85' lang='lat' dir='ltr'><strong>in</strong></span> <span class='ocrx_word' id='word_1_36' title='bbox 319 628 678 682; x_wconf 89' lang='lat' dir='ltr'><strong>amaritudine</strong></span> <span class='ocrx_word' id='word_1_37' title='bbox 732 631 1005 690; x_wconf 90' lang='lat' dir='ltr'><strong>interiori,</strong></span> <span class='ocrx_word' id='word_1_38' title='bbox 1038 639 1090 683; x_wconf 90' lang='lat' dir='ltr'><strong>et</strong></span> <span class='ocrx_word' id='word_1_39' title='bbox 1123 632 1435 699; x_wconf 75' lang='lat' dir='ltr'><strong>pmnitcntia</strong></span> <span class='ocrx_word' id='word_1_40' title='bbox 1485 634 1780 699; x_wconf 79' lang='lat' dir='ltr'><strong>exteriori;</strong></span> 
     </span>
    </p>
   </div>
   <div class='ocr_carea' id='block_1_9' title="bbox 217 717 1782 789">
    <p class='ocr_par' dir='ltr' id='par_1_9' title="bbox 217 717 1782 789">
     <span class='ocr_line' id='line_1_9' title="bbox 217 717 1782 789; baseline 0.006 -19"><span class='ocrx_word' id='word_1_41' title='bbox 217 726 278 770; x_wconf 91' lang='lat' dir='ltr'><strong>ut</strong></span> <span class='ocrx_word' id='word_1_42' title='bbox 327 736 346 768; x_wconf 86' lang='grc' dir='ltr'><strong>ι</strong></span> <span class='ocrx_word' id='word_1_43' title='bbox 381 717 578 782; x_wconf 83' lang='lat' dir='ltr'><strong>sobrie,</strong></span> <span class='ocrx_word' id='word_1_44' title='bbox 632 717 776 786; x_wconf 87' lang='lat' dir='ltr'><strong>juste</strong></span> <span class='ocrx_word' id='word_1_45' title='bbox 823 736 885 774; x_wconf 90' lang='lat' dir='ltr'><strong>ac</strong></span> <span class='ocrx_word' id='word_1_46' title='bbox 931 721 1016 789; x_wconf 90' lang='lat' dir='ltr'><strong>pie</strong></span> <span class='ocrx_word' id='word_1_47' title='bbox 1055 722 1298 775; x_wconf 87' lang='lat' dir='ltr'><strong>vivamus</strong></span> <span class='ocrx_word' id='word_1_48' title='bbox 1331 723 1383 775; x_wconf 89' lang='lat' dir='ltr'><strong>iu</strong></span> <span class='ocrx_word' id='word_1_49' title='bbox 1437 725 1536 778; x_wconf 91' lang='lat' dir='ltr'><strong>hoc</strong></span> <span class='ocrx_word' id='word_1_50' title='bbox 1587 725 1782 780; x_wconf 68' lang='lat' dir='ltr'><strong>smeulo</strong></span> 
     </span>
    </p>
   </div>
   <div class='ocr_carea' id='block_1_10' title="bbox 217 807 1784 884">
    <p class='ocr_par' dir='ltr' id='par_1_10' title="bbox 217 807 1784 884">
     <span class='ocr_line' id='line_1_10' title="bbox 217 807 1784 884; baseline 0.008 -25"><span class='ocrx_word' id='word_1_51' title='bbox 217 807 346 873; x_wconf 74' lang='lat' dir='ltr'><strong>(Tit.</strong></span> <span class='ocrx_word' id='word_1_52' title='bbox 371 811 454 876; x_wconf 88' lang='lat' dir='ltr'><strong>tt).</strong></span> <span class='ocrx_word' id='word_1_53' title='bbox 489 827 508 860; x_wconf 75' lang='grc' dir='ltr'><strong>ι</strong></span> <span class='ocrx_word' id='word_1_54' title='bbox 563 808 754 863; x_wconf 89' lang='lat' dir='ltr'><strong>Sobrie</strong></span> <span class='ocrx_word' id='word_1_55' title='bbox 798 811 972 874; x_wconf 88' lang='lat' dir='ltr'><strong>nobis,</strong></span> <span class='ocrx_word' id='word_1_56' title='bbox 1017 810 1164 879; x_wconf 89' lang='lat' dir='ltr'><strong>juste</strong></span> <span class='ocrx_word' id='word_1_57' title='bbox 1205 813 1485 880; x_wconf 81' lang='lat' dir='ltr'><strong>proximo,</strong></span> <span class='ocrx_word' id='word_1_58' title='bbox 1530 815 1614 884; x_wconf 90' lang='lat' dir='ltr'><strong>pie</strong></span> <span class='ocrx_word' id='word_1_59' title='bbox 1654 815 1784 871; x_wconf 77' lang='lat' dir='ltr'><strong>Deo.</strong></span> 
     </span>
    </p>
   </div>
   <div class='ocr_carea' id='block_1_11' title="bbox 216 895 1786 970">
    <p class='ocr_par' dir='ltr' id='par_1_11' title="bbox 216 895 1786 970">
     <span class='ocr_line' id='line_1_11' title="bbox 216 895 1786 970; baseline 0.004 -18"><span class='ocrx_word' id='word_1_60' title='bbox 216 895 412 952; x_wconf 89' lang='lat' dir='ltr'><strong>Sobrie</strong></span> <span class='ocrx_word' id='word_1_61' title='bbox 458 899 513 952; x_wconf 92' lang='lat' dir='ltr'><strong>in</strong></span> <span class='ocrx_word' id='word_1_62' title='bbox 554 899 777 963; x_wconf 91' lang='lat' dir='ltr'><strong>duobus,</strong></span> <span class='ocrx_word' id='word_1_63' title='bbox 824 900 876 953; x_wconf 92' lang='lat' dir='ltr'><strong>in</strong></span> <span class='ocrx_word' id='word_1_64' title='bbox 917 901 1156 954; x_wconf 78' lang='lat' dir='ltr'><strong>cavenda</strong></span> <span class='ocrx_word' id='word_1_65' title='bbox 1205 902 1492 970; x_wconf 93' lang='lat' dir='ltr'><strong>voluptate,</strong></span> <span class='ocrx_word' id='word_1_66' title='bbox 1542 915 1594 958; x_wconf 80' lang='lat' dir='ltr'><strong>et</strong></span> <span class='ocrx_word' id='word_1_67' title='bbox 1641 905 1786 961; x_wconf 85' lang='lat' dir='ltr'><strong>curis</strong></span> 
     </span>
    </p>
   </div>
   <div class='ocr_carea' id='block_1_12' title="bbox 216 991 1782 1063">
    <p class='ocr_par' dir='ltr' id='par_1_12' title="bbox 216 991 1782 1063">
     <span class='ocr_line' id='line_1_12' title="bbox 216 991 1782 1063; baseline 0.003 -16"><span class='ocrx_word' id='word_1_68' title='bbox 216 991 380 1063; x_wconf 82' lang='lat' dir='ltr'><strong>hujus</strong></span> <span class='ocrx_word' id='word_1_69' title='bbox 408 994 565 1059; x_wconf 71' lang='lat' dir='ltr'><strong>vitm;</strong></span> <span class='ocrx_word' id='word_1_70' title='bbox 592 993 737 1063; x_wconf 85' lang='lat' dir='ltr'><strong>justc</strong></span> <span class='ocrx_word' id='word_1_71' title='bbox 780 995 834 1049; x_wconf 87' lang='lat' dir='ltr'><strong>in</strong></span> <span class='ocrx_word' id='word_1_72' title='bbox 883 997 1110 1061; x_wconf 86' lang='lat' dir='ltr'><strong>duobus,</strong></span> <span class='ocrx_word' id='word_1_73' title='bbox 1144 1006 1198 1051; x_wconf 92' lang='lat' dir='ltr'><strong>ut</strong></span> <span class='ocrx_word' id='word_1_74' title='bbox 1243 999 1440 1052; x_wconf 78' lang='lat' dir='ltr'><strong>nemini</strong></span> <span class='ocrx_word' id='word_1_75' title='bbox 1475 1013 1782 1063; x_wconf 87' lang='lat' dir='ltr'><strong>noceamus,</strong></span> 
     </span>
    </p>
   </div>
   <div class='ocr_carea' id='block_1_13' title="bbox 216 1083 1787 1156">
    <p class='ocr_par' dir='ltr' id='par_1_13' title="bbox 216 1083 1787 1156">
     <span class='ocr_line' id='line_1_13' title="bbox 216 1083 1787 1156; baseline 0.001 -17"><span class='ocrx_word' id='word_1_76' title='bbox 216 1093 271 1139; x_wconf 92' lang='lat' dir='ltr'><strong>et</strong></span> <span class='ocrx_word' id='word_1_77' title='bbox 303 1083 511 1139; x_wconf 83' lang='lat' dir='ltr'><strong>cunctis</strong></span> <span class='ocrx_word' id='word_1_78' title='bbox 541 1085 793 1155; x_wconf 88' lang='lat' dir='ltr'><strong>prodesse</strong></span> <span class='ocrx_word' id='word_1_79' title='bbox 847 1088 1156 1140; x_wconf 83' lang='lat' dir='ltr'><strong>Studeamus</strong></span> <span class='ocrx_word' id='word_1_80' title='bbox 1177 1128 1191 1150; x_wconf 89' lang='lat'><strong>,</strong></span> <span class='ocrx_word' id='word_1_81' title='bbox 1217 1087 1370 1156; x_wconf 77' lang='lat' dir='ltr'><strong>juxta</strong></span> <span class='ocrx_word' id='word_1_82' title='bbox 1418 1087 1580 1140; x_wconf 91' lang='lat' dir='ltr'><strong>illud:</strong></span> <span class='ocrx_word' id='word_1_83' title='bbox 1639 1107 1654 1137; x_wconf 85' lang='grc' dir='ltr'><strong>ι</strong></span> <span class='ocrx_word' id='word_1_84' title='bbox 1689 1089 1787 1141; x_wconf 82' lang='lat' dir='ltr'><strong>Dc-</strong></span> 
     </span>
    </p>
   </div>
   <div class='ocr_carea' id='block_1_14' title="bbox 216 1176 1784 1249">
    <p class='ocr_par' dir='ltr' id='par_1_14' title="bbox 216 1176 1784 1249">
     <span class='ocr_line' id='line_1_14' title="bbox 216 1176 1784 1249; baseline 0.001 -19"><span class='ocrx_word' id='word_1_85' title='bbox 216 1176 356 1231; x_wconf 86' lang='lat' dir='ltr'><strong>clina</strong></span> <span class='ocrx_word' id='word_1_86' title='bbox 377 1191 406 1230; x_wconf 87' lang='lat' dir='ltr'><strong>a</strong></span> <span class='ocrx_word' id='word_1_87' title='bbox 436 1177 596 1239; x_wconf 87' lang='lat' dir='ltr'><strong>malo,</strong></span> <span class='ocrx_word' id='word_1_88' title='bbox 629 1186 682 1230; x_wconf 92' lang='lat' dir='ltr'><strong>et</strong></span> <span class='ocrx_word' id='word_1_89' title='bbox 705 1177 788 1232; x_wconf 81' lang='lat' dir='ltr'><strong>fac</strong></span> <span class='ocrx_word' id='word_1_90' title='bbox 817 1177 1012 1231; x_wconf 87' lang='lat' dir='ltr'><strong>bonum</strong></span> <span class='ocrx_word' id='word_1_91' title='bbox 1032 1176 1203 1249; x_wconf 86' lang='lat' dir='ltr'><strong>(Psal.</strong></span> <span class='ocrx_word' id='word_1_92' title='bbox 1235 1179 1374 1246; x_wconf 82' lang='lat' dir='ltr'><strong>Lvl);</strong></span> <span class='ocrx_word' id='word_1_93' title='bbox 1408 1199 1426 1230; x_wconf 71' lang='grc' dir='ltr'><strong>ι</strong></span> <span class='ocrx_word' id='word_1_94' title='bbox 1458 1179 1546 1249; x_wconf 88' lang='lat' dir='ltr'><strong>pie</strong></span> <span class='ocrx_word' id='word_1_95' title='bbox 1573 1179 1625 1231; x_wconf 93' lang='lat' dir='ltr'><strong>in</strong></span> <span class='ocrx_word' id='word_1_96' title='bbox 1653 1179 1784 1232; x_wconf 88' lang='lat' dir='ltr'><strong>duo-</strong></span> 
     </span>
    </p>
   </div>
   <div class='ocr_carea' id='block_1_15' title="bbox 214 1267 1785 1338">
    <p class='ocr_par' dir='ltr' id='par_1_15' title="bbox 214 1267 1785 1338">
     <span class='ocr_line' id='line_1_15' title="bbox 214 1267 1785 1338; baseline 0.001 -16"><span class='ocrx_word' id='word_1_97' title='bbox 214 1268 334 1333; x_wconf 83' lang='lat' dir='ltr'><strong>bus,</strong></span> <span class='ocrx_word' id='word_1_98' title='bbox 368 1277 427 1322; x_wconf 90' lang='lat' dir='ltr'><strong>ut</strong></span> <span class='ocrx_word' id='word_1_99' title='bbox 452 1267 658 1322; x_wconf 91' lang='lat' dir='ltr'><strong>scilicet</strong></span> <span class='ocrx_word' id='word_1_100' title='bbox 692 1268 744 1322; x_wconf 85' lang='lat' dir='ltr'><strong>in</strong></span> <span class='ocrx_word' id='word_1_101' title='bbox 789 1269 1038 1338; x_wconf 74' lang='lat' dir='ltr'><strong>praesenti</strong></span> <span class='ocrx_word' id='word_1_102' title='bbox 1075 1271 1221 1324; x_wconf 86' lang='lat' dir='ltr'><strong>vivat</strong></span> <span class='ocrx_word' id='word_1_103' title='bbox 1256 1267 1438 1337; x_wconf 86' lang='lat' dir='ltr'><strong>justus</strong></span> <span class='ocrx_word' id='word_1_104' title='bbox 1468 1285 1531 1323; x_wconf 80' lang='lat' dir='ltr'><strong>ex</strong></span> <span class='ocrx_word' id='word_1_105' title='bbox 1580 1268 1700 1330; x_wconf 91' lang='lat' dir='ltr'><strong>ﬁde,</strong></span> <span class='ocrx_word' id='word_1_106' title='bbox 1729 1277 1785 1323; x_wconf 90' lang='grc' dir='ltr'><strong>ει</strong></span> 
     </span>
    </p>
   </div>
   <div class='ocr_carea' id='block_1_16' title="bbox 215 1356 1786 1428">
    <p class='ocr_par' dir='ltr' id='par_1_16' title="bbox 215 1356 1786 1428">
     <span class='ocr_line' id='line_1_16' title="bbox 215 1356 1786 1428; baseline 0.003 -18"><span class='ocrx_word' id='word_1_107' title='bbox 215 1356 268 1411; x_wconf 90' lang='lat' dir='ltr'><strong>in</strong></span> <span class='ocrx_word' id='word_1_108' title='bbox 318 1358 499 1412; x_wconf 85' lang='lat' dir='ltr'><strong>futuro</strong></span> <span class='ocrx_word' id='word_1_109' title='bbox 541 1366 796 1412; x_wconf 67' lang='lat' dir='ltr'><strong>arternam</strong></span> <span class='ocrx_word' id='word_1_110' title='bbox 846 1367 1124 1428; x_wconf 80' lang='lat' dir='ltr'><strong>exspectet</strong></span> <span class='ocrx_word' id='word_1_111' title='bbox 1173 1359 1581 1414; x_wconf 90' lang='lat' dir='ltr'><strong>beatitudinem.</strong></span> <span class='ocrx_word' id='word_1_112' title='bbox 1633 1358 1786 1415; x_wconf 87' lang='lat' dir='ltr'><strong>Unde</strong></span> 
     </span>
    </p>
   </div>
   <div class='ocr_carea' id='block_1_17' title="bbox 213 1449 1786 1521">
    <p class='ocr_par' dir='ltr' id='par_1_17' title="bbox 213 1449 1786 1521">
     <span class='ocr_line' id='line_1_17' title="bbox 213 1449 1786 1521; baseline 0.003 -20"><span class='ocrx_word' id='word_1_113' title='bbox 213 1449 541 1519; x_wconf 82' lang='lat' dir='ltr'><strong>Apostolus:</strong></span> <span class='ocrx_word' id='word_1_114' title='bbox 600 1467 619 1500; x_wconf 81' lang='grc' dir='ltr'><strong>ι</strong></span> <span class='ocrx_word' id='word_1_115' title='bbox 658 1449 737 1504; x_wconf 80' lang='lat' dir='ltr'><strong>Ex</strong></span> <span class='ocrx_word' id='word_1_116' title='bbox 788 1459 944 1520; x_wconf 89' lang='lat' dir='ltr'><strong>parte</strong></span> <span class='ocrx_word' id='word_1_117' title='bbox 991 1451 1390 1521; x_wconf 85' lang='lat' dir='ltr'><strong>cognoscimus,</strong></span> <span class='ocrx_word' id='word_1_118' title='bbox 1440 1461 1494 1504; x_wconf 93' lang='grc' dir='ltr'><strong>ει</strong></span> <span class='ocrx_word' id='word_1_119' title='bbox 1541 1465 1606 1504; x_wconf 79' lang='lat' dir='ltr'><strong>ex</strong></span> <span class='ocrx_word' id='word_1_120' title='bbox 1637 1460 1786 1520; x_wconf 88' lang='lat' dir='ltr'><strong>parte</strong></span> 
     </span>
    </p>
   </div>
   <div class='ocr_carea' id='block_1_18' title="bbox 211 1538 1782 1610">
    <p class='ocr_par' dir='ltr' id='par_1_18' title="bbox 211 1538 1782 1610">
     <span class='ocr_line' id='line_1_18' title="bbox 211 1538 1782 1610; baseline 0.002 -19"><span class='ocrx_word' id='word_1_121' title='bbox 211 1538 620 1608; x_wconf 85' lang='lat' dir='ltr'><strong>prophetamus,</strong></span> <span class='ocrx_word' id='word_1_122' title='bbox 667 1553 786 1592; x_wconf 90' lang='lat' dir='ltr'><strong>eum</strong></span> <span class='ocrx_word' id='word_1_123' title='bbox 843 1549 1022 1595; x_wconf 89' lang='lat' dir='ltr'><strong>autem</strong></span> <span class='ocrx_word' id='word_1_124' title='bbox 1067 1542 1277 1595; x_wconf 84' lang='lat' dir='ltr'><strong>venerit</strong></span> <span class='ocrx_word' id='word_1_125' title='bbox 1317 1541 1458 1609; x_wconf 87' lang='lat' dir='ltr'><strong>quod</strong></span> <span class='ocrx_word' id='word_1_126' title='bbox 1486 1541 1782 1610; x_wconf 77' lang='lat' dir='ltr'><strong>perfectura</strong></span> 
     </span>
    </p>
   </div>
   <div class='ocr_carea' id='block_1_19' title="bbox 1886 360 3452 429">
    <p class='ocr_par' dir='ltr' id='par_1_19' title="bbox 1886 360 3452 429">
     <span class='ocr_line' id='line_1_19' title="bbox 1886 360 3452 429; baseline 0.006 -13"><span class='ocrx_word' id='word_1_127' title='bbox 1886 361 2261 425; x_wconf 55' lang='lat' dir='ltr'><strong>humilitatem,</strong></span> <span class='ocrx_word' id='word_1_128' title='bbox 2295 360 2612 429; x_wconf 84' lang='lat' dir='ltr'><strong>patientiam</strong></span> <span class='ocrx_word' id='word_1_129' title='bbox 2634 402 2648 428; x_wconf 92' lang='lat'><strong>,</strong></span> <span class='ocrx_word' id='word_1_130' title='bbox 2675 363 3008 418; x_wconf 70' lang='lat' dir='ltr'><strong>scecularium</strong></span> <span class='ocrx_word' id='word_1_131' title='bbox 3039 382 3246 422; x_wconf 89' lang='lat' dir='ltr'><strong>morum</strong></span> <span class='ocrx_word' id='word_1_132' title='bbox 3277 379 3452 425; x_wconf 90' lang='lat' dir='ltr'><strong>muta-</strong></span> 
     </span>
    </p>
   </div>
   <div class='ocr_carea' id='block_1_20' title="bbox 1886 450 3449 526">
    <p class='ocr_par' dir='ltr' id='par_1_20' title="bbox 1886 450 3449 526">
     <span class='ocr_line' id='line_1_20' title="bbox 1886 450 3449 526; baseline 0.007 -21"><span class='ocrx_word' id='word_1_133' title='bbox 1886 452 2105 505; x_wconf 89' lang='lat' dir='ltr'><strong>tionem.</strong></span> <span class='ocrx_word' id='word_1_134' title='bbox 2159 450 2421 505; x_wconf 66' lang='lat' dir='ltr'><strong>Praedicta</strong></span> <span class='ocrx_word' id='word_1_135' title='bbox 2457 451 2558 505; x_wconf 88' lang='lat' dir='ltr'><strong>tria</strong></span> <span class='ocrx_word' id='word_1_136' title='bbox 2607 463 2870 508; x_wconf 88' lang='lat' dir='ltr'><strong>voverunt</strong></span> <span class='ocrx_word' id='word_1_137' title='bbox 2917 457 3221 524; x_wconf 87' lang='lat' dir='ltr'><strong>specialiter</strong></span> <span class='ocrx_word' id='word_1_138' title='bbox 3253 463 3449 526; x_wconf 87' lang='lat' dir='ltr'><strong>sancti,</strong></span> 
     </span>
    </p>
   </div>
   <div class='ocr_carea' id='block_1_21' title="bbox 1883 541 3450 618">
    <p class='ocr_par' dir='ltr' id='par_1_21' title="bbox 1883 541 3450 618">
     <span class='ocr_line' id='line_1_21' title="bbox 1883 541 3450 618; baseline 0.008 -23"><span class='ocrx_word' id='word_1_139' title='bbox 1883 550 1937 595; x_wconf 91' lang='lat' dir='ltr'><strong>et</strong></span> <span class='ocrx_word' id='word_1_140' title='bbox 1964 541 2327 594; x_wconf 88' lang='lat' dir='ltr'><strong>reddiderunt.</strong></span> <span class='ocrx_word' id='word_1_141' title='bbox 2377 541 2574 596; x_wconf 86' lang='lat' dir='ltr'><strong>Audite</strong></span> <span class='ocrx_word' id='word_1_142' title='bbox 2620 544 2749 611; x_wconf 90' lang='lat' dir='ltr'><strong>quid</strong></span> <span class='ocrx_word' id='word_1_143' title='bbox 2795 545 3011 611; x_wconf 80' lang='lat' dir='ltr'><strong>dixerit,</strong></span> <span class='ocrx_word' id='word_1_144' title='bbox 3058 557 3112 602; x_wconf 89' lang='lat' dir='ltr'><strong>et</strong></span> <span class='ocrx_word' id='word_1_145' title='bbox 3153 550 3450 618; x_wconf 75' lang='lat' dir='ltr'><strong>quidl‘ece-</strong></span> 
     </span>
    </p>
   </div>
   <div class='ocr_carea' id='block_1_22' title="bbox 1885 631 3451 709">
    <p class='ocr_par' dir='ltr' id='par_1_22' title="bbox 1885 631 3451 709">
     <span class='ocr_line' id='line_1_22' title="bbox 1885 631 3451 709; baseline 0.006 -23"><span class='ocrx_word' id='word_1_146' title='bbox 1885 631 1957 686; x_wconf 90' lang='lat' dir='ltr'><strong>rit</strong></span> <span class='ocrx_word' id='word_1_147' title='bbox 2001 632 2286 701; x_wconf 84' lang='lat' dir='ltr'><strong>Apostolus</strong></span> <span class='ocrx_word' id='word_1_148' title='bbox 2325 651 2337 685; x_wconf 91' lang='lat'><strong>:</strong></span> <span class='ocrx_word' id='word_1_149' title='bbox 2392 651 2408 683; x_wconf 83' lang='grc' dir='ltr'><strong>ι</strong></span> <span class='ocrx_word' id='word_1_150' title='bbox 2448 633 2560 687; x_wconf 75' lang='lat' dir='ltr'><strong>Non</strong></span> <span class='ocrx_word' id='word_1_151' title='bbox 2591 649 2739 700; x_wconf 88' lang='lat' dir='ltr'><strong>sum,</strong></span> <span class='ocrx_word' id='word_1_152' title='bbox 2786 637 2975 705; x_wconf 79' lang='lat' dir='ltr'><strong>inquit,</strong></span> <span class='ocrx_word' id='word_1_153' title='bbox 3030 640 3220 709; x_wconf 87' lang='lat' dir='ltr'><strong>dignus</strong></span> <span class='ocrx_word' id='word_1_154' title='bbox 3266 645 3451 698; x_wconf 89' lang='lat' dir='ltr'><strong>vocari</strong></span> 
     </span>
    </p>
   </div>
   <div class='ocr_carea' id='block_1_23' title="bbox 1882 723 3451 793">
    <p class='ocr_par' dir='ltr' id='par_1_23' title="bbox 1882 723 3451 793">
     <span class='ocr_line' id='line_1_23' title="bbox 1882 723 3451 793; baseline 0.009 -19"><span class='ocrx_word' id='word_1_155' title='bbox 1882 723 2040 792; x_wconf 77' lang='lat'><strong>381</strong></span> <span class='ocrx_word' id='word_1_156' title='bbox 2087 723 2400 792; x_wconf 83' lang='lat' dir='ltr'><strong>Apostolus,</strong></span> <span class='ocrx_word' id='word_1_157' title='bbox 2443 726 2568 790; x_wconf 89' lang='lat' dir='ltr'><strong>quia</strong></span> <span class='ocrx_word' id='word_1_158' title='bbox 2619 739 2938 793; x_wconf 76' lang='lat' dir='ltr'><strong>persecutus</strong></span> <span class='ocrx_word' id='word_1_159' title='bbox 2980 744 3097 783; x_wconf 91' lang='lat' dir='ltr'><strong>sum</strong></span> <span class='ocrx_word' id='word_1_160' title='bbox 3148 731 3451 788; x_wconf 80' lang='lat' dir='ltr'><strong>Ecclesiam</strong></span> 
     </span>
    </p>
   </div>
   <div class='ocr_carea' id='block_1_24' title="bbox 1886 817 3452 889">
    <p class='ocr_par' dir='ltr' id='par_1_24' title="bbox 1886 817 3452 889">
     <span class='ocr_line' id='line_1_24' title="bbox 1886 817 3452 889; baseline 0.008 -19"><span class='ocrx_word' id='word_1_161' title='bbox 1886 817 1977 870; x_wconf 92' lang='lat' dir='ltr'><strong>Dei</strong></span> <span class='ocrx_word' id='word_1_162' title='bbox 2003 817 2061 886; x_wconf 86' lang='lat' dir='ltr'><strong>(l</strong></span> <span class='ocrx_word' id='word_1_163' title='bbox 2094 817 2215 871; x_wconf 81' lang='lat' dir='ltr'><strong>Cor.</strong></span> <span class='ocrx_word' id='word_1_164' title='bbox 2238 820 2357 889; x_wconf 78' lang='lat' dir='ltr'><strong>xv).</strong></span> <span class='ocrx_word' id='word_1_165' title='bbox 2389 839 2406 871; x_wconf 76' lang='grc' dir='ltr'><strong>ι</strong></span> <span class='ocrx_word' id='word_1_166' title='bbox 2442 819 2580 874; x_wconf 80' lang='lat' dir='ltr'><strong>Ecce</strong></span> <span class='ocrx_word' id='word_1_167' title='bbox 2606 821 2691 888; x_wconf 90' lang='lat' dir='ltr'><strong>pia</strong></span> <span class='ocrx_word' id='word_1_168' title='bbox 2719 823 2968 877; x_wconf 87' lang='lat' dir='ltr'><strong>contritio</strong></span> <span class='ocrx_word' id='word_1_169' title='bbox 2991 824 3056 878; x_wconf 83' lang='lat' dir='ltr'><strong>de</strong></span> <span class='ocrx_word' id='word_1_170' title='bbox 3081 827 3452 883; x_wconf 82' lang='lat' dir='ltr'><strong>recordatione</strong></span> 
     </span>
    </p>
   </div>
   <div class='ocr_carea' id='block_1_25' title="bbox 1884 908 3450 984">
    <p class='ocr_par' dir='ltr' id='par_1_25' title="bbox 1884 908 3450 984">
     <span class='ocr_line' id='line_1_25' title="bbox 1884 908 3450 984; baseline 0.01 -27"><span class='ocrx_word' id='word_1_171' title='bbox 1884 909 2110 972; x_wconf 90' lang='lat' dir='ltr'><strong>peccati.</strong></span> <span class='ocrx_word' id='word_1_172' title='bbox 2139 908 2300 961; x_wconf 88' lang='lat' dir='ltr'><strong>ltem:</strong></span> <span class='ocrx_word' id='word_1_173' title='bbox 2341 929 2358 958; x_wconf 86' lang='grc' dir='ltr'><strong>ι</strong></span> <span class='ocrx_word' id='word_1_174' title='bbox 2397 909 2621 972; x_wconf 85' lang='grc' dir='ltr'>Βυιιιιιιι,</span> <span class='ocrx_word' id='word_1_175' title='bbox 2673 911 2868 980; x_wconf 85' lang='lat' dir='ltr'><strong>inquit,</strong></span> <span class='ocrx_word' id='word_1_176' title='bbox 2917 924 3189 969; x_wconf 81' lang='lat' dir='ltr'><strong>certamen</strong></span> <span class='ocrx_word' id='word_1_177' title='bbox 3221 920 3450 984; x_wconf 79' lang='lat' dir='ltr'><strong>certavl.</strong></span> 
     </span>
    </p>
   </div>
   <div class='ocr_carea' id='block_1_26' title="bbox 1885 999 3456 1076">
    <p class='ocr_par' dir='ltr' id='par_1_26' title="bbox 1885 999 3456 1076">
     <span class='ocr_line' id='line_1_26' title="bbox 1885 999 3456 1076; baseline 0.009 -28"><span class='ocrx_word' id='word_1_178' title='bbox 1885 1009 2101 1049; x_wconf 81' lang='lat' dir='ltr'><strong>cursum</strong></span> <span class='ocrx_word' id='word_1_179' title='bbox 2133 999 2522 1061; x_wconf 84' lang='lat' dir='ltr'><strong>consummavi,</strong></span> <span class='ocrx_word' id='word_1_180' title='bbox 2551 999 2708 1052; x_wconf 85' lang='lat' dir='ltr'><strong>ﬁdem</strong></span> <span class='ocrx_word' id='word_1_181' title='bbox 2745 1004 2949 1055; x_wconf 78' lang='lat' dir='ltr'><strong>servavi</strong></span> <span class='ocrx_word' id='word_1_182' title='bbox 2976 1020 2990 1067; x_wconf 91' lang='lat'><strong>;</strong></span> <span class='ocrx_word' id='word_1_183' title='bbox 3029 1005 3093 1058; x_wconf 89' lang='lat' dir='ltr'><strong>de</strong></span> <span class='ocrx_word' id='word_1_184' title='bbox 3129 1005 3336 1076; x_wconf 90' lang='lat' dir='ltr'><strong>reliquo</strong></span> <span class='ocrx_word' id='word_1_185' title='bbox 3365 1023 3456 1062; x_wconf 81' lang='lat' dir='ltr'><strong>re-</strong></span> 
     </span>
    </p>
   </div>
   <div class='ocr_carea' id='block_1_27' title="bbox 1885 1087 3454 1162">
    <p class='ocr_par' dir='ltr' id='par_1_27' title="bbox 1885 1087 3454 1162">
     <span class='ocr_line' id='line_1_27' title="bbox 1885 1087 3454 1162; baseline 0.01 -23"><span class='ocrx_word' id='word_1_186' title='bbox 1885 1087 2056 1154; x_wconf 84' lang='lat' dir='ltr'><strong>posita</strong></span> <span class='ocrx_word' id='word_1_187' title='bbox 2085 1088 2318 1140; x_wconf 84' lang='lat' dir='ltr'><strong>estmihi</strong></span> <span class='ocrx_word' id='word_1_188' title='bbox 2371 1103 2569 1142; x_wconf 86' lang='lat' dir='ltr'><strong>corona</strong></span> <span class='ocrx_word' id='word_1_189' title='bbox 2597 1089 2839 1158; x_wconf 66' lang='lat' dir='ltr'><strong>justitim,</strong></span> <span class='ocrx_word' id='word_1_190' title='bbox 2890 1109 3049 1162; x_wconf 88' lang='lat' dir='ltr'><strong>quam</strong></span> <span class='ocrx_word' id='word_1_191' title='bbox 3100 1097 3282 1151; x_wconf 86' lang='lat' dir='ltr'><strong>reddet</strong></span> <span class='ocrx_word' id='word_1_192' title='bbox 3323 1099 3454 1154; x_wconf 79' lang='lat' dir='ltr'><strong>mihi</strong></span> 
     </span>
    </p>
   </div>
   <div class='ocr_carea' id='block_1_28' title="bbox 1889 1175 3448 1261">
    <p class='ocr_par' dir='ltr' id='par_1_28' title="bbox 1889 1175 3448 1261">
     <span class='ocr_line' id='line_1_28' title="bbox 1889 1175 3448 1261; baseline 0.011 -33"><span class='ocrx_word' id='word_1_193' title='bbox 1889 1176 2144 1232; x_wconf 86' lang='lat' dir='ltr'><strong>Dominus</strong></span> <span class='ocrx_word' id='word_1_194' title='bbox 2176 1180 2226 1232; x_wconf 90' lang='lat' dir='ltr'><strong>in</strong></span> <span class='ocrx_word' id='word_1_195' title='bbox 2265 1179 2349 1232; x_wconf 87' lang='lat' dir='ltr'><strong>illa</strong></span> <span class='ocrx_word' id='word_1_196' title='bbox 2392 1179 2476 1234; x_wconf 85' lang='lat' dir='ltr'><strong>die.</strong></span> <span class='ocrx_word' id='word_1_197' title='bbox 2515 1181 2693 1250; x_wconf 85' lang='lat' dir='ltr'><strong>justus</strong></span> <span class='ocrx_word' id='word_1_198' title='bbox 2739 1183 2900 1253; x_wconf 75' lang='lat' dir='ltr'><strong>judex</strong></span> <span class='ocrx_word' id='word_1_199' title='bbox 2953 1186 3044 1254; x_wconf 87' lang='lat' dir='ltr'><strong>(Il</strong></span> <span class='ocrx_word' id='word_1_200' title='bbox 3103 1187 3234 1242; x_wconf 85' lang='lat' dir='ltr'><strong>Tim.</strong></span> <span class='ocrx_word' id='word_1_201' title='bbox 3282 1175 3392 1261; x_wconf 85' lang='lat' dir='ltr'><strong>tv).</strong></span> <span class='ocrx_word' id='word_1_202' title='bbox 3429 1211 3448 1243; x_wconf 72' lang='grc' dir='ltr'><strong>ι</strong></span> 
     </span>
    </p>
   </div>
   <div class='ocr_carea' id='block_1_29' title="bbox 1887 1267 3454 1346">
    <p class='ocr_par' dir='ltr' id='par_1_29' title="bbox 1887 1267 3454 1346">
     <span class='ocr_line' id='line_1_29' title="bbox 1887 1267 3454 1346; baseline 0.01 -25"><span class='ocrx_word' id='word_1_203' title='bbox 1887 1267 2027 1322; x_wconf 76' lang='lat' dir='ltr'><strong>Ecce</strong></span> <span class='ocrx_word' id='word_1_204' title='bbox 2051 1269 2196 1338; x_wconf 86' lang='lat' dir='ltr'><strong>justa</strong></span> <span class='ocrx_word' id='word_1_205' title='bbox 2221 1271 2466 1338; x_wconf 86' lang='lat' dir='ltr'><strong>operatio</strong></span> <span class='ocrx_word' id='word_1_206' title='bbox 2493 1273 2558 1326; x_wconf 92' lang='lat' dir='ltr'><strong>de</strong></span> <span class='ocrx_word' id='word_1_207' title='bbox 2580 1271 2773 1329; x_wconf 91' lang='lat' dir='ltr'><strong>ﬁducia</strong></span> <span class='ocrx_word' id='word_1_208' title='bbox 2804 1278 2936 1346; x_wconf 87' lang='lat' dir='ltr'><strong>spei.</strong></span> <span class='ocrx_word' id='word_1_209' title='bbox 2964 1277 3130 1332; x_wconf 84' lang='lat' dir='ltr'><strong>Item:</strong></span> <span class='ocrx_word' id='word_1_210' title='bbox 3166 1298 3184 1331; x_wconf 80' lang='grc' dir='ltr'><strong>ι</strong></span> <span class='ocrx_word' id='word_1_211' title='bbox 3223 1281 3454 1338; x_wconf 78' lang='grc' dir='ltr'>ΒειιειΙίο</span> 
     </span>
    </p>
   </div>
   <div class='ocr_carea' id='block_1_30' title="bbox 1885 1357 3457 1434">
    <p class='ocr_par' dir='ltr' id='par_1_30' title="bbox 1885 1357 3457 1434">
     <span class='ocr_line' id='line_1_30' title="bbox 1885 1357 3457 1434; baseline 0.01 -24"><span class='ocrx_word' id='word_1_212' title='bbox 1885 1366 2004 1410; x_wconf 92' lang='lat' dir='ltr'><strong>ctus</strong></span> <span class='ocrx_word' id='word_1_213' title='bbox 2032 1357 2192 1419; x_wconf 89' lang='lat' dir='ltr'><strong>Deus,</strong></span> <span class='ocrx_word' id='word_1_214' title='bbox 2225 1370 2280 1412; x_wconf 89' lang='lat' dir='ltr'><strong>et</strong></span> <span class='ocrx_word' id='word_1_215' title='bbox 2301 1357 2460 1414; x_wconf 89' lang='lat' dir='ltr'><strong>Pater</strong></span> <span class='ocrx_word' id='word_1_216' title='bbox 2475 1361 2682 1415; x_wconf 86' lang='lat' dir='ltr'><strong>Domini</strong></span> <span class='ocrx_word' id='word_1_217' title='bbox 2705 1365 2872 1417; x_wconf 82' lang='lat' dir='ltr'><strong>nostri</strong></span> <span class='ocrx_word' id='word_1_218' title='bbox 2898 1365 3024 1420; x_wconf 84' lang='lat' dir='ltr'><strong>Jesu</strong></span> <span class='ocrx_word' id='word_1_219' title='bbox 3043 1367 3266 1434; x_wconf 84' lang='lat' dir='ltr'><strong>Christi,</strong></span> <span class='ocrx_word' id='word_1_220' title='bbox 3293 1369 3457 1425; x_wconf 83' lang='lat' dir='ltr'><strong>Pater</strong></span> 
     </span>
    </p>
   </div>
   <div class='ocr_carea' id='block_1_31' title="bbox 1886 1449 3454 1530">
    <p class='ocr_par' dir='ltr' id='par_1_31' title="bbox 1886 1449 3454 1530">
     <span class='ocr_line' id='line_1_31' title="bbox 1886 1449 3454 1530; baseline 0.008 -28"><span class='ocrx_word' id='word_1_221' title='bbox 1886 1449 2399 1514; x_wconf 86' lang='lat' dir='ltr'><strong>misericordiarutn,</strong></span> <span class='ocrx_word' id='word_1_222' title='bbox 2430 1460 2485 1506; x_wconf 93' lang='grc' dir='ltr'><strong>ει</strong></span> <span class='ocrx_word' id='word_1_223' title='bbox 2522 1452 2663 1507; x_wconf 90' lang='lat' dir='ltr'><strong>Deus</strong></span> <span class='ocrx_word' id='word_1_224' title='bbox 2707 1454 2870 1508; x_wconf 91' lang='lat' dir='ltr'><strong>totius</strong></span> <span class='ocrx_word' id='word_1_225' title='bbox 2899 1458 3310 1524; x_wconf 88' lang='lat' dir='ltr'><strong>consolationis,</strong></span> <span class='ocrx_word' id='word_1_226' title='bbox 3359 1459 3454 1530; x_wconf 80' lang='lat' dir='ltr'><strong>qui</strong></span> 
     </span>
    </p>
   </div>
   <div class='ocr_carea' id='block_1_32' title="bbox 1888 1538 3453 1618">
    <p class='ocr_par' dir='ltr' id='par_1_32' title="bbox 1888 1538 3453 1618">
     <span class='ocr_line' id='line_1_32' title="bbox 1888 1538 3453 1618; baseline 0.006 -26"><span class='ocrx_word' id='word_1_227' title='bbox 1888 1540 2196 1594; x_wconf 88' lang='lat' dir='ltr'><strong>consolatur</strong></span> <span class='ocrx_word' id='word_1_228' title='bbox 2220 1555 2316 1594; x_wconf 89' lang='lat' dir='ltr'><strong>nos</strong></span> <span class='ocrx_word' id='word_1_229' title='bbox 2346 1542 2398 1594; x_wconf 89' lang='lat' dir='ltr'><strong>in</strong></span> <span class='ocrx_word' id='word_1_230' title='bbox 2429 1544 2575 1596; x_wconf 88' lang='lat' dir='ltr'><strong>onmi</strong></span> <span class='ocrx_word' id='word_1_231' title='bbox 2605 1545 2947 1600; x_wconf 82' lang='lat' dir='ltr'><strong>tribulatione</strong></span> <span class='ocrx_word' id='word_1_232' title='bbox 2971 1558 3157 1602; x_wconf 50' lang='lat' dir='ltr'><strong>nostra</strong></span> <span class='ocrx_word' id='word_1_233' title='bbox 3186 1549 3277 1618; x_wconf 88' lang='grc' dir='ltr'><strong>(ΙΙ</strong></span> <span class='ocrx_word' id='word_1_234' title='bbox 3321 1538 3453 1605; x_wconf 75' lang='lat' dir='ltr'><strong>Cor.</strong></span> 
     </span>
    </p>
   </div>
   <div class='ocr_carea' id='block_1_33' title="bbox 213 1619 3457 1705">
    <p class='ocr_par' dir='ltr' id='par_1_33' title="bbox 213 1619 3457 1705">
     <span class='ocr_line' id='line_1_33' title="bbox 213 1619 3457 1705; baseline 0.004 -23"><span class='ocrx_word' id='word_1_235' title='bbox 213 1637 316 1694; x_wconf 85' lang='lat' dir='ltr'><strong>est,</strong></span> <span class='ocrx_word' id='word_1_236' title='bbox 363 1630 712 1684; x_wconf 87' lang='lat' dir='ltr'><strong>evacuabitur</strong></span> <span class='ocrx_word' id='word_1_237' title='bbox 743 1631 884 1698; x_wconf 89' lang='lat' dir='ltr'><strong>quod</strong></span> <span class='ocrx_word' id='word_1_238' title='bbox 931 1645 996 1684; x_wconf 76' lang='lat' dir='ltr'><strong>ex</strong></span> <span class='ocrx_word' id='word_1_239' title='bbox 1042 1640 1196 1700; x_wconf 90' lang='lat' dir='ltr'><strong>parte</strong></span> <span class='ocrx_word' id='word_1_240' title='bbox 1217 1639 1302 1683; x_wconf 92' lang='lat' dir='ltr'><strong>est</strong></span> <span class='ocrx_word' id='word_1_241' title='bbox 1341 1629 1391 1698; x_wconf 94' lang='grc'><strong>(1</strong></span> <span class='ocrx_word' id='word_1_242' title='bbox 1426 1627 1546 1682; x_wconf 80' lang='lat' dir='ltr'><strong>Cor.</strong></span> <span class='ocrx_word' id='word_1_243' title='bbox 1581 1631 1722 1697; x_wconf 75' lang='lat' dir='ltr'><strong>xm).</strong></span> <span class='ocrx_word' id='word_1_244' title='bbox 1757 1648 1775 1680; x_wconf 80' lang='grc' dir='ltr'><strong>ι</strong></span> <span class='ocrx_word' id='word_1_245' title='bbox 1812 1619 1958 1705; x_wconf 55' lang='lat' dir='ltr'><strong>Bp).</strong></span> <span class='ocrx_word' id='word_1_246' title='bbox 2001 1651 2018 1682; x_wconf 72' lang='grc' dir='ltr'><strong>ι</strong></span> <span class='ocrx_word' id='word_1_247' title='bbox 2055 1631 2191 1686; x_wconf 84' lang='grc' dir='ltr'>Εεεε</span> <span class='ocrx_word' id='word_1_248' title='bbox 2238 1632 2354 1687; x_wconf 88' lang='lat' dir='ltr'><strong>laus</strong></span> <span class='ocrx_word' id='word_1_249' title='bbox 2381 1633 2446 1687; x_wconf 91' lang='lat' dir='ltr'><strong>de</strong></span> <span class='ocrx_word' id='word_1_250' title='bbox 2499 1635 2776 1690; x_wconf 90' lang='lat' dir='ltr'><strong>beneﬁciis</strong></span> <span class='ocrx_word' id='word_1_251' title='bbox 2820 1635 2935 1690; x_wconf 30' lang='lat' dir='ltr'><strong>Du.</strong></span> <span class='ocrx_word' id='word_1_252' title='bbox 2988 1639 3142 1693; x_wconf 69' lang='lat' dir='ltr'><strong>Vovit</strong></span> <span class='ocrx_word' id='word_1_253' title='bbox 3184 1639 3353 1694; x_wconf 86' lang='lat' dir='ltr'><strong>David</strong></span> <span class='ocrx_word' id='word_1_254' title='bbox 3399 1651 3457 1694; x_wconf 88' lang='grc' dir='ltr'><strong>ει</strong></span> 
     </span>
    </p>
   </div>
   <div class='ocr_carea' id='block_1_34' title="bbox 213 1717 1785 1791">
    <p class='ocr_par' dir='ltr' id='par_1_34' title="bbox 213 1717 1785 1791">
     <span class='ocr_line' id='line_1_34' title="bbox 213 1717 1785 1791; baseline 0 -15"><span class='ocrx_word' id='word_1_255' title='bbox 213 1717 516 1776; x_wconf 72' lang='grc' dir='ltr'>Οιῐετειιιιιιε</span> <span class='ocrx_word' id='word_1_256' title='bbox 561 1720 778 1791; x_wconf 83' lang='lat' dir='ltr'><strong>dignam</strong></span> <span class='ocrx_word' id='word_1_257' title='bbox 823 1722 1033 1776; x_wconf 88' lang='lat' dir='ltr'><strong>laudem</strong></span> <span class='ocrx_word' id='word_1_258' title='bbox 1068 1721 1120 1774; x_wconf 92' lang='lat' dir='ltr'><strong>in</strong></span> <span class='ocrx_word' id='word_1_259' title='bbox 1169 1719 1508 1775; x_wconf 79' lang='lat' dir='ltr'><strong>confessione</strong></span> <span class='ocrx_word' id='word_1_260' title='bbox 1553 1721 1683 1784; x_wconf 87' lang='lat' dir='ltr'><strong>oris,</strong></span> <span class='ocrx_word' id='word_1_261' title='bbox 1729 1730 1785 1776; x_wconf 87' lang='lat' dir='ltr'><strong>et.</strong></span> 
     </span>
    </p>
   </div>
   <div class='ocr_carea' id='block_1_35' title="bbox 214 1813 1781 1883">
    <p class='ocr_par' dir='ltr' id='par_1_35' title="bbox 214 1813 1781 1883">
     <span class='ocr_line' id='line_1_35' title="bbox 214 1813 1781 1883; baseline -0.002 -16"><span class='ocrx_word' id='word_1_262' title='bbox 214 1813 497 1868; x_wconf 86' lang='lat' dir='ltr'><strong>devotione</strong></span> <span class='ocrx_word' id='word_1_263' title='bbox 524 1813 720 1867; x_wconf 91' lang='lat' dir='ltr'><strong>cordis.</strong></span> <span class='ocrx_word' id='word_1_264' title='bbox 755 1813 849 1867; x_wconf 89' lang='lat' dir='ltr'><strong>Pia</strong></span> <span class='ocrx_word' id='word_1_265' title='bbox 879 1814 1077 1883; x_wconf 88' lang='lat' dir='ltr'><strong>quippe</strong></span> <span class='ocrx_word' id='word_1_266' title='bbox 1105 1813 1287 1867; x_wconf 88' lang='lat' dir='ltr'><strong>cordis</strong></span> <span class='ocrx_word' id='word_1_267' title='bbox 1313 1813 1564 1866; x_wconf 88' lang='lat' dir='ltr'><strong>contritio</strong></span> <span class='ocrx_word' id='word_1_268' title='bbox 1604 1813 1781 1866; x_wconf 87' lang='lat' dir='ltr'><strong>nasci-</strong></span> 
     </span>
    </p>
   </div>
   <div class='ocr_carea' id='block_1_36' title="bbox 212 1901 1782 1973">
    <p class='ocr_par' dir='ltr' id='par_1_36' title="bbox 212 1901 1782 1973">
     <span class='ocr_line' id='line_1_36' title="bbox 212 1901 1782 1973; baseline -0.001 -17"><span class='ocrx_word' id='word_1_269' title='bbox 212 1910 303 1956; x_wconf 91' lang='lat' dir='ltr'><strong>tur</strong></span> <span class='ocrx_word' id='word_1_270' title='bbox 327 1918 391 1956; x_wconf 77' lang='lat' dir='ltr'><strong>ex</strong></span> <span class='ocrx_word' id='word_1_271' title='bbox 441 1903 815 1956; x_wconf 84' lang='lat' dir='ltr'><strong>recordatione</strong></span> <span class='ocrx_word' id='word_1_272' title='bbox 860 1914 1228 1973; x_wconf 88' lang='lat' dir='ltr'><strong>peccatorum,</strong></span> <span class='ocrx_word' id='word_1_273' title='bbox 1273 1912 1328 1956; x_wconf 93' lang='lat' dir='ltr'><strong>et</strong></span> <span class='ocrx_word' id='word_1_274' title='bbox 1375 1905 1566 1956; x_wconf 88' lang='lat' dir='ltr'><strong>timore</strong></span> <span class='ocrx_word' id='word_1_275' title='bbox 1619 1901 1782 1955; x_wconf 78' lang='lat' dir='ltr'><strong>futuri</strong></span> 
     </span>
    </p>
   </div>
   <div class='ocr_carea' id='block_1_37' title="bbox 209 1980 1782 2062">
    <p class='ocr_par' dir='ltr' id='par_1_37' title="bbox 209 1980 1782 2062">
     <span class='ocr_line' id='line_1_37' title="bbox 209 1980 1782 2062; baseline 0.001 -19"><span class='ocrx_word' id='word_1_276' title='bbox 209 1989 430 2057; x_wconf 66' lang='lat' dir='ltr'><strong>iudicii;</strong></span> <span class='ocrx_word' id='word_1_277' title='bbox 455 1990 600 2059; x_wconf 88' lang='lat' dir='ltr'><strong>justa</strong></span> <span class='ocrx_word' id='word_1_278' title='bbox 641 1993 905 2062; x_wconf 90' lang='lat' dir='ltr'><strong>operatio,</strong></span> <span class='ocrx_word' id='word_1_279' title='bbox 935 2007 998 2046; x_wconf 74' lang='lat' dir='ltr'><strong>ex</strong></span> <span class='ocrx_word' id='word_1_280' title='bbox 1027 2008 1210 2048; x_wconf 90' lang='lat' dir='ltr'><strong>amore</strong></span> <span class='ocrx_word' id='word_1_281' title='bbox 1239 1980 1475 2053; x_wconf 73' lang='lat' dir='ltr'><strong>virtutis,</strong></span> <span class='ocrx_word' id='word_1_282' title='bbox 1505 2001 1558 2044; x_wconf 90' lang='lat' dir='ltr'><strong>et</strong></span> <span class='ocrx_word' id='word_1_283' title='bbox 1591 1990 1782 2044; x_wconf 89' lang='lat' dir='ltr'><strong>ﬁducia</strong></span> 
     </span>
    </p>
   </div>
   <div class='ocr_carea' id='block_1_38' title="bbox 212 2081 1784 2152">
    <p class='ocr_par' dir='ltr' id='par_1_38' title="bbox 212 2081 1784 2152">
     <span class='ocr_line' id='line_1_38' title="bbox 212 2081 1784 2152; baseline -0.001 -15"><span class='ocrx_word' id='word_1_284' title='bbox 212 2083 348 2152; x_wconf 78' lang='lat' dir='ltr'><strong>spei,</strong></span> <span class='ocrx_word' id='word_1_285' title='bbox 379 2083 498 2138; x_wconf 89' lang='lat' dir='ltr'><strong>laus</strong></span> <span class='ocrx_word' id='word_1_286' title='bbox 530 2093 583 2138; x_wconf 92' lang='grc' dir='ltr'><strong>ει</strong></span> <span class='ocrx_word' id='word_1_287' title='bbox 607 2081 858 2151; x_wconf 89' lang='lat' dir='ltr'><strong>jubilatio</strong></span> <span class='ocrx_word' id='word_1_288' title='bbox 889 2098 955 2137; x_wconf 77' lang='lat' dir='ltr'><strong>ex</strong></span> <span class='ocrx_word' id='word_1_289' title='bbox 987 2081 1181 2139; x_wconf 68' lang='lat' dir='ltr'><strong>aﬂ‘cctu</strong></span> <span class='ocrx_word' id='word_1_290' title='bbox 1217 2081 1498 2138; x_wconf 84' lang='lat' dir='ltr'><strong>charitatis</strong></span> <span class='ocrx_word' id='word_1_291' title='bbox 1524 2092 1577 2136; x_wconf 91' lang='grc' dir='ltr'><strong>ει</strong></span> <span class='ocrx_word' id='word_1_292' title='bbox 1604 2097 1784 2135; x_wconf 84' lang='lat' dir='ltr'><strong>recor-</strong></span> 
     </span>
    </p>
   </div>
   <div class='ocr_carea' id='block_1_39' title="bbox 213 2175 988 2230">
    <p class='ocr_par' dir='ltr' id='par_1_39' title="bbox 213 2175 988 2230">
     <span class='ocr_line' id='line_1_39' title="bbox 213 2175 988 2230; baseline -0.001 -1"><span class='ocrx_word' id='word_1_293' title='bbox 213 2175 429 2230; x_wconf 84' lang='lat' dir='ltr'><strong>datione</strong></span> <span class='ocrx_word' id='word_1_294' title='bbox 459 2176 842 2230; x_wconf 84' lang='lat' dir='ltr'><strong>beneﬁciorum</strong></span> <span class='ocrx_word' id='word_1_295' title='bbox 874 2175 988 2230; x_wconf 91' lang='lat' dir='ltr'><strong>Dei.</strong></span> 
     </span>
    </p>
   </div>
   <div class='ocr_carea' id='block_1_40' title="bbox 281 2263 1783 2335">
    <p class='ocr_par' dir='ltr' id='par_1_40' title="bbox 281 2263 1783 2335">
     <span class='ocr_line' id='line_1_40' title="bbox 281 2263 1783 2335; baseline -0.002 -16"><span class='ocrx_word' id='word_1_296' title='bbox 281 2263 423 2319; x_wconf 88' lang='lat' dir='ltr'><strong>Suat</strong></span> <span class='ocrx_word' id='word_1_297' title='bbox 469 2274 649 2320; x_wconf 91' lang='lat' dir='ltr'><strong>autem</strong></span> <span class='ocrx_word' id='word_1_298' title='bbox 701 2275 812 2318; x_wconf 89' lang='lat' dir='ltr'><strong>tres</strong></span> <span class='ocrx_word' id='word_1_299' title='bbox 859 2265 1260 2320; x_wconf 85' lang='lat' dir='ltr'><strong>recordationes</strong></span> <span class='ocrx_word' id='word_1_300' title='bbox 1309 2263 1553 2335; x_wconf 86' lang='lat' dir='ltr'><strong>peccati,</strong></span> <span class='ocrx_word' id='word_1_301' title='bbox 1608 2263 1783 2332; x_wconf 90' lang='lat' dir='ltr'><strong>prima</strong></span> 
     </span>
    </p>
   </div>
   <div class='ocr_carea' id='block_1_41' title="bbox 212 2353 1783 2423">
    <p class='ocr_par' dir='ltr' id='par_1_41' title="bbox 212 2353 1783 2423">
     <span class='ocr_line' id='line_1_41' title="bbox 212 2353 1783 2423; baseline -0.001 -15"><span class='ocrx_word' id='word_1_302' title='bbox 212 2353 452 2409; x_wconf 85' lang='lat' dir='ltr'><strong>alliciens</strong></span> <span class='ocrx_word' id='word_1_303' title='bbox 471 2363 526 2411; x_wconf 88' lang='lat' dir='ltr'><strong>et</strong></span> <span class='ocrx_word' id='word_1_304' title='bbox 548 2355 840 2418; x_wconf 89' lang='lat' dir='ltr'><strong>delectau’s,</strong></span> <span class='ocrx_word' id='word_1_305' title='bbox 865 2370 982 2423; x_wconf 79' lang='lat' dir='ltr'><strong>qua:</strong></span> <span class='ocrx_word' id='word_1_306' title='bbox 1005 2358 1142 2408; x_wconf 89' lang='lat' dir='ltr'><strong>mala</strong></span> <span class='ocrx_word' id='word_1_307' title='bbox 1160 2366 1271 2420; x_wconf 81' lang='lat' dir='ltr'><strong>eSt;</strong></span> <span class='ocrx_word' id='word_1_308' title='bbox 1302 2354 1783 2422; x_wconf 64' lang='lat' dir='ltr'><strong>secundapxaspe-</strong></span> 
     </span>
    </p>
   </div>
   <div class='ocr_carea' id='block_1_42' title="bbox 213 2445 1778 2517">
    <p class='ocr_par' dir='ltr' id='par_1_42' title="bbox 213 2445 1778 2517">
     <span class='ocr_line' id='line_1_42' title="bbox 213 2445 1778 2517; baseline -0.003 -17"><span class='ocrx_word' id='word_1_309' title='bbox 213 2463 339 2501; x_wconf 89' lang='lat' dir='ltr'><strong>rans</strong></span> <span class='ocrx_word' id='word_1_310' title='bbox 366 2455 420 2500; x_wconf 89' lang='lat' dir='ltr'><strong>et</strong></span> <span class='ocrx_word' id='word_1_311' title='bbox 450 2448 754 2517; x_wconf 84' lang='lat' dir='ltr'><strong>pungitans,</strong></span> <span class='ocrx_word' id='word_1_312' title='bbox 805 2463 923 2516; x_wconf 78' lang='lat' dir='ltr'><strong>qua:</strong></span> <span class='ocrx_word' id='word_1_313' title='bbox 976 2447 1123 2501; x_wconf 91' lang='lat' dir='ltr'><strong>utilis</strong></span> <span class='ocrx_word' id='word_1_314' title='bbox 1168 2455 1284 2510; x_wconf 81' lang='lat' dir='ltr'><strong>est;</strong></span> <span class='ocrx_word' id='word_1_315' title='bbox 1321 2445 1478 2500; x_wconf 90' lang='lat' dir='ltr'><strong>tertia</strong></span> <span class='ocrx_word' id='word_1_316' title='bbox 1521 2445 1778 2515; x_wconf 78' lang='lat' dir='ltr'><strong>gloriosa,</strong></span> 
     </span>
    </p>
   </div>
   <div class='ocr_carea' id='block_1_43' title="bbox 212 2533 1787 2607">
    <p class='ocr_par' dir='ltr' id='par_1_43' title="bbox 212 2533 1787 2607">
     <span class='ocr_line' id='line_1_43' title="bbox 212 2533 1787 2607; baseline -0.004 -15"><span class='ocrx_word' id='word_1_317' title='bbox 212 2552 332 2607; x_wconf 78' lang='lat' dir='ltr'><strong>qua:</strong></span> <span class='ocrx_word' id='word_1_318' title='bbox 377 2536 740 2607; x_wconf 79' lang='lat' dir='ltr'><strong>perfecturum</strong></span> <span class='ocrx_word' id='word_1_319' title='bbox 791 2547 894 2592; x_wconf 91' lang='lat' dir='ltr'><strong>est.</strong></span> <span class='ocrx_word' id='word_1_320' title='bbox 944 2537 1194 2591; x_wconf 82' lang='lat' dir='ltr'><strong>Alli’cicns</strong></span> <span class='ocrx_word' id='word_1_321' title='bbox 1235 2549 1345 2599; x_wconf 91' lang='lat' dir='ltr'><strong>est,</strong></span> <span class='ocrx_word' id='word_1_322' title='bbox 1397 2551 1500 2604; x_wconf 89' lang='lat' dir='ltr'><strong>qua</strong></span> <span class='ocrx_word' id='word_1_323' title='bbox 1556 2533 1787 2588; x_wconf 81' lang='lat' dir='ltr'><strong>alﬁeitur</strong></span> 
     </span>
    </p>
   </div>
   <div class='ocr_carea' id='block_1_44' title="bbox 209 2625 1783 2698">
    <p class='ocr_par' dir='ltr' id='par_1_44' title="bbox 209 2625 1783 2698">
     <span class='ocr_line' id='line_1_44' title="bbox 209 2625 1783 2698; baseline -0.003 -15"><span class='ocrx_word' id='word_1_324' title='bbox 209 2625 374 2683; x_wconf 78' lang='lat' dir='ltr'><strong>homo</strong></span> <span class='ocrx_word' id='word_1_325' title='bbox 420 2629 725 2697; x_wconf 79' lang='lat' dir='ltr'><strong>recogitans</strong></span> <span class='ocrx_word' id='word_1_326' title='bbox 769 2628 836 2684; x_wconf 91' lang='lat' dir='ltr'><strong>ad</strong></span> <span class='ocrx_word' id='word_1_327' title='bbox 891 2629 1024 2684; x_wconf 87' lang='lat' dir='ltr'><strong>ollas</strong></span> <span class='ocrx_word' id='word_1_328' title='bbox 1077 2629 1320 2684; x_wconf 72' lang='lat' dir='ltr'><strong>carnium</strong></span> <span class='ocrx_word' id='word_1_329' title='bbox 1391 2627 1783 2698; x_wconf 62' lang='lat' dir='ltr'><strong>Egyptiorum,</strong></span> 
     </span>
    </p>
   </div>
   <div class='ocr_carea' id='block_1_45' title="bbox 213 2720 1789 2791">
    <p class='ocr_par' dir='ltr' id='par_1_45' title="bbox 213 2720 1789 2791">
     <span class='ocr_line' id='line_1_45' title="bbox 213 2720 1789 2791; baseline 0 -17"><span class='ocrx_word' id='word_1_330' title='bbox 213 2734 374 2788; x_wconf 90' lang='lat' dir='ltr'><strong>quam</strong></span> <span class='ocrx_word' id='word_1_331' title='bbox 414 2721 668 2775; x_wconf 89' lang='lat' dir='ltr'><strong>deliciose</strong></span> <span class='ocrx_word' id='word_1_332' title='bbox 703 2730 757 2776; x_wconf 88' lang='lat' dir='ltr'><strong>et</strong></span> <span class='ocrx_word' id='word_1_333' title='bbox 800 2722 1036 2776; x_wconf 90' lang='lat' dir='ltr'><strong>suaviter</strong></span> <span class='ocrx_word' id='word_1_334' title='bbox 1065 2722 1260 2775; x_wconf 73' lang='lat' dir='ltr'><strong>vixerit</strong></span> <span class='ocrx_word' id='word_1_335' title='bbox 1308 2721 1504 2791; x_wconf 69' lang='lat' dir='ltr'><strong>(Exod.</strong></span> <span class='ocrx_word' id='word_1_336' title='bbox 1539 2720 1679 2790; x_wconf 79' lang='lat' dir='ltr'><strong>xvi);</strong></span> <span class='ocrx_word' id='word_1_337' title='bbox 1734 2729 1789 2774; x_wconf 87' lang='lat' dir='ltr'><strong>et</strong></span> 
     </span>
    </p>
   </div>
   <div class='ocr_carea' id='block_1_46' title="bbox 214 2809 1788 2880">
    <p class='ocr_par' dir='ltr' id='par_1_46' title="bbox 214 2809 1788 2880">
     <span class='ocr_line' id='line_1_46' title="bbox 214 2809 1788 2880; baseline 0 -18"><span class='ocrx_word' id='word_1_338' title='bbox 214 2825 375 2880; x_wconf 90' lang='lat' dir='ltr'><strong>quam</strong></span> <span class='ocrx_word' id='word_1_339' title='bbox 405 2810 632 2864; x_wconf 89' lang='lat' dir='ltr'><strong>arduum</strong></span> <span class='ocrx_word' id='word_1_340' title='bbox 663 2811 733 2864; x_wconf 92' lang='lat' dir='ltr'><strong>sit</strong></span> <span class='ocrx_word' id='word_1_341' title='bbox 762 2819 884 2875; x_wconf 84' lang='lat' dir='ltr'><strong>Iter,</strong></span> <span class='ocrx_word' id='word_1_342' title='bbox 933 2811 1074 2880; x_wconf 92' lang='lat' dir='ltr'><strong>quod</strong></span> <span class='ocrx_word' id='word_1_343' title='bbox 1111 2825 1459 2880; x_wconf 73' lang='lat' dir='ltr'><strong>aggressurus</strong></span> <span class='ocrx_word' id='word_1_344' title='bbox 1484 2819 1585 2863; x_wconf 91' lang='lat' dir='ltr'><strong>est.</strong></span> <span class='ocrx_word' id='word_1_345' title='bbox 1619 2809 1788 2863; x_wconf 79' lang='lat' dir='ltr'><strong>Reco-</strong></span> 
     </span>
    </p>
   </div>
   <div class='ocr_carea' id='block_1_47' title="bbox 213 2898 1790 2969">
    <p class='ocr_par' dir='ltr' id='par_1_47' title="bbox 213 2898 1790 2969">
     <span class='ocr_line' id='line_1_47' title="bbox 213 2898 1790 2969; baseline 0.001 -20"><span class='ocrx_word' id='word_1_346' title='bbox 213 2898 401 2964; x_wconf 78' lang='lat' dir='ltr'><strong>gitatio</strong></span> <span class='ocrx_word' id='word_1_347' title='bbox 429 2899 718 2968; x_wconf 86' lang='lat' dir='ltr'><strong>pungitans</strong></span> <span class='ocrx_word' id='word_1_348' title='bbox 762 2908 862 2963; x_wconf 89' lang='lat' dir='ltr'><strong>est,</strong></span> <span class='ocrx_word' id='word_1_349' title='bbox 905 2901 1046 2968; x_wconf 92' lang='lat' dir='ltr'><strong>quod</strong></span> <span class='ocrx_word' id='word_1_350' title='bbox 1075 2900 1440 2954; x_wconf 87' lang='lat' dir='ltr'><strong>reminiscitur</strong></span> <span class='ocrx_word' id='word_1_351' title='bbox 1471 2915 1630 2969; x_wconf 91' lang='lat' dir='ltr'><strong>quam</strong></span> <span class='ocrx_word' id='word_1_352' title='bbox 1674 2913 1790 2952; x_wconf 83' lang='lat' dir='ltr'><strong>sor-</strong></span> 
     </span>
    </p>
   </div>
   <div class='ocr_carea' id='block_1_48' title="bbox 213 2956 1860 3058">
    <p class='ocr_par' dir='ltr' id='par_1_48' title="bbox 213 2956 1860 3058">
     <span class='ocr_line' id='line_1_48' title="bbox 213 2956 1860 3058; baseline -0.001 -18"><span class='ocrx_word' id='word_1_353' title='bbox 213 2988 335 3042; x_wconf 89' lang='lat' dir='ltr'><strong>dide</strong></span> <span class='ocrx_word' id='word_1_354' title='bbox 375 2999 432 3042; x_wconf 90' lang='lat' dir='ltr'><strong>et</strong></span> <span class='ocrx_word' id='word_1_355' title='bbox 476 2988 740 3058; x_wconf 83' lang='lat' dir='ltr'><strong>ﬂagitiose</strong></span> <span class='ocrx_word' id='word_1_356' title='bbox 764 2989 980 3053; x_wconf 83' lang='lat' dir='ltr'><strong>vixerit,</strong></span> <span class='ocrx_word' id='word_1_357' title='bbox 1011 3004 1116 3042; x_wconf 84' lang='lat' dir='ltr'><strong>non</strong></span> <span class='ocrx_word' id='word_1_358' title='bbox 1158 2997 1216 3041; x_wconf 94' lang='lat' dir='ltr'><strong>ut</strong></span> <span class='ocrx_word' id='word_1_359' title='bbox 1262 2989 1326 3041; x_wconf 91' lang='lat' dir='ltr'><strong>ad</strong></span> <span class='ocrx_word' id='word_1_360' title='bbox 1358 2988 1538 3058; x_wconf 86' lang='lat' dir='ltr'><strong>priora</strong></span> <span class='ocrx_word' id='word_1_361' title='bbox 1583 2987 1784 3052; x_wconf 87' lang='lat' dir='ltr'><strong>redeat,</strong></span> <span class='ocrx_word' id='word_1_362' title='bbox 1815 2956 1860 3017; x_wconf 62' lang='grc' dir='ltr'><strong>θ</strong></span> 
     </span>
    </p>
   </div>
   <div class='ocr_carea' id='block_1_49' title="bbox 213 3079 1790 3149">
    <p class='ocr_par' dir='ltr' id='par_1_49' title="bbox 213 3079 1790 3149">
     <span class='ocr_line' id='line_1_49' title="bbox 213 3079 1790 3149; baseline -0.001 -15"><span class='ocrx_word' id='word_1_363' title='bbox 213 3081 307 3134; x_wconf 84' lang='lat' dir='ltr'><strong>sed</strong></span> <span class='ocrx_word' id='word_1_364' title='bbox 358 3089 417 3134; x_wconf 88' lang='lat' dir='ltr'><strong>ut</strong></span> <span class='ocrx_word' id='word_1_365' title='bbox 449 3081 607 3149; x_wconf 87' lang='lat' dir='ltr'><strong>digne</strong></span> <span class='ocrx_word' id='word_1_366' title='bbox 654 3080 862 3145; x_wconf 83' lang='lat' dir='ltr'><strong>deﬂeat,</strong></span> <span class='ocrx_word' id='word_1_367' title='bbox 892 3090 948 3135; x_wconf 90' lang='lat' dir='ltr'><strong>et</strong></span> <span class='ocrx_word' id='word_1_368' title='bbox 981 3096 1160 3135; x_wconf 89' lang='lat' dir='ltr'><strong>coram</strong></span> <span class='ocrx_word' id='word_1_369' title='bbox 1187 3095 1244 3134; x_wconf 91' lang='lat' dir='ltr'><strong>se</strong></span> <span class='ocrx_word' id='word_1_370' title='bbox 1275 3095 1337 3132; x_wconf 91' lang='lat' dir='ltr'><strong>ea</strong></span> <span class='ocrx_word' id='word_1_371' title='bbox 1370 3086 1605 3144; x_wconf 90' lang='lat' dir='ltr'><strong>statuat,</strong></span> <span class='ocrx_word' id='word_1_372' title='bbox 1649 3079 1790 3132; x_wconf 89' lang='lat' dir='ltr'><strong>unde</strong></span> 
     </span>
    </p>
   </div>
   <div class='ocr_carea' id='block_1_50' title="bbox 213 3169 1791 3238">
    <p class='ocr_par' dir='ltr' id='par_1_50' title="bbox 213 3169 1791 3238">
     <span class='ocr_line' id='line_1_50' title="bbox 213 3169 1791 3238; baseline 0 -16"><span class='ocrx_word' id='word_1_373' title='bbox 213 3169 414 3224; x_wconf 86' lang='lat' dir='ltr'><strong>David:</strong></span> <span class='ocrx_word' id='word_1_374' title='bbox 477 3189 495 3220; x_wconf 84' lang='grc' dir='ltr'><strong>ι</strong></span> <span class='ocrx_word' id='word_1_375' title='bbox 529 3171 816 3225; x_wconf 86' lang='lat' dir='ltr'><strong>Peccatum</strong></span> <span class='ocrx_word' id='word_1_376' title='bbox 865 3186 1041 3225; x_wconf 89' lang='lat' dir='ltr'><strong>meum</strong></span> <span class='ocrx_word' id='word_1_377' title='bbox 1099 3186 1280 3225; x_wconf 91' lang='lat' dir='ltr'><strong>coram</strong></span> <span class='ocrx_word' id='word_1_378' title='bbox 1324 3185 1409 3224; x_wconf 90' lang='lat' dir='ltr'><strong>me</strong></span> <span class='ocrx_word' id='word_1_379' title='bbox 1451 3178 1534 3224; x_wconf 90' lang='lat' dir='ltr'><strong>est</strong></span> <span class='ocrx_word' id='word_1_380' title='bbox 1580 3183 1791 3238; x_wconf 89' lang='lat' dir='ltr'><strong>semper</strong></span> 
     </span>
    </p>
   </div>
   <div class='ocr_carea' id='block_1_51' title="bbox 212 3255 1786 3329">
    <p class='ocr_par' dir='ltr' id='par_1_51' title="bbox 212 3255 1786 3329">
     <span class='ocr_line' id='line_1_51' title="bbox 212 3255 1786 3329; baseline -0.001 -20"><span class='ocrx_word' id='word_1_381' title='bbox 212 3255 384 3327; x_wconf 67' lang='lat' dir='ltr'><strong>(l’sal.</strong></span> <span class='ocrx_word' id='word_1_382' title='bbox 415 3257 489 3329; x_wconf 82' lang='grc' dir='ltr'><strong>ι).</strong></span> <span class='ocrx_word' id='word_1_383' title='bbox 522 3279 541 3310; x_wconf 74' lang='grc' dir='ltr'><strong>ι</strong></span> <span class='ocrx_word' id='word_1_384' title='bbox 575 3258 757 3312; x_wconf 88' lang='lat' dir='ltr'><strong>Tertia</strong></span> <span class='ocrx_word' id='word_1_385' title='bbox 789 3259 1124 3322; x_wconf 88' lang='lat' dir='ltr'><strong>recordatio,</strong></span> <span class='ocrx_word' id='word_1_386' title='bbox 1157 3274 1277 3326; x_wconf 76' lang='lat' dir='ltr'><strong>quze</strong></span> <span class='ocrx_word' id='word_1_387' title='bbox 1305 3257 1500 3310; x_wconf 85' lang='lat' dir='ltr'><strong>dicitur</strong></span> <span class='ocrx_word' id='word_1_388' title='bbox 1531 3256 1786 3324; x_wconf 84' lang='lat' dir='ltr'><strong>gloriosa,</strong></span> 
     </span>
    </p>
   </div>
   <div class='ocr_carea' id='block_1_52' title="bbox 211 3348 1790 3418">
    <p class='ocr_par' dir='ltr' id='par_1_52' title="bbox 211 3348 1790 3418">
     <span class='ocr_line' id='line_1_52' title="bbox 211 3348 1790 3418; baseline -0.002 -16"><span class='ocrx_word' id='word_1_389' title='bbox 211 3358 296 3402; x_wconf 92' lang='lat' dir='ltr'><strong>cst</strong></span> <span class='ocrx_word' id='word_1_390' title='bbox 323 3349 540 3418; x_wconf 88' lang='lat' dir='ltr'><strong>quando</strong></span> <span class='ocrx_word' id='word_1_391' title='bbox 564 3349 724 3403; x_wconf 92' lang='lat' dir='ltr'><strong>homo</strong></span> <span class='ocrx_word' id='word_1_392' title='bbox 745 3350 1076 3403; x_wconf 90' lang='lat' dir='ltr'><strong>remeditaus</strong></span> <span class='ocrx_word' id='word_1_393' title='bbox 1099 3350 1220 3416; x_wconf 89' lang='lat' dir='ltr'><strong>quis</strong></span> <span class='ocrx_word' id='word_1_394' title='bbox 1249 3348 1438 3411; x_wconf 74' lang='lat' dir='ltr'><strong>fuerit,</strong></span> <span class='ocrx_word' id='word_1_395' title='bbox 1462 3355 1516 3400; x_wconf 93' lang='lat' dir='ltr'><strong>et</strong></span> <span class='ocrx_word' id='word_1_396' title='bbox 1546 3361 1649 3415; x_wconf 91' lang='lat' dir='ltr'><strong>qua</strong></span> <span class='ocrx_word' id='word_1_397' title='bbox 1675 3360 1790 3413; x_wconf 78' lang='lat' dir='ltr'><strong>gra-</strong></span> 
     </span>
    </p>
   </div>
   <div class='ocr_carea' id='block_1_53' title="bbox 213 3437 1786 3499">
    <p class='ocr_par' dir='ltr' id='par_1_53' title="bbox 213 3437 1786 3499">
     <span class='ocr_line' id='line_1_53' title="bbox 213 3437 1786 3499; baseline -0.004 -5"><span class='ocrx_word' id='word_1_398' title='bbox 213 3439 288 3494; x_wconf 87' lang='lat' dir='ltr'><strong>tia</strong></span> <span class='ocrx_word' id='word_1_399' title='bbox 333 3439 398 3494; x_wconf 90' lang='lat' dir='ltr'><strong>de</strong></span> <span class='ocrx_word' id='word_1_400' title='bbox 443 3439 560 3494; x_wconf 86' lang='lat' dir='ltr'><strong>lacu</strong></span> <span class='ocrx_word' id='word_1_401' title='bbox 610 3440 842 3494; x_wconf 71' lang='lat' dir='ltr'><strong>miseria:</strong></span> <span class='ocrx_word' id='word_1_402' title='bbox 884 3448 938 3494; x_wconf 90' lang='lat' dir='ltr'><strong>et</strong></span> <span class='ocrx_word' id='word_1_403' title='bbox 983 3440 1048 3493; x_wconf 90' lang='lat' dir='ltr'><strong>de</strong></span> <span class='ocrx_word' id='word_1_404' title='bbox 1076 3439 1188 3492; x_wconf 93' lang='lat' dir='ltr'><strong>luto</strong></span> <span class='ocrx_word' id='word_1_405' title='bbox 1217 3437 1360 3491; x_wconf 51' lang='lat' dir='ltr'><strong>faecis</strong></span> <span class='ocrx_word' id='word_1_406' title='bbox 1401 3437 1660 3491; x_wconf 90' lang='lat' dir='ltr'><strong>liberatus</strong></span> <span class='ocrx_word' id='word_1_407' title='bbox 1695 3437 1786 3499; x_wconf 81' lang='lat' dir='ltr'><strong>sit,</strong></span> 
     </span>
    </p>
   </div>
   <div class='ocr_carea' id='block_1_54' title="bbox 193 3527 1789 3599">
    <p class='ocr_par' dir='ltr' id='par_1_54' title="bbox 193 3527 1789 3599">
     <span class='ocr_line' id='line_1_54' title="bbox 193 3527 1789 3599; baseline -0.003 -18"><span class='ocrx_word' id='word_1_408' title='bbox 193 3529 416 3599; x_wconf 73' lang='lat' dir='ltr'><strong>&quot;gratias</strong></span> <span class='ocrx_word' id='word_1_409' title='bbox 443 3528 572 3598; x_wconf 82' lang='lat' dir='ltr'><strong>agit,</strong></span> <span class='ocrx_word' id='word_1_410' title='bbox 598 3529 823 3583; x_wconf 89' lang='lat' dir='ltr'><strong>dicens:</strong></span> <span class='ocrx_word' id='word_1_411' title='bbox 861 3545 879 3578; x_wconf 79' lang='grc' dir='ltr'><strong>ι</strong></span> <span class='ocrx_word' id='word_1_412' title='bbox 917 3527 1032 3581; x_wconf 87' lang='grc' dir='ltr'>Νοιι</span> <span class='ocrx_word' id='word_1_413' title='bbox 1066 3527 1242 3590; x_wconf 91' lang='lat' dir='ltr'><strong>nobis,</strong></span> <span class='ocrx_word' id='word_1_414' title='bbox 1283 3527 1524 3588; x_wconf 90' lang='lat' dir='ltr'><strong>Domine,</strong></span> <span class='ocrx_word' id='word_1_415' title='bbox 1556 3541 1660 3578; x_wconf 91' lang='lat' dir='ltr'><strong>non</strong></span> <span class='ocrx_word' id='word_1_416' title='bbox 1690 3540 1789 3577; x_wconf 89' lang='lat' dir='ltr'><strong>no-</strong></span> 
     </span>
    </p>
   </div>
   <div class='ocr_carea' id='block_1_55' title="bbox 208 3613 1790 3688">
    <p class='ocr_par' dir='ltr' id='par_1_55' title="bbox 208 3613 1790 3688">
     <span class='ocr_line' id='line_1_55' title="bbox 208 3613 1790 3688; baseline -0.006 -13"><span class='ocrx_word' id='word_1_417' title='bbox 208 3618 317 3686; x_wconf 88' lang='lat' dir='ltr'><strong>bis,</strong></span> <span class='ocrx_word' id='word_1_418' title='bbox 363 3620 457 3674; x_wconf 87' lang='lat' dir='ltr'><strong>scd</strong></span> <span class='ocrx_word' id='word_1_419' title='bbox 489 3620 694 3673; x_wconf 90' lang='lat' dir='ltr'><strong>nomini</strong></span> <span class='ocrx_word' id='word_1_420' title='bbox 739 3628 829 3672; x_wconf 92' lang='lat' dir='ltr'><strong>tuo</strong></span> <span class='ocrx_word' id='word_1_421' title='bbox 861 3619 925 3672; x_wconf 89' lang='lat' dir='ltr'><strong>da</strong></span> <span class='ocrx_word' id='word_1_422' title='bbox 973 3618 1197 3688; x_wconf 84' lang='lat' dir='ltr'><strong>gloriam</strong></span> <span class='ocrx_word' id='word_1_423' title='bbox 1244 3615 1416 3686; x_wconf 75' lang='lat' dir='ltr'><strong>(I’sal.</strong></span> <span class='ocrx_word' id='word_1_424' title='bbox 1444 3617 1621 3682; x_wconf 72' lang='lat' dir='ltr'><strong>cvm).</strong></span> <span class='ocrx_word' id='word_1_425' title='bbox 1657 3633 1674 3666; x_wconf 74' lang='grc' dir='ltr'><strong>ι</strong></span> <span class='ocrx_word' id='word_1_426' title='bbox 1726 3613 1790 3667; x_wconf 83' lang='grc' dir='ltr'>Ει</span> 
     </span>
    </p>
   </div>
   <div class='ocr_carea' id='block_1_56' title="bbox 209 3708 1788 3779">
    <p class='ocr_par' dir='ltr' id='par_1_56' title="bbox 209 3708 1788 3779">
     <span class='ocr_line' id='line_1_56' title="bbox 209 3708 1788 3779; baseline -0.001 -18"><span class='ocrx_word' id='word_1_427' title='bbox 209 3723 334 3762; x_wconf 80' lang='lat' dir='ltr'><strong>cum</strong></span> <span class='ocrx_word' id='word_1_428' title='bbox 364 3708 619 3764; x_wconf 77' lang='lat' dir='ltr'><strong>Israelitis</strong></span> <span class='ocrx_word' id='word_1_429' title='bbox 645 3710 712 3764; x_wconf 91' lang='lat' dir='ltr'><strong>de</strong></span> <span class='ocrx_word' id='word_1_430' title='bbox 758 3708 1016 3779; x_wconf 65' lang='lat' dir='ltr'><strong>Egyptia</strong></span> <span class='ocrx_word' id='word_1_431' title='bbox 1045 3709 1305 3764; x_wconf 88' lang='lat' dir='ltr'><strong>servitute</strong></span> <span class='ocrx_word' id='word_1_432' title='bbox 1333 3708 1617 3768; x_wconf 83' lang='lat' dir='ltr'><strong>liberatus,</strong></span> <span class='ocrx_word' id='word_1_433' title='bbox 1669 3721 1788 3776; x_wconf 84' lang='lat' dir='ltr'><strong>gra-</strong></span> 
     </span>
    </p>
   </div>
   <div class='ocr_carea' id='block_1_57' title="bbox 199 3797 1784 3864">
    <p class='ocr_par' dir='ltr' id='par_1_57' title="bbox 199 3797 1784 3864">
     <span class='ocr_line' id='line_1_57' title="bbox 199 3797 1784 3864; baseline -0.003 -12"><span class='ocrx_word' id='word_1_434' title='bbox 199 3799 507 3854; x_wconf 75' lang='lat' dir='ltr'><strong>‘tulahuude</strong></span> <span class='ocrx_word' id='word_1_435' title='bbox 547 3801 818 3864; x_wconf 90' lang='lat' dir='ltr'><strong>decantat,</strong></span> <span class='ocrx_word' id='word_1_436' title='bbox 866 3802 1096 3854; x_wconf 90' lang='lat' dir='ltr'><strong>dicens:</strong></span> <span class='ocrx_word' id='word_1_437' title='bbox 1147 3819 1164 3850; x_wconf 84' lang='grc' dir='ltr'><strong>ι</strong></span> <span class='ocrx_word' id='word_1_438' title='bbox 1195 3799 1486 3853; x_wconf 90' lang='lat' dir='ltr'><strong>Cantemus</strong></span> <span class='ocrx_word' id='word_1_439' title='bbox 1538 3797 1784 3859; x_wconf 89' lang='lat' dir='ltr'><strong>Domino,</strong></span> 
     </span>
    </p>
   </div>
   <div class='ocr_carea' id='block_1_58' title="bbox 211 3887 1788 3958">
    <p class='ocr_par' dir='ltr' id='par_1_58' title="bbox 211 3887 1788 3958">
     <span class='ocr_line' id='line_1_58' title="bbox 211 3887 1788 3958; baseline -0.001 -18"><span class='ocrx_word' id='word_1_440' title='bbox 211 3887 446 3958; x_wconf 80' lang='lat' dir='ltr'><strong>gloriose</strong></span> <span class='ocrx_word' id='word_1_441' title='bbox 475 3890 617 3943; x_wconf 90' lang='lat' dir='ltr'><strong>cnim</strong></span> <span class='ocrx_word' id='word_1_442' title='bbox 650 3889 1037 3944; x_wconf 83' lang='lat' dir='ltr'><strong>honoriﬁcatus</strong></span> <span class='ocrx_word' id='word_1_443' title='bbox 1059 3898 1164 3952; x_wconf 90' lang='lat' dir='ltr'><strong>est,</strong></span> <span class='ocrx_word' id='word_1_444' title='bbox 1192 3905 1389 3957; x_wconf 92' lang='lat' dir='ltr'><strong>equum</strong></span> <span class='ocrx_word' id='word_1_445' title='bbox 1441 3898 1495 3942; x_wconf 88' lang='lat' dir='ltr'><strong>et</strong></span> <span class='ocrx_word' id='word_1_446' title='bbox 1539 3902 1788 3942; x_wconf 88' lang='lat' dir='ltr'><strong>ascenso-</strong></span> 
     </span>
    </p>
   </div>
   <div class='ocr_carea' id='block_1_59' title="bbox 211 3975 1782 4048">
    <p class='ocr_par' dir='ltr' id='par_1_59' title="bbox 211 3975 1782 4048">
     <span class='ocr_line' id='line_1_59' title="bbox 211 3975 1782 4048; baseline -0.003 -18"><span class='ocrx_word' id='word_1_447' title='bbox 211 3992 328 4032; x_wconf 82' lang='lat' dir='ltr'><strong>rem</strong></span> <span class='ocrx_word' id='word_1_448' title='bbox 360 3976 552 4043; x_wconf 83' lang='lat' dir='ltr'><strong>dcjccit</strong></span> <span class='ocrx_word' id='word_1_449' title='bbox 581 3979 634 4030; x_wconf 90' lang='lat' dir='ltr'><strong>in</strong></span> <span class='ocrx_word' id='word_1_450' title='bbox 667 3993 816 4032; x_wconf 89' lang='lat' dir='ltr'><strong>mare</strong></span> <span class='ocrx_word' id='word_1_451' title='bbox 846 3978 1040 4048; x_wconf 77' lang='lat' dir='ltr'><strong>(Exod.</strong></span> <span class='ocrx_word' id='word_1_452' title='bbox 1072 3978 1195 4047; x_wconf 85' lang='lat' dir='ltr'><strong>xv);</strong></span> <span class='ocrx_word' id='word_1_453' title='bbox 1224 3995 1241 4026; x_wconf 76' lang='grc' dir='ltr'><strong>ι</strong></span> <span class='ocrx_word' id='word_1_454' title='bbox 1274 3987 1469 4030; x_wconf 88' lang='lat' dir='ltr'><strong>etcum</strong></span> <span class='ocrx_word' id='word_1_455' title='bbox 1497 3975 1782 4028; x_wconf 83' lang='lat' dir='ltr'><strong>Zacharia:</strong></span> 
     </span>
    </p>
   </div>
   <div class='ocr_carea' id='block_1_60' title="bbox 215 4065 1787 4134">
    <p class='ocr_par' dir='ltr' id='par_1_60' title="bbox 215 4065 1787 4134">
     <span class='ocr_line' id='line_1_60' title="bbox 215 4065 1787 4134; baseline 0 -17"><span class='ocrx_word' id='word_1_456' title='bbox 215 4084 236 4117; x_wconf 75' lang='grc' dir='ltr'><strong>ι</strong></span> <span class='ocrx_word' id='word_1_457' title='bbox 273 4065 597 4122; x_wconf 85' lang='lat' dir='ltr'><strong>Benedictus</strong></span> <span class='ocrx_word' id='word_1_458' title='bbox 629 4067 884 4122; x_wconf 85' lang='lat' dir='ltr'><strong>Dominus</strong></span> <span class='ocrx_word' id='word_1_459' title='bbox 916 4069 1060 4123; x_wconf 90' lang='lat' dir='ltr'><strong>Deus</strong></span> <span class='ocrx_word' id='word_1_460' title='bbox 1091 4067 1271 4128; x_wconf 87' lang='lat' dir='ltr'><strong>lsracl,</strong></span> <span class='ocrx_word' id='word_1_461' title='bbox 1299 4066 1423 4134; x_wconf 87' lang='lat' dir='ltr'><strong>quia</strong></span> <span class='ocrx_word' id='word_1_462' title='bbox 1447 4066 1707 4128; x_wconf 89' lang='lat' dir='ltr'><strong>visitavit,</strong></span> <span class='ocrx_word' id='word_1_463' title='bbox 1734 4074 1787 4117; x_wconf 89' lang='grc' dir='ltr'><strong>ει</strong></span> 
     </span>
    </p>
   </div>
   <div class='ocr_carea' id='block_1_61' title="bbox 211 4156 1784 4228">
    <p class='ocr_par' dir='ltr' id='par_1_61' title="bbox 211 4156 1784 4228">
     <span class='ocr_line' id='line_1_61' title="bbox 211 4156 1784 4228; baseline 0 -19"><span class='ocrx_word' id='word_1_464' title='bbox 211 4156 340 4211; x_wconf 75' lang='lat' dir='ltr'><strong>fecit</strong></span> <span class='ocrx_word' id='word_1_465' title='bbox 367 4159 787 4228; x_wconf 83' lang='lat' dir='ltr'><strong>redemptionem</strong></span> <span class='ocrx_word' id='word_1_466' title='bbox 819 4160 988 4227; x_wconf 88' lang='lat' dir='ltr'><strong>plebis</strong></span> <span class='ocrx_word' id='word_1_467' title='bbox 1012 4174 1121 4214; x_wconf 66' lang='lat' dir='ltr'><strong>suae</strong></span> <span class='ocrx_word' id='word_1_468' title='bbox 1146 4157 1296 4228; x_wconf 88' lang='lat' dir='ltr'><strong>(Luc.</strong></span> <span class='ocrx_word' id='word_1_469' title='bbox 1326 4157 1387 4228; x_wconf 87' lang='lat' dir='ltr'><strong>t).</strong></span> <span class='ocrx_word' id='word_1_470' title='bbox 1424 4176 1444 4208; x_wconf 75' lang='grc' dir='ltr'><strong>ι</strong></span> <span class='ocrx_word' id='word_1_471' title='bbox 1482 4156 1608 4212; x_wconf 72' lang='lat' dir='ltr'><strong>llaec</strong></span> <span class='ocrx_word' id='word_1_472' title='bbox 1640 4164 1784 4220; x_wconf 92' lang='lat' dir='ltr'><strong>sunt,</strong></span> 
     </span>
    </p>
   </div>
   <div class='ocr_carea' id='block_1_62' title="bbox 212 4242 1008 4315">
    <p class='ocr_par' dir='ltr' id='par_1_62' title="bbox 212 4242 1008 4315">
     <span class='ocr_line' id='line_1_62' title="bbox 212 4242 1008 4315; baseline 0.004 -19"><span class='ocrx_word' id='word_1_473' title='bbox 212 4242 333 4315; x_wconf 80' lang='lat' dir='ltr'><strong>qua:</strong></span> <span class='ocrx_word' id='word_1_474' title='bbox 367 4247 475 4301; x_wconf 90' lang='lat' dir='ltr'><strong>Dco</strong></span> <span class='ocrx_word' id='word_1_475' title='bbox 503 4247 702 4302; x_wconf 84' lang='lat' dir='ltr'><strong>oll‘erre</strong></span> <span class='ocrx_word' id='word_1_476' title='bbox 731 4248 1008 4303; x_wconf 82' lang='lat' dir='ltr'><strong>debemus.</strong></span> 
     </span>
    </p>
   </div>
   <div class='ocr_carea' id='block_1_63' title="bbox 282 4336 1787 4409">
    <p class='ocr_par' dir='ltr' id='par_1_63' title="bbox 282 4336 1787 4409">
     <span class='ocr_line' id='line_1_63' title="bbox 282 4336 1787 4409; baseline -0.001 -17"><span class='ocrx_word' id='word_1_477' title='bbox 282 4338 554 4392; x_wconf 82' lang='lat' dir='ltr'><strong>Tenentur</strong></span> <span class='ocrx_word' id='word_1_478' title='bbox 603 4339 770 4392; x_wconf 92' lang='lat' dir='ltr'><strong>etiam</strong></span> <span class='ocrx_word' id='word_1_479' title='bbox 820 4340 868 4393; x_wconf 89' lang='lat' dir='ltr'><strong>ei</strong></span> <span class='ocrx_word' id='word_1_480' title='bbox 916 4339 1167 4402; x_wconf 89' lang='lat' dir='ltr'><strong>reddere,</strong></span> <span class='ocrx_word' id='word_1_481' title='bbox 1213 4353 1334 4409; x_wconf 82' lang='lat' dir='ltr'><strong>quae</strong></span> <span class='ocrx_word' id='word_1_482' title='bbox 1383 4336 1611 4392; x_wconf 81' lang='lat' dir='ltr'><strong>iecimus</strong></span> <span class='ocrx_word' id='word_1_483' title='bbox 1640 4343 1787 4402; x_wconf 89' lang='lat' dir='ltr'><strong>vota,</strong></span> 
     </span>
    </p>
   </div>
   <div class='ocr_carea' id='block_1_64' title="bbox 1813 4293 1867 4351">
    <p class='ocr_par' dir='ltr' id='par_1_64' title="bbox 1813 4293 1867 4351">
     <span class='ocr_line' id='line_1_64' title="bbox 1813 4293 1867 4351; baseline 0 0"><span class='ocrx_word' id='word_1_484' title='bbox 1813 4293 1867 4351; x_wconf 91' lang='lat' dir='ltr'><strong>D</strong></span> 
     </span>
    </p>
   </div>
   <div class='ocr_carea' id='block_1_65' title="bbox 1889 1719 3454 1792">
    <p class='ocr_par' dir='ltr' id='par_1_65' title="bbox 1889 1719 3454 1792">
     <span class='ocr_line' id='line_1_65' title="bbox 1889 1719 3454 1792; baseline 0.008 -20"><span class='ocrx_word' id='word_1_485' title='bbox 1889 1719 2118 1773; x_wconf 90' lang='lat' dir='ltr'><strong>reddidit</strong></span> <span class='ocrx_word' id='word_1_486' title='bbox 2151 1739 2162 1772; x_wconf 93' lang='lat'><strong>:</strong></span> <span class='ocrx_word' id='word_1_487' title='bbox 2198 1739 2215 1772; x_wconf 84' lang='grc' dir='ltr'><strong>ι</strong></span> <span class='ocrx_word' id='word_1_488' title='bbox 2263 1722 2416 1784; x_wconf 79' lang='lat' dir='ltr'><strong>Vota,</strong></span> <span class='ocrx_word' id='word_1_489' title='bbox 2451 1724 2644 1792; x_wconf 91' lang='lat' dir='ltr'><strong>inquit,</strong></span> <span class='ocrx_word' id='word_1_490' title='bbox 2696 1741 2812 1779; x_wconf 90' lang='lat' dir='ltr'><strong>mea</strong></span> <span class='ocrx_word' id='word_1_491' title='bbox 2861 1726 3089 1781; x_wconf 73' lang='lat' dir='ltr'><strong>Domino</strong></span> <span class='ocrx_word' id='word_1_492' title='bbox 3150 1729 3370 1783; x_wconf 88' lang='lat' dir='ltr'><strong>reddam</strong></span> <span class='ocrx_word' id='word_1_493' title='bbox 3401 1732 3454 1785; x_wconf 93' lang='lat' dir='ltr'><strong>in</strong></span> 
     </span>
    </p>
   </div>
   <div class='ocr_carea' id='block_1_66' title="bbox 1887 1805 3458 1886">
    <p class='ocr_par' dir='ltr' id='par_1_66' title="bbox 1887 1805 3458 1886">
     <span class='ocr_line' id='line_1_66' title="bbox 1887 1805 3458 1886; baseline 0.006 -24"><span class='ocrx_word' id='word_1_494' title='bbox 1887 1821 2169 1879; x_wconf 85' lang='lat' dir='ltr'><strong>conspectu</strong></span> <span class='ocrx_word' id='word_1_495' title='bbox 2218 1805 2393 1866; x_wconf 84' lang='lat' dir='ltr'><strong>omnis</strong></span> <span class='ocrx_word' id='word_1_496' title='bbox 2437 1814 2613 1880; x_wconf 90' lang='lat' dir='ltr'><strong>populi</strong></span> <span class='ocrx_word' id='word_1_497' title='bbox 2648 1813 2946 1885; x_wconf 79' lang='lat' dir='ltr'><strong>ejus(l’sal</strong></span> <span class='ocrx_word' id='word_1_498' title='bbox 2994 1817 3153 1886; x_wconf 73' lang='grc' dir='ltr'>ειν).</span> <span class='ocrx_word' id='word_1_499' title='bbox 3189 1836 3207 1868; x_wconf 78' lang='grc' dir='ltr'><strong>ι</strong></span> <span class='ocrx_word' id='word_1_500' title='bbox 3262 1818 3458 1871; x_wconf 80' lang='lat' dir='ltr'><strong>Votum</strong></span> 
     </span>
    </p>
   </div>
   <div class='ocr_carea' id='block_1_67' title="bbox 1885 1901 3457 1977">
    <p class='ocr_par' dir='ltr' id='par_1_67' title="bbox 1885 1901 3457 1977">
     <span class='ocr_line' id='line_1_67' title="bbox 1885 1901 3457 1977; baseline 0.004 -24"><span class='ocrx_word' id='word_1_501' title='bbox 1885 1902 2029 1954; x_wconf 77' lang='lat' dir='ltr'><strong>vovit</strong></span> <span class='ocrx_word' id='word_1_502' title='bbox 2059 1901 2222 1956; x_wconf 83' lang='lat' dir='ltr'><strong>Jacob</strong></span> <span class='ocrx_word' id='word_1_503' title='bbox 2247 1912 2300 1956; x_wconf 88' lang='lat' dir='ltr'><strong>et</strong></span> <span class='ocrx_word' id='word_1_504' title='bbox 2327 1904 2583 1958; x_wconf 90' lang='lat' dir='ltr'><strong>reddidit:</strong></span> <span class='ocrx_word' id='word_1_505' title='bbox 2621 1923 2638 1954; x_wconf 85' lang='grc' dir='ltr'><strong>ι</strong></span> <span class='ocrx_word' id='word_1_506' title='bbox 2671 1905 2728 1959; x_wconf 85' lang='lat' dir='ltr'><strong>Si</strong></span> <span class='ocrx_word' id='word_1_507' title='bbox 2759 1904 2939 1970; x_wconf 83' lang='lat' dir='ltr'><strong>fuerit,</strong></span> <span class='ocrx_word' id='word_1_508' title='bbox 2970 1908 3164 1977; x_wconf 86' lang='lat' dir='ltr'><strong>inquit.</strong></span> <span class='ocrx_word' id='word_1_509' title='bbox 3194 1909 3457 1963; x_wconf 85' lang='lat' dir='ltr'><strong>Dominus</strong></span> 
     </span>
    </p>
   </div>
   <div class='ocr_carea' id='block_1_68' title="bbox 1886 1993 3460 2068">
    <p class='ocr_par' dir='ltr' id='par_1_68' title="bbox 1886 1993 3460 2068">
     <span class='ocr_line' id='line_1_68' title="bbox 1886 1993 3460 2068; baseline 0.005 -24"><span class='ocrx_word' id='word_1_510' title='bbox 1886 2006 2094 2044; x_wconf 76' lang='lat' dir='ltr'><strong>lllCt‘lllll</strong></span> <span class='ocrx_word' id='word_1_511' title='bbox 2121 2003 2174 2045; x_wconf 92' lang='lat' dir='ltr'><strong>et</strong></span> <span class='ocrx_word' id='word_1_512' title='bbox 2195 1993 2510 2046; x_wconf 90' lang='lat' dir='ltr'><strong>custodierit</strong></span> <span class='ocrx_word' id='word_1_513' title='bbox 2539 2009 2624 2048; x_wconf 91' lang='lat' dir='ltr'><strong>me</strong></span> <span class='ocrx_word' id='word_1_514' title='bbox 2652 1995 2705 2049; x_wconf 95' lang='lat' dir='ltr'><strong>in</strong></span> <span class='ocrx_word' id='word_1_515' title='bbox 2757 1998 2864 2061; x_wconf 89' lang='lat' dir='ltr'><strong>via,</strong></span> <span class='ocrx_word' id='word_1_516' title='bbox 2897 2012 2991 2065; x_wconf 90' lang='lat' dir='ltr'><strong>per</strong></span> <span class='ocrx_word' id='word_1_517' title='bbox 3020 2011 3179 2066; x_wconf 91' lang='lat' dir='ltr'><strong>quam</strong></span> <span class='ocrx_word' id='word_1_518' title='bbox 3217 2013 3316 2068; x_wconf 82' lang='lat' dir='ltr'><strong>ego</strong></span> <span class='ocrx_word' id='word_1_519' title='bbox 3343 2014 3460 2052; x_wconf 85' lang='lat' dir='ltr'><strong>ant-</strong></span> 
     </span>
    </p>
   </div>
   <div class='ocr_carea' id='block_1_69' title="bbox 1885 2081 3458 2153">
    <p class='ocr_par' dir='ltr' id='par_1_69' title="bbox 1885 2081 3458 2153">
     <span class='ocr_line' id='line_1_69' title="bbox 1885 2081 3458 2153; baseline 0.004 -17"><span class='ocrx_word' id='word_1_520' title='bbox 1885 2081 2030 2143; x_wconf 85' lang='lat' dir='ltr'><strong>hulo,</strong></span> <span class='ocrx_word' id='word_1_521' title='bbox 2064 2092 2116 2137; x_wconf 92' lang='lat' dir='ltr'><strong>et</strong></span> <span class='ocrx_word' id='word_1_522' title='bbox 2142 2085 2345 2138; x_wconf 79' lang='lat' dir='ltr'><strong>dederit</strong></span> <span class='ocrx_word' id='word_1_523' title='bbox 2369 2085 2497 2138; x_wconf 89' lang='lat' dir='ltr'><strong>tuihi</strong></span> <span class='ocrx_word' id='word_1_524' title='bbox 2528 2101 2717 2153; x_wconf 89' lang='lat' dir='ltr'><strong>panem</strong></span> <span class='ocrx_word' id='word_1_525' title='bbox 2740 2088 2805 2141; x_wconf 91' lang='lat' dir='ltr'><strong>ad</strong></span> <span class='ocrx_word' id='word_1_526' title='bbox 2841 2089 3162 2142; x_wconf 84' lang='lat' dir='ltr'><strong>vescendum</strong></span> <span class='ocrx_word' id='word_1_527' title='bbox 3193 2099 3248 2142; x_wconf 91' lang='lat' dir='ltr'><strong>et</strong></span> <span class='ocrx_word' id='word_1_528' title='bbox 3290 2091 3458 2143; x_wconf 76' lang='lat' dir='ltr'><strong>vesti-</strong></span> 
     </span>
    </p>
   </div>
   <div class='ocr_carea' id='block_1_70' title="bbox 1886 2173 3456 2248">
    <p class='ocr_par' dir='ltr' id='par_1_70' title="bbox 1886 2173 3456 2248">
     <span class='ocr_line' id='line_1_70' title="bbox 1886 2173 3456 2248; baseline 0.005 -24"><span class='ocrx_word' id='word_1_529' title='bbox 1886 2181 2124 2224; x_wconf 84' lang='lat' dir='ltr'><strong>mentum</strong></span> <span class='ocrx_word' id='word_1_530' title='bbox 2155 2173 2220 2225; x_wconf 90' lang='lat' dir='ltr'><strong>ad</strong></span> <span class='ocrx_word' id='word_1_531' title='bbox 2258 2173 2604 2238; x_wconf 89' lang='lat' dir='ltr'><strong>induendum,</strong></span> <span class='ocrx_word' id='word_1_532' title='bbox 2635 2191 2989 2246; x_wconf 84' lang='lat' dir='ltr'><strong>reversusque</strong></span> <span class='ocrx_word' id='word_1_533' title='bbox 3018 2177 3169 2233; x_wconf 84' lang='lat' dir='ltr'><strong>fuero</strong></span> <span class='ocrx_word' id='word_1_534' title='bbox 3199 2193 3456 2248; x_wconf 84' lang='lat' dir='ltr'><strong>prospere</strong></span> 
     </span>
    </p>
   </div>
   <div class='ocr_carea' id='block_1_71' title="bbox 1887 2265 3454 2335">
    <p class='ocr_par' dir='ltr' id='par_1_71' title="bbox 1887 2265 3454 2335">
     <span class='ocr_line' id='line_1_71' title="bbox 1887 2265 3454 2335; baseline 0.005 -19"><span class='ocrx_word' id='word_1_535' title='bbox 1887 2265 1954 2318; x_wconf 88' lang='lat' dir='ltr'><strong>ad</strong></span> <span class='ocrx_word' id='word_1_536' title='bbox 1977 2266 2191 2318; x_wconf 88' lang='lat' dir='ltr'><strong>domum</strong></span> <span class='ocrx_word' id='word_1_537' title='bbox 2223 2267 2390 2335; x_wconf 86' lang='lat' dir='ltr'><strong>patris</strong></span> <span class='ocrx_word' id='word_1_538' title='bbox 2421 2268 2545 2332; x_wconf 90' lang='lat' dir='ltr'><strong>utci,</strong></span> <span class='ocrx_word' id='word_1_539' title='bbox 2597 2270 2703 2322; x_wconf 89' lang='lat' dir='ltr'><strong>erit</strong></span> <span class='ocrx_word' id='word_1_540' title='bbox 2732 2270 2860 2323; x_wconf 85' lang='lat' dir='ltr'><strong>mihi</strong></span> <span class='ocrx_word' id='word_1_541' title='bbox 2891 2270 3145 2324; x_wconf 90' lang='lat' dir='ltr'><strong>Dominus</strong></span> <span class='ocrx_word' id='word_1_542' title='bbox 3176 2271 3229 2324; x_wconf 87' lang='lat' dir='ltr'><strong>itt</strong></span> <span class='ocrx_word' id='word_1_543' title='bbox 3265 2271 3454 2334; x_wconf 74' lang='lat' dir='ltr'><strong>Deum,</strong></span> 
     </span>
    </p>
   </div>
   <div class='ocr_carea' id='block_1_72' title="bbox 1887 2353 3460 2424">
    <p class='ocr_par' dir='ltr' id='par_1_72' title="bbox 1887 2353 3460 2424">
     <span class='ocr_line' id='line_1_72' title="bbox 1887 2353 3460 2424; baseline 0.001 -17"><span class='ocrx_word' id='word_1_544' title='bbox 1887 2362 1938 2408; x_wconf 89' lang='lat' dir='ltr'><strong>et</strong></span> <span class='ocrx_word' id='word_1_545' title='bbox 1961 2353 2094 2422; x_wconf 84' lang='lat' dir='ltr'><strong>lapis</strong></span> <span class='ocrx_word' id='word_1_546' title='bbox 2119 2355 2240 2419; x_wconf 86' lang='lat' dir='ltr'><strong>iste,</strong></span> <span class='ocrx_word' id='word_1_547' title='bbox 2262 2371 2419 2424; x_wconf 88' lang='lat' dir='ltr'><strong>quem</strong></span> <span class='ocrx_word' id='word_1_548' title='bbox 2446 2357 2591 2409; x_wconf 77' lang='lat' dir='ltr'><strong>erexi</strong></span> <span class='ocrx_word' id='word_1_549' title='bbox 2622 2357 2672 2410; x_wconf 83' lang='lat' dir='ltr'><strong>in</strong></span> <span class='ocrx_word' id='word_1_550' title='bbox 2699 2357 2931 2421; x_wconf 84' lang='lat' dir='ltr'><strong>titulum,</strong></span> <span class='ocrx_word' id='word_1_551' title='bbox 2955 2359 3237 2413; x_wconf 85' lang='lat' dir='ltr'><strong>vocabitur</strong></span> <span class='ocrx_word' id='word_1_552' title='bbox 3261 2357 3460 2412; x_wconf 84' lang='lat' dir='ltr'><strong>Domus</strong></span> 
     </span>
    </p>
   </div>
   <div class='ocr_carea' id='block_1_73' title="bbox 1887 2443 3456 2514">
    <p class='ocr_par' dir='ltr' id='par_1_73' title="bbox 1887 2443 3456 2514">
     <span class='ocr_line' id='line_1_73' title="bbox 1887 2443 3456 2514; baseline -0.001 -17"><span class='ocrx_word' id='word_1_553' title='bbox 1887 2443 2006 2510; x_wconf 85' lang='lat' dir='ltr'><strong>Dei,</strong></span> <span class='ocrx_word' id='word_1_554' title='bbox 2046 2455 2468 2514; x_wconf 89' lang='lat' dir='ltr'><strong>eunctorumque</strong></span> <span class='ocrx_word' id='word_1_555' title='bbox 2490 2461 2609 2514; x_wconf 77' lang='lat' dir='ltr'><strong>qua:</strong></span> <span class='ocrx_word' id='word_1_556' title='bbox 2637 2446 2852 2500; x_wconf 90' lang='lat' dir='ltr'><strong>dederis</strong></span> <span class='ocrx_word' id='word_1_557' title='bbox 2878 2447 3009 2499; x_wconf 91' lang='lat' dir='ltr'><strong>mihi</strong></span> <span class='ocrx_word' id='word_1_558' title='bbox 3047 2447 3285 2501; x_wconf 90' lang='lat' dir='ltr'><strong>decimas</strong></span> <span class='ocrx_word' id='word_1_559' title='bbox 3319 2445 3456 2499; x_wconf 74' lang='lat' dir='ltr'><strong>olfe-</strong></span> 
     </span>
    </p>
   </div>
   <div class='ocr_carea' id='block_1_74' title="bbox 1888 2535 3463 2606">
    <p class='ocr_par' dir='ltr' id='par_1_74' title="bbox 1888 2535 3463 2606">
     <span class='ocr_line' id='line_1_74' title="bbox 1888 2535 3463 2606; baseline 0.001 -18"><span class='ocrx_word' id='word_1_560' title='bbox 1888 2549 2005 2588; x_wconf 86' lang='lat' dir='ltr'><strong>ram</strong></span> <span class='ocrx_word' id='word_1_561' title='bbox 2031 2535 2125 2589; x_wconf 90' lang='lat' dir='ltr'><strong>tibi</strong></span> <span class='ocrx_word' id='word_1_562' title='bbox 2159 2535 2322 2605; x_wconf 80' lang='lat' dir='ltr'><strong>(Gen.</strong></span> <span class='ocrx_word' id='word_1_563' title='bbox 2372 2537 2596 2606; x_wconf 75' lang='lat' dir='ltr'><strong>xxvtn).</strong></span> <span class='ocrx_word' id='word_1_564' title='bbox 2640 2535 2877 2606; x_wconf 55' lang='lat' dir='ltr'><strong>“Iephte</strong></span> <span class='ocrx_word' id='word_1_565' title='bbox 2912 2536 3221 2592; x_wconf 88' lang='lat' dir='ltr'><strong>Galaadites</strong></span> <span class='ocrx_word' id='word_1_566' title='bbox 3276 2547 3463 2592; x_wconf 88' lang='lat' dir='ltr'><strong>votum</strong></span> 
     </span>
    </p>
   </div>
   <div class='ocr_carea' id='block_1_75' title="bbox 1886 2627 3465 2700">
    <p class='ocr_par' dir='ltr' id='par_1_75' title="bbox 1886 2627 3465 2700">
     <span class='ocr_line' id='line_1_75' title="bbox 1886 2627 3465 2700; baseline 0.004 -20"><span class='ocrx_word' id='word_1_567' title='bbox 1886 2627 2052 2691; x_wconf 88' lang='lat' dir='ltr'><strong>vovit,</strong></span> <span class='ocrx_word' id='word_1_568' title='bbox 2079 2637 2132 2682; x_wconf 89' lang='lat' dir='ltr'><strong>et</strong></span> <span class='ocrx_word' id='word_1_569' title='bbox 2172 2629 2438 2684; x_wconf 86' lang='lat' dir='ltr'><strong>reddidit:</strong></span> <span class='ocrx_word' id='word_1_570' title='bbox 2489 2647 2508 2680; x_wconf 83' lang='grc' dir='ltr'><strong>ι</strong></span> <span class='ocrx_word' id='word_1_571' title='bbox 2549 2629 2793 2695; x_wconf 91' lang='lat' dir='ltr'><strong>Domine,</strong></span> <span class='ocrx_word' id='word_1_572' title='bbox 2841 2629 3032 2700; x_wconf 88' lang='lat' dir='ltr'><strong>inquit,</strong></span> <span class='ocrx_word' id='word_1_573' title='bbox 3084 2630 3128 2685; x_wconf 92' lang='lat' dir='ltr'><strong>si</strong></span> <span class='ocrx_word' id='word_1_574' title='bbox 3177 2631 3465 2686; x_wconf 76' lang='lat' dir='ltr'><strong>tradideris</strong></span> 
     </span>
    </p>
   </div>
   <div class='ocr_carea' id='block_1_76' title="bbox 1889 2716 3464 2788">
    <p class='ocr_par' dir='ltr' id='par_1_76' title="bbox 1889 2716 3464 2788">
     <span class='ocr_line' id='line_1_76' title="bbox 1889 2716 3464 2788; baseline 0.003 -19"><span class='ocrx_word' id='word_1_575' title='bbox 1889 2716 2028 2770; x_wconf 83' lang='lat' dir='ltr'><strong>ﬁlios</strong></span> <span class='ocrx_word' id='word_1_576' title='bbox 2075 2717 2304 2770; x_wconf 82' lang='lat' dir='ltr'><strong>Ammon</strong></span> <span class='ocrx_word' id='word_1_577' title='bbox 2355 2717 2406 2771; x_wconf 93' lang='lat' dir='ltr'><strong>in</strong></span> <span class='ocrx_word' id='word_1_578' title='bbox 2461 2733 2651 2771; x_wconf 90' lang='lat' dir='ltr'><strong>manus</strong></span> <span class='ocrx_word' id='word_1_579' title='bbox 2693 2732 2861 2781; x_wconf 90' lang='lat' dir='ltr'><strong>meas,</strong></span> <span class='ocrx_word' id='word_1_580' title='bbox 2902 2718 3206 2787; x_wconf 87' lang='lat' dir='ltr'><strong>quicunque</strong></span> <span class='ocrx_word' id='word_1_581' title='bbox 3255 2719 3464 2788; x_wconf 80' lang='lat' dir='ltr'><strong>primus</strong></span> 
     </span>
    </p>
   </div>
   <div class='ocr_carea' id='block_1_77' title="bbox 1889 2806 3462 2877">
    <p class='ocr_par' dir='ltr' id='par_1_77' title="bbox 1889 2806 3462 2877">
     <span class='ocr_line' id='line_1_77' title="bbox 1889 2806 3462 2877; baseline 0.001 -17"><span class='ocrx_word' id='word_1_582' title='bbox 1889 2821 2140 2875; x_wconf 86' lang='lat' dir='ltr'><strong>egressus</strong></span> <span class='ocrx_word' id='word_1_583' title='bbox 2168 2806 2414 2860; x_wconf 81' lang='lat' dir='ltr'><strong>fueritde</strong></span> <span class='ocrx_word' id='word_1_584' title='bbox 2447 2806 2653 2861; x_wconf 83' lang='lat' dir='ltr'><strong>foribus</strong></span> <span class='ocrx_word' id='word_1_585' title='bbox 2706 2807 2898 2861; x_wconf 91' lang='lat' dir='ltr'><strong>domus</strong></span> <span class='ocrx_word' id='word_1_586' title='bbox 2935 2822 3065 2861; x_wconf 74' lang='lat' dir='ltr'><strong>mem</strong></span> <span class='ocrx_word' id='word_1_587' title='bbox 3095 2807 3334 2877; x_wconf 89' lang='lat' dir='ltr'><strong>mihique</strong></span> <span class='ocrx_word' id='word_1_588' title='bbox 3370 2822 3462 2861; x_wconf 86' lang='lat' dir='ltr'><strong>oc-</strong></span> 
     </span>
    </p>
   </div>
   <div class='ocr_carea' id='block_1_78' title="bbox 1892 2897 3458 2966">
    <p class='ocr_par' dir='ltr' id='par_1_78' title="bbox 1892 2897 3458 2966">
     <span class='ocr_line' id='line_1_78' title="bbox 1892 2897 3458 2966; baseline 0.001 -17"><span class='ocrx_word' id='word_1_589' title='bbox 1892 2897 2123 2950; x_wconf 83' lang='lat' dir='ltr'><strong>currerit</strong></span> <span class='ocrx_word' id='word_1_590' title='bbox 2144 2899 2428 2952; x_wconf 78' lang='lat' dir='ltr'><strong>revertenti</strong></span> <span class='ocrx_word' id='word_1_591' title='bbox 2452 2913 2572 2950; x_wconf 89' lang='lat' dir='ltr'><strong>cmn</strong></span> <span class='ocrx_word' id='word_1_592' title='bbox 2601 2913 2733 2966; x_wconf 88' lang='lat' dir='ltr'><strong>pace</strong></span> <span class='ocrx_word' id='word_1_593' title='bbox 2754 2912 2782 2951; x_wconf 92' lang='lat' dir='ltr'><strong>a</strong></span> <span class='ocrx_word' id='word_1_594' title='bbox 2816 2897 2941 2950; x_wconf 82' lang='lat' dir='ltr'><strong>ﬁliis</strong></span> <span class='ocrx_word' id='word_1_595' title='bbox 2966 2897 3216 2962; x_wconf 86' lang='lat' dir='ltr'><strong>Ammon,</strong></span> <span class='ocrx_word' id='word_1_596' title='bbox 3248 2911 3368 2951; x_wconf 89' lang='lat' dir='ltr'><strong>emn</strong></span> <span class='ocrx_word' id='word_1_597' title='bbox 3405 2899 3458 2951; x_wconf 89' lang='lat' dir='ltr'><strong>in</strong></span> 
     </span>
    </p>
   </div>
   <div class='ocr_carea' id='block_1_79' title="bbox 1892 2986 3463 3057">
    <p class='ocr_par' dir='ltr' id='par_1_79' title="bbox 1892 2986 3463 3057">
     <span class='ocr_line' id='line_1_79' title="bbox 1892 2986 3463 3057; baseline 0.001 -17"><span class='ocrx_word' id='word_1_598' title='bbox 1892 2987 2261 3041; x_wconf 84' lang='lat' dir='ltr'><strong>holocaustum</strong></span> <span class='ocrx_word' id='word_1_599' title='bbox 2307 2986 2526 3042; x_wconf 67' lang='lat' dir='ltr'><strong>olle-ram</strong></span> <span class='ocrx_word' id='word_1_600' title='bbox 2553 2988 2799 3042; x_wconf 86' lang='lat' dir='ltr'><strong>Domino.</strong></span> <span class='ocrx_word' id='word_1_601' title='bbox 2845 2986 3224 3057; x_wconf 86' lang='lat' dir='ltr'><strong>Transivitque</strong></span> <span class='ocrx_word' id='word_1_602' title='bbox 3271 2987 3463 3057; x_wconf 83' lang='lat' dir='ltr'><strong>Jephte</strong></span> 
     </span>
    </p>
   </div>
   <div class='ocr_carea' id='block_1_80' title="bbox 1891 3079 3460 3150">
    <p class='ocr_par' dir='ltr' id='par_1_80' title="bbox 1891 3079 3460 3150">
     <span class='ocr_line' id='line_1_80' title="bbox 1891 3079 3460 3150; baseline 0 -18"><span class='ocrx_word' id='word_1_603' title='bbox 1891 3080 1956 3132; x_wconf 90' lang='lat' dir='ltr'><strong>ad</strong></span> <span class='ocrx_word' id='word_1_604' title='bbox 1987 3079 2128 3133; x_wconf 91' lang='lat' dir='ltr'><strong>ﬁlios</strong></span> <span class='ocrx_word' id='word_1_605' title='bbox 2153 3079 2407 3144; x_wconf 84' lang='lat' dir='ltr'><strong>Ammon,</strong></span> <span class='ocrx_word' id='word_1_606' title='bbox 2447 3087 2503 3132; x_wconf 91' lang='lat' dir='ltr'><strong>ut</strong></span> <span class='ocrx_word' id='word_1_607' title='bbox 2529 3091 2796 3150; x_wconf 88' lang='lat' dir='ltr'><strong>pugnaret</strong></span> <span class='ocrx_word' id='word_1_608' title='bbox 2825 3090 3015 3135; x_wconf 90' lang='lat' dir='ltr'><strong>contra</strong></span> <span class='ocrx_word' id='word_1_609' title='bbox 3043 3093 3136 3134; x_wconf 88' lang='lat' dir='ltr'><strong>eos</strong></span> <span class='ocrx_word' id='word_1_610' title='bbox 3162 3095 3297 3148; x_wconf 90' lang='lat' dir='ltr'><strong>quos</strong></span> <span class='ocrx_word' id='word_1_611' title='bbox 3353 3090 3460 3133; x_wconf 63' lang='lat' dir='ltr'><strong>tra-</strong></span> 
     </span>
    </p>
   </div>
   <div class='ocr_carea' id='block_1_81' title="bbox 1890 3165 3462 3235">
    <p class='ocr_par' dir='ltr' id='par_1_81' title="bbox 1890 3165 3462 3235">
     <span class='ocr_line' id='line_1_81' title="bbox 1890 3165 3462 3235; baseline 0.001 -15"><span class='ocrx_word' id='word_1_612' title='bbox 1890 3165 2026 3221; x_wconf 89' lang='lat' dir='ltr'><strong>didit</strong></span> <span class='ocrx_word' id='word_1_613' title='bbox 2075 3167 2332 3222; x_wconf 90' lang='lat' dir='ltr'><strong>Dominus</strong></span> <span class='ocrx_word' id='word_1_614' title='bbox 2366 3169 2418 3221; x_wconf 89' lang='lat' dir='ltr'><strong>in</strong></span> <span class='ocrx_word' id='word_1_615' title='bbox 2454 3185 2644 3223; x_wconf 91' lang='lat' dir='ltr'><strong>manus</strong></span> <span class='ocrx_word' id='word_1_616' title='bbox 2689 3168 2823 3235; x_wconf 89' lang='lat' dir='ltr'><strong>ejus.</strong></span> <span class='ocrx_word' id='word_1_617' title='bbox 2854 3167 3165 3222; x_wconf 75' lang='lat' dir='ltr'><strong>Revertenti</strong></span> <span class='ocrx_word' id='word_1_618' title='bbox 3197 3176 3376 3222; x_wconf 89' lang='lat' dir='ltr'><strong>autem</strong></span> <span class='ocrx_word' id='word_1_619' title='bbox 3407 3169 3462 3222; x_wconf 90' lang='lat' dir='ltr'><strong>in</strong></span> 
     </span>
    </p>
   </div>
   <div class='ocr_carea' id='block_1_82' title="bbox 1890 3255 3463 3326">
    <p class='ocr_par' dir='ltr' id='par_1_82' title="bbox 1890 3255 3463 3326">
     <span class='ocr_line' id='line_1_82' title="bbox 1890 3255 3463 3326; baseline 0.004 -18"><span class='ocrx_word' id='word_1_620' title='bbox 1890 3255 2346 3324; x_wconf 15' lang='lat' dir='ltr'><strong>lllaslvthadmnum</strong></span> <span class='ocrx_word' id='word_1_621' title='bbox 2387 3274 2562 3320; x_wconf 86' lang='lat' dir='ltr'><strong>suam,</strong></span> <span class='ocrx_word' id='word_1_622' title='bbox 2614 3259 2851 3312; x_wconf 90' lang='lat' dir='ltr'><strong>occurrit</strong></span> <span class='ocrx_word' id='word_1_623' title='bbox 2899 3257 3174 3326; x_wconf 81' lang='lat' dir='ltr'><strong>uuigenita</strong></span> <span class='ocrx_word' id='word_1_624' title='bbox 3216 3256 3322 3312; x_wconf 89' lang='lat' dir='ltr'><strong>ﬁlia</strong></span> <span class='ocrx_word' id='word_1_625' title='bbox 3363 3271 3463 3314; x_wconf 74' lang='lat' dir='ltr'><strong>sua</strong></span> 
     </span>
    </p>
   </div>
   <div class='ocr_carea' id='block_1_83' title="bbox 1890 3345 3468 3417">
    <p class='ocr_par' dir='ltr' id='par_1_83' title="bbox 1890 3345 3468 3417">
     <span class='ocr_line' id='line_1_83' title="bbox 1890 3345 3468 3417; baseline 0.001 -16"><span class='ocrx_word' id='word_1_626' title='bbox 1890 3363 2012 3401; x_wconf 90' lang='lat' dir='ltr'><strong>cum</strong></span> <span class='ocrx_word' id='word_1_627' title='bbox 2063 3349 2329 3417; x_wconf 87' lang='lat' dir='ltr'><strong>tympanis</strong></span> <span class='ocrx_word' id='word_1_628' title='bbox 2361 3358 2412 3402; x_wconf 91' lang='lat' dir='ltr'><strong>et</strong></span> <span class='ocrx_word' id='word_1_629' title='bbox 2463 3348 2672 3411; x_wconf 83' lang='lat' dir='ltr'><strong>choris;</strong></span> <span class='ocrx_word' id='word_1_630' title='bbox 2730 3363 2833 3402; x_wconf 91' lang='lat' dir='ltr'><strong>non</strong></span> <span class='ocrx_word' id='word_1_631' title='bbox 2885 3347 3029 3400; x_wconf 86' lang='lat' dir='ltr'><strong>enim</strong></span> <span class='ocrx_word' id='word_1_632' title='bbox 3074 3345 3306 3401; x_wconf 80' lang='lat' dir='ltr'><strong>habebat</strong></span> <span class='ocrx_word' id='word_1_633' title='bbox 3328 3347 3468 3402; x_wconf 63' lang='lat' dir='ltr'><strong>alio.</strong></span> 
     </span>
    </p>
   </div>
   <div class='ocr_carea' id='block_1_84' title="bbox 1890 3435 3462 3509">
    <p class='ocr_par' dir='ltr' id='par_1_84' title="bbox 1890 3435 3462 3509">
     <span class='ocr_line' id='line_1_84' title="bbox 1890 3435 3462 3509; baseline 0.001 -20"><span class='ocrx_word' id='word_1_634' title='bbox 1890 3436 2104 3491; x_wconf 86' lang='lat' dir='ltr'><strong>liberos.</strong></span> <span class='ocrx_word' id='word_1_635' title='bbox 2139 3438 2252 3502; x_wconf 81' lang='lat' dir='ltr'><strong>Qua</strong></span> <span class='ocrx_word' id='word_1_636' title='bbox 2279 3438 2416 3501; x_wconf 87' lang='lat' dir='ltr'><strong>visa,</strong></span> <span class='ocrx_word' id='word_1_637' title='bbox 2442 3437 2600 3491; x_wconf 88' lang='lat' dir='ltr'><strong>scidit</strong></span> <span class='ocrx_word' id='word_1_638' title='bbox 2627 3438 2947 3509; x_wconf 82' lang='lat' dir='ltr'><strong>vestimenta</strong></span> <span class='ocrx_word' id='word_1_639' title='bbox 2977 3453 3072 3492; x_wconf 92' lang='lat' dir='ltr'><strong>sua</strong></span> <span class='ocrx_word' id='word_1_640' title='bbox 3103 3445 3158 3492; x_wconf 90' lang='lat' dir='ltr'><strong>et</strong></span> <span class='ocrx_word' id='word_1_641' title='bbox 3185 3437 3262 3490; x_wconf 86' lang='lat' dir='ltr'><strong>ait</strong></span> <span class='ocrx_word' id='word_1_642' title='bbox 3297 3451 3312 3490; x_wconf 89' lang='lat'><strong>:</strong></span> <span class='ocrx_word' id='word_1_643' title='bbox 3345 3435 3462 3491; x_wconf 81' lang='lat' dir='ltr'><strong>Heu</strong></span> 
     </span>
    </p>
   </div>
   <div class='ocr_carea' id='block_1_85' title="bbox 1890 3525 3462 3596">
    <p class='ocr_par' dir='ltr' id='par_1_85' title="bbox 1890 3525 3462 3596">
     <span class='ocr_line' id='line_1_85' title="bbox 1890 3525 3462 3596; baseline 0.001 -17"><span class='ocrx_word' id='word_1_644' title='bbox 1890 3527 2013 3579; x_wconf 83' lang='lat' dir='ltr'><strong>ruet</strong></span> <span class='ocrx_word' id='word_1_645' title='bbox 2056 3525 2162 3578; x_wconf 90' lang='lat' dir='ltr'><strong>ﬁlia</strong></span> <span class='ocrx_word' id='word_1_646' title='bbox 2194 3541 2328 3589; x_wconf 90' lang='lat' dir='ltr'><strong>mea,</strong></span> <span class='ocrx_word' id='word_1_647' title='bbox 2388 3527 2641 3595; x_wconf 83' lang='lat' dir='ltr'><strong>decepisti</strong></span> <span class='ocrx_word' id='word_1_648' title='bbox 2690 3541 2796 3590; x_wconf 92' lang='lat' dir='ltr'><strong>me,</strong></span> <span class='ocrx_word' id='word_1_649' title='bbox 2844 3535 2899 3580; x_wconf 91' lang='lat' dir='ltr'><strong>et</strong></span> <span class='ocrx_word' id='word_1_650' title='bbox 2948 3527 3063 3595; x_wconf 91' lang='lat' dir='ltr'><strong>ipsa</strong></span> <span class='ocrx_word' id='word_1_651' title='bbox 3100 3526 3323 3596; x_wconf 84' lang='lat' dir='ltr'><strong>decepta</strong></span> <span class='ocrx_word' id='word_1_652' title='bbox 3379 3540 3462 3580; x_wconf 83' lang='lat' dir='ltr'><strong>es.</strong></span> 
     </span>
    </p>
   </div>
   <div class='ocr_carea' id='block_1_86' title="bbox 1888 3615 3464 3685">
    <p class='ocr_par' dir='ltr' id='par_1_86' title="bbox 1888 3615 3464 3685">
     <span class='ocr_line' id='line_1_86' title="bbox 1888 3615 3464 3685; baseline -0.001 -16"><span class='ocrx_word' id='word_1_653' title='bbox 1888 3617 2084 3685; x_wconf 82' lang='lat' dir='ltr'><strong>Aperui</strong></span> <span class='ocrx_word' id='word_1_654' title='bbox 2110 3618 2252 3670; x_wconf 86' lang='lat' dir='ltr'><strong>enim</strong></span> <span class='ocrx_word' id='word_1_655' title='bbox 2274 3632 2336 3669; x_wconf 90' lang='lat' dir='ltr'><strong>os</strong></span> <span class='ocrx_word' id='word_1_656' title='bbox 2367 3632 2542 3671; x_wconf 88' lang='lat' dir='ltr'><strong>meum</strong></span> <span class='ocrx_word' id='word_1_657' title='bbox 2575 3617 2642 3670; x_wconf 90' lang='lat' dir='ltr'><strong>ad</strong></span> <span class='ocrx_word' id='word_1_658' title='bbox 2688 3617 2999 3679; x_wconf 88' lang='lat' dir='ltr'><strong>Dominum,</strong></span> <span class='ocrx_word' id='word_1_659' title='bbox 3024 3625 3080 3670; x_wconf 90' lang='grc' dir='ltr'><strong>ει</strong></span> <span class='ocrx_word' id='word_1_660' title='bbox 3105 3615 3250 3670; x_wconf 88' lang='lat' dir='ltr'><strong>aliud</strong></span> <span class='ocrx_word' id='word_1_661' title='bbox 3281 3615 3464 3670; x_wconf 80' lang='lat' dir='ltr'><strong>facere</strong></span> 
     </span>
    </p>
   </div>
   <div class='ocr_carea' id='block_1_87' title="bbox 1889 3706 3460 3777">
    <p class='ocr_par' dir='ltr' id='par_1_87' title="bbox 1889 3706 3460 3777">
     <span class='ocr_line' id='line_1_87' title="bbox 1889 3706 3460 3777; baseline -0.003 -17"><span class='ocrx_word' id='word_1_662' title='bbox 1889 3722 1991 3760; x_wconf 89' lang='lat' dir='ltr'><strong>non</strong></span> <span class='ocrx_word' id='word_1_663' title='bbox 2016 3715 2219 3776; x_wconf 89' lang='lat' dir='ltr'><strong>potero.</strong></span> <span class='ocrx_word' id='word_1_664' title='bbox 2239 3706 2446 3761; x_wconf 80' lang='lat' dir='ltr'><strong>Etl‘ecit</strong></span> <span class='ocrx_word' id='word_1_665' title='bbox 2470 3708 2633 3771; x_wconf 81' lang='lat' dir='ltr'><strong>deea,</strong></span> <span class='ocrx_word' id='word_1_666' title='bbox 2652 3708 2793 3762; x_wconf 88' lang='lat' dir='ltr'><strong>sicut</strong></span> <span class='ocrx_word' id='word_1_667' title='bbox 2815 3716 3037 3762; x_wconf 88' lang='lat' dir='ltr'><strong>voverat</strong></span> <span class='ocrx_word' id='word_1_668' title='bbox 3061 3706 3272 3777; x_wconf 81' lang='lat' dir='ltr'><strong>(Judic.</strong></span> <span class='ocrx_word' id='word_1_669' title='bbox 3305 3706 3414 3777; x_wconf 78' lang='lat' dir='ltr'><strong>x1).</strong></span> <span class='ocrx_word' id='word_1_670' title='bbox 3441 3724 3460 3756; x_wconf 72' lang='grc' dir='ltr'><strong>ι</strong></span> 
     </span>
    </p>
   </div>
   <div class='ocr_carea' id='block_1_88' title="bbox 1889 3794 3464 3866">
    <p class='ocr_par' dir='ltr' id='par_1_88' title="bbox 1889 3794 3464 3866">
     <span class='ocr_line' id='line_1_88' title="bbox 1889 3794 3464 3866; baseline 0.002 -20"><span class='ocrx_word' id='word_1_671' title='bbox 1889 3794 2065 3863; x_wconf 84' lang='lat' dir='ltr'><strong>lpsunt</strong></span> <span class='ocrx_word' id='word_1_672' title='bbox 2121 3796 2455 3865; x_wconf 83' lang='lat' dir='ltr'><strong>unigenitum</strong></span> <span class='ocrx_word' id='word_1_673' title='bbox 2509 3794 2602 3849; x_wconf 85' lang='lat' dir='ltr'><strong>Dei</strong></span> <span class='ocrx_word' id='word_1_674' title='bbox 2636 3795 2825 3850; x_wconf 87' lang='lat' dir='ltr'><strong>Filium</strong></span> <span class='ocrx_word' id='word_1_675' title='bbox 2851 3797 3072 3866; x_wconf 82' lang='lat' dir='ltr'><strong>jurasse</strong></span> <span class='ocrx_word' id='word_1_676' title='bbox 3093 3796 3238 3850; x_wconf 87' lang='lat' dir='ltr'><strong>Patri</strong></span> <span class='ocrx_word' id='word_1_677' title='bbox 3275 3811 3339 3850; x_wconf 89' lang='lat' dir='ltr'><strong>ac</strong></span> <span class='ocrx_word' id='word_1_678' title='bbox 3371 3811 3464 3849; x_wconf 82' lang='lat' dir='ltr'><strong>vo-</strong></span> 
     </span>
    </p>
   </div>
   <div class='ocr_carea' id='block_1_89' title="bbox 1887 3886 3468 3958">
    <p class='ocr_par' dir='ltr' id='par_1_89' title="bbox 1887 3886 3468 3958">
     <span class='ocr_line' id='line_1_89' title="bbox 1887 3886 3468 3958; baseline 0.003 -21"><span class='ocrx_word' id='word_1_679' title='bbox 1887 3887 2027 3939; x_wconf 81' lang='lat' dir='ltr'><strong>visse</strong></span> <span class='ocrx_word' id='word_1_680' title='bbox 2057 3886 2275 3951; x_wconf 86' lang='lat' dir='ltr'><strong>scimus,</strong></span> <span class='ocrx_word' id='word_1_681' title='bbox 2310 3897 2599 3942; x_wconf 87' lang='lat' dir='ltr'><strong>attestantc</strong></span> <span class='ocrx_word' id='word_1_682' title='bbox 2629 3887 2934 3953; x_wconf 88' lang='lat' dir='ltr'><strong>Psalmista,</strong></span> <span class='ocrx_word' id='word_1_683' title='bbox 2985 3889 3076 3958; x_wconf 90' lang='lat' dir='ltr'><strong>qui</strong></span> <span class='ocrx_word' id='word_1_684' title='bbox 3109 3888 3186 3942; x_wconf 88' lang='lat' dir='ltr'><strong>ait</strong></span> <span class='ocrx_word' id='word_1_685' title='bbox 3219 3907 3232 3943; x_wconf 89' lang='lat'><strong>:</strong></span> <span class='ocrx_word' id='word_1_686' title='bbox 3263 3904 3284 3940; x_wconf 85' lang='grc'><em>‹</em></span> <span class='ocrx_word' id='word_1_687' title='bbox 3311 3887 3468 3942; x_wconf 80' lang='lat' dir='ltr'><strong>Sicut</strong></span> 
     </span>
    </p>
   </div>
   <div class='ocr_carea' id='block_1_90' title="bbox 1883 3974 3460 4048">
    <p class='ocr_par' dir='ltr' id='par_1_90' title="bbox 1883 3974 3460 4048">
     <span class='ocr_line' id='line_1_90' title="bbox 1883 3974 3460 4048; baseline 0.003 -21"><span class='ocrx_word' id='word_1_688' title='bbox 1883 3975 2084 4044; x_wconf 86' lang='lat' dir='ltr'><strong>juravlt</strong></span> <span class='ocrx_word' id='word_1_689' title='bbox 2148 3978 2394 4042; x_wconf 91' lang='lat' dir='ltr'><strong>Domino,</strong></span> <span class='ocrx_word' id='word_1_690' title='bbox 2452 3987 2633 4031; x_wconf 90' lang='lat' dir='ltr'><strong>votum</strong></span> <span class='ocrx_word' id='word_1_691' title='bbox 2683 3978 2827 4031; x_wconf 88' lang='lat' dir='ltr'><strong>vovit</strong></span> <span class='ocrx_word' id='word_1_692' title='bbox 2894 3980 3004 4032; x_wconf 91' lang='lat' dir='ltr'><strong>Deo</strong></span> <span class='ocrx_word' id='word_1_693' title='bbox 3047 3978 3212 4032; x_wconf 85' lang='lat' dir='ltr'><strong>Jacob</strong></span> <span class='ocrx_word' id='word_1_694' title='bbox 3269 3974 3460 4048; x_wconf 82' lang='lat' dir='ltr'><strong>(Psal.</strong></span> 
     </span>
    </p>
   </div>
   <div class='ocr_carea' id='block_1_91' title="bbox 1887 4068 3467 4140">
    <p class='ocr_par' dir='ltr' id='par_1_91' title="bbox 1887 4068 3467 4140">
     <span class='ocr_line' id='line_1_91' title="bbox 1887 4068 3467 4140; baseline -0.001 -17"><span class='ocrx_word' id='word_1_695' title='bbox 1887 4072 2104 4140; x_wconf 73' lang='lat' dir='ltr'><strong>cxxxt);</strong></span> <span class='ocrx_word' id='word_1_696' title='bbox 2140 4088 2160 4122; x_wconf 75' lang='grc' dir='ltr'><strong>ι</strong></span> <span class='ocrx_word' id='word_1_697' title='bbox 2188 4069 2390 4124; x_wconf 89' lang='lat' dir='ltr'><strong>scilicet</strong></span> <span class='ocrx_word' id='word_1_698' title='bbox 2421 4079 2480 4124; x_wconf 93' lang='lat' dir='ltr'><strong>nt</strong></span> <span class='ocrx_word' id='word_1_699' title='bbox 2521 4080 2917 4123; x_wconf 88' lang='lat' dir='ltr'><strong>sacramentum</strong></span> <span class='ocrx_word' id='word_1_700' title='bbox 2945 4069 3218 4139; x_wconf 81' lang='lat' dir='ltr'><strong>religionis</strong></span> <span class='ocrx_word' id='word_1_701' title='bbox 3247 4068 3301 4122; x_wconf 92' lang='lat' dir='ltr'><strong>in</strong></span> <span class='ocrx_word' id='word_1_702' title='bbox 3337 4083 3467 4137; x_wconf 77' lang='lat' dir='ltr'><strong>pas-</strong></span> 
     </span>
    </p>
   </div>
   <div class='ocr_carea' id='block_1_92' title="bbox 1889 4159 3466 4229">
    <p class='ocr_par' dir='ltr' id='par_1_92' title="bbox 1889 4159 3466 4229">
     <span class='ocr_line' id='line_1_92' title="bbox 1889 4159 3466 4229; baseline -0.001 -17"><span class='ocrx_word' id='word_1_703' title='bbox 1889 4159 2037 4214; x_wconf 84' lang='lat' dir='ltr'><strong>sione</strong></span> <span class='ocrx_word' id='word_1_704' title='bbox 2067 4174 2176 4213; x_wconf 69' lang='lat' dir='ltr'><strong>sum</strong></span> <span class='ocrx_word' id='word_1_705' title='bbox 2201 4159 2381 4214; x_wconf 89' lang='lat' dir='ltr'><strong>carnis</strong></span> <span class='ocrx_word' id='word_1_706' title='bbox 2402 4175 2498 4229; x_wconf 91' lang='lat' dir='ltr'><strong>pro</strong></span> <span class='ocrx_word' id='word_1_707' title='bbox 2522 4159 2694 4213; x_wconf 89' lang='lat' dir='ltr'><strong>salute</strong></span> <span class='ocrx_word' id='word_1_708' title='bbox 2716 4161 2928 4228; x_wconf 76' lang='lat' dir='ltr'><strong>generis</strong></span> <span class='ocrx_word' id='word_1_709' title='bbox 2952 4160 3170 4213; x_wconf 88' lang='lat' dir='ltr'><strong>humani</strong></span> <span class='ocrx_word' id='word_1_710' title='bbox 3201 4160 3466 4226; x_wconf 80' lang='lat' dir='ltr'><strong>exploret.</strong></span> 
     </span>
    </p>
   </div>
   <div class='ocr_carea' id='block_1_93' title="bbox 1891 4247 3471 4322">
    <p class='ocr_par' dir='ltr' id='par_1_93' title="bbox 1891 4247 3471 4322">
     <span class='ocr_line' id='line_1_93' title="bbox 1891 4247 3471 4322; baseline -0.002 -19"><span class='ocrx_word' id='word_1_711' title='bbox 1891 4250 2175 4306; x_wconf 85' lang='lat' dir='ltr'><strong>Faciamus</strong></span> <span class='ocrx_word' id='word_1_712' title='bbox 2204 4259 2259 4306; x_wconf 87' lang='lat' dir='ltr'><strong>et</strong></span> <span class='ocrx_word' id='word_1_713' title='bbox 2291 4267 2388 4306; x_wconf 94' lang='lat' dir='ltr'><strong>nos</strong></span> <span class='ocrx_word' id='word_1_714' title='bbox 2412 4251 2684 4315; x_wconf 83' lang='lat' dir='ltr'><strong>similiter,</strong></span> <span class='ocrx_word' id='word_1_715' title='bbox 2713 4259 2768 4304; x_wconf 90' lang='lat' dir='ltr'><strong>et</strong></span> <span class='ocrx_word' id='word_1_716' title='bbox 2797 4260 2917 4303; x_wconf 89' lang='lat' dir='ltr'><strong>vota</strong></span> <span class='ocrx_word' id='word_1_717' title='bbox 2951 4264 3070 4317; x_wconf 76' lang='lat' dir='ltr'><strong>qua:</strong></span> <span class='ocrx_word' id='word_1_718' title='bbox 3097 4247 3342 4322; x_wconf 82' lang='lat' dir='ltr'><strong>vovimus</strong></span> <span class='ocrx_word' id='word_1_719' title='bbox 3382 4247 3471 4300; x_wconf 86' lang='lat' dir='ltr'><strong>in-</strong></span> 
     </span>
    </p>
   </div>
   <div class='ocr_carea' id='block_1_94' title="bbox 1897 4331 3482 4419">
    <p class='ocr_par' dir='ltr' id='par_1_94' title="bbox 1897 4331 3482 4419">
     <span class='ocr_line' id='line_1_94' title="bbox 1897 4331 3482 4419; baseline -0.001 -24"><span class='ocrx_word' id='word_1_720' title='bbox 1897 4351 2047 4412; x_wconf 81' lang='lat' dir='ltr'><strong>tegre</strong></span> <span class='ocrx_word' id='word_1_721' title='bbox 2066 4343 2453 4410; x_wconf 88' lang='lat' dir='ltr'><strong>persolvamus.</strong></span> <span class='ocrx_word' id='word_1_722' title='bbox 2487 4342 2638 4408; x_wconf 80' lang='lat' dir='ltr'><strong>Quod</strong></span> <span class='ocrx_word' id='word_1_723' title='bbox 2678 4341 2791 4409; x_wconf 89' lang='lat' dir='ltr'><strong>ipse</strong></span> <span class='ocrx_word' id='word_1_724' title='bbox 2815 4347 3072 4409; x_wconf 64' lang='lat' dir='ltr'><strong>praestare</strong></span> <span class='ocrx_word' id='word_1_725' title='bbox 3093 4338 3345 4408; x_wconf 82' lang='lat' dir='ltr'><strong>dignetur</strong></span> <span class='ocrx_word' id='word_1_726' title='bbox 3369 4331 3482 4419; x_wconf 67' lang='lat' dir='ltr'><strong>qui</strong></span> 
     </span>
    </p>
   </div>
   <div class='ocr_carea' id='block_1_95' title="bbox 203 4427 3494 4502">
    <p class='ocr_par' dir='ltr' id='par_1_95' title="bbox 203 4427 3494 4502">
     <span class='ocr_line' id='line_1_95' title="bbox 203 4427 3494 4502; baseline -0.001 -18"><span class='ocrx_word' id='word_1_727' title='bbox 203 4427 358 4498; x_wconf 80' lang='lat' dir='ltr'><strong>juxta</strong></span> <span class='ocrx_word' id='word_1_728' title='bbox 388 4431 672 4501; x_wconf 71' lang='lat' dir='ltr'><strong>Propheta:</strong></span> <span class='ocrx_word' id='word_1_729' title='bbox 702 4431 1117 4486; x_wconf 84' lang='lat' dir='ltr'><strong>admirationem</strong></span> <span class='ocrx_word' id='word_1_730' title='bbox 1146 4448 1159 4484; x_wconf 94' lang='lat'><strong>:</strong></span> <span class='ocrx_word' id='word_1_731' title='bbox 1199 4450 1217 4482; x_wconf 75' lang='grc' dir='ltr'><strong>ι</strong></span> <span class='ocrx_word' id='word_1_732' title='bbox 1256 4431 1466 4494; x_wconf 79' lang='lat' dir='ltr'><strong>Venite,</strong></span> <span class='ocrx_word' id='word_1_733' title='bbox 1499 4439 1553 4483; x_wconf 91' lang='lat' dir='ltr'><strong>et</strong></span> <span class='ocrx_word' id='word_1_734' title='bbox 1585 4429 1789 4483; x_wconf 86' lang='lat' dir='ltr'><strong>reddite</strong></span> <span class='ocrx_word' id='word_1_735' title='bbox 1895 4448 2016 4488; x_wconf 90' lang='lat' dir='ltr'><strong>cum</strong></span> <span class='ocrx_word' id='word_1_736' title='bbox 2040 4432 2201 4487; x_wconf 90' lang='lat' dir='ltr'><strong>Patre</strong></span> <span class='ocrx_word' id='word_1_737' title='bbox 2222 4442 2274 4486; x_wconf 92' lang='lat' dir='ltr'><strong>et</strong></span> <span class='ocrx_word' id='word_1_738' title='bbox 2298 4433 2502 4502; x_wconf 86' lang='lat' dir='ltr'><strong>Spiritu</strong></span> <span class='ocrx_word' id='word_1_739' title='bbox 2534 4439 2723 4486; x_wconf 87' lang='lat' dir='ltr'><strong>sancto</strong></span> <span class='ocrx_word' id='word_1_740' title='bbox 2748 4431 2955 4483; x_wconf 87' lang='lat' dir='ltr'><strong>vivitet</strong></span> <span class='ocrx_word' id='word_1_741' title='bbox 2985 4437 3172 4500; x_wconf 81' lang='lat' dir='ltr'><strong>regnat</strong></span> <span class='ocrx_word' id='word_1_742' title='bbox 3199 4427 3340 4481; x_wconf 82' lang='lat' dir='ltr'><strong>Deus</strong></span> <span class='ocrx_word' id='word_1_743' title='bbox 3372 4443 3494 4499; x_wconf 57' lang='lat' dir='ltr'><strong>pag</strong></span> 
     </span>
    </p>
   </div>
   <div class='ocr_carea' id='block_1_96' title="bbox 211 4517 1786 4588">
    <p class='ocr_par' dir='ltr' id='par_1_96' title="bbox 211 4517 1786 4588">
     <span class='ocr_line' id='line_1_96' title="bbox 211 4517 1786 4588; baseline -0.003 -14"><span class='ocrx_word' id='word_1_744' title='bbox 211 4517 442 4575; x_wconf 84' lang='lat' dir='ltr'><strong>Domino</strong></span> <span class='ocrx_word' id='word_1_745' title='bbox 476 4521 582 4576; x_wconf 91' lang='lat' dir='ltr'><strong>Deo</strong></span> <span class='ocrx_word' id='word_1_746' title='bbox 608 4529 809 4576; x_wconf 89' lang='lat' dir='ltr'><strong>vestro.</strong></span> <span class='ocrx_word' id='word_1_747' title='bbox 846 4540 864 4573; x_wconf 76' lang='grc' dir='ltr'><strong>ι</strong></span> <span class='ocrx_word' id='word_1_748' title='bbox 921 4521 1022 4588; x_wconf 86' lang='lat' dir='ltr'><strong>Qui</strong></span> <span class='ocrx_word' id='word_1_749' title='bbox 1067 4537 1172 4574; x_wconf 91' lang='lat' dir='ltr'><strong>non</strong></span> <span class='ocrx_word' id='word_1_750' title='bbox 1219 4521 1394 4574; x_wconf 86' lang='lat' dir='ltr'><strong>reddit</strong></span> <span class='ocrx_word' id='word_1_751' title='bbox 1443 4521 1582 4588; x_wconf 92' lang='lat' dir='ltr'><strong>quod</strong></span> <span class='ocrx_word' id='word_1_752' title='bbox 1609 4527 1786 4584; x_wconf 87' lang='lat' dir='ltr'><strong>vovet,</strong></span> 
     </span>
    </p>
   </div>
   <div class='ocr_carea' id='block_1_97' title="bbox 210 4607 1787 4680">
    <p class='ocr_par' dir='ltr' id='par_1_97' title="bbox 210 4607 1787 4680">
     <span class='ocr_line' id='line_1_97' title="bbox 210 4607 1787 4680; baseline -0.002 -17"><span class='ocrx_word' id='word_1_753' title='bbox 210 4611 363 4680; x_wconf 82' lang='lat' dir='ltr'><strong>quasi</strong></span> <span class='ocrx_word' id='word_1_754' title='bbox 422 4610 588 4665; x_wconf 87' lang='lat' dir='ltr'><strong>Deum</strong></span> <span class='ocrx_word' id='word_1_755' title='bbox 637 4623 911 4680; x_wconf 86' lang='lat' dir='ltr'><strong>provocat,</strong></span> <span class='ocrx_word' id='word_1_756' title='bbox 961 4620 1016 4665; x_wconf 90' lang='lat' dir='ltr'><strong>et</strong></span> <span class='ocrx_word' id='word_1_757' title='bbox 1057 4609 1266 4680; x_wconf 83' lang='lat' dir='ltr'><strong>irridet.</strong></span> <span class='ocrx_word' id='word_1_758' title='bbox 1318 4607 1664 4663; x_wconf 82' lang='lat' dir='ltr'><strong>Reddendum</strong></span> <span class='ocrx_word' id='word_1_759' title='bbox 1703 4616 1787 4661; x_wconf 87' lang='lat' dir='ltr'><strong>est</strong></span> 
     </span>
    </p>
   </div>
   <div class='ocr_carea' id='block_1_98' title="bbox 205 4697 1785 4770">
    <p class='ocr_par' dir='ltr' id='par_1_98' title="bbox 205 4697 1785 4770">
     <span class='ocr_line' id='line_1_98' title="bbox 205 4697 1785 4770; baseline -0.004 -15"><span class='ocrx_word' id='word_1_760' title='bbox 205 4712 395 4756; x_wconf 85' lang='lat' dir='ltr'><strong>votum</strong></span> <span class='ocrx_word' id='word_1_761' title='bbox 426 4700 734 4770; x_wconf 82' lang='lat' dir='ltr'><strong>integrum,</strong></span> <span class='ocrx_word' id='word_1_762' title='bbox 764 4709 818 4756; x_wconf 91' lang='lat' dir='ltr'><strong>et</strong></span> <span class='ocrx_word' id='word_1_763' title='bbox 842 4701 1177 4770; x_wconf 80' lang='lat' dir='ltr'><strong>perfectum,</strong></span> <span class='ocrx_word' id='word_1_764' title='bbox 1207 4698 1332 4767; x_wconf 90' lang='lat' dir='ltr'><strong>quia</strong></span> <span class='ocrx_word' id='word_1_765' title='bbox 1369 4697 1529 4752; x_wconf 87' lang='lat' dir='ltr'><strong>aliter</strong></span> <span class='ocrx_word' id='word_1_766' title='bbox 1554 4712 1659 4750; x_wconf 93' lang='lat' dir='ltr'><strong>non</strong></span> <span class='ocrx_word' id='word_1_767' title='bbox 1700 4711 1785 4751; x_wconf 88' lang='lat' dir='ltr'><strong>sa-</strong></span> 
     </span>
    </p>
   </div>
   <div class='ocr_carea' id='block_1_99' title="bbox 206 4790 1788 4861">
    <p class='ocr_par' dir='ltr' id='par_1_99' title="bbox 206 4790 1788 4861">
     <span class='ocr_line' id='line_1_99' title="bbox 206 4790 1788 4861; baseline -0.003 -16"><span class='ocrx_word' id='word_1_768' title='bbox 206 4790 488 4848; x_wconf 82' lang='lat' dir='ltr'><strong>tisfaceret</strong></span> <span class='ocrx_word' id='word_1_769' title='bbox 534 4790 666 4857; x_wconf 92' lang='lat' dir='ltr'><strong>Deo,</strong></span> <span class='ocrx_word' id='word_1_770' title='bbox 716 4792 808 4861; x_wconf 89' lang='lat' dir='ltr'><strong>qui</strong></span> <span class='ocrx_word' id='word_1_771' title='bbox 857 4800 1035 4845; x_wconf 85' lang='lat' dir='ltr'><strong>vetum</strong></span> <span class='ocrx_word' id='word_1_772' title='bbox 1081 4799 1326 4846; x_wconf 89' lang='lat' dir='ltr'><strong>nostrum</strong></span> <span class='ocrx_word' id='word_1_773' title='bbox 1373 4797 1627 4856; x_wconf 90' lang='lat' dir='ltr'><strong>tanquam</strong></span> <span class='ocrx_word' id='word_1_774' title='bbox 1666 4801 1788 4857; x_wconf 83' lang='lat' dir='ltr'><strong>pro-</strong></span> 
     </span>
    </p>
   </div>
   <div class='ocr_carea' id='block_1_100' title="bbox 201 4875 1789 4952">
    <p class='ocr_par' dir='ltr' id='par_1_100' title="bbox 201 4875 1789 4952">
     <span class='ocr_line' id='line_1_100' title="bbox 201 4875 1789 4952; baseline -0.003 -16"><span class='ocrx_word' id='word_1_775' title='bbox 201 4882 383 4952; x_wconf 86' lang='lat' dir='ltr'><strong>prium</strong></span> <span class='ocrx_word' id='word_1_776' title='bbox 416 4881 588 4950; x_wconf 82' lang='lat' dir='ltr'><strong>exigit</strong></span> <span class='ocrx_word' id='word_1_777' title='bbox 613 4880 868 4936; x_wconf 87' lang='lat' dir='ltr'><strong>debitum.</strong></span> <span class='ocrx_word' id='word_1_778' title='bbox 894 4880 1042 4936; x_wconf 87' lang='lat' dir='ltr'><strong>Unde</strong></span> <span class='ocrx_word' id='word_1_779' title='bbox 1069 4889 1126 4934; x_wconf 87' lang='lat' dir='ltr'><strong>et.</strong></span> <span class='ocrx_word' id='word_1_780' title='bbox 1161 4883 1217 4936; x_wconf 92' lang='lat' dir='ltr'><strong>in</strong></span> <span class='ocrx_word' id='word_1_781' title='bbox 1251 4877 1365 4947; x_wconf 76' lang='lat' dir='ltr'><strong>lege</strong></span> <span class='ocrx_word' id='word_1_782' title='bbox 1397 4879 1615 4943; x_wconf 89' lang='lat' dir='ltr'><strong>dicitur,</strong></span> <span class='ocrx_word' id='word_1_783' title='bbox 1647 4875 1789 4948; x_wconf 88' lang='lat' dir='ltr'><strong>quod</strong></span> 
     </span>
    </p>
   </div>
   <div class='ocr_carea' id='block_1_101' title="bbox 201 4966 1788 5038">
    <p class='ocr_par' dir='ltr' id='par_1_101' title="bbox 201 4966 1788 5038">
     <span class='ocr_line' id='line_1_101' title="bbox 201 4966 1788 5038; baseline -0.006 -10"><span class='ocrx_word' id='word_1_784' title='bbox 201 4972 420 5037; x_wconf 88' lang='lat' dir='ltr'><strong>bovem,</strong></span> <span class='ocrx_word' id='word_1_785' title='bbox 446 4981 504 5026; x_wconf 89' lang='lat' dir='ltr'><strong>et</strong></span> <span class='ocrx_word' id='word_1_786' title='bbox 529 4985 708 5038; x_wconf 89' lang='lat' dir='ltr'><strong>ovem,</strong></span> <span class='ocrx_word' id='word_1_787' title='bbox 734 4987 861 5026; x_wconf 89' lang='lat' dir='ltr'><strong>aure</strong></span> <span class='ocrx_word' id='word_1_788' title='bbox 885 4979 939 5026; x_wconf 88' lang='lat' dir='ltr'><strong>et</strong></span> <span class='ocrx_word' id='word_1_789' title='bbox 958 4970 1128 5026; x_wconf 87' lang='lat' dir='ltr'><strong>cauda</strong></span> <span class='ocrx_word' id='word_1_790' title='bbox 1148 4969 1464 5036; x_wconf 81' lang='lat' dir='ltr'><strong>amputatis,</strong></span> <span class='ocrx_word' id='word_1_791' title='bbox 1488 4966 1788 5023; x_wconf 88' lang='lat' dir='ltr'><strong>voluntarie</strong></span> 
     </span>
    </p>
   </div>
   <div class='ocr_carea' id='block_1_102' title="bbox 199 5058 1783 5132">
    <p class='ocr_par' dir='ltr' id='par_1_102' title="bbox 199 5058 1783 5132">
     <span class='ocr_line' id='line_1_102' title="bbox 199 5058 1783 5132; baseline -0.003 -14"><span class='ocrx_word' id='word_1_792' title='bbox 199 5062 400 5120; x_wconf 74' lang='lat' dir='ltr'><strong>oﬂerre</strong></span> <span class='ocrx_word' id='word_1_793' title='bbox 453 5077 745 5132; x_wconf 84' lang='lat' dir='ltr'><strong>possumus</strong></span> <span class='ocrx_word' id='word_1_794' title='bbox 787 5062 964 5130; x_wconf 71' lang='lat' dir='ltr'><strong>(Levii.</strong></span> <span class='ocrx_word' id='word_1_795' title='bbox 1028 5075 1165 5132; x_wconf 82' lang='lat' dir='ltr'><strong>xxn,</strong></span> <span class='ocrx_word' id='word_1_796' title='bbox 1215 5058 1329 5128; x_wconf 70' lang='lat'><strong>23).</strong></span> <span class='ocrx_word' id='word_1_797' title='bbox 1369 5059 1561 5114; x_wconf 85' lang='lat' dir='ltr'><strong>Votum</strong></span> <span class='ocrx_word' id='word_1_798' title='bbox 1606 5069 1783 5114; x_wconf 87' lang='lat' dir='ltr'><strong>autem</strong></span> 
     </span>
    </p>
   </div>
   <div class='ocr_carea' id='block_1_103' title="bbox 199 5149 1786 5221">
    <p class='ocr_par' dir='ltr' id='par_1_103' title="bbox 199 5149 1786 5221">
     <span class='ocr_line' id='line_1_103' title="bbox 199 5149 1786 5221; baseline -0.001 -15"><span class='ocrx_word' id='word_1_799' title='bbox 199 5155 338 5210; x_wconf 80' lang='lat' dir='ltr'><strong>exis</strong></span> <span class='ocrx_word' id='word_1_800' title='bbox 378 5152 523 5209; x_wconf 80' lang='lat' dir='ltr'><strong>solvi</strong></span> <span class='ocrx_word' id='word_1_801' title='bbox 568 5166 672 5205; x_wconf 89' lang='lat' dir='ltr'><strong>non</strong></span> <span class='ocrx_word' id='word_1_802' title='bbox 711 5161 901 5220; x_wconf 83' lang='lat' dir='ltr'><strong>potest,</strong></span> <span class='ocrx_word' id='word_1_803' title='bbox 952 5149 1149 5221; x_wconf 86' lang='lat' dir='ltr'><strong>quibus</strong></span> <span class='ocrx_word' id='word_1_804' title='bbox 1191 5149 1397 5216; x_wconf 86' lang='lat' dir='ltr'><strong>aliquid</strong></span> <span class='ocrx_word' id='word_1_805' title='bbox 1439 5149 1786 5218; x_wconf 80' lang='lat' dir='ltr'><strong>perfectionis</strong></span> 
     </span>
    </p>
   </div>
   <div class='ocr_carea' id='block_1_104' title="bbox 198 5243 368 5298">
    <p class='ocr_par' dir='ltr' id='par_1_104' title="bbox 198 5243 368 5298">
     <span class='ocr_line' id='line_1_104' title="bbox 198 5243 368 5298; baseline -0.018 -1"><span class='ocrx_word' id='word_1_806' title='bbox 198 5243 368 5298; x_wconf 85' lang='lat' dir='ltr'><strong>deest.</strong></span> 
     </span>
    </p>
   </div>
   <div class='ocr_carea' id='block_1_105' title="bbox 1893 4521 2886 4578">
    <p class='ocr_par' dir='ltr' id='par_1_105' title="bbox 1893 4521 2886 4578">
     <span class='ocr_line' id='line_1_105' title="bbox 1893 4521 2886 4578; baseline -0.004 -1"><span class='ocrx_word' id='word_1_807' title='bbox 1893 4524 2071 4577; x_wconf 87' lang='lat' dir='ltr'><strong>omnia</strong></span> <span class='ocrx_word' id='word_1_808' title='bbox 2108 4523 2300 4577; x_wconf 65' lang='lat' dir='ltr'><strong>secula</strong></span> <span class='ocrx_word' id='word_1_809' title='bbox 2328 4523 2667 4578; x_wconf 66' lang='lat' dir='ltr'><strong>sreculorum.</strong></span> <span class='ocrx_word' id='word_1_810' title='bbox 2696 4521 2886 4577; x_wconf 83' lang='lat' dir='ltr'><strong>Amen.</strong></span> 
     </span>
    </p>
   </div>
   <div class='ocr_carea' id='block_1_106' title="bbox 2445 4656 2900 4714">
    <p class='ocr_par' dir='ltr' id='par_1_106' title="bbox 2445 4656 2900 4714">
     <span class='ocr_line' id='line_1_106' title="bbox 2445 4656 2900 4714; baseline -0.007 -1"><span class='ocrx_word' id='word_1_811' title='bbox 2445 4656 2678 4714; x_wconf 76' lang='lat' dir='ltr'><strong>SERMO</strong></span> <span class='ocrx_word' id='word_1_812' title='bbox 2712 4656 2900 4713; x_wconf 78' lang='lat' dir='ltr'><strong>LXXI.</strong></span> 
     </span>
    </p>
   </div>
   <div class='ocr_carea' id='block_1_107' title="bbox 2197 4778 3158 4826">
    <p class='ocr_par' dir='ltr' id='par_1_107' title="bbox 2197 4778 3158 4826">
     <span class='ocr_line' id='line_1_107' title="bbox 2197 4778 3158 4826; baseline 0 -6"><span class='ocrx_word' id='word_1_813' title='bbox 2197 4792 2199 4794; x_wconf 84' lang='grc'>·</span> <span class='ocrx_word' id='word_1_814' title='bbox 2247 4778 2328 4821; x_wconf 79' lang='lat' dir='ltr'><strong>Ill.</strong></span> <span class='ocrx_word' id='word_1_815' title='bbox 2367 4781 2418 4820; x_wconf 70' lang='lat' dir='ltr'>IS</span> <span class='ocrx_word' id='word_1_816' title='bbox 2456 4782 2810 4825; x_wconf 67' lang='lat' dir='ltr'><strong>DEDICATIONE</strong></span> <span class='ocrx_word' id='word_1_817' title='bbox 2846 4781 3158 4826; x_wconf 71' lang='grc' dir='ltr'>εεειεειιι..</span> 
     </span>
    </p>
   </div>
   <div class='ocr_carea' id='block_1_108' title="bbox 1967 4869 3374 4949">
    <p class='ocr_par' dir='ltr' id='par_1_108' title="bbox 1967 4869 3374 4949">
     <span class='ocr_line' id='line_1_108' title="bbox 1967 4869 3374 4949; baseline -0.007 -20"><span class='ocrx_word' id='word_1_818' title='bbox 1967 4898 1985 4929; x_wconf 80' lang='grc' dir='ltr'><strong>ι</strong></span> <span class='ocrx_word' id='word_1_819' title='bbox 2019 4876 2166 4932; x_wconf 86' lang='lat' dir='ltr'><strong>Fecit</strong></span> <span class='ocrx_word' id='word_1_820' title='bbox 2192 4876 2333 4932; x_wconf 84' lang='lat' dir='ltr'><strong>Deus</strong></span> <span class='ocrx_word' id='word_1_821' title='bbox 2362 4875 2470 4932; x_wconf 90' lang='lat' dir='ltr'><strong>duo</strong></span> <span class='ocrx_word' id='word_1_822' title='bbox 2497 4893 2693 4948; x_wconf 86' lang='lat' dir='ltr'><strong>magna</strong></span> <span class='ocrx_word' id='word_1_823' title='bbox 2717 4878 3058 4949; x_wconf 66' lang='lat' dir='ltr'><strong>luminaria,</strong></span> <span class='ocrx_word' id='word_1_824' title='bbox 3080 4869 3374 4932; x_wconf 74' lang='lat' dir='ltr'><strong>luminare</strong></span> 
     </span>
    </p>
   </div>
   <div class='ocr_carea' id='block_1_109' title="bbox 1883 4963 3486 5038">
    <p class='ocr_par' dir='ltr' id='par_1_109' title="bbox 1883 4963 3486 5038">
     <span class='ocr_line' id='line_1_109' title="bbox 1883 4963 3486 5038; baseline 0.001 -17"><span class='ocrx_word' id='word_1_825' title='bbox 1883 4963 1996 5038; x_wconf 82' lang='lat' dir='ltr'><strong>jits,</strong></span> <span class='ocrx_word' id='word_1_826' title='bbox 2021 4978 2077 5022; x_wconf 93' lang='lat' dir='ltr'><strong>ut</strong></span> <span class='ocrx_word' id='word_1_827' title='bbox 2099 4977 2353 5038; x_wconf 66' lang='lat' dir='ltr'><strong>praeesset</strong></span> <span class='ocrx_word' id='word_1_828' title='bbox 2387 4969 2515 5036; x_wconf 89' lang='lat' dir='ltr'><strong>diei,</strong></span> <span class='ocrx_word' id='word_1_829' title='bbox 2541 4979 2598 5025; x_wconf 89' lang='grc' dir='ltr'><strong>ει</strong></span> <span class='ocrx_word' id='word_1_830' title='bbox 2625 4965 2893 5024; x_wconf 83' lang='lat' dir='ltr'><strong>luminare</strong></span> <span class='ocrx_word' id='word_1_831' title='bbox 2915 4970 3166 5030; x_wconf 69' lang='lat' dir='ltr'><strong>minus,</strong></span> <span class='ocrx_word' id='word_1_832' title='bbox 3189 4965 3251 5009; x_wconf 62' lang='grc' dir='ltr'><strong>ιιι</strong></span> <span class='ocrx_word' id='word_1_833' title='bbox 3264 4969 3486 5022; x_wconf 50' lang='lat' dir='ltr'><strong>Nam:</strong></span> 
     </span>
    </p>
   </div>
   <div class='ocr_carea' id='block_1_110' title="bbox 1892 5039 3427 5129">
    <p class='ocr_par' dir='ltr' id='par_1_110' title="bbox 1892 5039 3427 5129">
     <span class='ocr_line' id='line_1_110' title="bbox 1892 5039 3427 5129; baseline -0.016 -15"><span class='ocrx_word' id='word_1_834' title='bbox 1892 5060 2033 5114; x_wconf 89' lang='lat' dir='ltr'><strong>nocti</strong></span> <span class='ocrx_word' id='word_1_835' title='bbox 2060 5056 2226 5119; x_wconf 78' lang='lat' dir='ltr'><strong>(Gen.</strong></span> <span class='ocrx_word' id='word_1_836' title='bbox 2253 5058 2322 5129; x_wconf 92' lang='lat' dir='ltr'><strong>t).</strong></span> <span class='ocrx_word' id='word_1_837' title='bbox 2365 5075 2383 5108; x_wconf 78' lang='grc' dir='ltr'><strong>ι</strong></span> <span class='ocrx_word' id='word_1_838' title='bbox 2413 5057 2531 5115; x_wconf 84' lang='lat' dir='ltr'><strong>Non</strong></span> <span class='ocrx_word' id='word_1_839' title='bbox 2560 5058 2768 5124; x_wconf 87' lang='lat' dir='ltr'><strong>omnia,</strong></span> <span class='ocrx_word' id='word_1_840' title='bbox 2792 5057 3015 5112; x_wconf 84' lang='lat' dir='ltr'><strong>fratres</strong></span> <span class='ocrx_word' id='word_1_841' title='bbox 3043 5039 3427 5129; x_wconf 71' lang='lat' dir='ltr'><strong>charissitni,</strong></span> 
     </span>
    </p>
   </div>
   <div class='ocr_carea' id='block_1_111' title="bbox 1893 5126 3452 5226">
    <p class='ocr_par' dir='ltr' id='par_1_111' title="bbox 1893 5126 3452 5226">
     <span class='ocr_line' id='line_1_111' title="bbox 1893 5126 3452 5226; baseline -0.018 -19"><span class='ocrx_word' id='word_1_842' title='bbox 1893 5160 2016 5207; x_wconf 90' lang='lat' dir='ltr'><strong>sunt</strong></span> <span class='ocrx_word' id='word_1_843' title='bbox 2045 5149 2096 5203; x_wconf 91' lang='lat' dir='ltr'><strong>in</strong></span> <span class='ocrx_word' id='word_1_844' title='bbox 2125 5126 2354 5211; x_wconf 83' lang='lat' dir='ltr'><strong>cithara,</strong></span> <span class='ocrx_word' id='word_1_845' title='bbox 2386 5157 2610 5213; x_wconf 88' lang='lat' dir='ltr'><strong>sonant,</strong></span> <span class='ocrx_word' id='word_1_846' title='bbox 2641 5148 2737 5201; x_wconf 88' lang='lat' dir='ltr'><strong>sed</strong></span> <span class='ocrx_word' id='word_1_847' title='bbox 2783 5143 2974 5202; x_wconf 83' lang='lat' dir='ltr'><strong>omnia</strong></span> <span class='ocrx_word' id='word_1_848' title='bbox 3055 5139 3291 5226; x_wconf 71' lang='lat' dir='ltr'><strong>juvant.</strong></span> <span class='ocrx_word' id='word_1_849' title='bbox 3314 5126 3452 5226; x_wconf 40' lang='lat' dir='ltr'><strong>ISK:</strong></span> 
     </span>
    </p>
   </div>
   <div class='ocr_carea' id='block_1_112' title="bbox 1893 5213 3489 5308">
    <p class='ocr_par' dir='ltr' id='par_1_112' title="bbox 1893 5213 3489 5308">
     <span class='ocr_line' id='line_1_112' title="bbox 1893 5213 3489 5308; baseline -0.019 -12"><span class='ocrx_word' id='word_1_850' title='bbox 1893 5238 2070 5296; x_wconf 88' lang='lat' dir='ltr'><strong>omnia</strong></span> <span class='ocrx_word' id='word_1_851' title='bbox 2095 5250 2214 5306; x_wconf 77' lang='lat' dir='ltr'><strong>qua:</strong></span> <span class='ocrx_word' id='word_1_852' title='bbox 2243 5243 2368 5292; x_wconf 90' lang='lat' dir='ltr'><strong>sunt</strong></span> <span class='ocrx_word' id='word_1_853' title='bbox 2396 5236 2452 5296; x_wconf 88' lang='lat' dir='ltr'><strong>in</strong></span> <span class='ocrx_word' id='word_1_854' title='bbox 2483 5238 2665 5294; x_wconf 86' lang='lat' dir='ltr'><strong>divina</strong></span> <span class='ocrx_word' id='word_1_855' title='bbox 2698 5234 3004 5305; x_wconf 73' lang='lat' dir='ltr'><strong>Scriptura</strong></span> <span class='ocrx_word' id='word_1_856' title='bbox 3055 5213 3489 5308; x_wconf 53' lang='lat' dir='ltr'><strong>&#39;spiritualern</strong></span> 
     </span>
    </p>
   </div>
   <div class='ocr_carea' id='block_1_113' title="bbox 3252 5298 3422 5322">
    <p class='ocr_par' dir='ltr' id='par_1_113' title="bbox 3252 5298 3422 5322">
     <span class='ocr_line' id='line_1_113' title="bbox 3252 5298 3422 5322; baseline 0 0"><span class='ocrx_word' id='word_1_857' title='bbox 3252 5298 3422 5322; x_wconf 62' lang='lat' dir='ltr'><strong>I1...I..</strong></span> 
     </span>
    </p>
   </div>
   <div class='ocr_carea' id='block_1_114' title="bbox 3625 4909 3737 4992">
    <p class='ocr_par' dir='ltr' id='par_1_114' title="bbox 3625 4909 3737 4992">
     <span class='ocr_line' id='line_1_114' title="bbox 3625 4909 3737 4992; baseline 0 -39"><span class='ocrx_word' id='word_1_858' title='bbox 3625 4909 3737 4992; x_wconf 31' lang='grc' dir='ltr'><strong>τὴν</strong></span> 
     </span>
    </p>
   </div>
   <div class='ocr_carea' id='block_1_115' title="bbox 3493 4989 3805 5092">
    <p class='ocr_par' dir='ltr' id='par_1_115' title="bbox 3493 4989 3805 5092">
     <span class='ocr_line' id='line_1_115' title="bbox 3493 4989 3805 5092; baseline 0 0"><span class='ocrx_word' id='word_1_859' title='bbox 3493 4989 3805 5092; x_wconf 61' lang='lat' dir='ltr'>N</span> 
     </span>
    </p>
   </div>
   <div class='ocr_carea' id='block_1_116' title="bbox 3485 5075 3827 5176">
    <p class='ocr_par' dir='ltr' id='par_1_116' title="bbox 3485 5075 3827 5176">
     <span class='ocr_line' id='line_1_116' title="bbox 3485 5075 3827 5176; baseline 0 0"><span class='ocrx_word' id='word_1_860' title='bbox 3485 5075 3644 5176; x_wconf 59' lang='grc' dir='ltr'><strong>’ἓ</strong></span> <span class='ocrx_word' id='word_1_861' title='bbox 3679 5075 3827 5176; x_wconf 56' lang='lat' dir='ltr'><strong>Cf</strong></span> 
     </span>
    </p>
   </div>
   <div class='ocr_carea' id='block_1_117' title="bbox 3549 5164 3850 5257">
    <p class='ocr_par' dir='ltr' id='par_1_117' title="bbox 3549 5164 3850 5257">
     <span class='ocr_line' id='line_1_117' title="bbox 3549 5164 3850 5257; baseline 0 -21"><span class='ocrx_word' id='word_1_862' title='bbox 3549 5164 3850 5257; x_wconf 40' lang='lat'><strong>“1,0</strong></span> 
     </span>
    </p>
   </div>
   <div class='ocr_carea' id='block_1_118' title="bbox 3717 5249 3886 5322">
    <p class='ocr_par' dir='ltr' id='par_1_118' title="bbox 3717 5249 3886 5322">
     <span class='ocr_line' id='line_1_118' title="bbox 3717 5249 3886 5322; baseline 0 0"><span class='ocrx_word' id='word_1_863' title='bbox 3717 5249 3886 5322; x_wconf 40' lang='grc' dir='ltr'>ξι(</span> 
     </span>
    </p>
   </div>
   <div class='ocr_carea' id='block_1_119' title="bbox 3969 8 3988 678">
    <p class='ocr_par' dir='ltr' id='par_1_119' title="bbox 3969 8 3988 622">
     <span class='ocr_line' id='line_1_119' title="bbox 3969 8 3988 474; baseline 0 -172"><span class='ocrx_word' id='word_1_864' title='bbox 3969 8 3980 474; x_wconf 64' lang='grc' dir='ltr'>ξ</span> 
     </span>
     <span class='ocr_line' id='line_1_120' title="bbox 3969 559 3974 622; baseline 0 -22"><span class='ocrx_word' id='word_1_865' title='bbox 3969 559 3974 622; x_wconf 50' lang='grc' dir='ltr'><strong><em>ρ</em></strong></span> 
     </span>
    </p>
   </div>
  </div>
