3992 5322
481 289 585 345 907

1088 277 1145 332 S.
1192 274 1392 330 PETRI
1420 264 1711 329 ~DAMIANI
1747 266 1895 325 OPP.
1939 262 2117 321 PARS
2157 261 2287 321 SEU
2320 256 2553 317 TOMUS
2585 254 2645 312 l1.
2672 285 2743 297 —-
2765 250 3153 311 SERMONES.

3619 243 3730 302 It.

485 416 626 464 mus,
659 398 753 453 sed
781 394 1090 452 thesaurum
1117 387 1388 458 iacentem
1412 386 1472 441 .in
1501 385 1680 456 littera
1716 381 1897 451 vigore
1937 375 2048 432 ala-
2079 376 2127 436 Α
2155 370 2334 431 radios
2386 373 2673 427 enumerat
2718 364 2860 420 Illius
2908 363 3037 419 solis
3082 360 3284 416 Paulus
3324 355 3625 429 apostolus,
3672 358 3729 409 tn

488 495 599 553 eris
624 480 822 561 ingenii
843 481 1191 557 perscrutari.
1220 478 1375 548 Quod
1420 478 1553 532 satis
1593 473 1808 544 egregie
1846 470 1930 523 vir
1966 483 2055 522 sa-

482 587 657 659 piens,
685 558 1047 638 adumbravit,
1104 587 1226 628 cum
1273 570 1442 625 dixit:
1496 586 1514 618 ι
1573 564 1690 619 Νοη
1719 562 1956 618 dormias
2001 558 2057 613 in

489 647 608 728 sinu
633 650 876 725 mulieris
899 661 1094 736 (Eccli.
1128 662 1249 730 ιχ).
1289 677 1307 711 ι
1342 655 1531 710 Mulier
1561 666 1754 722 nempe
1782 649 1924 705 sacri
1946 647 2060 701 clo-

493 764 604 835 quii
631 761 865 816 litteram
883 753 1159 825 exprimit,
1191 767 1256 807 ex
1281 764 1387 819 qua
1428 740 1906 815 ﬁdelisexpositor
1943 737 2061 792 fru-

491 827 638 909 ctum
666 840 856 919 gignit.
879 845 1007 912 Qum
1055 842 1254 902 littera,
1286 853 1407 917 cum
1455 839 1503 890 ei
1533 832 1810 890 catholicae
1839 827 2065 883 rationis

495 914 771 1008 diligentia
799 935 1107 996 adhibetur,
1136 914 1327 987 virilis
1358 925 1663 981 intellectus
1695 918 1872 976 rooori
1900 914 2066 971 mari-

498 1040 677 1098 tatur;
692 1044 815 1086 cum
834 1041 964 1081 vero
984 1039 1100 1080 eam
1126 1021 1361 1078 seducta:
1382 1018 1545 1089 382
1565 1014 1760 1068 mentis
1790 1008 2066 1080 ingenium

499 1097 777 1191 depravat,
807 1115 960 1187 quasi
1004 1114 1307 1169 castitatem
1359 1108 1570 1161 fentinaa
1599 1101 1900 1157 adulterino
1922 1097 2068 1154 coitu

501 1189 685 1265 violat.
716 1209 880 1262 Recte
902 1216 1031 1275 ergo
1061 1200 1294 1255 dicitur:
1325 1216 1343 1248 ι
1381 1195 1458 1250 Ne
1480 1194 1717 1248 dormias
1742 1192 1794 1243 iu
1820 1189 1938 1243 sinu
1961 1202 2072 1241 mu-

505 1302 682 1357 lieris:
728 1318 746 1350 ι
772 1313 835 1352 ac
861 1295 904 1352 si
934 1302 1119 1365 aperte
1144 1292 1448 1345 diceretur:
1478 1284 1553 1339 Ne
1577 1285 1629 1337 in
1655 1290 1862 1336 secreto
1883 1278 2074 1331 litterae

506 1376 668 1449 sensu
695 1402 929 1461 torpcas,
945 1386 1039 1441 sed
1061 1384 1316 1439 latentem
1349 1378 1543 1435 animae
1564 1374 1865 1445 profectum
1882 1369 2075 1442 pudica

507 1494 701 1540 excute
729 1478 1026 1552 vigilantia.

588 1592 607 1625 σ
636 1550 808 1635 Fecit,
842 1566 1036 1636 inquit,
1058 1564 1198 1618 Deus
1224 1562 1330 1617 duo
1354 1574 1547 1630 magna
1595 1554 1884 1613 luminaria
1914 1550 2077 1623 (Gen.

513 1663 587 1732 ι).
626 1681 645 1714 ι
691 1659 881 1715 Verum
913 1655 1130 1727 quidem
1160 1662 1242 1707 est
1285 1649 1426 1720 quod
1467 1651 1608 1704 Deus
1636 1643 1898 1701 inmundi
1929 1654 2082 1696 crea-

2160 463 2397 535 Epistola
2423 460 2489 516 ad
2517 456 2844 522 Corinthios,
2869 452 2961 510 ubi
2983 454 3089 507 ait:
3120 470 3138 503 ‹
3171 450 3419 505 Charitas
3436 462 3545 535 non
3568 462 3734 502 tento-

2171 533 2334 617 Iatur,
2352 568 2457 606 non
2482 549 2593 620 agit
2617 558 3040 619 perperam,non
3068 539 3309 595 inﬂatur!
3337 557 3354 589 ι
3375 536 3428 607 (1
3444 533 3572 591 Cor.
3589 535 3735 605 xttt.)

2160 642 2205 698 Ο
2229 658 2389 712 quam
2415 640 2620 695 clarum
2652 635 2979 708 paenitentiae
3023 630 3218 701 jubarl
3273 637 3489 685 noctem
3532 623 3741 697 peccati

2161 737 2402 788 removet
2425 727 2568 799 quod
2589 724 2930 781 conscientia:
2951 720 3192 775 nubilum
3219 718 3401 789 tergit.

2232 819 2397 874 Luam
2442 814 2624 883 hujus,
2664 811 2871 867 scilicet
2913 808 3267 879 pmnitentim,
3321 813 3561 876 quatuor
3618 810 3745 881 sunt

2165 916 2304 971 radii
2340 934 2353 969 :
2381 911 2614 985 cognitio
2640 909 2871 979 peccati,
2894 905 3044 969 dolor
3064 919 3162 976 pro
3189 903 3449 975 peccatis,
3471 896 3745 955 confessio

2165 1005 2391 1078 peccati,
2435 1003 2643 1057 fructus
2697 1000 3074 1068 elecmosynm.
3121 995 3281 1049 Prius
3320 992 3486 1064 383
3530 997 3747 1060 Oportet

2169 1110 2494 1168 cognoscere
2518 1102 2823 1163 peccatum,
2854 1085 2965 1145 sed'
2984 1104 3091 1142 non
3138 1086 3361 1151 suIIicit;
3408 1092 3629 1153 oportet
3650 1080 3745 1135 do-

2170 1184 2284 1241 lere
2326 1200 2426 1255 pro
2453 1192 2706 1255 peccato;
2734 1179 2975 1235 addenda
3000 1186 3088 1232 est
3112 1176 3273 1232 ctiam
3303 1173 3599 1241 confessio,
3625 1171 3749 1242 quia

2171 1274 2372 1331 frustra
2403 1274 2546 1329 dolet
2565 1272 2654 1342 qui
2685 1286 2787 1325 non
2810 1268 3135 1332 conﬁtetur;
3175 1267 3262 1322 his
3289 1280 3419 1320 vero
3450 1263 3747 1333 adiungen-

2175 1369 2275 1424 dus
2294 1377 2377 1423 est
2404 1365 2610 1422 fructus
2638 1364 3009 1434 elcemosynm,
3043 1360 3134 1432 qui
3157 1367 3239 1413 est
3256 1358 3492 1428 pretium
3517 1353 3751 1424 peccati.

2177 1457 2330 1515 Unde
2353 1457 2612 1528 propheta
2641 1455 2701 1509 de
2733 1454 2899 1521 impio
2928 1452 3092 1505 dicit:
3128 1467 3147 1500 α
3187 1444 3304 1502 Non
3335 1446 3526 1501 credat
3554 1444 3751 1500 frustra

2178 1561 2364 1604 errore
2388 1546 2662 1614 deceptus,
2687 1542 2830 1612 quod
2859 1541 3039 1610 aliquo
3067 1538 3244 1608 pretio
3286 1533 3643 1613 redimendus
3688 1531 3757 1587 sit

2183 1637 2313 1711 (Job
2341 1636 2463 1707 xv).
2507 1656 2526 1690 ›
2566 1634 2805 1689 Pretium
2835 1640 2982 1686 certe
3024 1629 3234 1713 peccati
3271 1636 3356 1682 cst
3385 1625 3756 1694 cleemosyua.

512 1723 659 1806 tione
684 1749 882 1813 emlum
914 1723 1117 1800 clarum
1171 1741 1299 1796 solis
1344 1749 1397 1794 et
1421 1738 1563 1792 luna:
1590 1735 1837 1791 distinxit
1866 1740 2081 1795 ornatu,
2112 1726 2160 1785 Β
2190 1726 2297 1783 Sed
2322 1726 2411 1795 qui
2441 1739 2654 1794 semper
2678 1723 3076 1791 elcemosynam
3110 1724 3298 1787 erogat
3327 1723 3383 1770 et
3400 1727 3620 1782 semper
3639 1726 3761 1781 pee-

510 1851 570 1895 ut
596 1838 822 1893 alterum
853 1835 978 1899 diei,
1003 1834 1228 1887 alterum
1258 1830 1428 1885 noctis
1455 1825 1873 1882 vicissitudinem
1889 1812 2097 1893 guber’

509 1940 687 1988 naret.
714 1929 884 1984 Porro
908 1927 954 1981 si
994 1924 1222 1981 interius
1282 1930 1707 1990 perscrutemur,
1746 1913 2085 1969 inveniemus

509 2022 668 2077 nobis
692 2017 958 2087 allegoriae
983 2014 1306 2085 respondere
1336 2021 1629 2066 secretum.
1661 2003 1896 2060 Ecclesia
1941 1999 2084 2055 enim

512 2112 696 2167 mundi
728 2111 954 2179 ﬁguram
986 2105 1143 2177 gerit,
1169 2104 1292 2175 quia
1323 2103 1465 2157 sicut
1491 2097 1721 2153 mundus
1746 2111 1814 2149 ex
1854 2100 2087 2161 quatuor

515 2177 799 2254 elementis
827 2193 1089 2257 subsistit,
1116 2192 1188 2244 ita
1213 2188 1450 2244 Ecclesia
1498 2201 1561 2240 ex
1604 2180 1949 2253 quaternaria
1995 2177 2091 2232 do-

514 2289 689 2344 ctrina
702 2284 974 2353 Evangelii
994 2281 1270 2338 coalescit.
1286 2276 1459 2332 Habet
1481 2284 1662 2330 autem
1680 2271 1917 2326 Ecclesia
1932 2283 2087 2322 suum

518 2379 684 2441 diem,
734 2374 898 2430 habet
945 2380 1000 2427 et
1019 2371 1202 2425 lunam
1250 2368 1303 2420 in
1359 2373 1541 2421 nocte.
1570 2362 1695 2415 Dies
1724 2358 1977 2414 Ecclesiae
2007 2363 2091 2411 est

518 2472 731 2537 tempus
749 2468 929 2538 pacis;
969 2479 1075 2519 nox
1105 2459 1359 2515 Ecclesia:
1383 2465 1468 2511 est
1511 2460 1805 2523 tempestas
1840 2463 2092 2519 persecu-

522 2536 704 2613 tionis.
731 2536 821 2610 Sol
847 2568 975 2607 vero
1005 2552 1057 2605 in
1085 2547 1339 2604 Ecclesia:
1385 2546 1491 2607 die,
1525 2551 1609 2596 est
1637 2539 1934 2619 sapientia;
1964 2536 2088 2590 luna

521 2644 774 2701 autemin
789 2640 1041 2696 Ecclesiae
1069 2647 1247 2703 nocte,
1278 2633 1646 2705 estpalientia.
1684 2630 1777 2685 llis
1804 2626 2093 2703 luminibus

522 2738 667 2793 Deus
692 2733 987 2789 Ecclesiam
1018 2744 1167 2784 suam
1223 2726 1419 2797 pinxit,
1453 2732 1724 2795 quatenus
1743 2729 1797 2775 et
1853 2719 1907 2773 in
1959 2730 2094 2788 pace

520 2843 629 2883 non
645 2826 715 2881 sit
747 2822 1041 2893 improvida
1079 2831 1132 2873 et
1156 2819 1206 2872 in
1234 2816 1374 2873 bello
1426 2831 1530 2870 non
1578 2813 1885 2869 inveniatur
1919 2810 2096 2864 mollis

522 2926 577 2970 et
601 2916 789 2969 fracta.
821 2913 927 2966 Per
946 2909 1261 2981 sapientiam
1288 2906 1521 2961 Ecclesia
1544 2920 1602 2960 se
1624 2904 1860 2974 protegit
1888 2903 1939 2955 in
1962 2916 2095 2970 pace

523 3022 555 3061 a
589 3002 937 3065 damonibus,
985 3014 1084 3067 per
1125 2996 1436 3067 patientiam
1464 3008 1522 3048 se
1565 3002 1745 3047 tuetur
1788 2992 1842 3046 in
1873 2990 2014 3045 bello
2063 3004 2094 3042 a

2188 1825 2272 1870 cat
2302 1810 2497 1868 frustra
2519 1812 2692 1867 credit
2711 1809 2851 1879 quod
2867 1808 3212 1876 eleemosyna
3231 1804 3279 1859 ei
3304 1803 3580 1874 prolieiat.
3601 1798 3763 1855 Inter-

2186 1905 2503 1977 pretandum
2547 1910 2632 1958 est
2672 1900 2837 1969 igitur
2886 1898 3241 1966 eleemosynte
3289 1892 3639 1950 vocabulum.
3680 1889 3761 1955 EI,

2188 1996 2470 2060 Ilehraice,
2524 1993 2682 2057 Deus,
2734 2004 2906 2061 mnys,
2953 1986 3270 2058 Egyptiaca
3322 1983 3507 2050 lingua
3568 1980 3764 2035 dicitur

2189 2102 2349 2155 aqua,
2375 2085 2500 2137 inde
2521 2081 2883 2150 elecntosyna,
2907 2076 2960 2131 id
2984 2085 3089 2140 est,
3117 2091 3253 2145 aqua
3279 2072 3396 2129 Dei.
3423 2071 3467 2126 E
3492 2069 3764 2125 contrario

2188 2174 2374 2228 videre
2401 2184 2688 2242 possumus
2745 2168 2887 2237 quod
2917 2174 3194 2237 peccatum
3228 2171 3313 2218 est
3354 2162 3499 2233 ignis
3542 2158 3762 2214 diaboli.

2190 2253 2354 2334 Igitur
2410 2270 2595 2316 contra
2631 2260 2805 2329 ignem
2852 2255 3050 2310 diaboli
3111 2262 3413 2325 opponatur
3463 2267 3608 2320 aqua
3657 2250 3763 2304 Dei.

2190 2352 2487 2421 Perpende,
2515 2349 2843 2411 Christiane,
2870 2346 3187 2416 dignitatem
3237 2355 3404 2408 tuam,
3446 2350 3506 2396 et
3558 2341 3764 2396 redem-

2192 2442 2431 2514 ptionem
2462 2439 2630 2509 culp-.e
2655 2449 2777 2492 tuae.
2796 2437 2912 2491 Noli
2940 2435 3175 2491 belluina
3199 2444 3377 2489 mente
3399 2442 3765 2488 contemnere.

2194 2532 2340 2587 Deus
2361 2518 2760 2600 efeenmsynam
2786 2527 2912 2582 fecit
2942 2527 3062 2591 tibi,
3090 2540 3287 2595 corpus
3307 2525 3588 2594 proprium
3615 2520 3770 2576 morti

2196 2626 2478 2686 tradendo,
2518 2631 2573 2677 tu
2602 2623 3000 2690 elcemosynam
3029 2617 3116 2672 fac
3162 2616 3259 2681 illi,
3285 2613 3590 2671 bueccllam
3624 2607 3771 2682 panis

2196 2716 2523 2793 porrigendo
2573 2712 2817 2783 pauperi.
2866 2711 2994 2766 Esto
3047 2709 3196 2779 prius
3244 2708 3300 2762 in
3349 2715 3400 2761 te
3442 2706 3771 2767 misericors,

2204 2807 2399 2864 deinde
2420 2806 2474 2860 in
2500 2805 2802 2875 proximum
2826 2801 3126 2856 clementia:
3153 2798 3325 2853 rivum
3349 2795 3589 2860 effunde,
3617 2801 3675 2847 ut
3702 2784 3776 2846 sic

2198 2900 2402 2971 pariter
2431 2912 2552 2952 cum
2591 2896 2834 2966 proximo
2861 2894 2927 2948 ad
2957 2892 3157 2947 fontem
3188 2886 3579 2944 misericordiae
3604 2883 3778 2939 valcas

2201 2992 2504 3065 pervenire,
2525 2988 2707 3044 Iesum
2754 2986 3027 3042 Christum
3059 2983 3344 3038 Dominum
3390 2988 3662 3040 nostrum,
3690 2975 3775 3044 qui

498 3091 985 3165 ‘Pefsewmﬂb'ls-
1043 3087 1159 3142 Νοη
1210 3085 1477 3140 ε¹³¹¹ι¹ίε³ι
1528 3082 1790 3148 Εεειθεῖιιρ
1850 3096 1957 3135 ηου
2013 3088 2097 3134 εει
2122 3085 2167 3145 C
2199 3100 2319 3140 eum
2351 3083 2512 3137 Patre
2541 3089 2594 3134 et
2620 3079 2821 3149 Spiritu
2844 3087 3029 3133 sancto
3050 3074 3185 3130 vivit
3201 3081 3257 3128 et
3279 3078 3473 3141 regnat
3500 3068 3649 3123 Deus
3687 3079 3779 3136 per

526 3174 769 3247 inermis,
790 3187 1101 3251 argumenta
1131 3177 1310 3232 divina
1326 3176 1593 3247 sapienter
1618 3173 1802 3238 eludit,
1831 3179 2098 3227 tormenta

526 3274 805 3330 hominum
825 3269 1055 3324 sustinet
1074 3267 1362 3338 patienter.

597 3361 765 3417 Recta
798 3373 1019 3429 prorsus
1045 3355 1376 3425 comparatio
1403 3362 1483 3410 est
1509 3353 1637 3409 solis
1664 3353 1731 3407 ad
1760 3354 2100 3424 sapientiam,

530 3442 681 3508 lunai»
696 3450 762 3504 ad
792 3447 1126 3520 patientiam,
1152 3446 1278 3516 quia
1302 3444 1441 3500 sicut
1461 3444 1540 3499 sol
1566 3444 1723 3507 Innze,
1740 3443 1811 3497 ita
1839 3445 2104 3513 sapientia

529 3542 806 3615 praepollet
842 3537 1136 3610 patientim.
1168 3536 1443 3608 Sapientia
1479 3537 1661 3606 itaque
1689 3536 1793 3600 sol,
1832 3537 1958 3605 quia
1988 3535 2107 3588 illu-

531 3632 737 3697 minat;
764 3629 1022 3700 patientia
1055 3627 1202 3692 luna,
1246 3626 1371 3696 quia
1416 3624 1704 3680 confortat.
1733 3623 1829 3679 llis
1876 3623 2107 3693 geminis

526 3716 768 3779 brachiis
788 3719 1028 3776 Ecclesia
1057 3726 1281 3789 pugnat,
1305 3716 1477 3771 altero
1505 3726 1855 3786 prosternens
1902 3715 2104 3768 daemo-

533 3826 652 3877 nes,
684 3811 855 3866 altero
883 3809 1103 3864 vincens
1129 3806 1396 3862 homines.
1440 3805 1593 3861 Fecit
1621 3806 1799 3874 itaque
1830 3805 1967 3858 Deus
1994 3804 2110 3860 hmc

532 3901 641 3956 duo
667 3914 860 3970 magna
883 3896 1196 3961 luminaria,
1220 3894 1417 3966 quibus
1438 3904 1664 3949 ornatur
1694 3893 1958 3957 Ecclesia,
1991 3894 2109 3962 qui-

538 3993 639 4047 bus
667 3991 819 4062 quasi
846 3990 1056 4045 duobus
1077 3986 1250 4042 oculis
1272 3986 1509 4040 munitur
1539 3984 1738 4040 Christi
1767 3984 2036 4039 columba.

511 4124 517 4132 .
612 4079 897 4136 Dissolutis
925 4077 1137 4133 nebulis
1175 4076 1464 4146 allegorias,
1496 4076 1640 4131 hunc
1681 4076 1846 4130 etiam
1878 4074 2110 4128 rivulum

540 4170 835 4239 Scriptum
858 4168 925 4221 ad
982 4167 1286 4237 irrigandos
1328 4181 1506 4221 mores
1565 4177 1780 4220 nostros
1829 4180 2115 4235 possumus

541 4265 776 4318 trahere.
800 4259 934 4315 Nam
979 4260 1119 4314 sicut
1146 4258 1288 4313 Deus
1313 4258 1367 4313 in
1418 4259 1520 4312 hoc
1549 4261 1750 4313 mundo
1777 4258 1884 4312 duo
1922 4274 2113 4329 magna

537 4348 824 4407 luminaria
849 4348 995 4414 fecit,
1029 4348 1103 4403 ita
1135 4346 1296 4401 etiam
1324 4346 1377 4400 in
1402 4345 1623 4400 homine
1648 4346 1753 4400 duo
1801 4360 1990 4415 magna
2035 4346 2116 4399 Iu-

2202 3175 2384 3232 omnia
2415 3171 2610 3228 saecula
2633 3169 2974 3226 satculorum.
3004 3166 3201 3220 Amen.

2737 3258 2969 3315 SERMO
3005 3255 3210 3312 LXXII.

2524 3370 2597 3409 IV.
2639 3369 2691 3407 IN
2730 3365 3082 3407 DEDICATIONB
3119 3362 3408 3404 ECCLESIE.

2281 3446 2449 3520 (121).
2485 3487 2500 3501 .
2534 3485 2551 3500 .
2589 3483 2603 3499 .
2648 3485 2663 3501 .
2704 3482 2719 3498 .
2762 3482 2777 3499 .
2803 3458 2932 3498 vere
2955 3450 3039 3497 est
3063 3434 3786 3505 monsfortitudinis,innui-

2211 3550 2298 3598 tur
2341 3540 2579 3597 salutare
2604 3536 2879 3598 vexillum,
2916 3535 2966 3588 id
2996 3541 3081 3588 est
3129 3548 3286 3598 crux,
3331 3545 3453 3600 qua:
3496 3524 3788 3583 immortali

2209 3632 2467 3690 memoria
2485 3631 2624 3684 viret
2642 3642 2876 3699 semper,
2899 3624 3054 3681 Iloret
3071 3634 3233 3696 atque
3248 3621 3541 3677 fructificat
3565 3620 3622 3675 in
3644 3631 3789 3674 men-

2214 3727 2358 3782 tibus
2383 3724 2704 3779 electorum.

2282 3813 2386 3869 Per
2410 3813 2512 3868 hoc
2530 3812 2709 3865 autem
2734 3806 2874 3879 quod
2902 3808 2956 3861 in
3002 3805 3176 3860 sacris
3215 3802 3478 3859 altaribus
3509 3801 3792 3857 Dominieo

2213 3901 2754 3972 eorporisanetornm
2798 3895 3036 3965 reliquiae
3070 3894 3364 3958 sociantur,
3416 3891 3633 3946 unitum
3682 3880 3792 3945 Be-

2217 3988 2483 4059 demptori
2506 4001 2605 4041 suo
2625 3993 2824 4041 sancta:
2850 3982 3104 4038 Ecclesia;
3125 3995 3321 4051 corpus
3353 3980 3687 4043 ostenditur,
3737 3987 3793 4031 et

2215 4077 2369 4148 quasi
2400 4090 2628 4146 sponsus
2671 4088 2791 4127 cum
2821 4086 3016 4141 sponsa
3040 4070 3093 4125 in
3123 4069 3294 4126 san‘cti
3323 4069 3515 4122 altaris
3557 4069 3795 4124 thalamo

2214 4171 2524 4226 collocatur.
2557 4167 2622 4221 Et
2644 4167 2768 4237 quia
2795 4165 2848 4218 in
2884 4161 3228 4234 Apocalypsi,
3256 4160 3355 4216 sub
3369 4160 3527 4214 altari
3551 4160 3648 4214 Dei
3670 4160 3795 4212 visa

2216 4269 2524 4316 sanctorum
2551 4266 2845 4327 martyrum
2874 4253 3067 4307 anima:
3090 4251 3396 4305 referuntur
3442 4249 3653 4319 (Apoc.
3684 4248 3793 4327 vt),

2219 4350 2495 4421 aptissime
2522 4346 2791 4415 congruit,
2825 4354 2881 4395 ut
2910 4342 3072 4396 etiam
3097 4337 3235 4408 apud
3265 4353 3362 4393 nos
3388 4338 3490 4392 sub
3521 4351 3636 4392 arae
3666 4319 3795 4390 visi-

540 4440 767 4496 minaria
821 4437 1109 4492 ordinavit.
1163 4433 1241 4488 N8
1277 4431 1378 4488 εἰὺῑ
1433 4433 1678 4488 videatur
1713 4434 1928 4498 durum,
1974 4436 2116 4504 quod
2147 4423 2195 4483 D
2222 4442 2342 4497 bilis
2364 4452 2547 4493 mensa
2584 4451 2768 4489 eorum
2791 4430 3086 4502 patrocinia
3119 4428 3504 4484 recandanlur.

542 4531 800 4594 dicimus;
832 4529 993 4582 homo
1040 4526 1185 4580 enim
1216 4524 1353 4579 alter
1400 4532 1484 4579 est
1536 4526 1787 4590 mundus,
1821 4524 1961 4580 unde
2005 4525 2116 4594 ipsa

543 4616 732 4674 Graeca
771 4617 951 4686 lingua
993 4623 1240 4679 vocatur,
1274 4614 1647 4688 μικρόκῡσμος,
1682 4614 1735 4668 id
1792 4622 1895 4680 est,
1944 4616 2123 4668 minor

546 4707 795 4771 mundus,
840 4707 964 4775 quia
997 4705 1062 4759 ad
1107 4704 1510 4759 similitudinem
1566 4703 1788 4770 majoris
1829 4703 2011 4758 mumli
2040 4711 2125 4757 est

546 4798 738 4855 factus.
766 4797 897 4852 Nam
922 4797 1063 4851 sicut
1091 4794 1232 4851 Deus
1265 4793 1456 4867 majori
1487 4795 1688 4848 mundo
1716 4795 1992 4864 praesidet,
2048 4795 2121 4847 ita

547 4886 691 4958 quod
720 4885 915 4955 ubique
942 4892 1025 4937 est
1052 4892 1223 4949 totus;
1255 4883 1333 4938 sic
1353 4883 1530 4936 anima
1551 4884 1762 4952 corpori
1789 4882 2122 4948 dominatur,

550 4977 624 5030 ita
658 4977 801 5043 quod
832 4976 1028 5043 ubique
1059 4981 1170 5027 tota
1195 4981 1279 5028 est
1304 4973 1356 5027 in
1385 4987 1633 5042 corpore.
1861 4970 1871 4980 '

2296 4530 2560 4584 Praeterea
2588 4526 2725 4579 sicut
2752 4523 2805 4577 in
2835 4520 3087 4590 sepulcro
3145 4516 3527 4587 Redemptoris
3578 4514 3797 4588 myrrha

2225 4629 2277 4676 et
2305 4619 2421 4672 aloe
2450 4617 2612 4670 missa
2638 4622 2764 4668 sunt
2792 4609 2985 4681 (Jaan.
3009 4626 3098 4669 χιχ
3118 4609 3159 4678 ),
3190 4608 3261 4662 ita
3283 4616 3339 4662 et
3363 4607 3451 4661 hic
3479 4608 3610 4661 thus
3634 4619 3798 4675 appo-

2226 4709 2390 4781 nitur,
2430 4719 2525 4774 per
2554 4704 2694 4771 quod
2724 4700 2961 4780 ejusdem
2986 4699 3197 4754 Domini
3224 4696 3572 4752 mortificatio
3596 4695 3797 4765 ﬁgura-

2231 4808 2339 4861 tur,
2364 4798 2497 4851 sicut
2530 4795 2641 4862 ipse
2675 4791 2832 4847 dicit:
2871 4809 2889 4841 (
2925 4790 3359 4858 Quotiescunque
3408 4785 3801 4842 manducabitis

2229 4900 2417 4958 partem
2463 4883 2622 4946 hunc,
2670 4888 2723 4934 cl.
2772 4878 2994 4933 Calicem
3028 4879 3240 4942 hibctis,
3297 4885 3532 4930 mortem
3592 4874 3798 4929 Domini

2231 4973 2636 5033 am-mntiabiris,
2682 4971 2853 5026 donec
2876 4969 3057 5027 veniat
3087 4967 3146 5039 (1
3169 4966 3291 5021 Cor.
3326 4962 3440 5037 an).
3503 4984 3524 5018 ι
3570 4964 3797 5035 Dignum

3462 5053 3501 5068 λ
