3992 5322
231 219 339 280 909

1643 208 1872 268 SERMO
1909 209 2114 266 LXXII.

3373 207 3481 263 910

233 339 323 383 tus
348 323 653 395 unguedine
678 322 969 378 delibutam
994 330 1048 376 et
1075 320 1716 391 apostolorumdoctrinis
1735 320 1815 373 di-
1841 329 1889 383 Α
1918 319 2033 375 sine
2065 328 2326 374 caemento
2350 327 2661 374 constructa
2712 314 3058 387 perflantihus
3085 316 3260 373 ventis
3287 321 3487 373 everti-

232 416 762 473 vinitusillustratam
786 415 869 469 his
889 408 1420 482 signisiuvislbilibus
1441 410 1808 466 ostendamus.

305 504 449 561 Sunt
500 506 665 559 etiam
718 503 821 556 alia
862 501 1140 566 nonnulla,
1196 500 1393 555 fratres
1435 500 1560 565 mei,
1588 515 1709 569 qua:
1758 501 1809 553 in

232 595 590 651 ecclesiarum
649 592 1143 648 consecrationibus
1170 592 1303 645 certi
1348 606 1511 645 causa
1565 591 1808 660 mysterii

235 686 632 740 rationabiliter
649 686 987 747 adhibemus,
1002 685 1139 738 sicut
1166 693 1249 738 est
1272 684 1475 749 vinum,
1501 685 1809 753 hyssopum,

232 775 331 838 sal,
385 775 617 837 cineres,
649 775 913 842 pulveres,
971 772 1212 843 fragmen
1246 774 1397 828 rubei
1444 773 1654 842 lapidis.
1684 772 1814 838 Quae

233 864 485 919 videlicet
505 864 685 917 omnia
719 864 919 917 idcirco
942 878 1037 933 per
1062 864 1305 916 ordinem
1335 863 1490 916 vobis
1519 876 1811 932 exponere,

230 968 330 1008 cur
384 954 762 1017 adhibeantur,
808 954 1127 1015 omittimus,
1172 951 1338 1023 385
1382 967 1447 1005 ne
1493 952 1813 1031 cbarita‘tem

232 1052 468 1098 vestram
516 1044 741 1113 prolixis
766 1043 1109 1097 sermonibus
1134 1057 1441 1097 oneremus.
1472 1041 1603 1108 Quae
1634 1051 1813 1096 tamen

232 1133 473 1187 breviter
520 1132 929 1203 perstringendo
987 1133 1432 1195 transcurrimus,
1488 1144 1548 1185 ut
1600 1142 1813 1189 tenuem

234 1222 426 1278 saltem
490 1223 709 1277 uberius
772 1221 1102 1291 intelligendi
1165 1221 1363 1275 lineam
1430 1221 1809 1289 producamus.

233 1312 407 1369 Porro
427 1314 566 1368 sicut
588 1328 728 1382 aqua
760 1312 924 1365 Vetus
952 1311 1384 1375 Testamentum,
1435 1311 1516 1364 sic
1541 1320 1596 1364 et
1631 1311 1814 1364 vinum

235 1401 506 1470 significat
532 1402 903 1471 Evangelinm,
929 1401 1070 1469 quod
1093 1400 1350 1454 Dominus
1372 1409 1499 1453 tunc
1524 1399 1815 1468 expressit,

235 1507 357 1546 cum
386 1507 582 1560 aquam
611 1492 665 1546 in
694 1492 874 1545 vinum
905 1491 959 1545 in
974 1491 1197 1559 nuptiali
1223 1490 1548 1546 constitutus
1564 1490 1817 1545 solemni-

237 1590 347 1635 tate
378 1582 604 1636 mutavit
623 1580 814 1651 (Joan.
839 1579 934 1649 ιι).

1918 420 2029 473 tur,
2061 411 2134 463 ita
2162 409 2287 463 boni
2315 411 2493 480 operis
2550 408 2833 463 aedilicium
2865 408 2932 463 ad
2985 408 3279 476 quemlibet
3307 417 3487 463 tenta-

1915 500 2076 554 tionis
2106 499 2361 570 impetum
2392 499 2499 553 cito
2526 497 2831 561 collabitur,
2857 497 2903 550 si
2925 507 3160 565 paternae
3206 495 3489 551 cbaritatis

1913 587 2140 657 coagulo
2170 603 2275 641 non
2306 594 2538 641 tenetur.

1984 678 2055 733 Ut
2078 694 2230 749 ergo,
2258 679 2615 739 dilectissimi.
2634 678 2804 733 sancti
2828 675 3005 746 operis
3020 673 3188 732 nostri
3213 685 3487 734 structura

1910 779 2244 838 permaneat,
2270 768 2501 837 Spiritus
2536 768 2628 822 Dei
2656 783 2750 822 vos
2810 769 2863 820 in
2912 767 3165 821 fraternae
3209 767 3488 821 charitatis

1914 872 2172 927 compage
2185 867 2486 911 conueetat.
2500 855 2615 911 Non
2628 858 2712 911 eui
2722 873 2772 910 m
2787 872 2972 911 omnes
2982 898 2996 921 ,
3012 858 3104 927 qui
3118 858 3489 913 Christianum

1912 947 2389 1003 videnturbabere
2410 948 2751 1008 vocabulum,
2784 948 3068 1015 pervenire
3118 957 3396 1003 merentur
3423 949 3493 1002 ad

1912 1039 2218 1105 Christum;
2250 1055 2424 1109 neque
2447 1054 2634 1094 omnes
2662 1040 2753 1108 qui
2781 1040 2982 1094 habent
3007 1039 3266 1095 Ecclesia:
3310 1040 3485 1095 socie-

1915 1140 2105 1195 tatem,
2137 1130 2300 1201 385
2334 1132 2402 1183 ad
2429 1131 2784 1185 ecclesiastici
2806 1133 3052 1199 corporis
3096 1133 3371 1201 pertinent
3395 1149 3493 1187 ve-

1916 1221 2115 1274 raciter
2130 1222 2414 1273 unitatem.
2435 1219 2862 1273 Tabernaculum
2891 1236 3079 1290 nempe
3094 1221 3334 1287 fmderis,
3349 1225 3493 1291 quod

1914 1310 2117 1365 Christi
2152 1320 2276 1364 tunc
2313 1309 2689 1379 pun-figurabat
2718 1310 3035 1373 Eeclesiam,
3079 1312 3323 1367 Bezeleel
3355 1314 3497 1385 tilius

1918 1400 2013 1454 Uri
2042 1400 2107 1453 de
2136 1399 2277 1452 tribu
2326 1396 2483 1462 Juda,
2512 1408 2567 1451 ct
2602 1398 2809 1452 -Ooliab
2854 1399 2997 1452 illius
3038 1400 3395 1456 Achisamech
3428 1402 3498 1455 de

1917 1488 2059 1541 tribu
2089 1487 2225 1551 Dan,
2250 1488 2454 1556 pariter
2480 1497 2906 1542 construxerunt
2937 1487 3133 1557 (Exod.
3183 1488 3354 1559 uxr).
3387 1490 3494 1545 Sed

1914 1578 2095 1633 cuncti
2124 1578 2326 1646 liquido
2352 1578 2602 1632 novimus
2630 1578 2757 1646 quia
2788 1578 2853 1633 de
2880 1577 3021 1633 tribu
3051 1578 3188 1634 Juda
3230 1588 3388 1635 natus
3414 1590 3503 1634 est

303 1672 374 1726 Et
392 1672 533 1726 sicut
557 1672 793 1740 liquores
820 1672 894 1725 illi
946 1671 1106 1726 simul
1164 1671 1218 1725 in
1260 1670 1666 1726 consecratione
1714 1671 1821 1725 mi-
1852 1667 1899 1728 B
1927 1667 2192 1733 Christus,
2215 1668 2282 1722 de
2307 1669 2447 1723 tribu
2466 1684 2594 1722 vero
2615 1670 2729 1723 Dan
2754 1671 3063 1724 nasciturus
3118 1680 3200 1725 est
3222 1671 3496 1727 Antichri-

236 1772 459 1817 scentur
507 1762 782 1827 Ecclesiae,
815 1763 893 1817 sic
926 1761 1115 1832 procul
1170 1762 1335 1817 dubio
1378 1763 1595 1831 dignum
1646 1771 1816 1817 estut

238 1862 468 1920 utraque
494 1852 579 1905 lex
621 1851 822 1921 jugiter
876 1860 1064 1907 nostro
1116 1862 1361 1907 versetur
1408 1854 1461 1907 in
1502 1854 1685 1908 corde.
1724 1852 1818 1907 Sal

238 1944 402 1997 etiam
447 1941 609 1997 simul
663 1942 993 2015 immittitur,
1029 1950 1089 1996 ut
1119 1942 1383 2010 insipidus
1433 1944 1635 1998 veteris
1684 1943 1818 2011 legis

239 2046 402 2101 sapor
424 2031 749 2101 evangelica:
776 2032 1145 2101 intelligentia:
1170 2031 1280 2085 sale
1303 2032 1550 2085 conditus
1575 2046 1694 2087 esse
1716 2033 1817 2087 do-

239 2130 445 2175 ceatnr.
473 2119 626 2175 Unde
651 2136 772 2174 cum
822 2122 969 2175 cives
996 2120 1214 2174 Jerieho
1259 2136 1429 2188 aquas
1477 2122 1618 2176 illius
1660 2131 1819 2177 teme

239 2219 704 2279 conquererentur
731 2225 967 2274 amaras,
996 2212 1074 2264 ait
1119 2210 1357 2265 Eliseus:
1400 2230 1418 2262 ι
1457 2212 1660 2267 Afferte
1688 2213 1820 2267 mihi

240 2313 337 2353 vas
359 2314 580 2364 novum,
610 2308 666 2354 et
692 2300 890 2354 mittite
922 2301 973 2354 in
1022 2300 1150 2355 illud
1178 2302 1278 2354 sal.
1309 2301 1410 2368 Qui
1461 2317 1581 2357 cum
1610 2306 1825 2359 attulis-

243 2398 391 2452 sent,
422 2404 674 2458 egressus
696 2391 763 2444 ad
796 2390 973 2445 fontes
1003 2407 1288 2460 aquarum,
1319 2392 1469 2447 tuisit
1492 2395 1542 2446 in
1572 2410 1693 2447 eum
1722 2396 1820 2460 sal,

241 2489 293 2532 et
318 2480 425 2532 ait:
455 2479 579 2533 "me
599 2480 728 2534 dicit
754 2482 1011 2535 Dominus
1035 2499 1047 2534 :
1084 2482 1277 2535 Sanavi
1304 2498 1471 2553 aquas
1502 2484 1620 2550 has,
1643 2495 1696 2540 et
1719 2501 1823 2539 non

244 2570 350 2622 erit
378 2570 429 2622 in
456 2571 535 2624 eis
555 2570 693 2624 ultra
721 2587 889 2636 mors,
922 2587 1095 2640 neque
1118 2573 1398 2628 sterilitas.
1432 2575 1645 2628 Sanane
1694 2592 1823 2646 ergo

244 2667 372 2711 sunt
401 2674 555 2728 aqua:
576 2674 746 2728 usque
771 2661 836 2713 ad
856 2662 995 2714 diem
1021 2662 1177 2726 hanc,
1201 2662 1354 2731 juxta
1390 2666 1608 2718 verbum
1638 2666 1821 2731 Elisei,

245 2748 389 2814 quod
420 2747 629 2804 locutus
649 2760 733 2804 est
762 2747 809 2817 (I
830 2748 866 2802 V
889 2750 1013 2820 Reg.
1038 2752 1121 2823 ιι).
1156 2773 1174 2803 ι
1197 2752 1300 2808 Per
1324 2755 1464 2823 quod
1489 2756 1824 2825 designatur,

243 2835 388 2904 quod
412 2853 595 2891 amara
624 2840 821 2892 veteris
846 2839 977 2909 legis
1013 2855 1149 2909 aqua
1174 2857 1268 2910 per
1294 2844 1623 2911 spiritualetn
1650 2845 1827 2899 Evan-

245 2926 373 2995 gelii
410 2928 741 2983 intellectum
788 2938 907 2984 erat
960 2930 1011 2983 in
1063 2931 1400 2987 dulcedinem
1438 2936 1818 2990 convertenda.

1916 1770 2052 1815 stus.
2067 1759 2158 1815 Sic
2178 1775 2245 1814 ex
2267 1760 2547 1829 utriusque
2574 1776 2716 1815 nunc
2738 1761 2997 1817 membris
3018 1762 3338 1819 universalis
3365 1780 3499 1820 con-

1919 1858 2026 1904 stat
2080 1849 2349 1914 Ecclesia,
2400 1851 2494 1903 sed
2546 1849 2659 1903 sola
2708 1849 2973 1905 eharitate
3022 1851 3370 1917 discernitur,
3408 1854 3501 1922 qui

1919 1943 2127 1997 scilicet
2154 1943 2222 1996 ad
2271 1940 2568 2007 Christum,
2622 1942 2713 2010 qui
2755 1942 2823 1996 ad
2865 1942 3259 1999 Antichristum
3307 1946 3505 2002 merito

1919 2036 2193 2105 pertinere
2266 2034 2537 2088 credatur.
2608 2032 2759 2090 Unde
2810 2045 2866 2089 et
2909 2034 3149 2090 Bezeleel
3195 2037 3393 2092 dicitur
3448 2039 3504 2105 in

1921 2125 2106 2178 umbra
2136 2124 2260 2189 Dei,
2295 2124 2421 2191 quia
2446 2124 2695 2192 quisquis
2723 2124 2995 2180 Christum
3024 2128 3290 2182 veraciter
3318 2128 3502 2197 sequi-

1925 2226 2031 2281 tur,
2057 2216 2247 2270 umbra
2276 2218 2449 2271 sancti
2476 2215 2733 2284 Spiritus,
2763 2231 2829 2270 ex
2884 2233 2992 2286 quo
3024 2218 3114 2274 ille
3165 2220 3218 2274 in
3274 2220 3507 2289 Virginis

1921 2317 2075 2361 utero
2109 2316 2404 2375 conceptus
2425 2316 2529 2370 est,
2560 2308 2627 2362 ab
2642 2316 2778 2361 aestu
2802 2308 3196 2364 desideriorum
3211 2312 3510 2366 carnalium

1926 2406 2278 2465 temperatur.
2305 2394 2494 2450 Ooliab
2516 2397 3171 2468 interpretaturprotectio
3198 2416 3313 2454 mea
3337 2411 3508 2472 pater,

1923 2488 2177 2556 quoniam
2203 2487 2574 2542 Antichristus
2596 2503 2718 2541 cum
2742 2490 2854 2542 suis
2885 2490 3070 2558 utique
3110 2491 3369 2546 membris
3407 2506 3506 2560 pa-

1926 2590 2068 2633 trum
2097 2595 2341 2646 suorum,
2372 2583 2475 2636 hoc
2502 2590 2588 2636 est
2615 2592 2853 2636 veterum
2892 2581 3220 2650 Judaeorum,
3261 2599 3322 2639 se
3350 2584 3507 2638 testi-

1924 2671 2106 2727 monio
2127 2672 2381 2740 protegit,
2407 2671 2534 2725 dum
2556 2672 2751 2742 legalia
2780 2675 3036 2727 mandata
3083 2674 3239 2743 juxta
3270 2672 3507 2729 litteram

1925 2773 2125 2829 servat,
2154 2773 2210 2819 et
2230 2779 2295 2819 ea
2330 2766 2624 2819 secundum
2656 2766 2873 2821 illorum
2922 2767 3268 2823 traditionem
3315 2783 3509 2822 carna-

1925 2852 2050 2907 liter
2077 2853 2417 2909 observanda
2443 2856 2778 2911 mendaciter
2804 2856 3155 2926 dogmatizat.
3454 2903 3456 2905 ,

1993 2944 2169 3011 Ecce,
2197 2945 2568 3011 dilectissimi,
2603 2948 3009 3002 tabernaculum
3042 2947 3137 3001 Dei
3176 2964 3320 3003 nunc
3359 2964 3511 3005 eome-

247 3016 522 3087 Hyssopus
549 3026 753 3086 autem,
783 3022 872 3089 qui
891 3021 1125 3090 pectoris
1153 3038 1348 3077 arcana
1371 3026 1640 3093 purificat,
1662 3027 1821 3082 fidem

1931 3038 2108 3092 munis
2131 3037 2453 3108 frequentia:
2481 3039 2739 3093 societate
2761 3040 3143 3103 construimus,
3170 3050 3227 3094 et
3253 3044 3509 3111 templum

248 3105 510 3175 designat,
542 3108 609 3163 de
643 3124 747 3178 qua
798 3110 1053 3166 nimirum
1109 3113 1240 3167 dicit
1271 3115 1596 3184 Apostolus:
1640 3136 1657 3168 ‹
1689 3118 1825 3174 Fide

246 3195 539 3264 mrificans
587 3200 747 3253 corda
802 3216 989 3255 eorum
1044 3201 1194 3273 (Act.
1227 3205 1349 3275 xv).
1416 3224 1435 3258 ι
1508 3207 1565 3262 In
1636 3210 1821 3266 cinere

246 3299 381 3340 vero
409 3287 746 3357 significatur
766 3292 1064 3358 humilitas,
1096 3311 1191 3364 per
1210 3312 1373 3364 quam
1400 3299 1611 3354 scilicet
1660 3302 1829 3356 Abra-

248 3376 376 3433 ham
413 3379 522 3434 Deo
571 3382 903 3452 colloquens,
953 3386 1060 3439 ait:
1095 3406 1112 3437 ί
1164 3387 1381 3458 Loquar
1429 3392 1497 3444 ad
1546 3391 1824 3447 Dominum

247 3484 453 3534 meum,
478 3489 598 3527 cum
621 3474 721 3528 sim
752 3475 926 3543 pulvis
949 3486 1005 3530 et
1054 3477 1192 3533 cinis
1243 3476 1406 3546 (Gen.
1434 3483 1623 3553 xvtu).
1659 3503 1676 3532 ›
1724 3483 1829 3537 Per

249 3562 485 3630 speciem
513 3579 638 3618 vero
672 3565 822 3619 rubei
848 3564 1151 3635 fragminis,
1180 3568 1363 3624 fervor
1384 3570 1626 3625 innuitur
1648 3574 1826 3626 chari-

248 3649 399 3703 tatis.
430 3649 568 3707 llinc
593 3662 675 3707 est
699 3656 841 3723 quod
870 3656 1041 3710 Adam
1072 3658 1271 3712 dicitur
1298 3669 1441 3714 terra
1471 3665 1646 3724 rubra,
1678 3664 1826 3717 vidc-

250 3736 378 3792 licet
406 3751 460 3793 ut
484 3742 534 3795 in
570 3745 829 3800 vocabulo
854 3746 1010 3815 primi
1044 3748 1277 3804 hominis
1307 3750 1468 3806 homo
1500 3753 1669 3806 discat
1701 3768 1825 3822 qua-

250 3835 429 3893 tenus,
462 3832 588 3899 quia
620 3840 759 3887 terra
790 3845 892 3900 est,
925 3837 1200 3891 humiliter
1222 3841 1402 3905 vivat;
1432 3852 1484 3895 et
1513 3844 1637 3912 quia
1666 3844 1828 3897 ruber

252 3916 469 3983 dicitur,
497 3936 527 3973 a
561 3920 772 3977 fervore
820 3925 1099 3982 eharitatis
1139 3930 1366 3999 gemina:
1415 3947 1520 3985 non
1566 3941 1823 4001 tepescat.

250 4005 379 4077 Quae
401 4011 611 4066 scilicet
640 4014 818 4067 omnia
843 4014 1042 4071 idcirco
1090 4018 1143 4071 in
1193 4020 1529 4077 dedicatione
1576 4023 1827 4078 Ecclesia:

252 4100 537 4161 visibiliter
561 4102 949 4173 admiscentur,
997 4117 1055 4161 ut
1090 4125 1187 4163 nos
1217 4125 1405 4165 eorum
1434 4114 1718 4182 mysticum
1751 4115 1827 4168 in-

255 4193 527 4250 tellectura
554 4193 608 4250 in
652 4205 831 4249 mente
856 4204 1037 4250 nostra
1067 4200 1360 4255 recondere
1405 4204 1715 4258 doceamur.
1762 4206 1827 4259 Et

254 4284 379 4351 quia
402 4300 500 4339 nos
531 4286 716 4355 utique
744 4302 929 4343 smnus
946 4288 1206 4354 Ecclesia,
1232 4306 1329 4360 per
1350 4293 1590 4350 visibiles
1619 4297 1827 4364 species

256 4383 415 4444 atque
445 4390 735 4446 corporeas
754 4381 977 4451 mystice
1000 4379 1312 4451 designatur
1331 4397 1451 4451 qua:
1467 4386 1829 4454 Spiritualium

257 4466 511 4522 virtutum
533 4470 689 4525 nobis
717 4471 889 4527 inesse
909 4474 1138 4529 debeant
1187 4486 1546 4534 sacramenta.
1571 4478 1697 4534 llmc
1747 4481 1829 4535 in-

257 4556 414 4608 terim
448 4573 544 4612 vos
573 4574 733 4614 nosse
786 4562 1031 4627 sudiciat,
1063 4573 1122 4618 ut
1150 4581 1248 4634 per
1292 4568 1404 4623 haec
1432 4584 1550 4637 qua:
1599 4571 1830 4627 dicimus

255 4644 480 4700 valeatis
508 4658 560 4703 et
588 4650 674 4703 illa
710 4651 977 4721 conjicere
1001 4670 1117 4723 quae
1148 4666 1404 4714 tacemus.

328 4734 534 4792 Videtis
565 4750 847 4808 praeterea,
893 4743 1252 4813 dilectissimi,
1294 4750 1417 4819 quia
1468 4752 1688 4807 basilica
1728 4754 1831 4808 ista

259 4836 477 4883 constat
502 4828 769 4898 lapidibus
792 4842 847 4886 et
874 4845 1152 4901 czeniento,
1201 4840 1342 4907 quod
1374 4841 1417 4894 si
1470 4844 1693 4911 parietis
1721 4860 1832 4899 ma-

256 4913 415 4969 china
444 4918 496 4969 in
528 4918 633 4972 alta
663 4934 721 4974 se
737 4923 1021 4993 subrigens
1041 4925 1447 4996 solislapidihus
1460 4945 1831 4999 coacervatur,

256 5015 314 5057 et
337 5006 500 5062 calcis
529 5024 593 5063 ac
624 5011 793 5065 sabuli
819 5013 1023 5082 glutine
1054 5030 1159 5069 non
1191 5018 1568 5087 obstringitur,
1599 5024 1667 5078 ad
1716 5024 1835 5076 vio-

259 5093 435 5151 [entire
464 5097 749 5166 cujuslibet
777 5102 1035 5174 impetum
1063 5107 1323 5176 quidquid
1352 5120 1724 5170 constructum
1755 5125 1840 5171 est

218 5243 222 5245 λ
258 5200 483 5244 necesse
509 5199 593 5245 est
621 5191 930 5249 subruatur.
960 5194 1095 5260 Quid
1122 5210 1205 5254 est
1225 5198 1369 5251 aliud
1416 5206 1673 5273 templum
1718 5207 1835 5276 Dei,

258 5282 362 5322 nini
396 5286 620 5322 nnnnlnc
650 5287 782 5322 nui?
816 5293 836 5322 Ι
865 5291 1045 5322 ηηῖιΙΛ.π
1077 5295 1177 5322 “Li
1236 5295 1521 5322 Lamb.an
1572 5304 1613 5322 ιι
1658 5305 1669 5316 ι
1694 5306 1707 5322 ι
1746 5317 1808 5322 -μ

1928 3124 2025 3178 Dei
2052 3126 2323 3194 corporali
2351 3125 2659 3196 frequentia
2696 3126 3025 3182 sufficienter
3068 3127 3376 3196 implemus,
3402 3130 3511 3182 imo

1927 3225 1979 3269 et
2009 3216 2106 3285 ipsi
2133 3216 2386 3285 templum
2410 3217 2501 3269 Dei
2532 3229 2628 3286 per
2649 3232 2800 3270 novae
2830 3217 3255 3287 regenerationis
3279 3220 3510 3288 gratiam

1927 3306 2101 3361 effecti
2151 3323 2353 3362 sunms.
2386 3328 2403 3359 ι
2442 3308 2722 3376 Templum
2771 3309 2915 3362 enim
2962 3307 3057 3361 Dei
3100 3318 3347 3364 sanctum
3392 3319 3510 3375 est,

1928 3398 2060 3452 dicit
2083 3399 2392 3466 Apostolus,
2421 3401 2563 3467 quod
2588 3401 2721 3455 estis
2760 3415 2876 3465 vos,
2924 3410 2980 3456 et
3018 3401 3254 3473 Spiritus
3279 3402 3373 3457 Dei
3413 3403 3510 3459 ha-

1927 3488 2066 3543 bitat
2091 3490 2144 3541 in
2176 3490 2347 3543 vobis.
2388 3509 2406 3541 ι
2456 3490 2552 3544 Ubi
2587 3492 2824 3545 terribile
2846 3501 2950 3555 est,
2981 3494 3126 3562 quod
3153 3501 3351 3563 praesto
3384 3494 3514 3549 sub—

1920 3577 2166 3650 jungitur
2195 3598 2209 3633 :
2244 3600 2261 3631 ι
2300 3581 2357 3635 Si
2390 3582 2512 3650 quis
2535 3582 2791 3652 templum
2842 3583 2934 3636 Dei
2965 3584 3270 3649 violaverit,
3301 3586 3512 3655 disper-

1928 3671 2019 3724 det
2045 3669 2194 3723 illum
2223 3671 2365 3724 Deus
2391 3669 2441 3738 (Ι
2475 3670 2597 3724 Cor.
2628 3674 2736 3741 ιιι).
2766 3690 2785 3723 ι
2822 3670 3107 3742 Templum
3155 3688 3308 3739 sane,
3350 3674 3513 3730 idest

1930 3761 2227 3815 materialis
2272 3761 2527 3830 quaelibet
2565 3778 2631 3816 ac
2674 3772 2889 3818 terrena
2930 3764 3185 3830 basilica,
3217 3765 3512 3833 aliquando

1930 3854 2165 3921 pulvere,
2216 3854 2299 3908 vel
2347 3854 2450 3909 levi
2501 3871 2821 3926 quacunque
2865 3859 3023 3913 sorde
3070 3857 3367 3926 polluitur;
3411 3857 3515 3912 ali-

1929 3945 2144 4014 quando
2170 3962 2265 4016 per
2306 3945 2621 4002 effusionem
2652 3952 2929 4020 sanguinis
2949 3994 2963 4017 ,
3001 3953 3086 4007 vel
3118 3962 3265 4009 certe
3292 3971 3393 4025 per
3419 3952 3512 4010 a'd-
3548 4014 3551 4019 ί

1928 4036 2150 4089 missum
2198 4036 2414 4105 aliquod
2457 4053 2622 4107 grave
2672 4037 2885 4095 facinus
2932 4042 3194 4108 violatur;
3245 4045 3339 4099 sed
3382 4060 3508 4100 cum
3546 4028 3568 4102 ξ,

1929 4125 2075 4179 solus
2100 4139 2160 4179 se
2183 4124 2382 4180 nimius
2410 4130 2583 4197 pulvis
2607 4141 2927 4201 exaggerat,
2958 4132 3039 4187 vel
3060 4136 3236 4189 tenuis
3264 4136 3509 4206 quadam

1929 4218 2153 4287 pollutio
2179 4220 2468 4288 pavimenti
2496 4225 2814 4279 munditiam
2839 4226 3021 4289 fmdat,
3048 4227 3150 4281 levi
3181 4227 3508 4295 ramuscula,

1859 4352 1905 4411 Β
1929 4313 2073 4379 quod
2102 4313 2356 4383 injectum
2385 4324 2489 4380 est,
2521 4318 2782 4385 scopitur,
2809 4328 2862 4371 et
2896 4320 2974 4373 sic
2994 4319 3060 4371 ad
3086 4320 3323 4387 priorem
3352 4336 3512 4375 mun-

1934 4401 2144 4467 ditiam,
2173 4404 2315 4471 quod
2344 4404 2604 4459 fmdatnm
2634 4416 2735 4472 est,
2772 4416 3075 4462 revocatur.
3120 4409 3191 4461 At
3222 4409 3265 4462 si
3306 4409 3391 4462 vel
3412 4411 3513 4464 ho-

1937 4494 2162 4556 micidii,
2188 4494 2275 4547 vel
2305 4496 2629 4562 gravissimi,
2671 4497 2813 4563 quod
2859 4497 3030 4563 absit,
3067 4498 3290 4553 sceleris
3319 4511 3512 4556 conta—

1936 4584 2231 4638 minatione
2278 4587 2625 4654 respergitur,
2655 4587 2831 4642 denuo
2858 4602 2956 4657 per
2986 4589 3179 4644 summi
3207 4592 3514 4649 sacerdotis

1934 4673 2167 4727 ollicinm
2214 4688 2433 4728 necesse
2473 4687 2553 4731 est
2591 4677 2942 4733 instauretur.
2975 4678 3086 4736 Nos
3134 4691 3280 4735 certe
3324 4682 3378 4737 in
3428 4685 3517 4741 die

1935 4766 2077 4821 sacri
2103 4766 2441 4835 baptismatis
2484 4784 2581 4837 per
2628 4769 3109 4827 sanetitlcationem
3153 4769 3387 4839 Spiritus
3419 4776 3523 4833 Dei

1938 4858 2199 4933 templum
2217 4873 2403 4913 sumus
2436 4859 2646 4925 effecti;
2674 4863 2817 4931 quod
2846 4862 2890 4917 si
2925 4864 3011 4918 vel
3034 4862 3198 4920 otiosi
3226 4869 3529 4937 sermonis,

1937 4950 2023 5005 vel
2052 4949 2229 5020 exigui
2279 4949 2595 5020 cujusquam
2639 4963 2820 5008 reatus
2863 4953 3279 5013 attaminatione
3310 4962 3544 5019 conti“.

1940 5042 2151 5112 gimur,
2186 5039 2344 5094 facile
2388 5052 2478 5096 est
2514 5058 2575 5098 ut
2617 5045 2750 5100 levis
2790 5045 3130 5115 paenitentia!
3155 5042 3561 5114 satisfactione

1942 5147 2256 5204 purgemur.
2279 5132 2351 5186 At
2372 5132 2416 5185 si
2449 5139 2632 5205 gravis
2661 5137 2829 5208 culpa:
2863 5134 3078 5207 lepram
3107 5150 3209 5191 nos
3239 5130 3565 5207 incurrisse

1941 5220 2261 5291 contigerit,
2303 5220 2551 5279 adeunda
2598 5234 2680 5281 est
2726 5225 2978 5298 protinus
3028 5236 3209 5285 mater
3233 5224 3567 5303 ,Ecclesia,
