3992 5322
475 170 570 225 9η

1047 167 1103 223 s.
1147 167 1347 222 PETRI
1387 168 1666 225 DAMIANI
1696 169 1848 227 ore.
1886 151 2016 226 plin

2121 169 2229 226 SEU
2274 169 2506 228 TOMUS
2535 169 2600 226 ll.
2639 199 2709 212 --
2747 166 3136 228 SERMONES.

3289 131 3316 163 ιλ

543 282 652 338 Nec
690 281 906 337 dubium
955 281 1083 350 quin
1127 281 1217 336 illa
1263 283 1445 352 templi
1491 283 1790 353 spiritualis
1839 284 2042 338 instau-
2073 297 2122 356 Α
2217 280 2334 336 Non
2375 297 2504 352 ergo
2533 283 2604 338 sit
2635 296 2786 338 mens
2826 293 3040 350 vestra,
3070 281 3423 349 dilectissimi,
3455 285 3710 355 apotheca

475 377 631 441 ratio,
651 388 770 442 qua:
794 388 889 442 per
908 372 1133 427 visibilis
1159 374 1454 427 sacerdotis
1474 374 1761 427 exhibetur
1785 372 2036 435 oﬂieium,

471 479 569 534 per
595 463 790 518 divina:
817 463 1032 516 virtutis
1079 472 1241 531 atque
1285 463 1536 531 potentiae
1579 463 1906 517 intrinsecus
1939 464 2041 516 im-

467 555 680 625 pleatur
701 551 983 618 eﬂ'ectum;
1027 560 1080 607 et
1122 553 1370 607 Christus
1394 551 1570 617 Jcsus,
1616 552 1707 621 qui
1747 568 1905 607 verus
1926 552 2040 606 Rex

466 652 552 698 est
597 653 654 698 et
696 643 992 707 Sacerdos,
1042 644 1186 710 quod
1241 644 1533 713 collapsum
1591 643 1643 696 in
1694 643 1908 697 homine
1956 641 2041 698 vel

465 732 800 787 destructum
843 730 1063 800 maligni
1110 731 1331 799 Spiritus
1376 739 1493 784 arte
1548 729 1893 795 considerat,
1942 745 2041 799 per

461 821 722 892 plenioris
767 821 953 892 gratia:
985 822 1282 890 largitatem
1311 821 1361 874 in
1394 822 1582 875 melius
1611 830 1835 876 renovat
1876 831 1931 876 et
1959 836 2041 876 re-

461 911 683 967 format.
713 911 867 977 Quod
907 913 1069 964 etiam
1107 911 1289 978 templi
1336 910 1669 965 Hierusalem
1716 911 2038 964 instauratio

464 1020 594 1063 tunc
625 1008 714 1062 illa
741 1009 1064 1077 signaverat,
1094 1021 1212 1073 qua:
1239 1020 1335 1073 per
1364 1003 1659 1059 Zorobabel
1684 1003 1852 1057 filium
1878 1003 2035 1057 Sala-

464 1101 616 1164 thiel,
664 1095 856 1153 duceni
903 1094 1153 1150 videlicet
1196 1081 1367 1158 Juda,
1395 1092 1577 1148 Jesum
1609 1091 1818 1164 (Josue)
1869 1092 2035 1145 filium

457 1190 721 1246 Josedech
769 1188 1102 1243 sacerdotem
1146 1199 1421 1253 magnum,
1469 1183 1610 1237 facta
1635 1184 1800 1238 fuisse
1841 1182 2036 1251 legitur

459 1283 625 1354 386
653 1281 752 1336 sub
781 1279 943 1333 Dario
973 1290 1097 1344 rege
1140 1274 1424 1328 Persarum
1459 1271 1507 1342 (Ι
1547 1270 1707 1325 Esdr.
1735 1275 1852 1341 tu).
1881 1270 2034 1324 Sicut

461 1361 604 1425 enim
653 1379 782 1424 tunc
830 1365 1254 1421 Nabuehouosor
1303 1378 1395 1417 rex
1448 1361 1732 1432 Babylonis
1779 1361 2032 1430 templum

457 1461 794 1518 Hierusalem
820 1458 1073 1530 populum
1102 1456 1418 1527 captivando
1443 1457 1802 1518 destrinxerat,
1832 1456 1910 1510 sic
1939 1471 2031 1509 ne-

450 1553 643 1623 quitiae
669 1552 914 1620 spiritus,
955 1549 1044 1618 qui
1089 1562 1372 1618 possessor
1403 1556 1484 1601 est
1515 1547 1717 1600 intimae
1759 1545 2029 1600 confusio-

2145 373 2427 437 mercium,
2448 389 2555 427 non
2582 373 2890 444 cupiditatis
2915 375 3183 437 :erarium,
3209 390 3315 430 non
3337 390 3462 429 area
3494 375 3714 432 bellato-

2143 478 2281 515 rum.
2299 463 2566 532 Quidquid
2587 464 2729 518 enim
2752 464 2937 519 sedulo
2959 479 3142 520 versas
3164 464 3217 519 in
3237 466 3592 530 conscientia,
3614 465 3712 521 hoc

2140 550 2346 606 idemet
2361 553 2474 620 ipse
2493 567 2552 606 es
2575 553 2626 605 in
2649 551 3004 606 aestimatione
3027 553 3227 606 divina.
3253 551 3425 610 Omne
3446 554 3710 622 siquidem

2139 650 2403 709 nostrum,
2435 644 2547 697 sive
2571 642 2718 708 boni,
2751 642 2865 696 sive
2893 641 3018 696 mali
3045 642 3370 698 desiderium
3417 659 3606 698 coram
3631 644 3710 699 di-

2137 730 2263 784 vino
2290 741 2582 800 conspectu
2611 730 2663 784 in
2711 739 2892 784 nostra
2935 732 3175 786 cernitur
3207 743 3387 788 mente
3413 734 3708 804 depictum.

2135 818 2305 880 Porro
2327 822 2370 874 si
2404 822 2456 874 in
2491 831 2542 876 te
2567 819 2780 874 ﬂamma
2809 819 3045 876 libidinis
3065 832 3276 887 aestuat,
3307 840 3462 879 mens
3494 834 3590 878 tua
3618 825 3708 879 do-

2135 925 2258 966 mus
2276 919 2358 964 est
2386 909 2775 972 fornicationis,
2798 925 2903 964 non
2925 911 3116 965 domus
3139 914 3438 979 orationis;
3468 913 3516 967 si
3544 912 3709 970 fomes

2134 998 2274 1052 inest
2294 998 2479 1052 livoris
2499 1008 2552 1053 et
2574 999 2710 1062 odii;
2743 1013 2847 1052 non
2875 999 3207 1054 domicilium
3237 1003 3406 1070 pacis,
3434 1004 3536 1057 sed
3564 1018 3710 1056 cam-

2132 1101 2233 1158 pus
2263 1086 2474 1142 videtur
2513 1101 2630 1141 esse
2659 1087 2991 1142 certaminis.
3041 1087 3124 1143 Sit
3169 1104 3296 1160 ergo
3326 1105 3482 1145 mens
3529 1099 3710 1145 nostra

2134 1193 2240 1232 non
2284 1179 2530 1232 obscenae
2559 1177 2782 1232 luxurias
2809 1179 3072 1245 clibanus,
3109 1194 3214 1234 non
3246 1182 3565 1250 passionum
3594 1197 3711 1236 sen-

2135 1268 2246 1322 tina
2274 1270 2603 1334 carnalium,
2635 1286 2740 1323 nou
2767 1270 2999 1340 denique
3042 1271 3381 1326 volutabrum
3416 1273 3675 1327 vitiorum
3694 1312 3708 1337 ,

2132 1361 2226 1415 sed
2275 1362 2489 1414 sitcum
2531 1362 2624 1415 Dei
2659 1363 3046 1431 omnipotentis
3097 1364 3298 1418 auxilio
3345 1364 3706 1433 spiritualium

2129 1451 2252 1504 aula
2287 1451 2580 1514 virtutum,
2610 1452 2772 1522 387
2819 1469 2980 1522 quam
3026 1454 3138 1522 ipse
3166 1470 3432 1523 supernus
3460 1455 3710 1524 dignetur

2129 1543 2400 1598 habitator
2419 1545 2647 1600 invisere
2670 1555 2830 1614 atque
2859 1547 2910 1599 in
2938 1545 3139 1614 templo
3161 1546 3322 1600 dicati
3345 1545 3448 1600 sibi
3473 1546 3708 1614 pectoris

459 1647 572 1708 nis,
613 1644 900 1698 humanam
947 1641 1182 1694 animam
1240 1655 1268 1691 a
1310 1653 1405 1692 sua
1454 1653 1596 1706 saepe
1639 1638 1885 1693 libertate
1938 1653 2022 1692 ca.
2057 1636 2102 1696 Β
2131 1631 2408 1698 habitare,
2443 1635 2580 1688 sicut
2625 1651 2721 1704 per
2769 1635 3083 1705 prophetam
3133 1637 3427 1705 promittit,
3475 1635 3702 1688 dicens:

449 1737 646 1807 ptivat,
671 1744 726 1789 et
747 1734 846 1788 sic
874 1733 1132 1801 templum
1166 1731 1259 1786 Dei
1287 1745 1541 1800 perversa
1577 1728 2027 1799 concupiscentiae

459 1829 624 1883 sorde
637 1826 1004 1883 contaminat.

438 1940 443 1947 '
521 1925 590 1979 Et
613 1924 755 1978 sicut
776 1938 873 1991 per
896 1919 1189 1976 Zorobabel
1218 1928 1381 1989 atque
1408 1918 1611 1983 Jcsum,
1653 1917 1854 1989 regiam
1878 1916 2027 1972 vide-

451 2015 576 2070 .icet
607 2012 1106 2080 sacerdotalemque
1132 2024 1417 2079 personam
1440 2049 1455 2073 ,
1503 2019 1636 2063 tunc
1663 2009 2020 2062 instauratum

443 2116 533 2159 est
560 2104 838 2172 templum,
866 2103 944 2156 sie
970 2100 1206 2155 hominis
1241 2100 1421 2154 anima
1452 2097 1634 2152 furore
1678 2098 1881 2167 antiqui
1922 2098 2021 2152 bo-

437 2197 548 2252 atis
569 2195 873 2266 impellente
902 2193 1235 2262 collapsa,-et
1256 2205 1350 2260 per
1373 2188 1488 2256 ejus
1512 2189 1762 2242 astutiam
1795 2189 2020 2257 turpiter

447 2285 664 2348 violata,
697 2299 762 2338 ex
805 2284 1000 2337 virtute
1041 2281 1416 2349 Redemptoris
1443 2280 1640 2343 nostri,
1666 2278 1756 2346 qui
1782 2292 1845 2331 ex
1875 2289 2020 2331 utra-

434 2390 553 2445 que
581 2374 749 2442 stirpe
777 2373 1088 2437 descendit,
1131 2371 1384 2439 erigitur,
1431 2377 1487 2422 et
1525 2384 1628 2422 non
1673 2367 1844 2422 solum
1879 2367 1934 2420 in
1964 2366 2014 2420 id

443 2462 820 2533 quod-fuerat.-
841 2462 933 2517 sed
963 2472 1017 2516 et
1037 2461 1088 2515 in
1114 2459 1388 2528 amplioris
1417 2459 1603 2529 gratia:
1628 2457 2014 2526 plenitudinem

435 2557 788 2611 reformatur.
815 2553 968 2608 Unde
994 2561 1048 2608 et
1070 2567 1169 2620 per.
1193 2551 1445 2620 Aggtcum
1468 2569 1470 2572 ν
1492 2549 1806 2618 prophetam
1837 2539 1918 2602 de.
1936 2547 2015 2601 la-

435 2648 601 2715 pideo
631 2647 721 2701 illo
759 2644 958 2715 templo
1004 2644 1203 2698 dictum
1231 2652 1314 2696 est
1338 2640 1376 2694 ε’
1405 2659 1422 2692 t
1478 2640 1665 2710 Magna
1693 2639 1799 2694 erit
1843 2637 2012 2708 gloria

432 2743 633 2791 atomus
656 2737 808 2790 istius
834 2734 1143 2790 novissimae
1166 2741 1284 2802 plus
1306 2747 1464 2800 quam
1491 2731 1708 2798 prinue;
1738 2739 1792 2783 et
1819 2731 1868 2782 in
1893 2729 2011 2783 loco

443 2830 546 2882 isto
575 2828 715 2881 dabo
762 2841 982 2896 pacem,
1024 2825 1157 2880 dicit
1200 2823 1457 2877 Dominus
1496 2822 1634 2875 Deus
1673 2819 2009 2874 exercituum

430 2918 598 2986 (ἀρφ.
633 2919 713 2986 ιι).
747 2935 765 2967 ›
802 2916 953 2970 Tunc
999 2914 1250 2969 sacerdos
1281 2913 1366 2966 illc
1407 2909 1716 2980 pontificum
1742 2949 1755 2972 ,
1800 2918 1854 2964 et
1892 2909 2006 2963 Rex

2135 1741 2154 1774 ι
2191 1723 2536 1779 lnambulabo
2571 1724 2623 1778 iu
2665 1725 2800 1789 illis,
2849 1733 2903 1779 ct
2950 1725 3258 1779 inbabitabo
3287 1734 3342 1779 et
3365 1741 3463 1779 ero
3492 1726 3705 1779 illorum

2127 1814 2268 1868 Deus
2295 1813 2378 1884 (:‘I
2413 1813 2533 1868 Cor.
2561 1816 2660 1886 vi),
2699 1833 2718 1865 ι
2752 1815 2841 1883 qui
2883 1815 3014 1868 vivit
3043 1823 3098 1868 et
3124 1823 3313 1882 regnat
3350 1815 3402 1868 in
3439 1814 3714 1868 Trinitate'

2124 1905 2366 1974 perfecta
2411 1920 2550 1960 unus
2589 1914 2644 1960 et
2671 1920 2830 1961 verus
2858 1905 2999 1960 Deus
3023 1905 3079 1959 in
3110 1904 3307 1981 saecula
3353 1905 3700 1960 sceculorum.

2122 1992 2318 2048 Amen.
2642 2013 2646 2017 ι

2479 2175 2618 2236 SER
2629 2177 2687 2235 Μ
2693 2175 2896 2237 ONES
2939 2175 3348 2239 MORALES.

2117 2275 2328 2336 Sermo
2360 2274 2431 2334 de
2464 2277 2620 2336 vitio
2657 2277 2909 2355 linguae.

2116 2373 2326 2433 Scr-mo
2369 2371 2440 2432 de
2468 2375 2792 2450 spirituali
2829 2375 3176 2434 certamine.

2115 2470 2326 2530 Sermo
2363 2470 2705 2549 synodalis.

2613 2567 2883 2623 SERMO
2921 2567 3199 2622 LXXIII.

2644 2675 2710 2714 DE
2749 2676 2898 2714 \‘lTIO
2937 2677 3172 2716 LINGUIE.

2182 2747 2316 2803 Cum
2365 2749 2486 2819 pius
2515 2757 2740 2803 exactor
2783 2764 3116 2819 qmecunqne
3147 2762 3354 2803 merces
3393 2750 3498 2804 sub
3523 2751 3698 2806 chiro-

2110 2841 2315 2909 grapho
2340 2840 2612 2894 cautionis
2645 2838 2945 2894 oﬂ‘eruntur
2969 2840 3333 2909 amplectitur,
3365 2856 3594 2896 securus
3615 2850 3697 2896 est

2115 2931 2326 2984 debitor
2355 2932 2443 3000 qui
2479 2939 2705 2984 tenetur.
2737 2932 2825 2984 Sic
2852 2946 2998 3001 ergo,
3028 2931 3222 2985 fratres
3247 2931 3591 2994 charissimi,
3619 2933 3695 2986 sic

434 3022 627 3076 regum
659 3005 912 3074 templum
957 3019 1111 3059 suum
1158 3010 1416 3072 perpetuo
1457 3015 1801 3068 possessurns
1835 2999 2012 3067 ingre-

2359 2979 2443 3000 τ--
2481 2979 2704 2984 ------.---
2739 2979 2824 2984 τ--
2858 2979 2998 3001 πυ-.
3028 2979 3220 2985 --_----
3253 2979 3591 2994 -------_------,
3620 2979 3694 2986 ---

2121 3021 2388 3084 nimirum,
2417 3036 2539 3075 cum
2578 3036 2670 3074 vos
2694 3021 2760 3074 ad
2785 3021 3014 3075 libenter
3037 3021 3305 3075 audienda
3328 3037 3450 3088 quae
3475 3024 3542 3075 de
3566 3037 3694 3076 mea

436 3100 608 3161 ditur,
635 3106 688 3150 et
719 3096 986 3149 illud-non
1022 3095 1194 3148 solum
1233 3111 1261 3147 a
1305 3091 1590 3161 perpetrati
1638 3090 1857 3144 sceleris
1882 3105 2010 3145 con-

435 3188 796 3242 taiuiimtione
838 3185 1120 3255 purificat,
1169 3185 1262 3238 sed
1315 3184 1476 3236 etiam
1533 3182 1697 3251 gloria
1741 3181 2007 3235 continua:

437 3281 692 3348 deinceps
722 3278 1126 3333 inhabitationis
1160 3277 1412 3331 illustrat.
1445 3274 1598 3328 Sicut
1639 3289 1735 3342 per
1761 3274 2005 3328 eumdem

431 3369 754 3438 prophetam
801 3369 1036 3424 dicitur:
1070 3386 1088 3418 ι
1136 3367 1202 3421 Et
1227 3366 1402 3420 veniet
1433 3362 2006 3428 Desideratuseuuctis

435 3462 713 3530 gentibus;
743 3469 795 3515 et
817 3459 1070 3528 .implebo
1112 3457 1328 3511 domum
1353 3456 1511 3511 istam
1534 3455 1723 3524 gloria,
1750 3454 1881 3508 dicit
1903 3453 2006 3506 Do—

436 3547 614 3608 minus
633 3554 965 3609 exercituum
990 3549 1197 3622 (Ibid.).
1229 3568 1248 3600 ι

508 3644 798 3699 Hortamur
837 3644 1018 3712 itaque
1042 3682 1056 3706 ,
1089 3640 1467 3705 dilectissimi,
1497 3649 1554 3694 et
1596 3649 1798 3694 saneta:
1843 3638 2006 3692 devo-

436 3737 603 3790 tionis
628 3747 820 3788 vestrae
848 3732 1186 3803 prudentiam
1231 3731 1520 3785 salubriter
1545 3731 1916 3793 admouemus,
1947 3738 2000 3781 ut

433 3828 482 3880 si
513 3823 1037 3894 templumpectoris
1066 3821 1231 3876 vestri
1273 3820 1632 3888 cognoscitis,
1673 3817 1755 3871 vel
1797 3816 2003 3884 antiqui

434 3914 610 3972 hostis
634 3922 751 3984 arte
779 3919 1091 3980 corruptum
1114 3950 1129 3975 ,
1159 3909 1244 3964 vel
1285 3909 1447 3962 etiam
1480 3907 1770 3978 perpetrati
1797 3907 2006 3975 gravis-

434 4007 570 4059 sima
617 4004 930 4071 cujusquam
982 4002 1203 4057 sceleris
1246 4001 1655 4055 attaminatione
1701 3999 1958 4067 pollutum
1985 4037 1999 4062 ,

434 4095 584 4150 illum
623 4095 763 4160 adite
797 4093 1113 4161 pontificem
1135 4133 1147 4155 ,
1179 4095 1268 4163 qui
1305 4092 1714 4148 restaurationis
1755 4100 1810 4145 ct
1841 4091 2003 4145 totius

433 4186 681 4254 luuname
726 4184 918 4237 salutis
967 4183 1333 4252 principaliter
1376 4183 1584 4236 obtinet
1638 4187 1998 4250 potestatem;

2112 3110 2432 3164 rusticitatis
2485 3110 2662 3179 inopia
2695 3110 3042 3179 proferuntur
3091 3111 3322 3164 intentos
3367 3112 3599 3179 aspicio,
3630 3111 3696 3186 ad

2109 3199 2439 3252 reddendum
2488 3199 2639 3253 vobis
2671 3199 2924 3268 deinceps
2953 3199 3204 3269 promissi
3246 3200 3523 3253 sermonis
3553 3201 3696 3253 debi-

2111 3299 2221 3344 tttm
2251 3290 2546 3360 promptior
2594 3291 2932 3345 couValesco.
2986 3291 3052 3344 Et
3081 3291 3206 3358 quia
3251 3305 3348 3358 per
3379 3292 3554 3344 totius
3605 3293 3696 3345 he-

2108 3380 2386 3436 bdomadis
2415 3380 2672 3435 circulum
2706 3384 2758 3435 in
2786 3381 2987 3436 cellulis
3007 3382 3356 3451 singulariter
3386 3384 3692 3442 constituti,

2107 3471 2448 3525 afﬂuentibus
2478 3471 2774 3540 Scriptura:
2798 3487 2966 3526 sacrae
2997 3474 3222 3542 dapibus
3253 3475 3390 3527 estis
3419 3475 3653 3543 saginati
3678 3512 3693 3534 ,

2107 3577 2246 3616 nunc
2276 3563 2342 3616 de
2389 3563 2639 3616 manibus
2687 3563 2964 3616 servitutis
3011 3574 3210 3618 nostrae
3259 3574 3441 3618 vester
3481 3567 3694 3618 animus

2107 3659 2360 3720 tauquam
2384 3650 2508 3704 vilia
2537 3653 2603 3704 ad
2629 3653 2952 3705 vescendum
2977 3668 3135 3722 poma
3159 3654 3440 3722 suscipiat,
3461 3664 3523 3706 ut
3545 3664 3693 3722 post-

2107 3741 2322 3793 modum
2350 3741 2416 3793 ad
2450 3741 2657 3811 priores
2695 3741 2882 3810 epulas
2928 3753 3134 3812 quanto
3164 3745 3498 3801 esurientius
3542 3756 3693 3799 tanto

2107 3833 2314 3886 avidius
2341 3841 2604 3887 recurrat.

2177 3923 2372 3979 Curate
2415 3925 2596 3994 igitur.
2633 3924 2834 3981 fratres
2865 3927 3011 3990 mei,
3057 3943 3180 3982 cum
3209 3928 3443 3984 invicem
3487 3944 3688 3985 conve-

2106 4015 2255 4079 nitis,
2291 4024 2347 4069 ut
2391 4016 2641 4079 honeste,
2688 4020 2926 4086 graviter
2947 4027 3003 4073 et
3030 4035 3241 4074 morose
3287 4021 3549 4076 incedere
3577 4033 3690 4076 stu-

2106 4107 2300 4170 dcatis,
2332 4116 2594 4174 quatenus
2620 4109 2812 4163 debita:
2837 4110 3265 4166 mortificationis
3289 4112 3523 4183 insignia
3555 4129 3692 4183 prze-

2107 4193 2360 4259 ferentes,
2385 4203 2437 4247 et
2467 4197 2606 4250 inter
2635 4199 2990 4268 vosmetipsos
3020 4201 3200 4268 quiete
3226 4216 3290 4255 ac
3317 4204 3551 4271 pacifice
3581 4203 3690 4256 fra-

432 4276 502 4332 de
552 4276 748 4332 mentis
794 4283 990 4331 vestra:
1044 4274 1290 4329 cubiculo
1327 4289 1512 4344 pravae
1559 4273 2005 4342 concupiscentia}
2035 4322 2078 4380 υ
2109 4292 2259 4336 terna
2303 4284 2528 4339 valeatis
2572 4285 2836 4340 charitate
2884 4303 3205 4357 congruere,
3243 4299 3298 4344 et
3342 4293 3688 4347 extrinsecus

431 4366 620 4422 sordes
658 4365 895 4433 abjicite,
941 4364 1141 4420 furoris
1184 4375 1238 4419 et
1284 4365 1573 4419 iracundia:
1616 4364 1861 4418 stimulos
1906 4379 2004 4432 per

429 4455 704 4526 patientia:
735 4455 1197 4509 mansuetudinem
1228 4455 1498 4522 mitigate,
1533 4453 1824 4524 petulantis
1847 4451 2001 4505 luxu—

429 4547 528 4604 ria
555 4545 702 4600 virus
721 4545 991 4615 expellite,
1021 4560 1269 4614 supernae
1303 4543 1776 4614 contemplationis
1806 4543 2000 4598 intuitu

430 4652 694 4696 ranarum
740 4639 1124 4708 cogitationum
1165 4638 1446 4708 caliginem
1477 4639 1774 4704 dimovete;
1816 4638 2001 4708 siCque

432 4729 615 4797 procul
650 4728 886 4797 abiectis
928 4730 1171 4784 omnium
1199 4729 1452 4784 sordibus
1494 4730 1776 4796 vitiorum,
1820 4744 2003 4785 succe-

431 4820 558 4881 dant
589 4820 946 4888 spiritualium
985 4832 1301 4875 ornamenta
1332 4823 1608 4884 virtutum,
1652 4822 1846 4889 quibus
1870 4834 1998 4876 sua-

396 4980 399 4981 ,
429 4911 571 4966 viter
595 4911 888 4966 delectatus
914 4913 1251 4983 omnipotens
1273 4913 1434 4977 Deus,
1467 4913 1593 4967 illud
1617 4914 1668 4968 iu
1691 4915 1842 4969 vobis
1863 4929 2000 4969 con-

429 5010 611 5056 struat
637 5002 996 5068 domicilium,
1036 5004 1090 5058 in
1133 5020 1239 5074 quo
1265 5006 1335 5058 sit
1371 5005 1484 5073 ipse
1527 5005 1808 5060 summitas
1837 4993 2001 5061 simul

431 5101 488 5144 et
512 5089 940 5146 fundamentum.
975 5092 1270 5162 Summitas
1293 5095 1507 5163 quidem
1531 5135 1544 5157 ,
1575 5095 1715 5148 sicut
1744 5087 1999 5164 scriptum

2106 4373 2518 4443 adventantibus
2557 4367 2759 4431 sancta:
2795 4381 3225 4436 conversationis
3266 4383 3517 4452 exempla
3549 4399 3688 4454 pra:-

2106 4464 2267 4529 bere,
2301 4466 2568 4535 pr:ccipue
2613 4476 2790 4523 tamen
2837 4469 3181 4540 loquacitatis
3228 4473 3362 4526 vitio
3395 4489 3588 4528 severe
3624 4489 3688 4527 ac

2106 4555 2392 4625 vigilanter
2431 4558 2698 4624 obsistite,
2743 4569 2796 4614 et
2825 4563 3085 4630 prurienti
3131 4563 3326 4634 linguae
3353 4565 3568 4620 frenum
3597 4580 3689 4620 so-

2099 4645 2207 4720 brii
2236 4639 2622 4703 moderaminis
2662 4649 2931 4714 adhibete,
2980 4665 3067 4716 ne,
3097 4653 3238 4722 quod
3283 4654 3460 4718 absit,
3506 4654 3688 4710 brevis

2105 4731 2252 4791 bene
2271 4739 2444 4806 spatio
2469 4739 2705 4808 perdatis
2730 4742 2903 4796 otiosa
2925 4741 3192 4812 loquendo
3219 4744 3360 4812 quod
3381 4758 3481 4812 per
3504 4745 3686 4814 plures

2105 4829 2412 4896 acquisiStis
2439 4831 2667 4898 orando,
2716 4843 2769 4888 et
2797 4849 2942 4888 nunc
2981 4849 3048 4888 ex
3077 4835 3258 4907 lingua
3287 4835 3478 4890 leviter
3502 4835 3685 4888 amuat

2089 4918 2246 4993 quod
2292 4929 2526 4974 mentem
2573 4931 2762 4992 postea
2817 4924 3129 4993 pmnitendo
3166 4925 3410 4995 graviter
3449 4934 3678 4994 premat.

2105 5007 2258 5078 Sarpe
2282 5025 2514 5081 namque
2543 5014 2683 5068 inter
2726 5016 2962 5085 reliquos
2996 5016 3148 5072 cibos
3173 5055 3189 5082 ,
3232 5032 3398 5070 unum
3449 5016 3680 5073 fortasse

2101 5100 2228 5170 quid
2255 5117 2283 5154 a
2313 5103 2628 5159 comedente
2659 5106 2945 5175 trajicitur,
2986 5108 3130 5175 quod
3172 5121 3273 5178 per
3311 5107 3499 5176 plures
3525 5117 3672 5177 post-
