3992 5322
234 398 339 456 913

1611 383 1840 440 ςΕιιΜο
1871 383 2099 438 LXXIII.

3368 368 3472 424 οη

232 515 406 582 potest
438 501 688 561 oblivioni
721 501 974 558 traditum
1006 515 1034 554 a
1081 499 1404 570 cogitatione
1433 496 1620 551 deleri.
1654 493 1791 548 Non-
1831 501 1874 558 Α
1906 507 2190 582 peccamus
2259 491 2364 582 Sed
2409 487 2666 562 quidquid
2704 489 2759 582 in
2793 489 3027 582 humana
3061 485 3472 582 conversatione

234 599 361 654 nulli
411 597 552 652 enim
601 594 827 648 fratrum
857 602 1139 663 postquam
1187 606 1248 645 se
1289 591 1569 660 aliquanto
1601 587 1801 641 diutius

233 689 445 743 siluisse
475 685 815 740 meminerint
844 723 859 747 ,
894 683 1124 752 quadam
1153 680 1306 751 quasi
1337 695 1400 734 ex
1435 679 1549 748 ipso
1589 677 1801 732 silentio

233 757 520 833 securitate
576 781 938 845 praesumpta,
990 785 1114 826 mox
1168 771 1234 825 ad
1290 768 1605 839 proferenda
1662 781 1800 821 vana

233 867 485 937 quaelibet
517 875 570 919 et
613 864 753 918 levia
795 862 1060 927 defluunt,
1093 871 1146 915 et
1195 877 1300 916 non
1349 861 1414 914 ad
1465 859 1801 914 necessitatis

231 953 462 1020 indicia,
513 953 606 1008 sed
657 952 722 1006 ad
767 952 1060 1020 voluptatis
1103 951 1281 1021 potius
1319 947 1670 1019 petulantiam
1722 948 1802 1001 in—

231 1045 462 1100 discreta
494 1059 588 1098 ora
617 1042 907 1097 resolvunt.
935 1042 1140 1108 Quibus
1169 1039 1409 1112 profecto
1434 1038 1585 1092 valde
1615 1038 1803 1091 timen-

231 1134 354 1188 dum
386 1140 490 1195 est,
518 1145 586 1184 ne
616 1131 787 1199 magis
813 1131 980 1184 Deum
1011 1130 1142 1183 vitio
1182 1128 1429 1182 vaniliuzc
1460 1125 1802 1181 verbositatis

229 1219 674 1290 oﬂ‘endantquam
696 1221 796 1274 sibi
821 1221 970 1289 prius
981 1219 1150 1289 388'
1162 1218 1228 1272 de
1247 1217 1444 1272 silentii
1467 1217 1546 1272 sui
1571 1231 1800 1272 censura

229 1310 598 1382 placaverant.
651 1309 820 1363 Deum
862 1309 1151 1378 siquidem,
1194 1322 1352 1376 quem
1401 1315 1455 1360 et.
1499 1306 1706 1361 silendo
1749 1313 1804 1360 et

227 1402 558 1457 orationibus
601 1401 895 1456 insistendo
924 1401 975 1455 in
1002 1415 1063 1455 se
1086 1400 1363 1469 suscipere
1393 1397 1646 1454 fortassis
1674 1407 1801 1454 ante

227 1502 583 1558 meruerant,
632 1507 774 1546 nunc
837 1491 1079 1546 vacando
1125 1489 1322 1546 fabulis
1364 1500 1418 1544 et
1463 1490 1802 1546 sermonibus

226 1583 414 1636 otiosis
450 1591 600 1636 tanto
653 1580 1008 1650 periculosius
1050 1588 1252 1652 quanto
1295 1579 1524 1635 vicinius
1552 1581 1800 1652 persequi

186 1733 188 1736 ,
229 1687 332 1726 non
363 1672 674 1728 formidant.

293 1761 535 1817 Audiam
607 1763 789 1831 itaque
845 1761 974 1831 quid
1030 1759 1230 1815 Paulus
1287 1760 1535 1830 Ephesiis
1594 1761 1736 1815 dicat
1781 1777 1793 1813 :

1905 581 2232 649 delinquitur
2260 579 2548 634 fructuosae
2573 577 2902 648 ptenitentia:
2929 577 3164 633 remedio
3186 583 3241 631 et
3263 575 3474 632 crebris

1902 672 2235 726 orationibus
2256 671 2523 740 expiatur.

1970 762 2389 819 Consideremus
2439 779 2604 834 ergo,
2662 762 2858 818 fratres
2907 761 3256 825 charissimi,
3306 774 3469 831 quam

1901 871 2066 927 grave
2109 856 2181 911 sit
2227 856 2279 910 in
2325 855 2505 921 lingua
2539 855 2888 923 delinquere,
2909 868 3028 922 quae
3072 851 3375 920 compuncti
3419 859 3475 903 et

1903 947 2072 1000 amari
2099 947 2276 1002 cordis
2314 947 2581 1016 interpres
2604 945 2931 1014 pronostris
2954 942 3164 998 delictis
3185 939 3472 994 efﬁcaciter

1901 1036 2180 1090 consuevit
2200 1049 2374 1100 orare,
2406 1044 2460 1089 et
2487 1049 2604 1087 eam
2634 1034 2936 1087 vanissima:
2974 1029 3314 1099 loquacitatis
3343 1027 3475 1082 vitio

1903 1140 2049 1180 ream
2095 1134 2256 1195 atque
2300 1125 2588 1180 obnoxiam
2627 1124 2810 1178 divino
2853 1121 3162 1192 conspectui
3209 1119 3469 1178 reddere,

1902 1232 2021 1285 qua:
2064 1217 2316 1271 nimirum
2363 1217 2414 1271 in
2459 1231 2570 1270 suae
2597 1214 2871 1270 munditiae
2912 1214 3146 1283 puritate
3178 1211 3476 1282 persistens

1903 1305 2106 1360 nostris
2135 1306 2371 1360 reatibus
2397 1314 2608 1376 poterat
2633 1303 2843 1358 veniam
2877 1303 3143 1357 obtinere.
3179 1300 3330 1356 Unde
3365 1299 3474 1351 non

1904 1395 2177 1449 immerito
2206 1411 2304 1464 per
2351 1395 2527 1449 virum
2569 1393 2880 1463 Sapientem
2910 1391 3150 1446 dicitur:
3186 1408 3205 1442 ι
3251 1387 3474 1459 Flagelli

1901 1482 2067 1554 389
2095 1482 2250 1553 plaga
2277 1483 2499 1537 livorem
2530 1482 2656 1536 facit
2679 1499 2693 1548 ;
2723 1481 2875 1552 plaga
2900 1490 3079 1536 autem
3108 1480 3298 1549 linguae
3323 1493 3472 1531 com-

1902 1573 2106 1627 minuet
2130 1586 2251 1626 ossa
2275 1571 2462 1641 (Ercli.
2490 1571 2702 1638 xxvut).
2739 1589 2758 1622 ι
2809 1570 2947 1624 Ecce
2996 1569 3174 1639 lingua
3213 1581 3336 1621 ossa
3369 1580 3476 1621 non

1902 1660 2092 1726 habet,
2139 1668 2195 1715 et
2237 1675 2359 1715 ossa
2389 1661 2730 1725 comminuit,
2758 1660 2884 1728 quia
2913 1675 3035 1713 eum
3081 1659 3194 1727 ipsa
3226 1671 3324 1726 per
3346 1670 3477 1710 ven-

1903 1763 2020 1808 tosa
2062 1754 2226 1810 verba
2266 1753 2456 1808 leviter
2484 1754 2651 1808 ellluit
2702 1753 2860 1808 fortia
2903 1762 3067 1821 atque
3111 1750 3334 1805 robusta
3363 1749 3476 1802 vir-

231 1869 251 1902 σ
281 1851 490 1914 Omnis,
541 1851 747 1919 inquit,
795 1864 976 1914 sermo,
1017 1849 1189 1904 malus
1215 1865 1283 1905 ex
1325 1865 1421 1904 ore.
1465 1859 1643 1906 vestro
1685 1867 1792 1906 non
1823 1849 1870 1908 Β
1899 1843 2028 1897 tutis
2057 1851 2255 1898 nostra:
2278 1843 2416 1897 facta
2439 1842 2756 1912 corrumpit.
2787 1839 2918 1895 Nam
2957 1855 3078 1894 cum
3112 1855 3258 1895 mors
3285 1846 3340 1892 et
3363 1837 3474 1897 vita

223 1944 501 2013 procedat,
535 1944 628 1999 sed
656 1944 699 1999 si
745 1944 872 2014 quid
915 1945 1115 1998 bonum
1155 1953 1260 2008 est,
1290 1945 1358 1999 ad
1384 1943 1796 2000 aedificationem

225 2035 648 2105 opportunitatis
704 2034 868 2100 tidci,
921 2043 980 2088 ut
1031 2036 1121 2090 det
1170 2035 1399 2104 gratiam
1460 2035 1800 2090 audientibus

225 2123 439 2195 (Ephes.
468 2124 564 2194 tv).
603 2142 622 2175 ι
653 2123 718 2177 Ει
741 2124 865 2194 quia
898 2124 1138 2178 nonnulli
1176 2124 1343 2180 Deum
1379 2126 1530 2194 prius
1557 2124 1694 2180 bene
1720 2125 1800 2179 vi-

224 2213 395 2268 vendo
432 2213 730 2278 lanificam,
763 2215 856 2269 scd
887 2215 1227 2284 postmodum
1257 2215 1524 2284 superflua
1575 2232 1799 2286 quasque

223 2314 277 2360 et
313 2319 572 2374 perversa
603 2305 870 2375 loquendo
893 2306 1241 2370 contristant,
1288 2307 1430 2361 illico
1477 2307 1795 2376 subjunxit:

228 2412 249 2446 ι
284 2395 348 2449 Et
387 2395 561 2450 nolite
613 2395 936 2448 contristare
983 2393 1244 2464 Spiritum
1289 2406 1536 2450 sanctum
1587 2395 1712 2460 Dei,
1746 2396 1798 2449 in

223 2499 326 2553 quo
349 2485 548 2554 signati
576 2485 708 2538 estis
753 2483 805 2536 in
839 2484 925 2538 die
954 2485 1339 2552 redemptionis
1371 2485 1581 2556 (Ibid.).
1619 2504 1637 2537 ι
1665 2484 1797 2540 Per-

223 2574 461 2641 pendant
488 2574 692 2638 miseri,
718 2589 837 2643 quae
861 2573 966 2628 illis
992 2573 1177 2627 lmtitia
1203 2573 1255 2628 in
1282 2575 1437 2628 vanis
1462 2577 1801 2632 sermonibus

225 2671 402 2730 potest
442 2663 810 2717 Ienocinantes
851 2662 1134 2731 obrepere,
1167 2665 1362 2731 quibus
1389 2665 1566 2718 sciunt
1605 2681 1662 2720 se
1694 2681 1800 2721 non

222 2762 494 2820 potentem
526 2753 704 2808 saeculi
726 2794 740 2818 ,
771 2769 874 2807 non
901 2755 1064 2807 etiam
1095 2753 1384 2822 quemlibet
1425 2763 1669 2809 sanctum
1707 2756 1802 2810 ho-

222 2840 446 2905 minem,
490 2841 584 2895 sed
617 2843 792 2911 ipsum
842 2841 1102 2911 Spiritum
1149 2850 1427 2909 sanctum,
1477 2843 1570 2912 qui
1611 2846 1800 2914 procul

223 2929 384 2984 dubio
413 2931 559 2986 Deus
583 2940 686 2997 est,
719 2935 1093 2988 constristare.

289 3019 502 3085 Quanto
547 3030 726 3078 autem
768 3023 995 3078 cautela:
1037 3025 1215 3080 studio
1247 3024 1443 3097 lingua:
1485 3029 1800 3096 procacitas

226 3106 488 3164 frenanda
513 3110 604 3182 sit,
637 3111 681 3164 si
711 3111 834 3180 quis
861 3127 1021 3167 nosse
1050 3113 1351 3178 desiderat,
1381 3115 1520 3171 inter
1539 3133 1658 3187 quae
1695 3121 1800 3174 cri-

1902 1935 1972 1990 sit
2019 1936 2070 1988 in
2114 1950 2274 1988 manu
2310 1934 2502 2005 lingua:
2545 1932 2725 2003 (Prov.
2756 1931 2942 2000 XVIII),
2977 1930 3130 1985 valde
3171 1929 3472 1984 cavendum

1899 2035 1981 2081 cst
2007 2025 2195 2080 vitium
2225 2025 2367 2094 quod
2399 2034 2454 2078 et
2485 2040 2646 2078 manu
2696 2023 2763 2076 ad
2797 2022 3096 2078 feriendum
3133 2021 3207 2075 uti
3238 2020 3476 2084 dicitur,

1899 2119 2043 2173 unde
2073 2119 2308 2172 inaniter
2335 2117 2602 2186 loquentis
2639 2116 2820 2170 anima
2846 2114 3161 2169 trucidetur.
3188 2111 3340 2168 Unde
3365 2125 3474 2164 non

1899 2211 2172 2266 immerito
2215 2209 2374 2276 idem,
2408 2210 2500 2279 qui
2535 2223 2730 2277 supra,
2774 2207 3001 2276 Sapiens
3045 2205 3214 2260 dicit:
3250 2219 3270 2254 ι
3317 2200 3470 2254 Multi

1899 2306 2209 2360 ceciderunt
2234 2305 2287 2358 in
2315 2318 2410 2358 ore
2434 2303 2614 2374 gladii,
2639 2302 2731 2358 sed
2757 2317 2859 2357 non
2885 2302 2980 2366 sic,
3009 2299 3163 2370 quasi
3183 2297 3275 2368 qui
3303 2297 3482 2351 inter-.

1902 2396 2079 2452 ierunt
2101 2411 2196 2465 per
2222 2394 2456 2466 linguam
2486 2411 2638 2449 suam
2668 2393 2856 2465 (Eecli.
2882 2394 3096 2461 xxwu).
3137 2409 3155 2445 ι

1970 2485 2085 2540 Duo
2113 2494 2291 2539 autem
2324 2485 2611 2554 unicuique
2663 2485 2967 2539 necessaria
3019 2491 3146 2538 sunt
3193 2479 3284 2549 qui
3320 2492 3380 2533 se
3406 2477 3476 2533 ab

1901 2573 2060 2644 hujus
2104 2573 2357 2644 nequitiae
2398 2583 2547 2644 peste
2568 2575 2844 2628 custodire
2871 2573 3166 2636 desiderat,
3192 2578 3251 2623 ut
3277 2566 3474 2624 videli-

1901 2673 2007 2728 cet,
2042 2673 2097 2716 et
2123 2664 2398 2734 proprium
2426 2679 2487 2720 os
2513 2680 2541 2718 a
2574 2665 2922 2734 supervacuis
2957 2663 3301 2718 sermonibus
3325 2674 3476 2715 com—

1901 2754 2119 2824 primat,
2145 2763 2222 2818 et,
2247 2769 2407 2808 aures
2435 2754 2597 2808 etiam
2611 2755 2888 2824 abineptis
2913 2754 3100 2809 alienae
3125 2751 3480 2823 loquacitatis.

1901 2843 2426 2902 confabulationibus
2475 2846 2711 2913 claudat,
2763 2848 3017 2916 quoniam
3061 2847 3164 2902 hoc
3198 2847 3346 2900 virus
3367 2859 3475 2898 non

1903 2937 2075 2992 solum
2106 2951 2198 2993 eos
2221 2953 2250 2991 a
2282 2938 2478 3006 quibus
2514 2938 2690 2992 oritur
2719 2937 2989 2992 lethaliter
3043 2937 3231 3000 inlicit,
3261 2933 3356 2989 sed
3381 2948 3476 2988 eos

1900 3027 2063 3081 etiam
2099 3027 2151 3082 in
2181 3043 2315 3098 quos
2339 3027 2630 3083 effunditur
2671 3029 2973 3098 perniciosa
3005 3029 3125 3083 tabe
3154 3025 3476 3095 corrumpit.

1902 3117 2055 3173 Unde
2107 3119 2370 3188 scriptum
2421 3127 2504 3173 est
2535 3135 2549 3172 :
2581 3137 2599 3171 α
2638 3118 2766 3190 Sepi
2811 3135 2972 3174 attres
3025 3125 3144 3173 tuas
3188 3116 3378 3187 spinis,
3416 3125 3474 3169 et

223 3198 362 3253 tuina
391 3199 463 3254 ab
490 3201 678 3254 eodem
714 3204 974 3272 magistro
999 3204 1236 3273 gentium
1268 3218 1600 3275 numeretur,
1624 3219 1794 3266 atten-
1821 3187 1869 3251 δ
1900 3209 2011 3264 noli
2038 3210 2226 3265 audire
2249 3211 2484 3281 linguam
2511 3226 2742 3282 nequam
2764 3229 2779 3278 ;
2802 3221 2856 3267 et
2884 3212 2967 3267 ori
2999 3221 3093 3266 tuo
3118 3209 3281 3264 facito
3303 3210 3483 3270 ostia..

221 3286 355 3342 dat:
396 3305 417 3339 ι
454 3287 801 3356 Foruicatio,
858 3292 1068 3362 inquit,
1118 3301 1173 3347 et
1216 3295 1394 3359 omnis
1427 3297 1795 3365 immunditia,

221 3387 309 3431 aut
353 3381 617 3448 avaritia,
671 3397 771 3438 nec
818 3385 1128 3438 nominetur
1153 3387 1205 3438 in
1256 3386 1446 3450 vobis,
1478 3389 1619 3443 sicut
1643 3391 1800 3446 decet

221 3479 458 3533 sanctos,
492 3478 585 3524 aut.
618 3473 910 3540 turpitudo,
941 3484 1028 3528 aut
1075 3475 1492 3542 stultiloquium,
1521 3487 1612 3532 aut
1641 3495 1796 3534 scur-

224 3559 418 3624 rilitas,
449 3576 571 3630 quae
617 3563 683 3616 ad
713 3579 827 3618 rem
859 3580 965 3618 non
1012 3566 1248 3634 pertinet
1275 3565 1491 3635 (Ep/tes.
1522 3569 1599 3638 v).
1639 3591 1658 3622 ι
1696 3571 1798 3626 Ubi

221 3647 360 3700 enim
387 3648 830 3716 fornicationem,
863 3653 1280 3717 immunditiam.
1325 3667 1489 3728 atque
1515 3659 1798 3715 avaritiam

221 3736 405 3801 texuit,
439 3736 513 3792 ibi
545 3739 707 3792 etiam
740 3739 1108 3796 indifferenter
1133 3745 1515 3801 scurrilitatem
1539 3787 1554 3811 ,
1584 3759 1639 3802 et
1669 3749 1802 3803 stul-

222 3825 501 3898 tiloqnium
546 3829 862 3894 nominavit,
906 3841 964 3886 ut
1014 3833 1298 3891 manifeste
1345 3838 1504 3892 detur
1551 3839 1798 3913 intelligi,

219 3915 410 3984 linguae
443 3917 642 3972 malum
690 3921 1025 3998 gravissimis
1070 3922 1389 3980 criminibus
1424 3927 1476 3981 in
1503 3927 1800 3988 offensione

173 4073 177 4077 ~
221 4006 608 4074 coniunctum,
652 4023 682 4062 a
726 4012 924 4078 quibus
960 4011 1014 4066 in
1062 4013 1175 4082 ipsa
1203 4030 1306 4069 non
1334 4025 1418 4072 est
1438 4020 1802 4086 prohibitione

222 4095 536 4152 discretum.
569 4098 706 4165 Quid
736 4111 916 4156 autem
944 4104 1252 4173 vaniloquio
1278 4116 1456 4175 potest
1497 4123 1617 4163 esse
1651 4111 1803 4166 dete-

221 4185 354 4252 rius,
380 4189 527 4256 quod
553 4205 659 4244 non
690 4191 848 4246 modo
871 4207 968 4262 per
997 4194 1344 4265 semetipsum
1379 4197 1648 4254 infelicem
1678 4201 1798 4255 ani-

220 4291 359 4332 mam
407 4279 684 4335 lethaliter
723 4294 932 4350 gravat,
977 4285 1072 4340 sed
1101 4296 1159 4340 et
1201 4288 1373 4357 ipsam
1411 4279 1649 4344 honesta:
1673 4291 1799 4346 vita:

217 4366 558 4437 religionem,
609 4387 730 4440 qua:
757 4375 1027 4430 hominem
1060 4377 1169 4430 Deo
1195 4375 1397 4444 junxit,
1435 4389 1680 4446 evacuat,
1708 4381 1801 4436 Ja-

217 4459 348 4514 cobo
377 4469 631 4528 testante,
663 4464 855 4537 qui‘ait
883 4481 896 4519 :
933 4485 951 4518 ¢
987 4466 1044 4521 Si
1072 4469 1194 4537 quis
1222 4479 1374 4538 putat
1397 4486 1454 4530 se
1481 4472 1793 4544 religiosum

1898 3310 1953 3355 et
1991 3317 2142 3357 seras
2191 3303 2415 3357 auribus
2463 3305 2602 3368 tuis;
2652 3321 2843 3358 aurum
2877 3313 3048 3368 tuum,
3075 3312 3132 3358 et
3182 3311 3484 3376 argentum.

1900 3396 2050 3444 tuum
2080 3388 2273 3456 confla,
2303 3399 2356 3444 et
2377 3391 2556 3446 verbis
2582 3393 2686 3446 tuis
2711 3392 2876 3446 facito
2897 3400 3178 3455 stateram,
3207 3399 3261 3447 et
3287 3389 3482 3448 frenos,

1896 3479 1979 3534 eri
2011 3488 2102 3533 tuo
2125 3488 2324 3544 rectos,
2357 3488 2412 3534 et
2433 3481 2673 3550 attende,
2693 3496 2760 3536 ne
2785 3480 2929 3536 forte
2950 3481 3152 3536 labaris
3178 3481 3233 3536 in
3262 3479 3468 3550 lingua,

1898 3577 1954 3624 et
1981 3570 2140 3623 cadas
2172 3568 2226 3623 in
2255 3578 2546 3638 conspectu
2571 3570 2917 3625 inimicorum
2943 3570 3321 3626 insidiantium
3349 3570 3470 3634 tibi,

1898 3671 1952 3716 et
1981 3661 2054 3716 sit
2104 3676 2261 3717 casus
2315 3672 2436 3718 tuus
2471 3663 2790 3718 insanabilis
2827 3664 2881 3718 in
2914 3671 3146 3718 mortem
3196 3662 3405 3734 (Ibid).
3445 3681 3466 3715 ι

1900 3752 2154 3808 Salomon
2197 3762 2379 3808 autem
2408 3754 2540 3809 dicit
2572 3771 2594 3808 ι
2618 3774 2634 3805 ι
2665 3754 2767 3821 Qui
2788 3753 3047 3810 .custodit
3082 3768 3146 3808 os
3166 3767 3347 3824 suum,
3376 3768 3472 3808 cu-

1898 3843 2065 3897 stodit
2095 3844 2332 3897 animam
2363 3858 2515 3899 suam
2541 3860 2556 3910 ;
2589 3844 2681 3913 qui
2724 3853 2904 3899 autem
2937 3845 3365 3910 inconsideratus
3385 3853 3478 3918 est.

1899 3933 1967 3987 ad
2013 3932 2360 4002 loquendum,
2410 3935 2605 3988 sentiet
2643 3933 2844 3988 malum
2901 3931 3084 4003 (Prov.
3137 3931 3278 4003 χιιι).
3314 3953 3332 3985 ι
3359 3932 3469 3989 Nec

1897 4023 2041 4077 enim
2070 4022 2396 4077 credendum
2437 4033 2544 4088 est,
2573 4022 2770 4078 fratres
2816 4025 2942 4088 mei,
2968 4031 3186 4097 sanctos
3211 4024 3460 4078 doctores

1899 4112 2032 4168 Novi
2086 4112 2292 4168 scilicet
2328 4128 2391 4168 ae
2433 4112 2642 4168 Veteris
2671 4112 3004 4169 Testamenti
3037 4122 3116 4169 tot
3160 4114 3283 4180 sine
3303 4127 3478 4168 causa.

1897 4202 2195 4258 sententias
2239 4202 2497 4256 adversus
2528 4202 2723 4272 lingua:
2764 4203 2954 4256 vitium
3001 4203 3308 4273 protulisse.
3354 4200 3468 4256 Nisi

1897 4291 2045 4346 enim
2085 4291 2211 4347 huic
2241 4292 2428 4347 morbo
2474 4293 3036 4364 immanepcriculum
3064 4296 3242 4349 inesse
3269 4308 3470 4363 cogno-

1899 4391 2136 4448 soerent,
2176 4398 2516 4454 nequaquam
2567 4376 2843 4440 adversus
2888 4385 3032 4440 hunc
3089 4396 3196 4439 tam
3226 4394 3462 4448 austere,

1899 4480 2008 4528 tam
2037 4480 2223 4540 acute,
2277 4482 2384 4529 tam
2437 4475 2824 4546 multipliciter,
2855 4483 2964 4529 tam
3019 4474 3362 4531 uniformiter
3386 4478 3468 4532 di-

215 4561 352 4613 esse,
381 4566 492 4606 non
519 4552 800 4608 refrenaus
823 4555 1057 4623 linguam
1094 4572 1268 4623 suam,
1298 4562 1390 4614 sed
1411 4539 1673 4618 seducens
1701 4579 1796 4619 cor
1825 4539 1872 4599 θ
1896 4573 2199 4634 sputarcnt.

207 4652 393 4730 suum,
429 4641 590 4712 hujus
621 4659 759 4698 vana
806 4654 891 4700 est
941 4646 1126 4716 religio
1159 4647 1300 4719 (Jac.
1329 4650 1390 4719 ι).
1425 4669 1442 4702 ›
1470 4651 1673 4718 Quibus
1713 4653 1794 4707 ni-
1965 4653 2038 4710 Ut
2061 4656 2207 4708 enim
2233 4665 2426 4711 caetera
2454 4657 2760 4712 testimonia
2800 4673 2971 4714 sacrae
3010 4658 3303 4728 Scriptura
3328 4675 3481 4730 [πως.

216 4729 413 4804 mirum
447 4735 630 4790 verbis
675 4734 795 4790 luce
833 4736 1034 4792 clarius
1060 4748 1275 4794 constat
1323 4743 1446 4810 quia
1479 4743 1532 4797 in
1563 4745 1790 4800 nihilum
1891 4753 2118 4806 teream,
2154 4759 2314 4812 quem
2357 4747 2651 4814 apostolica
2684 4747 2808 4802 tuba
2833 4747 2922 4802 illa
2947 4764 3051 4803 non
3081 4757 3304 4813 terreat,
3330 4729 3470 4818 quae

217 4820 392 4910 omnis
421 4832 608 4877 nostra
649 4824 836 4894 religio
882 4826 1165 4896 redigitur,
1200 4829 1302 4883 nisi
1342 4830 1572 4885 solerter
1601 4833 1795 4886 immo-
1890 4831 1956 4887 de
1985 4833 2087 4886 hac
2110 4833 2348 4902 pernicie
2374 4837 2688 4890 terribiliter
2715 4837 2942 4902 intonat,
2965 4838 3150 4893 dicens
3187 4853 3204 4869 ο
3245 4855 3263 4888 ι
3302 4837 3479 4910 Ecce,

218 4907 415 4998 derata:
439 4911 634 4983 linguai
671 4915 889 4970 lascivia
913 4928 1304 4986 compescatur.
1333 4919 1434 4986 Qui
1460 4937 1647 4978 rursus
1676 4923 1788 4977 ait:
1890 4920 2086 4990 inquit,
2147 4933 2380 4990 quantus
2448 4926 2585 4995 ignis
2639 4941 2800 4994 quam
2850 4942 3104 4998 magnam
3167 4907 3490 4987 silvamin.

223 4997 378 5091 s-Qui
421 5000 474 5091 in
503 5003 668 5078 verbo
696 5019 800 5058 non
847 5004 1109 5075 offendit,
1158 5009 1245 5062 hic
1273 5008 1546 5076 perfectus
1601 5020 1684 5066 est
1708 5011 1792 5068 vir
1895 5011 2095 5076 cendit,
2124 5020 2177 5065 et
2219 5011 2401 5080 lingua
2457 5016 2596 5087 ignis
2634 5023 2740 5081 est,
2768 4997 3092 5072 universitas
3136 5015 3504 5091 iniquitatis;

219 5084 354 5138 (Jac.
387 5090 496 5138 IIII.
536 5111 554 5138 ξ
677 5093 772 5138 Viri
799 5093 1052 5138 nerfnntin
1085 5097 1136 5138 in
1166 5095 1314 5138 \mrhi
1361 5097 1603 5138 ollclnlIin
1633 5101 1790 5138 nnni-

1903 5099 2074 5138 “nano
2108 5100 2462 5138 onnclilnilnp
2490 5105 2543 5138 ἶη
2598 5104 2854 5138 ΜηΜιινῖο
2886 5107 3084 5138 αιτιοι-οἷο
3134 5118 3254 5138 unm
3284 5121 3373 5138 ινισι
3390 5126 3474 5138 Α--
