3992 5322
465 297 571 352 915

1059 296 1118 354 S.
1147 297 1351 354 PETRI
1391 297 1677 355 ΒΑΜΙΑΝΙ
1711 299 1862 356 ΟΡΡκ
1901 297 2020 353 PAF

2125 297 2252 354 SEU
2289 297 2522 356 TOMUS
2548 301 2618 356 ll.
2659 329 2730 346 --
2757 301 3153 374 SERMONES.

465 408 822 474 contaminat,
862 408 907 464 si
937 417 1111 464 rotam
1140 420 1345 466 nostra:
1391 413 1692 467 nativitatis
1721 411 2040 477 inﬂammat,
2070 415 2119 472 Α
2145 409 2261 463 sive
2311 410 2476 464 etiam
2511 409 2886 468 mdiiicationis
2919 413 3084 469 verba
3115 411 3464 484 proferendo,
3500 415 3718 470 studeat

464 501 519 556 id
549 509 630 555 est
665 500 710 555 si
739 514 903 556 omne
923 502 1181 558 meritum
1202 503 1470 559 instabilis
1502 502 1662 572 hujus
1688 506 1813 559 vita:
1838 513 2040 558 nostra;

458 608 574 654 sua:
625 593 990 650 damnationis
1042 595 1293 650 incendio
1349 596 1594 659 devorat,
1649 596 1750 650 nisi
1797 596 2038 666 linguam

457 693 614 736 suam
643 683 767 752 quis
822 683 1056 740 discreta
1085 685 1460 742 moderatione
1506 688 1798 750 custodiat,
1831 689 1953 756 quis
1973 689 2040 743 de

457 770 782 839 sobrietate,
827 774 952 842 quis
996 775 1064 829 de
1110 775 1361 830 castitate
1410 790 1758 844 praesumere,
1805 778 1927 845 quis
1971 777 2041 832 de

451 861 698 932 ieiuniis,
747 863 860 919 sive
908 863 1130 936 vigiliis,
1175 873 1270 920 aut
1309 863 1492 936 aliqua
1537 880 1600 922 se
1658 866 1860 938 poterit
1895 866 2039 922 bona

455 954 772 1020 operatione
799 956 1046 1026 jactare?

523 1041 798 1099 Ponamus
841 1060 989 1116 ergo,
1041 1047 1242 1104 fratres
1295 1049 1638 1114 charissimi,
1686 1050 1898 1106 frenum
1951 1051 2034 1106 ori

450 1139 675 1198 nostro;
719 1149 824 1188 non
874 1150 943 1190 ex
983 1151 1050 1191 eo
1082 1137 1252 1192 verba
1297 1140 1550 1194 scurrilia
1606 1141 1892 1210 prodeant,
1924 1157 2034 1197 non

449 1219 611 1278 ﬂuxae
658 1225 860 1280 iustitiae
891 1227 1125 1282 fomenta
1156 1241 1541 1301 prorumpunt;
1591 1249 1698 1288 non
1726 1233 1908 1305 lingua
1940 1250 2035 1290 no~

449 1321 565 1366 atra
597 1312 784 1371 fratris
837 1317 1036 1372 infirmi
1063 1320 1229 1375 vitam
1260 1322 1587 1378 detractorie
1609 1327 1888 1390 mordeat;
1925 1341 2032 1382 non

446 1402 590 1458 bene
640 1408 909 1462 currentis
947 1425 1110 1480 opera
1135 1411 1236 1467 sub
1270 1415 1394 1469 vita:
1428 1415 1587 1484 hujus
1615 1416 1822 1472 incerto
1843 1418 2034 1486 praeci-

444 1495 691 1562 pitanter
737 1499 990 1563 extollat;
1051 1516 1159 1556 non
1208 1503 1485 1571 praeterita
1541 1507 1702 1572 facta,
1757 1507 1840 1561 vel
1886 1507 2034 1562 dicta

446 1585 688 1642 inaniter
733 1590 965 1654 recitet;
1029 1607 1135 1647 non
1185 1593 1316 1662 quid
1373 1595 1540 1667 39o
1592 1613 1625 1651 a
1677 1596 2035 1653 saecularibus

444 1687 640 1748 agatur
689 1681 832 1736 inter
859 1681 1054 1737 fratres
1099 1685 1418 1754 pestilenter
1469 1698 1720 1750 enarret;
1747 1703 2032 1744 servemus

2141 513 2260 554 eam
2303 501 2596 555 salubriter
2640 515 2918 568 exercere,
2950 519 3018 560 ne
3048 504 3136 559 cui
3166 519 3311 560 nunc
3355 504 3514 561 ardet
3537 505 3718 578 lingua

2140 588 2193 644 in
2247 589 2499 658 loquendi
2531 593 2990 660 concupiscentia,
3029 595 3400 652 damnationis
3427 613 3545 653 sua:
3569 607 3720 665 post-

2141 681 2356 735 modum
2408 682 2759 736 comburatur
2811 684 2865 737 in
2923 699 3104 754 parua.
3135 685 3323 756 Neque
3350 688 3496 742 enim
3543 688 3714 758 negli-

2139 779 2329 840 genter
2353 773 2677 828 audiendum
2705 781 2790 829 est
2813 775 2964 845 quod
3011 776 3162 831 dives
3193 777 3281 831 ille
3303 778 3524 847 petebat
3555 778 3714 833 refri-

2137 861 2318 931 gerari
2365 862 2603 934 linguam
2648 880 2820 929 suam,
2875 867 3003 936 quia
3036 869 3382 924 cruciabatur
3411 871 3467 924 in
3495 869 3715 925 ﬂamma

2136 951 2294 1023 (Luc.
2345 954 2478 1027 xvr).
2511 956 2645 1022 Quia
2705 959 2870 1021 enim,
2897 958 3052 1026 juxta
3111 963 3466 1030 apostolicam
3496 972 3716 1017 senten-

2138 1044 2288 1109 tiam,
2344 1045 2580 1101 humana
2634 1047 2814 1118 lingua
2847 1065 2876 1102 a
2905 1050 3168 1120 gebenna,
3214 1052 3315 1106 hoc
3343 1061 3426 1107 est
3453 1067 3488 1107 a
3516 1054 3716 1123 gehen-

2136 1135 2352 1191 nalibus
2409 1137 2616 1200 incolis,
2652 1155 2795 1195 nunc
2821 1141 3021 1196 dicitur
3071 1141 3393 1198 inﬂammari
3422 1143 3568 1212 (Jac.
3592 1143 3712 1213 ut);

2135 1244 2242 1284 non
2268 1230 2537 1286 immerito
2559 1235 2902 1300 postmodum
2925 1233 3155 1290 flammis
3181 1233 3466 1288 ultricibus
3489 1235 3715 1298 tradita,

2134 1335 2259 1376 cum
2291 1321 2496 1376 eisdem
2526 1323 2686 1378 simul
2714 1334 2955 1379 meretur
2986 1323 3162 1378 aduri.
3199 1323 3352 1380 Unde
3378 1337 3488 1377 non
3527 1323 3715 1378 incon-

2134 1428 2269 1485 grue
2289 1414 2356 1468 de
2393 1428 2646 1484 perversa
2676 1414 2856 1487 lingua
2899 1430 2998 1484 per
3024 1415 3201 1469 virum
3248 1414 3566 1484 Sapientem
3627 1412 3712 1468 di-

2133 1506 2279 1564 citur
2325 1521 2341 1560 :
2410 1522 2428 1556 ι
2482 1503 2537 1558 ln
2572 1502 2808 1571 ﬂamma,
2885 1507 3085 1576 inquit,
3136 1521 3232 1561 sua
3279 1521 3385 1560 non
3425 1505 3713 1560 comburet

2128 1591 2326 1661 justus.
2384 1592 2485 1659 Qui
2539 1593 2853 1662 relinquunt
2894 1593 3083 1659 Deum,
3141 1593 3382 1649 incident
3431 1594 3488 1647 in
3540 1591 3710 1658 illam,

2136 1681 2416 1736 exardebit
2443 1682 2496 1736 in
2521 1681 2647 1746 illis,
2669 1693 2722 1738 et
2742 1697 2848 1738 non
2877 1684 3276 1754 exstinguetur,
3307 1691 3360 1738 et
3388 1682 3714 1737 immittatur

443 1780 500 1825 et
531 1787 629 1826 nos
651 1775 794 1842 quod
818 1774 1018 1830 Paulus
1063 1775 1477 1837 Colossensibus
1507 1784 1771 1854 praecipit,
1795 1786 2020 1842 dicens:

2132 1773 2185 1827 in
2220 1773 2358 1839 illos,
2390 1775 2543 1844 quasi
2572 1774 2656 1829 leo
2676 1786 2731 1829 et
2762 1776 2916 1846 quasi
2947 1776 3148 1846 pardus
3184 1774 3342 1830 laedet
3370 1774 3492 1830 illos
3516 1772 3709 1846 (Eccli.

449 1877 471 1910 ε
505 1858 700 1915 Sermo
744 1873 928 1919 vester
950 1881 1166 1936 semper
1187 1868 1240 1923 in
1275 1871 1448 1940 gratia
1495 1872 1611 1928 sale
1652 1874 1724 1929 sit
1752 1875 2026 1941 conditus,

442 1959 506 2002 ut
527 1950 716 2007 sciatis
746 1956 1018 2022 quomodo
1045 1968 1296 2026 oporteat
1343 1975 1440 2016 vos
1466 1962 1760 2033 unicuique
1797 1980 2024 2036 reSpon-

441 2037 571 2093 dere
607 2040 744 2111 (Col.
777 2045 872 2112 ιν).
913 2064 932 2096 δ
967 2044 1049 2100 Sit
1097 2048 1264 2118 igitur
1303 2050 1487 2121 lingua
1538 2065 1725 2108 nostra
1756 2057 2022 2122 modesta,

438 2130 647 2194 sobria,
677 2131 936 2198 discreta,
968 2137 1162 2204 pudica
1187 2156 1202 2204 ;
1235 2141 1308 2194 sit
1340 2142 1454 2198 oris
1475 2144 1648 2198 nostri
1673 2146 1841 2201 saliva
1871 2149 2026 2218 virgo

410 2219 532 2297 (die
571 2233 878 2290 crescente,
904 2237 959 2280 et
988 2228 1090 2281 nisi
1133 2230 1382 2286 utilitatis
1436 2235 1653 2290 occasio
1700 2238 2024 2306 praebeatur,

437 2323 612 2379 usque
670 2311 724 2366 in
754 2316 1074 2384 crastinum,
1113 2321 1228 2374 sive
1255 2322 1513 2391 perendie
1550 2325 1868 2399 incorrupta
1903 2345 2024 2385 ser-

440 2411 618 2455 vctur.

511 2489 773 2560 Portatis,
806 2496 1006 2554 fratres
1055 2503 1184 2566 mei,
1220 2504 1524 2571 vobiscum,
1559 2509 1788 2577 portatis
1813 2510 2021 2567 clavem

435 2581 663 2652 cellulae,
709 2597 925 2657 portate
948 2599 1002 2646 et
1025 2591 1232 2649 clavem
1275 2595 1497 2667 linguae;
1529 2601 1803 2668 opponitis
1828 2618 2019 2673 pessu-

434 2674 547 2730 lum
574 2678 740 2746 ostio,
772 2681 1029 2740 adhibete
1052 2687 1354 2743 retinacula
1379 2690 1672 2747 salubriter
1691 2696 1773 2749 ori
1813 2706 2016 2753 vestro.

433 2770 650 2841 Auceps
677 2788 788 2828 non
815 2777 1016 2833 emittit
1039 2781 1382 2849 accipitrem,
1408 2783 1510 2839 nisi
1539 2800 1787 2842 anserem
1813 2789 2016 2854 videat,

432 2868 492 2915 et
524 2865 826 2922 monachus
872 2869 1108 2926 dimittet
1151 2872 1391 2943 linguam
1457 2890 1636 2942 suam,
1689 2879 1735 2933 si
1762 2879 2017 2949 loquendi

431 2957 740 3012 necessitas
758 2973 864 3014 non
893 2963 1147 3016 assistat?
1170 2964 1504 3038 Dedignatur
1531 2981 1757 3025 venator
1775 2973 2014 3028 catulum

428 3043 666 3110 solvere,
692 3047 798 3104 nisi
823 3049 978 3120 lepus
1006 3063 1295 3123 appareat;
1322 3056 1566 3112 viliorem
1601 3060 1797 3115 habeat
1829 3078 2016 3117 mona-

2127 1862 2339 1930 xxvtn).
2369 1883 2387 1917 ι
2412 1863 2548 1921 illud
2573 1866 2738 1920 etiam
2764 1867 3160 1937 391quantx
3181 1865 3483 1934 formidini,
3506 1874 3713 1936 quanto

2126 1955 2285 2010 nobis
2311 1957 2470 2012 debet
2516 1971 2637 2012 esse
2665 1959 2860 2012 terrori
2895 1959 3042 2028 quod
3073 1958 3286 2014 Veritas
3311 1959 3391 2012 ait
3421 1975 3438 2012 :
3480 1975 3500 2010 ι
3542 1955 3711 2014 Omne

2126 2047 2348 2101 verbum
2376 2051 2635 2115 otiosum,
2669 2050 2813 2119 quod
2857 2049 3027 2105 locuti
3062 2049 3268 2106 fuerint
3292 2049 3573 2113 homines,
3591 2047 3710 2103 red-

2126 2138 2256 2194 dent
2278 2138 2346 2196 de
2371 2156 2438 2196 eo
2465 2143 2731 2198 rationem
2773 2143 2827 2198 in
2855 2143 2943 2198 die
2955 2141 3146 2211 judicii
3178 2141 3394 2212 (Matth.
3425 2142 3556 2212 xu).
3587 2161 3607 2193 ι

2197 2230 2398 2286 Audiat
2448 2233 2633 2304 lingua
2687 2233 3000 2305 vaniloqna,
3063 2235 3250 2290 audiat
3296 2234 3480 2304 lingua
3511 2233 3708 2297 otiosa,

2125 2324 2309 2377 audiat
2349 2324 2528 2395 lingua
2582 2325 2848 2381 scabiosa.
2887 2326 3173 2392 Scabiosa,
3215 2327 3464 2395 inquam,
3505 2324 3708 2393 lingua,

2124 2429 2245 2485 qua:
2279 2413 2426 2468 velut
2461 2415 2702 2470 scabiem
2738 2416 3027 2484 quamdam
3059 2426 3222 2486 atque
3268 2415 3544 2484 pruritum
3576 2411 3708 2482 pati-

2125 2512 2236 2568 tur,
2293 2505 2394 2559 nisi
2434 2520 2652 2577 semper
2701 2515 2863 2561 acuto
2915 2507 3314 2576 quodammodo
3355 2519 3709 2576 supervacua

2119 2593 2411 2650 locutionis
2440 2609 2620 2665 ungue
2648 2595 2944 2666 scalpatur.
2990 2597 3193 2650 Audiat
3220 2604 3275 2651 et
3299 2603 3591 2665 pavescat,
3625 2594 3706 2648 in~

2121 2684 2328 2755 telligat
2351 2695 2407 2740 et
2437 2693 2547 2740 tam
2580 2687 2877 2742 terribilem
2927 2687 3253 2743 sententiam
3303 2687 3706 2755 perhorrescat.

2119 2776 2322 2830 Audiat
2359 2785 2627 2833 terrorem
2649 2777 2840 2846 iudicii
2865 2779 2932 2832 de
2958 2793 3054 2833 ore
3085 2779 3253 2848 ipsius
3271 2777 3601 2847 judicaturi.
3629 2776 3707 2830 Au

2121 2885 2227 2924 non
2270 2870 2435 2925 habet
2467 2887 2628 2926 aures
2673 2879 2733 2924 ut
2779 2872 2953 2940 possit
2999 2872 3210 2934 audire,
3234 2886 3353 2940 qua:
3383 2878 3440 2923 et
3488 2883 3709 2922 manum

2118 2959 2283 3014 habet
2322 2969 2382 3014 ut
2430 2961 2605 3030 possit
2647 2961 2932 3017 occidere?
2961 2981 2980 3012 α
3038 2961 3181 3016 Mors
3234 2962 3379 3016 enim
3413 2969 3475 3014 et
3509 2959 3708 3013 vitain

2119 3049 2491 3120 manulingua:
2516 3050 2699 3121 (Prov.
2731 3052 2904 3120 xvm).
2943 3071 2962 3104 ι
2992 3052 3190 3106 Audiat
3214 3065 3344 3120 ergo
3358 3050 3507 3120 quod
3530 3065 3600 3104 ex
3617 3063 3709 3104 ore

399 3134 571 3191 'chus
603 3137 841 3209 linguam
876 3113 1090 3208 suam,
1113 3113 1293 3214 quam,
1319 3147 1388 3201 ad
1429 3113 1629 3205 nullius
1658 3113 2016 3217 salute—inruat
2043 3113 2090 3174 Ο
2124 3113 2403 3196 Veritatis.
2435 3113 2664 3208 dicitur;
2713 3151 2770 3196 et
2821 3142 3002 3196 subtili
3044 3143 3398 3197 meditatione
3445 3142 3708 3196 discutiat

430 3229 779 3286 commodum
825 3231 1098 3288 inutiliter
1143 3235 1354 3291 solvat?
1383 3237 1557 3295 Sudat
1589 3240 1724 3310 lapis
1767 3241 1821 3296 in
1852 3258 2016 3298 manu

430 3321 861 3389 oppugnantium
892 3323 1114 3389 mmnia,
1139 3335 1193 3382 et
1229 3327 1500 3383 incassum
1525 3329 1667 3386 volet
1695 3333 1920 3388 verbum
1950 3335 2016 3389 de

433 3423 532 3464 ore
555 3411 755 3468 stantis
779 3415 833 3468 in
862 3423 1068 3472 sanctzc
1097 3418 1305 3476 militia:
1351 3421 1671 3492 disciplina?
1695 3424 1871 3480 Arcus
1898 3426 2016 3480 fru-

427 3510 543 3557 stra
599 3501 751 3560 ﬂexis
784 3507 1041 3563 cornibus
1091 3525 1198 3565 non
1241 3511 1558 3576 intenditur,
1581 3523 1636 3568 et
1662 3515 1926 3570 rationale
1953 3531 2017 3570 os

427 3593 498 3644 ad
537 3589 859 3648 effundenda
891 3597 1095 3664 passim
1121 3597 1388 3668 superﬂua
1423 3603 1737 3656 reseratur?
1766 3603 2018 3659 Parcitur

426 3679 721 3748 pharetras,
751 3692 808 3738 ut
839 3699 904 3738 ex
935 3700 999 3739 ea
1050 3688 1246 3758 sagitta
1305 3689 1500 3746 leviter
1526 3707 1631 3746 non
1685 3703 1876 3758 exeat;
1905 3709 2011 3750 non

427 3771 674 3838 parcitur
727 3773 950 3845 linguae,
991 3787 1049 3830 ut
1079 3779 1307 3833 mordax
1357 3779 1410 3834 in
1458 3780 1755 3849 quemlibet
1789 3784 2013 3839 verbum

427 3861 579 3916 velut
608 3863 779 3920 ictum
806 3867 1048 3923 vulneris
1088 3884 1195 3923 non
1222 3869 1466 3942 inﬂigat?

497 3951 642 4019 Quid
686 3955 754 4010 ad
795 3956 933 4020 bare,
983 3957 1202 4019 fratres.
1255 3961 1522 4027 dicimus;
1555 3979 1658 4032 qua
1710 3981 1808 4022 nos
1855 3973 2012 4034 argu—

428 4046 770 4100 mentatione
792 4047 1103 4114 defendere,
1131 4067 1235 4120 qua
1275 4067 1560 4122 possumus
1589 4056 1880 4110 artiﬂciosa
1916 4075 2013 4114 nos

386 4125 392 4127 Α
430 4134 786 4189 excusatione
805 4139 1074 4205 purgare?
1095 4138 1344 4209 Nunquid
1371 4158 1475 4197 non
1503 4143 1714 4200 facilius
1742 4157 1823 4201 est
1850 4158 2012 4218 atque

426 4221 779 4290 tranquillius
821 4221 1002 4279 facere
1028 4241 1188 4296 quam
1230 4227 1686 4301 loqui?Nuuquid
1728 4250 1832 4306 non
1861 4235 2014 4291 labo.

425 4311 627 4368 riosius
651 4322 734 4369 est
760 4313 996 4386 linguam
1021 4333 1116 4388 per
1135 4327 1214 4374 tot
1238 4320 1462 4390 prolixa:
1483 4323 1824 4392 loquacitatis
1845 4328 2009 4383 verba

427 4403 745 4460 discurrere
763 4420 924 4475 quam
955 4407 1006 4461 in
1026 4423 1128 4464 suo
1147 4411 1386 4479 quietam
1410 4413 1628 4469 silentio
1654 4419 2008 4486 permanere?

425 4493 581 4549 Unde
640 4512 744 4552 non
802 4500 1072 4557 immerito
1121 4504 1189 4558 de
1238 4506 1556 4574 quibusdam
1589 4526 1685 4580 per
1709 4511 2001 4568 Jeremiam

424 4584 661 4640 dicitur:
697 4605 717 4638 ι
753 4586 1062 4646 Docuerunt
1103 4591 1340 4664 linguam
1397 4613 1548 4654 suam
1607 4600 1749 4669 loqui
1781 4607 2003 4658 menda-

423 4675 602 4742 cium;
634 4687 693 4731 ut
741 4678 924 4748 inique
961 4693 1183 4747 agerent
1228 4684 1609 4742 laboraverunt
1664 4691 1797 4759 (ler.
1839 4694 1936 4763 tv).
1975 4712 1996 4743 ι

427 4765 729 4839 Laborasse
769 4786 1006 4841 namque
1059 4773 1333 4840 dicuntur,
1380 4787 1439 4831 ut
1496 4781 1749 4850 nequiter
1776 4794 2000 4855 agerent

423 4855 517 4922 qui
551 4856 777 4914 tacendo
802 4862 987 4934 utique
1010 4863 1128 4918 sine
1162 4874 1386 4933 peccato
1431 4869 1622 4924 melius
1642 4872 1995 4940 quievisseut.

425 4941 488 4976 Fr
521 4943 564 4976 ei
601 4941 740 4976 σηοω
798 4951 1089 4976 η..,....ι;ι....
1145 4952 1361 4976 r__._---
1422 4957 1430 4975 ε

2123 3231 2268 3301 quod
2324 3232 2568 3287 minatur
2620 3250 2635 3290 :
2689 3251 2708 3284 ι
2766 3231 2960 3298 Omne,
3031 3232 3224 3303 inquit,
3282 3231 3515 3286 verbum
3570 3231 3706 3284 otio-

2120 3343 2260 3390 sum,
2294 3326 2436 3395 quod
2461 3326 2622 3380 locuti
2650 3325 2851 3380 fuerint
2880 3325 3150 3388 homines,
3176 3322 3404 3379 reddent
3434 3323 3705 3376 rationem

2119 3419 2186 3474 de
2216 3433 2283 3472 eo
2312 3418 2366 3472 in
2398 3418 2487 3472 die
2510 3416 2698 3486 iudicii
2753 3415 2966 3488 (Matth.
3001 3418 3120 3485 xu).
3157 3438 3176 3470 ι
3209 3415 3486 3470 Ponamus
3524 3414 3706 3484 itaque

2118 3521 2178 3563 ut
2206 3509 2442 3564 otiosum
2470 3511 2717 3574 verbum,
2749 3509 2794 3562 si
2826 3517 3017 3563 contra
3047 3523 3217 3564 sacrze
3252 3507 3558 3576 Scriptura:
3585 3519 3705 3560 sen-

2118 3601 2317 3655 tentias
2363 3599 2444 3655 fas
2469 3610 2553 3656 est
2583 3601 2790 3665 dicere,
2821 3600 2938 3655 leve
2977 3600 3050 3656 sit
3098 3609 3153 3654 et
3178 3599 3437 3670 exiguum
3477 3597 3704 3651 omnino

2114 3703 2421 3763 peccatum,
2441 3692 2534 3748 sed
2554 3692 2684 3764 quid
2709 3693 2858 3748 milio
2883 3692 3144 3749 brevius?
3171 3691 3298 3761 quid
3322 3705 3504 3762 penna
3532 3689 3705 3745 levius

2116 3783 2429 3838 invenitur?
2460 3782 2842 3838 Verumtamen
2873 3785 2918 3837 si
2949 3798 3272 3855 pennarum,
3304 3782 3390 3837 vel
3423 3782 3701 3837 utiliorum

2119 3873 2533 3929 innumerabilis
2562 3873 2853 3928 multitudo
2908 3874 3242 3943 congeritur.
3274 3885 3504 3926 necesse
3535 3879 3620 3924 est
3645 3877 3703 3922 ut

2114 3969 2388 4037 portantis
2412 3967 2620 4029 cervix,
2643 3965 2788 4022 velut
2817 3968 2914 4022 sub
2939 3965 3089 4037 gravi
3123 3963 3299 4033 lapide
3332 3963 3702 4018 immoderan-

2115 4057 2223 4110 tius
2247 4071 2455 4125 pressa,
2485 4057 2789 4126 frangatur.
2813 4057 2892 4111 Ex
2929 4057 3275 4111 humentibus
3306 4069 3529 4124 quoque
3555 4055 3702 4110 saxis

2115 4145 2289 4200 tenuis
2324 4147 2540 4215 quidem
2571 4155 2625 4200 ct
2675 4162 2796 4201 rara
2826 4156 2973 4218 gutta
3015 4144 3270 4211 distillat,
3299 4145 3396 4199 sed
3421 4145 3464 4199 si
3487 4160 3587 4200 vas
3612 4160 3703 4200 su-

2110 4236 2270 4293 besse
2296 4237 2474 4308 spatio
2511 4237 2757 4309 longiore
2802 4238 3161 4308 permittitur,
3196 4237 3268 4291 ita
3293 4236 3518 4306 plenum
3550 4253 3614 4292 ac
3654 4237 3695 4290 si

2111 4331 2386 4400 proﬂuens
2428 4331 2570 4385 unda
2601 4331 2918 4385 decurreret
2944 4330 3238 4386 invenitur.
3262 4327 3454 4384 Parvae
3477 4330 3694 4398 quidem

2111 4421 2207 4477 sed
2266 4423 2562 4476 innumerae
2613 4420 2806 4476 cinifes
2855 4419 3071 4489 superbi
3125 4416 3430 4474 Pharaonis
3451 4426 3505 4473 ct
3535 4418 3695 4472 totius

2111 4514 2326 4585 Egypti
2359 4529 2690 4584 superavere
2723 4513 2976 4568 virtutem
3009 4509 3206 4583 (Exod.
3243 4511 3327 4581 tt).
3357 4512 3532 4566 Breve
3564 4519 3692 4564 lem-

2111 4619 2212 4674 pus
2240 4614 2324 4659 est
2358 4605 2506 4668 hora,
2541 4605 2634 4658 sed
2665 4605 2790 4658 dum
2843 4603 2976 4658 liora
3009 4603 3155 4657 bone
3184 4602 3443 4657 continua
3477 4615 3691 4656 succes-

2111 4697 2264 4750 sione
2319 4695 2683 4766 coujungitur,
2737 4695 2901 4752 totius
2957 4694 3080 4748 vitm
3127 4702 3327 4748 nostra!
3359 4707 3558 4747 cursus
3587 4690 3690 4744 im-

2145 4784 2304 4838 letur.

2148 4800 2304 4838 leltlr.
2741 4814 2748 4821 -

2107 4800 2142 4856 Ρ
2181 4874 2350 4929 Nemo
2394 4875 2575 4942 itaque
2619 4873 2968 4943 semetipsum
3013 4871 3266 4942 decipiat.
3312 4869 3516 4926 fratres
3549 4870 3684 4933 mel;
