3992 5322
271 315 388 370 117

274 523 462 571 uorat
511 511 690 585 (Rom.
741 509 828 580 ιι).
873 528 892 560 ι
928 507 1099 562 Porro
1143 507 1334 564 otiosis
1384 505 1574 576 verbis~
1601 510 1875 565 assuetus,

273 604 504 674 duplici
533 601 721 673 procul
749 600 912 656 dubio
933 598 1104 669 culpat
1141 599 1354 653 videtur
1377 596 1662 657 obnoxius,
1699 595 1790 662 qui
1821 600 1878 646 et

274 694 517 749 divinas
558 693 761 757 Iaudes,
794 692 863 746 ad
910 704 1046 762 quas
1097 690 1333 744 humana
1367 687 1609 742 conditio
1657 684 1876 738 assidue

271 793 650 851 provocatur,
685 782 892 851 abjicit,
916 791 972 836 et
1006 780 1291 851 superflua:
1325 777 1665 848 loquacitati,
1695 790 1725 828 a
1764 790 1872 844 qua

274 876 639 947 prohibetur,
693 877 912 941 insistit,
969 875 1111 930 sicut
1161 873 1229 928 de
1259 867 1877 942 qttibusdamJeremias

273 968 426 1022 dicit
465 985 480 1021 :
522 988 539 1020 ι
581 969 695 1022 Duo
747 967 890 1021 mala
935 965 1066 1021 fecit
1108 964 1337 1035 populus
1368 977 1541 1017 meus.
1573 959 1657 1014 Me
1679 955 1876 1014 dereli-

274 1064 536 1124 querunt
565 1056 766 1111 fontem
792 1070 946 1126 aquai
971 1056 1137 1119 vivae,
1187 1064 1242 1108 et
1279 1053 1532 1108 foderunt
1556 1050 1656 1106 sibi
1677 1049 1876 1105 cister-

273 1158 386 1198 nas
415 1144 884 1214 dissipatas,.qu:e
905 1144 1185 1199 continere
1206 1158 1313 1197 non
1338 1142 1522 1196 valent
1543 1154 1714 1208 aquas
1735 1135 1791 1207 (J
1795 1152 1872 1190 er.

273 1237 409 1305 xtl).
454 1255 475 1286 ι
527 1234 659 1302 Quae
705 1236 962 1289 nimirum
1020 1235 1298 1304 prophetae
1348 1231 1531 1294 verba,
1585 1231 1751 1283 etiam
1809 1226 1876 1281 de

272 1327 469 1381 otiosa
507 1326 857 1397 loquentibus
888 1334 1114 1396 possunt
1168 1340 1276 1380 non
1321 1322 1767 1378 inconvenienter
1796 1318 1876 1372 in-

273 1417 486 1488 telligi,
524 1417 616 1488 qui
644 1417 900 1472 nimirum
948 1416 1208 1472 derelicto
1233 1415 1379 1470 fonte
1400 1426 1554 1481 aqua:
1582 1410 1737 1472 vivae,
1773 1408 1876 1462 hoc

274 1517 385 1570 est.
413 1508 729 1582 postposito
760 1508 925 1563 verbo
945 1508 1197 1571 vitze,ora
1224 1519 1320 1559 sua
1351 1504 1616 1557 cisternas
1646 1498 1870 1565 faciunt,

270 1613 344 1650 ex
392 1597 604 1666 quibus
649 1613 757 1652 non
811 1598 956 1660 novi,
1001 1597 1107 1652 sed
1163 1595 1365 1649 veteris
1419 1592 1657 1647 hominis
1707 1589 1871 1644 verba

272 1683 592 1754 proferunt,
647 1687 1101 1757 quemadmodum
1150 1701 1258 1740 non
1310 1694 1584 1740 recentem
1609 1683 1674 1737 de
1702 1679 1868 1741 fonte,

1701 298 1932 360 SEBHO
1968 293 2197 352 LXXIII.

273 425 592 497 Apostolus
617 421 762 480 dicat
793 435 808 474 :
843 439 861 472 ι
889 419 992 487 Qui
1033 419 1204 490 legem
1236 415 1494 488 praeterit,
1526 414 1690 470 Deum
1722 413 1870 466 inho-
1901 413 1948 468 Δ
1978 400 2257 474 pcudenda
2305 398 2461 452 nobis
2492 398 2744 452 videntur
2772 405 2851 452 et.
2879 396 3040 458 levia,
3067 396 3158 449 sed
3190 407 3314 448 cum
3344 392 3407 447 al
3431 408 3554 446 ora-

3451 285 3557 342 9i8

1983 493 2190 546 tionum
2247 498 2456 544 secreta
2512 489 2864 550 recurrimus,
2925 486 3152 546 reducta
3197 486 3442 552 protinus
3488 485 3556 538 ad

1981 581 2324 646 memoriam,
2379 579 2513 634 dura
2577 591 2800 649 prorsus
2869 585 2922 630 et
2986 573 3342 629 intolerabilia
3413 569 3555 641 judi-

1980 690 2188 730 camus.

2051 763 2408 832 Quapropter,
2467 757 2801 814 dilectissimi
2853 756 3049 812 fratres
3083 756 3204 817 mei,
3242 753 3555 809 studeamus

1979 857 2341 925 nosmetipsos
2396 855 2534 908 intra
2589 853 2789 906 silentii
2839 851 3076 904 claustra
3132 848 3448 916 reprimere,
3501 852 3557 898 et

1979 949 2192 1018 linguas
2237 956 2454 1002 nostras
2488 961 2516 998 a
2547 945 2700 998 vanis
2743 953 2796 996 et
2842 941 3121 996 inutilibus
3146 938 3375 1008 eloquiis
3405 936 3556 991 cohi-

1977 1039 2125 1094 bere.
2149 1038 2342 1092 Anima
2365 1050 2598 1104 namque
2627 1043 2812 1088 nostra
2841 1031 3055 1102 superni
3109 1029 3251 1098 regis
3279 1036 3364 1081 est
3387 1040 3552 1096 spon-

1977 1145 2061 1192 sa,
2100 1143 2220 1197 qua:
2250 1138 2475 1196 accepto
2504 1125 2726 1194 pignore
2772 1122 2944 1176 sancti
2982 1119 3240 1190 Spiritus,
3273 1113 3553 1184 signaculo

1977 1221 2102 1277 ﬁdei
2151 1229 2234 1276 est
2267 1221 2471 1274 dotata.
2505 1216 2720 1270 Maneat
2756 1229 2886 1284 ergo
2939 1211 2992 1264 in
3041 1211 3154 1266 suis
3181 1204 3552 1279 penetralibus

1975 1315 2150 1384 virgo,
2174 1327 2279 1367 non
2307 1309 2626 1366 indecenter
2653 1308 2706 1360 in
2739 1305 3010 1375 publicum
3044 1302 3291 1371 prodeat,
3320 1312 3426 1352 non
3458 1310 3555 1366 per

1977 1404 2089 1458 oris
2117 1402 2281 1456 limen
2311 1414 2556 1471 egressa,
2609 1397 2660 1451 in
2693 1408 3028 1464 supervacua
3057 1406 3115 1446 se
3143 1389 3330 1452 verba,
3364 1403 3427 1441 ac
3457 1401 3558 1440 sae-

1975 1492 2181 1548 cularia
2214 1490 2446 1544 inaniter
2485 1486 2696 1549 fundat,
2724 1500 2792 1539 ne
2838 1484 2882 1538 si
2913 1482 3132 1536 deviare
3157 1494 3276 1534 eam
3321 1491 3552 1545 sponsus

1974 1597 2005 1635 a
2059 1580 2307 1636 modesta
2358 1576 2632 1647 pudicitim
2692 1589 2802 1628 sua:
2865 1571 3132 1642 gravitate
3185 1563 3551 1636 conspexerit,

1973 1671 2296 1740 quandoque
2348 1668 2663 1736 oltjurgaus,
2705 1665 2886 1718 dicat:
2924 1680 2941 1712 ‹
2986 1659 3045 1715 Si
3092 1660 3310 1729 ignoras
3361 1661 3435 1718 te,
3467 1654 3552 1707 in-

270 1775 371 1830 σεδ
416 1742 760 1831 sentinos'am
820 1777 1000 1846 potius
1039 1791 1236 1846 aquam
1293 1775 1360 1829 de
1406 1773 1642 1828 cisterna
1691 1768 1868 1840 profe—
1900 1756 1944 1816 Β
1974 1763 2186 1829 quiens,
2216 1774 2249 1811 ο
2305 1757 2531 1826 pulchra
2578 1755 2718 1808 inter
2771 1747 3047 1813 mulieres,
3074 1747 3354 1817 egredere,
3381 1754 3438 1798 et
3464 1742 3552 1796 abi

273 1874 436 1934 rant;
467 1876 530 1922 et
557 1866 683 1937 quia
714 1866 856 1920 labia
893 1882 988 1920 sua
1043 1867 1320 1922 moderata
1379 1862 1630 1919 nesciunt
1659 1859 1869 1913 discre-

270 1956 425 2010 tione
453 1953 1046 2025 reprimere,cisternaa
1068 1955 1344 2025 dissipata:
1371 1967 1566 2025 aquam
1595 1953 1869 2020 nequeunt

268 2046 586 2102 continere.

339 2179 512 2251 392
570 2180 875 2237 Notandum
936 2197 1068 2237 sane
1121 2181 1247 2252 quia
1281 2182 1421 2236 sicut
1460 2181 1576 2235 avis
1606 2177 1866 2234 advolans

265 2270 501 2340 exponit
543 2286 602 2325 se
650 2287 804 2325 ramo
847 2270 1137 2342 cujuslibet
1185 2271 1417 2336 arboris,
1445 2272 1524 2325 sic
1549 2271 1865 2341 plerumque

268 2359 553 2429 malignus
581 2360 806 2429 spiritus
846 2361 1071 2433 veniens
1108 2359 1306 2414 insidet
1338 2359 1532 2430 lingua:
1559 2358 1865 2414 inconside-

267 2457 388 2502 rate
423 2447 723 2518 loquentis,
755 2458 812 2504 et
842 2449 1208 2505 inordinatum
1239 2451 1366 2520 quid
1398 2451 1450 2505 in
1483 2451 1712 2505 decursu
1743 2463 1860 2503 ser—

265 2537 446 2592 mOuis
482 2554 586 2606 per
615 2540 1017 2610 subreptionem
1045 2541 1237 2595 suadet
1257 2539 1503 2605 emuere;
1538 2542 1680 2595 unde
1708 2547 1860 2610 post-

266 2629 490 2683 modum
532 2631 755 2686 vrniens
804 2632 956 2701 quasi
988 2641 1244 2704 congesta
1278 2633 1571 2687 dimicandi
1607 2633 1860 2696 materia,

269 2735 364 2773 cor
394 2721 642 2778 hominis
671 2723 850 2778 valeat
905 2725 1245 2795 impugnare.
1290 2726 1434 2780 Intra
1465 2725 1858 2779 conscientiam

271 2824 454 2876 suam,
499 2810 702 2866 fratres
734 2813 1066 2880 charissimi,
1101 2815 1472 2884 unusquisque
1510 2821 1747 2867 vestrum
1778 2827 1862 2865 re-

271 2898 419 2964 deat,
449 2909 506 2955 et
536 2915 617 2965 se,
651 2901 792 2970 quod
820 2903 1070 2968 dicimus,
1123 2911 1495 2973 recognoscat.
1526 2902 1678 2972 Saepe
1706 2917 1861 2956 nam-

269 3001 374 3054 que
424 2988 768 3058 negligenter
810 2991 941 3061 quid
995 2991 1301 3061 loquimur;
1341 2993 1482 3047 unde
1512 2991 1856 3062 postmodum

1971 1861 2094 1922 post
2125 1850 2350 1919 vestigia
2377 1862 2599 1920 gregum
2636 1845 2816 1913 (Cum.
2857 1843 2938 1912 ιι).
2977 1862 2994 1893 ι
3022 1839 3079 1896 In
3107 1837 3357 1906 cubiculo
3386 1836 3551 1908 igitur

1971 1957 2072 1997 suo
2097 1941 2350 2011 virginali
2396 1955 2548 1994 more
2580 1938 2838 2000 resideat,
2892 1934 3004 1990 oris
3041 1932 3238 1988 ostium
3303 1927 3546 1984 clausum

1971 2040 2175 2097 teneat,
2229 2041 2286 2087 et
2331 2045 2628 2100 nunquam,
2669 2029 2770 2082 nisi
2835 2042 2954 2096 qua:
3014 2026 3082 2080 ad
3127 2021 3548 2092 exspectandum

1967 2125 2242 2198 pertinent
2295 2123 2476 2193 sponsi
2522 2121 2762 2176 ctelcstis
2804 2120 3115 2180 adventum,
3147 2115 3392 2169 locutura
3422 2125 3543 2181 pro-

1968 2215 2156 2279 cedat;
2191 2213 2292 2268 sub
2321 2213 2514 2267 umbra
2562 2227 2622 2266 se
2660 2209 2860 2265 silentii
2917 2207 3201 2276 reprimat,
3241 2217 3308 2257 ne
3335 2200 3551 2258 decolor

1966 2303 2243 2368 videatur;
2271 2302 2340 2356 ab
2362 2301 2508 2356 omni
2541 2317 2601 2355 se
2635 2309 2769 2354 testu
2799 2296 2998 2366 negotii
3023 2292 3298 2350 szecularis
3328 2293 3551 2346 abscon-

1966 2394 2080 2458 dat,
2110 2401 2170 2448 ut
2220 2409 2326 2448 non
2357 2392 2629 2447 immerito
2677 2389 2846 2460 possit
2891 2386 3057 2441 alacri
3107 2398 3240 2439 voce
3280 2390 3546 2450 cantare:

1971 2506 1988 2538 ι
2027 2485 2141 2542 Sub
2166 2485 2355 2539 umbra
2383 2483 2544 2555 393
2594 2481 2738 2536 illius
2776 2495 2935 2550 quem
2982 2477 3380 2538 desiderabam,
3407 2472 3545 2533 sedi,

1963 2587 2020 2634 et
2050 2577 2260 2633 fructus
2306 2576 2422 2647 ejus
2460 2575 2632 2630 dulcis
2680 2573 2882 2644 gutturi
2928 2585 3083 2626 meo:
3116 2566 3412 2622 introduxit
3463 2579 3546 2617 me

1971 2685 2068 2726 rex
2112 2670 2164 2725 in
2212 2669 2404 2725 cellam
2435 2667 2720 2730 vinariam,
2758 2663 3032 2720 ordinavit
3074 2662 3125 2715 in
3172 2671 3260 2714 me
3301 2653 3548 2712 charita-

1965 2769 2074 2818 tem
2115 2759 2330 2834 (Ibid.)_.
2368 2777 2387 2811 ι

2036 2849 2228 2905 Solent
2268 2857 2448 2904 autem
2477 2861 2690 2918 sponsa:
2721 2843 2982 2900 nobilium
3029 2841 3274 2895 diversas
3304 2838 3548 2908 pigmen-

1963 2951 2141 2997 torum
2172 2940 2382 3011 species
2422 2929 2726 2994 mandendo
2761 2952 2858 3007 per
2884 2949 2980 2990 ora
3012 2932 3308 2997 revolvere,
3354 2937 3414 2983 ut
3452 2927 3546 2981 ad-

1960 3033 2305 3089 venientibus
2352 3032 2531 3102 procis
2564 3030 2892 3100 fragrantius
2937 3026 3176 3088 valeant,
3217 3037 3282 3078 ac
3328 3019 3547 3102 suavius

270 3079 334 3131 ad
388 3079 597 3134 Silentii
640 3084 812 3138 nostri
868 3084 1173 3139 custodiam
1201 3085 1492 3140 redeuntes
1542 3083 1789 3138 tantami
1836 3113 1856 3122 -
1973 3079 2303 3089 ’“’””“”””“’
2354 3079 2530 3102 ¹’”’””
2565 3079 2887 3100 “”⁰’““’Ὗ’
2980 3079 2988 3081 ’
3163 3079 3175 3088 ’
3337 3099 3345 3108 τ
3465 3110 3477 3121 -

275 3170 484 3187 ,μη-η
565 3185 575 3187 _
631 3186 636 3187 ,
723 3173 756 3187 ._
804 3173 836 3187 -.
1144 3175 1156 3187 .
1227 3175 1260 3187 _.
1476 3126 1511 3187 ,ἶ
1728 3183 1738 3187 Α
1883 3102 1930 3163 C
1962 3124 2228 3180 redolere.
2263 3123 2460 3178 Anima
2490 3122 2654 3176 etiam
2683 3129 2868 3174 nostra
2891 3131 3090 3187 caepas,
3121 3115 3268 3178 allia,
3298 3120 3352 3168 et
3388 3109 3548 3184 quid-

269 3170 584 3238 gruentium
616 3173 1010 3243 cogitationum
1052 3175 1354 3228 molestiam
1400 3174 1658 3243 patimur,
1685 3173 1852 3229 utvix

268 3256 506 3313 tolerare
550 3261 844 3328 possimus.
877 3262 943 3316 Et
972 3263 1204 3332 paenitet
1243 3263 1461 3332 quidem
1495 3265 1718 3318 omnino
1743 3272 1853 3317 tam

266 3342 485 3403 incaute
514 3351 678 3404 noxia
707 3351 1021 3420 protulisse,
1056 3353 1150 3407 sed
1190 3353 1488 3407 remedium
1518 3369 1625 3406 non
1662 3368 1855 3408 occur-

272 3435 361 3499 ΐὶῑ,
397 3439 528 3508 quia
579 3443 722 3510 quod
769 3442 937 3498 semel
966 3443 1225 3496 emissum
1275 3451 1381 3504 est,
1429 3457 1535 3497 non
1566 3457 1853 3512 possumus

269 3539 547 3585 revocare.
571 3530 733 3586 Juxta
764 3533 908 3601 quod
943 3533 1176 3588 Flaccus
1202 3533 1276 3587 ait
1307 3549 1322 3584 :

419 3639 482 3691 Et
501 3641 661 3693 semel
686 3645 914 3694 emissum
941 3643 1070 3694 rolat
1095 3644 1414 3694 irrevocabile
1443 3646 1664 3696 verbum.

331 3749 592 3821 Oramus,
638 3756 942 3827 psallimus,
987 3758 1082 3813 sed
1112 3758 1345 3814 evellere
1379 3761 1447 3815 de
1473 3762 1637 3816 corde
1661 3769 1848 3815 nostro

269 3839 498 3900 infixum
525 3847 698 3916 spina:
741 3849 884 3903 illius
924 3849 1170 3905 aculeum
1219 3865 1327 3905 non
1383 3851 1644 3907 valemus.
1696 3851 1847 3908 Tunc

264 3941 583 3992 veternosus
627 3938 798 3994 hostis
850 3955 971 3993 cum
1025 3948 1262 3994 mentem
1317 3950 1560 3996 nostram
1595 3943 1648 3996 in
1695 3951 1846 4000 tanto

265 4025 467 4078 versari
507 4027 724 4082 turbine
753 4029 1041 4095 conspicit,
1071 4028 1248 4083 victor
1270 4041 1327 4083 et
1353 4029 1625 4085 insultans
1648 4032 1847 4101 gaudet

269 4124 342 4173 se,
386 4116 543 4182 quasi
590 4116 800 4171 fructus
848 4118 916 4173 de
949 4134 1047 4174 suo
1103 4118 1288 4186 labore
1315 4119 1590 4190 colligere,
1633 4136 1767 4191 quos
1788 4122 1843 4176 in

265 4201 400 4258 male
427 4205 594 4262 feraci
629 4216 770 4262 terra
801 4209 998 4279 lingua;
1019 4220 1219 4265 nostrae
1244 4211 1493 4265 meminit
1523 4214 1839 4280 seminasse;

267 4289 471 4391 in_quo
525 4299 778 4355 videlicet
837 4299 980 4356 facto
1027 4302 1157 4371 quid
1206 4301 1351 4356 aliud
1380 4318 1541 4372 quam
1576 4304 1840 4362 turtlelam

265 4383 568 4452 imitantur,
599 4406 718 4460 qua:
749 4405 812 4446 ex
842 4407 906 4446 eo
939 4395 1082 4461 quod
1115 4393 1312 4464 digerit
1340 4395 1702 4450 moritur?Ex
1723 4396 1840 4466 ejus

1961 3215 2094 3288 quid
2125 3225 2356 3271 terrenae
2383 3213 2685 3284 prudentia:
2711 3210 3071 3265 acritudinem
3101 3205 3292 3270 fervet,
3323 3216 3544 3273 prorsus

1957 3308 2288 3371 abhorreat;
2321 3307 2551 3360 cassiam
2582 3320 2713 3358 vero
2750 3303 2980 3356 assidua:
3007 3298 3288 3364 orationis,
3327 3304 3540 3352 stacten

1954 3414 2130 3454 sacrae
2174 3397 2446 3463 lectionis,
2491 3395 2911 3465 psalmodiarum
2943 3392 3198 3448 cinnama
3242 3395 3298 3444 et
3345 3395 3540 3454 cuncta

1955 3490 2294 3544 odoramenti
2319 3487 2617 3557 spiritualis
2642 3495 2889 3540 aromata
2909 3482 3114 3553 jugitcr
3145 3480 3390 3551 fragrare
3410 3492 3542 3534 con-

1955 3580 2161 3633 tendat.
2187 3578 2436 3634 Christus
2465 3576 2534 3632 sit
2555 3592 2716 3631 omne
2738 3575 2878 3644 quod
2917 3574 3191 3643 loquitur;
3215 3583 3374 3624 omne
3396 3567 3538 3638 quod

1952 3670 2276 3734 delectatur,
2333 3684 2495 3724 omne
2553 3668 2697 3737 quod
2756 3667 2928 3735 sapit,
2981 3677 3140 3718 omne
3185 3660 3329 3730 quod
3376 3657 3538 3721 vivit;

1951 3758 2225 3812 Christum
2254 3757 2444 3827 Spiret,
2469 3756 2744 3812 Christum
2767 3755 2993 3822 ﬂagitet,
3015 3751 3292 3806 Christum
3322 3756 3534 3809 testuet,

1949 3847 2226 3930 Christum
2263 3862 2360 3902 ore
2409 3845 2738 3916 pronuntiet,
2771 3844 3046 3899 Christum
3095 3839 3313 3895 assidua
3356 3837 3536 3909 cordis

1949 3927 2302 3994 meditatione
2345 3945 2659 4007 pertractet.
2710 3935 2908 3988 Amare
2962 3932 3141 3986 alium.
3174 3929 3414 3992 nesciat,
3469 3927 3536 3981 ad

1947 4031 2095 4086 hunc
2127 4029 2304 4085 solum
2338 4029 2466 4084 totis
2495 4029 2797 4082 visceribus
2837 4021 3347 4081 iuardescatalllum
3391 4033 3534 4076 sum-

1949 4122 2056 4176 mis
2084 4120 2337 4176 desiderii
2362 4118 2586 4173 vocibus
2622 4119 2842 4181 clamet,
2874 4116 3021 4170 illum
3063 4117 3129 4169 ad
3151 4129 3212 4168 se
3238 4111 3421 4166 venire
3451 4124 3538 4164 suo

1945 4212 2130 4282 spiriis
2153 4221 2210 4268 et
2239 4211 2446 4267 crebris
2474 4211 2762 4279 gemitibus
2791 4217 3073 4279 provocet;
3110 4206 3262 4271 illum
3302 4201 3533 4268 diversis

1946 4308 2206 4362 adornata
2246 4306 2555 4371 virtutibus,
2589 4307 2700 4375 ipsa
2733 4305 2812 4360 sui
2843 4304 3260 4375 pulchritudine,
3293 4309 3354 4358 ut
3377 4301 3444 4354 ad
3470 4314 3530 4354 se

1947 4399 2301 4470 ingrediatur,
2332 4398 2556 4462 invitet;
2588 4405 2856 4466 quatenus
2905 4395 3032 4448 dum
3061 4393 3128 4446 ad
3159 4407 3219 4446 se
3253 4405 3401 4454 eum,
3441 4391 3530 4444 cui

265 4485 459 4544 quippe
507 4490 750 4536 Slel'COI‘e
795 4481 977 4550 Plania
1033 4484 1297 4548 Ιὶειδϐίων,
1331 4485 1396 4538 de
1428 4485 1580 4554 cuius
1613 4486 1839 4540 humore
1870 4469 1918 4526 D
1944 4501 2156 4554 mstuat,
2194 4490 2280 4543 cui
2313 4488 2592 4550 auxiatur,
2623 4487 2710 4541 cui
2747 4486 2939 4547 inhiat,
2964 4483 3149 4536 venire
3176 4479 3531 4550 persenserit,

265 4564 441 4623 Viscus
490 4572 799 4636 coniicitur,
825 4588 934 4643 quo
965 4575 1308 4643 postmodum
1342 4587 1397 4629 et
1430 4577 1538 4642 ipsa
1568 4577 1841 4644 capiatur,

267 4660 426 4753 atque
461 4675 526 4713 ex
557 4676 622 4716 eo
648 4664 828 4732 agitur
855 4663 1000 4731 quod
1041 4665 1190 4732 prius
1219 4665 1394 4719 fuerat
1419 4665 1574 4718 cibus
1603 4681 1752 4729 suus,
1786 4675 1845 4718 ut

266 4749 318 4792 et
347 4749 460 4812 ipsa
487 4752 932 4817 postmodum-sit
965 4752 1116 4806 cibus
1146 4752 1374 4807 alienus.

335 4850 408 4908 Ita
443 4871 573 4926 ergo
608 4876 737 4914 cuin.
759 4862 1034 4916 immunda
1075 4879 1303 4932 quaeque
1339 4879 1402 4920 ac
1434 4881 1571 4918 vana
1605 4863 1835 4932 proferi-

271 4954 403 5007 mus,
444 4950 569 5016 quid
634 4954 778 5005 aiant
833 4968 995 5021 quam
1052 4953 1279 5022 laqueos
1305 4955 1711 5025 nobismetipsis
1761 4953 1838 5010 lo-

268 5035 475 5096 ‘Ittendo
513 5041 930 5112 compingimus,
974 5042 1172 5108 quibus
1198 5042 1267 5096 ab
1288 5046 1487 5100 astutis
1515 5044 1834 5116 aucupibus,

273 5116 369 5206 hoc
391 5133 493 5194 est,
524 5130 772 5200 malignis
802 5131 1100 5200 spiritibus,
1128 5136 1476 5202 postmodum
1521 5136 1837 5206 capiamur?

270 5203 413 5279 Srepe
450 5226 627 5272 autem
653 5234 830 5274 sermo
863 5229 1048 5274 noster
1075 5237 1178 5275 non
1210 5221 1450 5289 loquenti
1474 5226 1566 5279 sed
1591 5203 1834 5280 audienti

1947 4580 2195 4650 protinus
2232 4575 2628 4646 gratulabunda
2672 4574 2928 4628 alacriter
2961 4571 3262 4634 exclamet,
3302 4569 3528 4624 dicens:

1951 4688 1970 4719 ς
2001 4669 2117 4724 Vox
2142 4665 2325 4720 dilecti
2359 4665 2462 4720 mei
2495 4664 2756 4734 pulsantis
2784 4681 2796 4715 :
2827 4662 2976 4730 aperi
3007 4675 3164 4716 soror
3189 4671 3329 4722 mea,
3360 4657 3531 4714 amica

1945 4775 2107 4825 mea,
2162 4744 2508 4812 immaculata
2557 4770 2708 4820 mea;
2741 4775 2760 4807 ι
2832 4767 2897 4806 ac
2956 4749 3154 4809 deinde
3210 4747 3532 4818 subiungit:

1947 4871 1966 4902 ε
1999 4850 2222 4907 Surrexi
2255 4851 2472 4919 aperire
2498 4847 2694 4901 dilecto
2727 4858 2866 4901 meo.
2904 4864 2924 4895 ι
2959 4843 3116 4901 Felix
3147 4837 3352 4905 anima,
3383 4838 3540 4908 cuius

1943 4946 2239 5001 thalamum
2272 4940 2516 4996 cmlestis
2546 4938 2637 4994 ille
2659 4951 2891 5010 Sponsus
2925 4932 3250 5010 ingreditur,
3283 4944 3348 4984 ac
3373 4931 3544 4987 indis-

1935 5035 2153 5093 solubili
2187 5033 2296 5089 sibi
2318 5031 2565 5101 perpetui
2589 5030 2792 5085 amoris
2822 5027 3050 5086 vinculo
3074 5020 3364 5091 copulatur
3398 5040 3555 5096 :quzn

1946 5129 2199 5183 nimirum
2231 5124 2348 5178 sine
2371 5122 2775 5179 intermissione
2803 5116 3064 5178 celebrat
3103 5110 3351 5178 nuptiale
3381 5118 3564 5174 convi-

1944 5220 2116 5282 vium,
2141 5224 2196 5269 et
2225 5213 2555 5268 indeﬁcienti
2588 5214 2741 5282 copia
2774 5208 3103 5270 caelestium
3145 5199 3346 5255 iruitur
3378 5209 3565 5274 cpula-
