3992 5322
447 299 563 358 ΜΩ

984 413 1214 472 SERMO
1260 416 1495 474 LXXIV.

844 519 910 560 ne
949 512 1248 563 smnia-usu
1285 524 1608 563 CERTAIINE.

527 596 583 650 Si
607 593 892 665 diligenter
922 598 1266 654 considerare
1288 599 1557 674 volumus,
1589 597 1784 653 fratres
1815 596 2026 653 charis-

455 687 596 751 simi,
625 685 765 741 unde
794 687 1060 752 venimus,
1094 696 1149 742 et
1179 704 1286 758 quo
1314 703 1592 753 vocamur,
1630 687 1789 742 nulla:
1825 686 1877 740 in
1922 701 2022 741 no-

453 780 538 836 bis
560 780 702 835 vircs
728 789 875 845 sunt,
900 781 1096 851 quibus
1124 781 1191 834 ad
1215 781 1514 836 reddendas
1537 780 1646 834 Deo
1675 780 1879 847 gratias
1914 777 2026 834 suf-

455 871 616 926 ﬁcere
659 872 955 928 valeamus.
1011 871 1118 927 Nos
1152 873 1294 927 enim
1338 872 1432 928 filii
1469 871 1638 926 Israel
1679 885 1881 934 sumus,
1931 868 2025 938 qui

455 960 723 1017 Pharaoni
775 964 829 1017 in
881 963 1112 1034 Egypto
1148 964 1468 1018 servivimus
1514 962 1710 1033 (Exod.
1761 961 1874 1030 ni),
1932 959 2025 1029 qui

455 1049 777 1124 gravissimo
843 1056 1059 1126 superbi
1122 1056 1266 1126 regis
1335 1056 1562 1124 imperio
1625 1054 2023 1124 premebamur.

388 1195 391 1200 ,
455 1143 736 1200 Gaudebat
765 1146 1027 1214 siquidem
1049 1147 1297 1216 princeps
1327 1145 1511 1200 mundi
1547 1145 1704 1215 hujus
1728 1144 1826 1199 sub
1847 1142 2025 1198 ferreo

454 1247 566 1289 sua:
615 1235 890 1288 servitutis
929 1233 1060 1305 iugo
1107 1249 1206 1289 nos
1258 1235 1624 1288 indesinenter
1666 1242 1924 1295 atterere,
1973 1239 2030 1286 et

457 1323 733 1377 servilium
757 1339 979 1394 operum
1015 1339 1228 1394 semper
1252 1323 1440 1379 olIiciis
1474 1339 1758 1394 occupare.
1791 1323 2030 1393 Cogebat

446 1403 558 1468 nos
592 1414 790 1469 lateres
827 1430 1078 1484 coquere,
1109 1417 1233 1484 quia
1267 1432 1372 1470 non
1403 1431 1466 1470 ex
1491 1416 1741 1485 pretiosis
1767 1414 2028 1468 virtutum

457 1501 727 1571 lapidibus
775 1505 1027 1573 templum
1070 1504 1178 1559 Deo
1225 1515 1559 1568 construere,
1617 1505 1710 1559 sed
1755 1507 2029 1559 terrenum

455 1593 640 1662 potius
686 1593 786 1647 sibi
831 1594 1067 1647 dictabat
1099 1592 1382 1648 azdificium
1423 1593 1710 1648 fabricare.
1757 1593 1861 1648 Sed
1903 1608 2030 1648 ecce

454 1685 570 1752 iam
615 1683 756 1738 Deus
803 1682 1022 1737 Patrum
1064 1693 1391 1750 nostrorum,
1425 1685 1567 1739 Deus
1611 1684 1930 1740 benedictus
1973 1682 2031 1737 in

1059 303 1116 369 8,.
1157 301 1363 358 PETRI
1402 299 1684 359 DAMIA'NI
1721 298 1874 361 OPP.
1915 301 2094 358 PARS
2134 298 2265 358 SEU
2299 299 2539 358 TOMUS
2574 302 2638 357 ll.
2676 331 2744 346 -
2777 301 3170 364 .SERMONES.

2045 417 2099 479 Α
2125 413 2226 468 nisi
2265 415 2356 483 qui
2396 413 2632 485 legitime
2662 416 2950 470 certaverit
2976 414 3059 484 (Il
3094 415 3226 470 Tim.
3261 417 3386 487 u).t
3431 416 3526 473 Hae
3569 431 3692 476 sunt

2122 504 2353 573 denique
2381 513 2565 574 gentes
2616 520 2752 574 quas
2774 504 3069 560 Israelitico
3095 505 3288 576 populo
3310 506 3524 578 Moyses
3552 523 3685 578 pra-

2079 625 2083 629 -
2124 595 2356 663 eipicbat
2384 595 2749 664 exstinguere,
2791 603 2846 650 et
2887 612 2917 649 a
2965 595 3106 650 facie
3137 605 3296 651 terrae
3343 598 3552 667 absque
3593 599 3694 654 ulla

2123 684 2342 740 fcederis
2373 686 2781 755 interpositione
2823 687 3006 742 delere
3038 705 3052 741 :
3097 708 3116 740 ι
3149 688 3284 743 Cum
3328 689 3698 744 introduxerit

2125 783 2201 840 te,
2229 776 2425 846 inquit,
2458 777 2715 832 Dominus
2739 777 2882 832 Deus
2908 786 3034 831 tuus
3064 778 3116 831 in
3145 786 3368 843 terram,
3391 795 3556 848 quam
3584 794 3699 848 pos-

2126 881 2374 922 sessurus
2410 867 2750 936 ingredieris,
2794 878 2850 923 et
2876 869 3137 925 deleverit
3171 880 3361 941 gentes
3390 872 3592 926 multas
3612 888 3701 932 ω-

2079 983 2084 989 ·
2126 972 2242 1012 ram
2273 967 2346 1022 te,
2387 957 2692 1022 Hethteum,
2721 968 2776 1014 et
2800 959 3168 1030 Gergezaeum,
3199 969 3254 1015 et
3299 961 3700 1025 Atnorrhaznm,

2127 1047 2510 1114 Chananaaum,
2536 1060 2590 1105 et
2633 1050 3001 1117 Pherezaenm,
3037 1061 3092 1106 et
3129 1051 3403 1117 Hcvamm,
3440 1061 3500 1106 et
3535 1051 3701 1108 Iebu-

2129 1155 2317 1204 etcum,
2346 1150 2552 1211 septem
2590 1150 2777 1211 gentes
2810 1141 2976 1195 multo
3002 1141 3221 1211 majoris
3263 1142 3499 1204 numeri,
3541 1157 3704 1210 quam

2129 1242 2184 1286 tu
2211 1247 2291 1298 es,
2319 1241 2372 1286 et
2403 1233 2734 1288 robustiores
2764 1241 2848 1296 te,
2892 1232 3283 1301 tradideritque
3319 1246 3413 1286 eas
3441 1232 3706 1286 Dominus

2127 1321 2274 1376 Deus
2300 1330 2422 1376 tuus
2466 1322 2584 1387 tibi,
2623 1322 2896 1392 percuties
2937 1336 3030 1376 eas
3058 1336 3235 1389 usque.
3271 1321 3338 1375 ad
3370 1321 3705 1376 internecio-

2129 1433 2419 1473 nem:non
2461 1419 2622 1474 inibis
2670 1434 2792 1474 cum
2835 1417 2917 1473 eis
2962 1416 3172 1483 foedus,
3212 1431 3313 1471 nec
3357 1415 3708 1471 misereberis

2128 1524 2316 1566 earum
2339 1509 2515 1581 (Deut.
2545 1509 2676 1579 vn)..
2697 1528 2717 1562 ι

2201 1600 2341 1656 Ecce
2391 1601 2659 1666 audistis,
2714 1599 2909 1654 fratres
2954 1597 3256 1654 charissimi
3284 1637 3300 1661 ,
3343 1597 3473 1666 quia
3521 1603 3710 1665 gentes

2135 1691 2290 1746 nobis
2339 1691 2564 1746 infestas
2623 1691 2822 1745 nostris
2876 1689 3125 1743 manibus
3176 1687 3316 1741 Deus
3365 1685 3711 1754 omnipotens

458 1770 676 1836 saecula,
707 1787 775 1827 ex
807 1771 1041 1844 Egypto
1068 1789 1185 1838 nos,
1223 1775 1275 1828 id
1301 1784 1382 1829 est
1419 1776 1486 1828 de
1515 1774 1749 1830 tenebris
1777 1775 1903 1828 vita:
1937 1787 2031 1830 ve-

2136 1783 2377 1847 tradidit,
2410 1797 2608 1851 easque
2627 1782 2741 1850 jam
2771 1796 2801 1834 a
2831 1780 2967 1835 facie
2998 1788 3180 1833 nostra
3217 1779 3268 1832 in
3298 1792 3392 1830 sua
3422 1776 3714 1846 providen-

458 1863 593 1918 teris
632 1864 793 1928 eruit,
831 1865 898 1918 de
926 1865 1141 1920 vinculo
1185 1867 1477 1935 tyrannicae
1510 1867 1893 1922 dominationis
1934 1868 2030 1922 ab-
2075 1890 2077 1892 ·

462 1951 647 2018 solvit,
688 1963 850 2023 atque
878 1954 930 2008 in
960 1963 1162 2010 terram
1191 1972 1288 2011 nos
1328 1957 1762 2027 repromissionis
1802 1957 2034 2012 fideliter

457 2040 780 2098 Introduxit.
819 2043 1043 2099 Terram
1085 2060 1318 2116 namque
1367 2047 1801 2116 repromissionis
1854 2064 1919 2102 ex
1968 2061 2033 2102 eo

446 2131 570 2215 jam
603 2132 832 2204 ingressi
865 2151 1069 2200 sumus,
1099 2152 1166 2191 ex
1194 2153 1300 2206 quo
1329 2147 1510 2206 spreto
1533 2139 1716 2193 mundi
1744 2139 2032 2205 desiderio,

462 2223 633 2306 ﬁrmae
652 2228 763 2297 spei
789 2227 1038 2282 fiduciam
1077 2229 1130 2282 in
1151 2231 1450 2284 aeternitate
1473 2232 1780 2300 posuimus;
1809 2232 2037 2305 M395

463 2315 573 2383 iam
604 2317 658 2370 in
708 2331 802 2385 spe
840 2318 1196 2387 possidemus,
1227 2335 1388 2389 quam
1423 2321 1475 2373 in
1521 2337 1580 2374 re
1618 2321 1857 2376 habituri
1891 2332 2037 2392 post-

429 2400 431 2402 ’
464 2406 680 2462 modum
705 2421 800 2478 per
819 2407 914 2461 Dei
944 2409 1170 2478 gratiam
1199 2424 1403 2464 sumus.
1427 2409 1482 2464 in
1507 2411 1606 2466 hac
1622 2411 1868 2466 videlicet
1893 2422 2036 2467 terra

450 2514 571 2577 iam
600 2499 676 2555 illi
701 2515 800 2569 per
832 2501 946 2570 spei
975 2502 1205 2571 gratiam
1248 2503 1537 2558 introducti
1579 2502 1812 2568 fuerant,
1843 2504 2039 2572 quibus

462 2589 657 2646 Petrus
693 2590 870 2644 aiebat
900 2609 912 2646 :
952 2610 971 2644 ι
1003 2591 1112 2646 Vos
1159 2601 1337 2646 autem
1369 2608 1538 2662 genus
1575 2593 1827 2656 electum,
1860 2591 2041 2662 regale

465 2678 850 2745 sacerdotium,
874 2695 1005 2750 gens
1035 2690 1239 2745 sancta,
1282 2682 1508 2751 populus
1545 2680 1940 2749 acquisitionis,
1980 2689 2041 2733 ut

465 2773 697 2828 virtutes
728 2773 1059 2849 annuntietis
1079 2774 1215 2842 ejus,
1245 2774 1334 2843 qui
1383 2774 1450 2829 de
1479 2773 1716 2827 tenebris
1744 2787 1839 2827 vos
1879 2785 2044 2826 voca—

465 2861 544 2916 vit
573 2862 626 2917 in
653 2863 969 2918 admirabile
998 2863 1176 2918 lumen
1203 2880 1357 2919 suum
1390 2863 1442 2935 (1
1476 2861 1621 2917 Petr.
1650 2865 1732 2932 tt).
1764 2882 1783 2915 ι

541 2952 648 3008 Sed
689 2955 815 3023 quia
871 2956 925 3009 in
977 2955 1118 3010 hanc
1160 2964 1385 3018 terram,
1441 2954 1576 3009 duce
1621 2953 1798 3008 divina
1846 2954 2039 3024 gratia,

455 3035 660 3096 sumus
693 3043 938 3113 ingressi,
963 3043 1075 3114 iam
1115 3059 1222 3098 non
1267 3044 1419 3098 nobis
1450 3043 1750 3097 vacandum
1795 3052 1878 3098 est
1905 3045 2039 3108 otio,

467 3142 579 3184 non
611 3131 833 3200 torpori,
859 3131 942 3186 vel
971 3131 1191 3187 desidia:
1219 3132 1440 3197 cedere;
1473 3149 1576 3186 non
1603 3148 1811 3197 somno,
1842 3133 1925 3187 vel
1964 3134 2042 3187 in-

471 3229 648 3274 cauta:
692 3221 973 3276 securitati
1004 3236 1191 3276 sanum
1231 3231 1314 3277 est
1343 3222 1639 3294 indulgere.
1672 3222 1898 3293 Expedit
1941 3223 2040 3277 ita-

471 3322 578 3376 que
604 3318 663 3363 ut
689 3309 949 3364 virtutum
995 3311 1161 3364 arm-is
1202 3325 1415 3380 semper
1469 3311 1722 3377 accincti,
1756 3311 1823 3365 ad
1862 3319 2041 3367 custo-

471 3401 618 3455 diam
649 3401 1037 3472 nostrijugiter
1073 3405 1418 3469 excubemus,
1460 3414 1515 3460 et
1560 3406 1819 3461 adversus
1846 3407 2039 3460 imma—

475 3491 730 3548 nissimos
755 3493 941 3548 hostes
964 3502 1180 3550 nostros
1201 3496 1400 3550 acriter
1426 3495 1765 3551 dimicemus.
1803 3495 1906 3550 Per
1931 3495 2042 3548 bel—

471 3579 584 3633 lum
634 3596 864 3652 namque
912 3583 1224 3654 pervenitur
1279 3584 1354 3638 ad-
1393 3599 1600 3653 pacem,
1648 3600 1744 3654 per
1800 3585 2040 3640 laborem

455 3665 736 3726 transitur
773 3674 841 3728 ad
905 3675 1166 3743 requiem.
1213 3673 1330 3730 Non
1369 3683 1453 3730 est
1499 3675 1642 3730 enim
1703 3675 1821 3730 sine
1865 3690 2042 3746 pugna

473 3759 721 3825 victoria,
772 3777 880 3816 non
917 3763 1121 3832 absque
1151 3763 1375 3817 victoria
1417 3763 1745 3834 pertingitur
1780 3763 1848 3817 ad
1889 3779 2045 3818 coro-

472 3864 621 3904 nam.
648 3851 937 3908 lntestinos
963 3861 1142 3908 autem
1186 3855 1369 3908 hostes
1395 3855 1675 3916 habemus,
1705 3871 1826 3910 cum
1851 3856 2046 3924 quibus

472 3941 520 3996 si
550 3943 732 4011 perire
767 3944 1038 4010 nolumus,
1068 3945 1496 4015 infatigabiliter,
1524 3956 1580 4000 et
1613 3948 1729 4000 sine
1758 3947 1862 4000 ulla
1891 3962 2046 4016 pror-

475 4049 570 4089 sus
633 4035 1035 4091 intermissione
1103 4051 1344 4107 pugnare
1401 4036 1791 4106 compellimur.
1851 4037 2046 4092 llestes

476 4138 672 4196 nempe
701 4136 933 4192 nostros,
963 4130 1248 4181 adversum
1277 4145 1413 4198 quos
1442 4130 1494 4182 iu
1523 4131 1637 4182 acie
1667 4145 1878 4199 semper
1911 4131 2047 4186 assi—

459 4213 692 4292 'sti_mus,
720 4231 825 4271 non
849 4232 879 4270 a
912 4216 1069 4272 nobis
1100 4217 1360 4284 interiecti
1388 4234 1614 4288 aggeres
1640 4220 1902 4283 dividunt,
1941 4235 2047 4273 non

476 4306 894 4363 mtenia'turrita
928 4316 1239 4370 secernunt,
1266 4324 1371 4362 non
1397 4308 1644 4379 profundi
1672 4323 1859 4362 amnes
1887 4311 2050 4364 inter-

461 4397 674 4464 ﬂuunt,
708 4413 814 4452 non
855 4399 1110 4470 praerupti
1152 4407 1385 4462 montes,
1429 4413 1496 4451 ne
1534 4400 1778 4453 cominus
1818 4414 2049 4469 congre-

477 4489 718 4554 diantur,
750 4490 1041 4545 obsistunt.
1070 4489 1361 4545 Nobiscum
1401 4505 1615 4559 semper
1659 4499 1806 4554 sunt,
1835 4490 1961 4560 quia
1994 4491 2048 4544 in

475 4589 680 4635 nostra:
705 4582 899 4635 mentis
920 4582 1287 4650 penetralibus
1317 4583 1534 4652 degunt.
1578 4581 1795 4650 Septem
1820 4594 2051 4649 namque

479 4668 799 4737 principalia
850 4669 982 4722 vitia
1028 4679 1171 4734 sunt,
1221 4685 1288 4722 ex
1331 4684 1560 4738 quorum
1581 4670 1804 4738 ‘vipereo
1846 4669 2053 4724 semine

463 4757 691 4812 ceterae
712 4759 966 4813 vitiorum
989 4767 1186 4827 pestes,
1217 4759 1369 4826 quasi
1402 4768 1678 4813 venenatae
1704 4758 2051 4813 nihilominus

481 4849 694 4904 ,οιὶοιθε
715 4850 984 4912 oriuntur,
1010 4865 1130 4919 qua:
1155 4850 1409 4903 nimirum
1439 4860 1584 4914 sunt,
1613 4851 1886 4919 superbia,
1919 4867 2047 4905 ava-

483 4940 633 5005 ritia,
679 4940 855 4994 inanis
893 4941 1086 5010 gloria,
1131 4942 1232 5003 ira,
1270 4941 1490 5005 invidia,
1531 4941 1763 5006 luxuria,
1805 4943 2047 4998 tristitia.

483 5027 564 5084 De
595 5023 792 5090 quibus
829 5046 927 5085 nos
970 5031 1174 5085 idcirco
1216 5031 1500 5090 diligenter
1537 5031 1809 5090 disputare
1850 5033 2053 5087 omitti-

2132 1875 2223 1929 liae
2253 1873 2608 1942 dispositione
2637 1871 2854 1926 delevit.
2885 1869 2994 1924 Cur
3011 1883 3138 1938 ergo
3167 1867 3421 1938 degeneri
3454 1866 3715 1934 languore

2134 1966 2525 2036 torpescimus?
2553 1964 2665 2018 Cur
2691 1962 2942 2018 collatam
2982 1961 3139 2015 nobis
3166 1959 3385 2014 caelitus
3421 1956 3713 2011 victoriam

2133 2073 2240 2112 non
2290 2055 2617 2126 arripimus?
2659 2069 2757 2108 cur
2793 2067 2861 2106 ex
2911 2066 2998 2116 eo,
3043 2051 3185 2118 quod
3229 2049 3283 2102 in
3333 2061 3574 2115 superno
3601 2045 3715 2113 iam

2134 2145 2384 2202 examine
2430 2143 2786 2199 constitutum
2834 2149 2936 2202 est,
2989 2139 3042 2192 id
3088 2137 3260 2192 solum
3305 2136 3450 2204 quod
3504 2133 3573 2188 ad
3618 2147 3716 2185 nos

2134 2235 2392 2308 pertinet,
2442 2249 2549 2288 non
2604 2229 2930 2302 implemus?
2955 2227 3088 2282 Nam
3125 2227 3168 2281 si
3208 2227 3380 2294 ipsam
3417 2221 3712 2278 verborum

2137 2329 2333 2384 seriem
2381 2333 2537 2381 caute
2566 2323 2969 2394 perpendimus,
3006 2318 3121 2387 iam
3171 2319 3313 2387 ipsas
3350 2326 3542 2386 gentes
3573 2313 3718 2380 apud

2139 2418 2376 2474 divinam
2423 2414 2748 2470 sententiam
2780 2420 3078 2481 prostratas
3105 2409 3416 2477 aspicimus,
3447 2418 3587 2473 quas
3616 2401 3717 2471 ipsi

2136 2517 2423 2579 percutere
2447 2505 2609 2576 395
2636 2513 2692 2558 et
2721 2501 2899 2558 delere
2938 2501 3212 2570 iubemur.
3247 2497 3382 2553 Cum
3408 2496 3556 2550 enim
3583 2492 3720 2548 dici-

2141 2607 2228 2652 tur
2260 2612 2274 2652 :
2309 2617 2328 2650 ‹
2358 2597 2490 2652 Cum
2523 2593 2885 2650 introduxerit
2931 2601 2982 2646 te
3014 2590 3273 2644 Dominus
3316 2587 3460 2641 Dens
3503 2586 3556 2638 in
3612 2593 3722 2637 ter-

2140 2705 2256 2745 ram
2324 2703 2486 2757 quam
2537 2697 2884 2755 posscssurus
2960 2679 3302 2750 iugredieris,
3353 2684 3408 2730 et
3458 2673 3723 2727 deleverit

2138 2788 2366 2850 gentes,
2402 2796 2420 2829 ι
2477 2785 2640 2844 atque
2678 2773 2837 2843 paulo
2885 2779 3005 2842 post
3053 2768 3292 2838 adiungit
3327 2785 3339 2819 :
3381 2786 3400 2817 ε
3436 2763 3725 2818 Percuties

2135 2883 2259 2933 eas,
2291 2889 2308 2920 ι
2343 2867 2461 2922 luce
2491 2866 2690 2920 clarius
2721 2872 2952 2929 constat,
2987 2861 3111 2930 quia
3137 2858 3478 2912 adversarios
3505 2863 3726 2907 nostros

2145 2958 2198 3013 in
2230 2974 2326 3012 sua
2359 2956 2695 3026 prmscicntia
2733 2953 2844 3021 iam
2869 2951 3212 3019 omnipotens
3241 2948 3401 3008 Deus,
3431 2943 3721 3005 exstinxit,

2145 3064 2282 3119 quos
2311 3063 2429 3110 nos,
2455 3055 2515 3099 ιιι
2544 3045 3030 3112 exstingueremns,
3072 3038 3323 3092 instituit.
3350 3035 3470 3104 ipse
3498 3040 3722 3101 pugnat,

2089 3135 2114 3159 ³
2145 3151 2201 3196 et
2231 3148 2290 3194 ut
2317 3154 2413 3193 nos
2440 3139 2720 3192 vincamus
2774 3133 2998 3196 invitat;
3044 3130 3157 3199 ipse
3184 3126 3418 3182 hostium
3448 3124 3601 3178 vires
3626 3122 3719 3176 de-

2143 3231 2325 3295 struit,
2357 3238 2413 3283 et
2455 3228 2613 3282 nobis
2640 3225 2879 3280 victoriae
2924 3237 3118 3276 nomen
3163 3217 3406 3273 ascribit.
3454 3213 3585 3269 Vult
3625 3225 3724 3267 nos

2144 3324 2262 3379 ﬁeri
2291 3338 2387 3378 sua
2412 3324 2613 3377 virtute
2642 3320 2898 3384 victores,
2943 3323 3003 3369 ut
3031 3313 3233 3369 merito
3255 3320 3518 3367 coronare
3544 3304 3728 3360 valeat

2144 3416 2560 3484 triumphantes.

2215 3507 2366 3562 Nulla
2401 3521 2498 3560 nos
2527 3517 2654 3574 ergo
2683 3497 2988 3569 desperatio
3019 3496 3254 3566 frangat,
3296 3505 3435 3562 quos
3466 3489 3534 3543 ad
3572 3486 3729 3543 forti-

2147 3608 2230 3655 ter
2259 3598 2522 3669 agendum
2558 3607 2804 3662 supernze
2842 3589 3059 3645 virtutis
3096 3583 3405 3639 adhortatio
3434 3584 3733 3669 provocat.-

2145 3666 2316 3744 Nulla'
2351 3685 2633 3740 infirmitas
2674 3682 2924 3736 humana!
2962 3673 3290 3731 conditionis
3330 3671 3583 3734 obsistat,
3634 3666 3728 3722 ubi

2146 3782 2212 3836 ad
2239 3776 2630 3847 conﬂigendum
2677 3774 2871 3827 divinae
2906 3768 3169 3841 jussionis
3216 3763 3516 3819 auctoritas
3563 3757 3728 3814 robo-

2146 3879 2252 3924 rat.
2289 3868 2585 3922 Audiamus
2625 3872 2681 3918 et
2737 3878 2836 3916 nos
2873 3861 3016 3929 quod
3066 3857 3174 3911 illis
3201 3857 3402 3910 dictum
3449 3859 3581 3906 est:
3619 3869 3639 3903 I
3669 3847 3729 3903 Si

2149 3958 2354 4014 dixeris
2387 3957 2438 4010 in
2466 3955 2627 4010 corde
2652 3961 2781 4006 tuo:
2812 3950 3000 4005 Plures
3035 3955 3163 4000 sunt
3191 3953 3377 4014 gentes
3400 3941 3517 3995 istae
3563 3951 3728 4007 quam

2147 4067 2270 4119 ego,
2302 4048 2574 4118 quomodo
2601 4055 2789 4115 potero
2820 4043 3003 4096 delere
3025 4038 3155 4094 eas?
3194 4034 3310 4090 Noli
3339 4042 3602 4094 metuere,
3631 4027 3728 4083 sed

2149 4140 2440 4196 recordare
2469 4152 2588 4206 qua:
2619 4134 2810 4188 fecerit
2829 4131 3092 4185 Dominus
3123 4130 3264 4182 Deus
3286 4135 3409 4179 tuus
3429 4119 3723 4182 Pharaoni,

2151 4241 2206 4286 et
2234 4228 2444 4284 cunctis
2471 4226 2761 4296 Egyptiis,
2787 4224 2971 4293 plagas
3018 4221 3282 4273 maximas
3309 4231 3446 4285 quas
3474 4214 3728 4268 viderunt

2153 4322 2293 4377 oculi
2336 4321 2436 4384 tui,
2467 4329 2524 4373 et
2555 4319 2707 4387 signa
2765 4324 2927 4384 atque
2956 4319 3224 4381 portenta,
3286 4316 3726 4373 manumque-ro-

2073 4431 2127 4491 D
2153 4415 2387 4476 bustam,
2421 4419 2480 4486 et,
2518 4417 2796 4463 extentum
2826 4397 3130 4466 brachium,
3159 4408 3220 4453 ut
3244 4398 3598 4491 educeret-te
3623 4391 3728 4445 Do-

2156 4504 2333 4558 minus
2382 4500 2522 4553 Deus
2558 4508 2714 4560 tuus;
2767 4495 2846 4549 sic
2893 4494 3054 4548 faciet
3093 4491 3302 4546 cunctis
3347 4486 3561 4557 papulis
3593 4497 3727 4552 quos

2156 4593 2354 4647 metuis
2390 4590 2566 4658 (Dent.
2595 4585 2714 4656 vn).
2747 4604 2765 4637 ι
2803 4583 2873 4638 Ut
2918 4582 3043 4651 quid
3087 4595 3217 4650 ergo
3255 4593 3322 4632 ex
3361 4583 3547 4630 nostra
3580 4569 3726 4625 infir-

2156 4683 2345 4736 mitate
2376 4678 2682 4741 diffidimus,
2709 4675 2798 4744 qui
2836 4674 3006 4742 ipsum
3035 4671 3249 4728 virtutis
3285 4675 3560 4722 auctorem
3592 4675 3719 4731 pra-

2159 4771 2305 4824 vium
2363 4785 2427 4824 ac
2473 4770 2662 4822 ducem
2695 4773 2892 4819 nostrae
2921 4759 3319 4831 congressionis
3353 4757 3637 4816 habemus,
3670 4758 3726 4805 et

2156 4861 2489 4918 ille‘tenetur
2510 4875 2578 4914 ex
2607 4855 2964 4927 promissione
2991 4851 3252 4913 victoriae,
3282 4848 3374 4918 qui
3403 4845 3512 4900 dux
3541 4849 3597 4898 et
3635 4855 3725 4894 au-

2146 4964 2275 5010 ctor
2299 4961 2380 5007 est
2405 4949 2634 5022 pugnae?

2173 5059 2178 5062 ·
2226 5032 2564 5090 amandatur
2593 5040 2756 5090 igitur
2781 5051 2934 5090 mens
2957 5036 3012 5089 in
3037 5025 3640 5088 amoremcertaminis,
3669 5027 3724 5074 et
