3992 5322
190 169 290 224 921

1569 154 1802 214 SERMO
1857 156 1941 211 LX
1952 154 2091 213 ΧΠ.

3329 162 3433 217 922

192 283 401 336 tionem
431 283 729 332 retrorsum
763 273 985 328 reverti.
1015 270 1264 327 Nonnulli
1289 270 1435 326 enim
1468 280 1590 341 post
1618 284 1765 323 arre-
1791 272 1841 330 Λ
1871 278 1951 325 tes
1978 272 2032 324 in
2057 285 2116 325 se
2143 278 2322 325 motus
2344 272 2523 328 carnis
2550 273 2706 328 facile
2735 274 3006 345 reprimit;
3030 275 3076 330 si
3104 276 3432 331 tumultuan-

190 380 283 441 pta
312 382 493 423 sacra
510 366 807 420 rudimenta
846 362 1070 427 militiae,
1100 363 1153 416 in
1182 372 1385 416 tantam
1409 378 1468 416 se
1489 361 1765 414 mollitiem

191 462 377 516 animo
400 466 709 530 tepescente
738 455 1036 518 resolvunt,
1081 463 1139 507 ut
1165 462 1220 507 et
1246 454 1289 507 si
1314 453 1595 507 videantur
1625 451 1765 503 mala

190 565 302 605 non
337 564 526 619 agere,
550 547 707 600 nullis
738 554 918 598 tamen
946 546 1194 598 studeant
1233 544 1426 597 anima:
1454 557 1562 595 stne
1592 540 1767 608 profe-

190 644 370 695 ctibus
412 640 681 693 insudare.
716 637 778 691 Hi
812 637 1061 691 nimirum
1098 650 1202 689 non
1230 634 1422 687 famem
1456 633 1626 686 inedia
1651 633 1767 684 vin-

190 746 336 795 cere,
377 746 485 783 nou
523 728 718 782 oblatis
739 728 1018 795 epularum
1054 727 1411 780 suavitatibus
1442 740 1761 794 repugnare,

189 838 293 875 non
327 820 550 889 frigoris
574 820 918 888 asperitatem
950 818 1114 882 ferre,
1149 835 1252 871 non
1278 833 1592 871 communes
1621 827 1765 870 sata-

190 918 320 981 gunt
344 910 559 979 vigilias
594 911 909 978 pnnvenire,
939 910 1027 979 qui
1054 910 1318 971 videlicet,
1341 919 1393 964 et
1416 911 1460 962 si
1503 925 1763 978 usurpare

189 1002 368 1055 illicita
410 1012 694 1071 respuunt,
728 1003 811 1056 his
838 1011 1014 1057 tamen
1044 1020 1162 1073 qua:
1189 1004 1333 1057 licita
1368 1014 1490 1058 sunt
1528 1006 1764 1058 suaviter

190 1092 564 1161 perfruuntur.
624 1094 688 1148 Hi
748 1094 991 1164 profecto
1060 1097 1198 1149 intra
1250 1112 1459 1150 sacram
1516 1099 1759 1151 militiam

188 1186 470 1240 constituti
523 1198 668 1251 sunt,
712 1189 806 1240 sed
858 1188 985 1257 quid
1026 1188 1305 1256 spirituale
1345 1198 1618 1242 certamen
1668 1191 1758 1252 sit,

189 1276 457 1331 nesciunt.
486 1276 633 1330 Intra
679 1278 907 1331 militum
956 1294 1238 1332 numerum
1279 1290 1568 1333 censentur
1602 1280 1762 1332 ascri-

187 1365 281 1432 pti,
307 1366 403 1418 sed
435 1365 689 1419 militaris
725 1365 881 1419 cilicii
922 1367 1218 1434 probantur
1255 1368 1446 1435 ignari.
1485 1368 1757 1436 Siquidem

189 1456 322 1509 inter
356 1467 603 1510 armatos
634 1471 739 1509 non
771 1466 1024 1510 verentur
1054 1458 1287 1511 inermes
1316 1460 1587 1520 incedere,
1621 1460 1758 1511 inter

190 1543 437 1599 loricatas
470 1547 792 1598 bellatorum
834 1546 979 1599 acies
1012 1562 1114 1599 non
1157 1549 1483 1600 erubescunt
1506 1547 1752 1600 discincti

1874 362 2005 416 tium
2062 362 2447 431 cogitationum
2514 365 2796 433 strepitum
2849 367 3043 421 minori
3091 366 3202 435 jam
3252 368 3436 423 labore

1866 457 2189 523 compescit;
2232 457 2278 509 si
2328 465 2613 511 nascentes
2652 458 2886 512 carnalis
2923 458 3186 513 illecebra:
3228 460 3433 528 spinas,

1867 564 1989 601 mox
2021 558 2081 601 ut
2116 550 2245 602 oriri
2278 551 2565 618 coeperint,
2597 560 2833 613 resecat;
2861 552 2904 605 si
2946 553 3201 604 tumentia
3243 567 3434 619 super-

1866 639 1986 701 bi:e,
2032 639 2274 703 illSlll'ltl‘,
2324 650 2749 707 cmlcrurnmque
2798 642 3051 695 vitiorum
3091 641 3225 695 colla
3254 641 3436 710 gladio

1865 729 2111 797 protinus
2141 730 2305 781 divini
2339 730 2546 782 timoris
2572 729 2879 784 obtruncat.

1936 818 2225 884 Caeterum,
2262 820 2387 887 quid
2424 822 2643 889 prodest
2674 822 2763 872 diu
2793 836 3113 890 quemquam
3160 837 3328 876 sacra:
3353 823 3436 876 in-

1867 917 2071 962 teresse
2103 910 2326 969 militi:c,
2358 926 2515 977 quem
2548 910 2691 963 velut
2730 912 2829 964 sub
2862 912 2972 978 ipsa
3007 912 3163 980 primi
3201 913 3434 967 tirocinii

1866 999 2169 1052 rudimenta
2199 1000 2439 1052 remissis
2458 999 2725 1060 manibus,
2752 1010 2806 1053 et
2829 1011 3013 1055 tenero
3038 1003 3213 1055 adhuc
3237 1002 3437 1071 poplite

1866 1088 2050 1141 videas
2077 1088 2421 1141 claudicare?
2448 1090 2488 1140 Α
2531 1105 2633 1156 qua
2668 1090 2918 1141 nimirum
2958 1092 3291 1160 negligentia:
3321 1094 3432 1148 dis-

1863 1180 2129 1233 solutione
2161 1182 2482 1247 praedicator
2512 1182 2766 1248 egregius
2791 1182 3078 1249 discipulos
3100 1198 3227 1236 suos
3258 1184 3436 1251 probi-

1863 1274 1971 1335 bet,
2022 1273 2206 1326 dicens
2238 1290 2250 1324 :
2282 1293 2298 1323 ι
2333 1274 2627 1333 “emissas,
2679 1274 2870 1341 inquit,
2916 1290 3122 1336 manus,
3165 1283 3217 1327 et
3262 1276 3435 1327 disso-

1860 1362 1968 1415 luta
1999 1378 2169 1431 genua
2202 1364 2414 1430 erigite,
2447 1374 2499 1416 et
2541 1379 2757 1430 gressus
2804 1373 2981 1417 rectos
3006 1364 3167 1416 facile
3207 1362 3433 1432 pedibus

1863 1455 2077 1515 vestris,
2108 1468 2173 1505 ne
2196 1453 2505 1506 claudicans
2532 1456 2652 1521 quis
2676 1464 2819 1507 erret
2845 1453 3027 1522 (llebr.
3060 1456 3180 1521 ιιι).
3216 1474 3233 1504 ι
3268 1453 3435 1508 Docta

1863 1561 2052 1599 manus
2105 1547 2169 1598 ad
2204 1547 2442 1614 praelium
2492 1547 2647 1599 facile
2687 1548 2929 1615 pervenit
2969 1546 3035 1599 ad
3067 1546 3429 1614 triumphum;

189 1633 421 1703 segniter
449 1634 765 1699 ambulare;
794 1644 954 1703 atque
978 1636 1180 1689 idcirco
1210 1637 1274 1689 ad
1305 1638 1537 1705 primum
1563 1637 1753 1690 vibrati
1787 1614 1829 1671 Β
1858 1654 2053 1705 corpus
2078 1640 2319 1690 attritum
2354 1638 2543 1703 lorica,
2572 1614 2874 1708 promptum
2906 1639 3075 1691 fertur
3103 1640 3152 1691 in
3178 1654 3430 1707 pugnam.

190 1727 467 1794 cujuslibet
490 1726 658 1795 jaculi
704 1728 867 1780 ictum
912 1739 1204 1789 corruunt,
1232 1730 1359 1797 quia
1404 1731 1550 1781 nullo
1591 1745 1752 1782 causa

186 1816 691 1886 circumspectionis
718 1817 905 1886 clypeo
948 1819 1282 1881 muniuntur,
1322 1819 1618 1886 meliusque
1650 1822 1757 1872 fne-

188 1918 266 1964 rat
294 1909 431 1962 intra
474 1918 624 1978 septa
658 1909 847 1962 domus
886 1909 1198 1977 ignobiliter
1225 1912 1425 1969 vivere.
1456 1927 1618 1978 quam
1658 1910 1756 1962 im-

185 1994 342 2056 belles
367 1999 515 2052 intra
538 1997 676 2053 bella
703 1999 819 2054 sine
848 1999 968 2053 ullis
999 2001 1391 2069 prmconiormn
1426 2001 1594 2053 titulis
1619 2001 1755 2053 inte-

189 2091 306 2145 fire.

182 2210 185 2215 ν
253 2180 541 2235 Enimvero
575 2182 665 2249 qui
704 2182 1058 2237 monachicho
1088 2183 1271 2237 habitu
1302 2183 1482 2237 carnis
1522 2183 1756 2236 delecta-

193 2271 379 2324 tionem
404 2283 675 2340 quzerunt,
710 2289 775 2327 ex
816 2276 969 2328 arido
1011 2276 1155 2345 ligno
1186 2292 1404 2331 succum
1448 2277 1754 2343 exprimere

191 2362 428 2428 gestiunt,
471 2378 542 2417 ex
587 2379 689 2431 qua
728 2366 983 2418 nimirum
1038 2367 1281 2432 mollitie,
1332 2383 1395 2420 ac
1438 2368 1754 2420 remissione

188 2450 384 2505 vivendi
415 2452 695 2523 plerisque
721 2456 1004 2523 contingit,
1036 2465 1094 2507 ut
1120 2473 1240 2509 eum
1279 2458 1442 2510 multa
1476 2459 1665 2518 sciant,
1698 2470 1755 2508 sc

189 2540 438 2606 nesciant,
500 2552 553 2595 et
608 2544 734 2612 quid
792 2544 1146 2599 districtionis
1196 2548 1293 2615 ipsi
1350 2548 1456 2615 pati
1512 2548 1748 2615 possint,

189 2627 400 2700 pleniter
426 2632 596 2704 396
624 2650 726 2686 non
769 2646 1063 2705 agnoscant
1094 2654 1106 2688 :
1136 2636 1320 2706 sicque
1353 2638 1431 2699 fit,
1466 2649 1521 2689 nt
1558 2638 1751 2705 quibus

182 2718 361 2773 datum
395 2734 476 2775 est
522 2726 791 2778 exteriora
843 2726 1010 2777 nmlta
1062 2743 1410 2797 rognoSrt-rc.
1460 2731 1637 2782 adhuc
1683 2729 1748 2781 ad

193 2813 611 2878 cognoscendum
650 2816 969 2883 semetipsos
999 2818 1284 2870 rideantur
1314 2818 1648 2885 probationis
1678 2820 1750 2871 in-

193 2896 375 2968 digere.
411 2902 706 2973 l’lerosqne
735 2906 878 2958 enim
908 2907 1136 2958 vidimus
1160 2908 1476 2975 jamdudum
1507 2911 1557 2961 in
1588 2925 1743 2962 sacro

192 2988 363 3043 ordine
388 2992 734 3057 constitutos,
776 2995 867 3063 qui
900 2997 1125 3049 necdum
1165 3008 1384 3050 nossent
1414 2997 1540 3065 quid
1576 2999 1627 3051 in
1659 2997 1743 3064 je-

192 3076 361 3145 juniis,
383 3083 512 3150 quid
553 3084 603 3135 in
646 3084 862 3152 vigiliis,
892 3086 1021 3154 quid
1062 3088 1114 3140 in
1148 3089 1372 3157 reliquis
1396 3090 1634 3143 emlestis
1664 3091 1749 3143 di-

193 3168 410 3237 sciplinae
438 3174 635 3227 studiis
666 3174 808 3229 ferre
847 3180 1177 3245 potuissent;
1210 3188 1265 3233 et
1301 3196 1422 3232 cum
1468 3180 1747 3247 Scriptura

191 3255 367 3314 dicat:
413 3280 430 3312 ι
460 3263 564 3330 Qui
611 3265 845 3334 ignorat,
907 3268 1242 3337 ignorabitur
1292 3269 1344 3337 (l
1367 3270 1489 3323 Cor.
1535 3279 1681 3335 xw);
1722 3292 1741 3324 ι

192 3360 286 3413 quo
318 3360 469 3418 pacto
506 3354 590 3408 vel
621 3370 650 3407 a
693 3356 801 3411 Deo
839 3359 1112 3428 cognosci,
1154 3359 1234 3413 vel
1269 3361 1434 3413 Deum
1474 3372 1748 3417 mereatur

191 3432 346 3501 ipsum
376 3454 729 3511 cognoscere,
758 3447 847 3516 qui
874 3450 1219 3517 semetipsum
1248 3450 1300 3503 in
1334 3451 1452 3519 ejus
1482 3452 1746 3522 obsequio

190 3529 515 3585 convincitur
561 3534 846 3602 ignorare?
875 3536 1045 3592 Porro
1086 3549 1264 3594 autem
1308 3541 1546 3598 fervidus
1587 3545 1747 3597 bella-

191 3618 284 3677 ιον.
312 3622 397 3687 qui
428 3624 628 3677 mmnia
661 3626 938 3681 obsidiOne
966 3630 1285 3694 circumdat,
1318 3636 1747 3703 appropinquare

192 3711 461 3798 aggeribus
511 3716 723 3781 nititur,
776 3733 1042 3789 occupare
1077 3723 1245 3776 vallos
1286 3734 1534 3789 attentat,
1583 3737 1745 3798 atque

190 3795 316 3853 inter
366 3803 511 3872 ipsas
566 3808 1023 3864 crebrescentinm
1073 3814 1354 3868 missilium
1411 3795 1697 3884 grandines
1727 3859 1741 3883 ,

190 3902 445 3961 quousque
474 3898 742 3953 violentus
771 3902 1069 3971 irrumpere
1098 3907 1264 3973 possit
1294 3906 1559 3974 explorat.

252 3976 344 4043 Qui
388 3987 737 4055 semetipsum
784 4004 913 4058 ergo
956 3992 1068 4044 vult
1107 3995 1341 4056 vincere,
1390 3996 1441 4047 in
1494 4010 1742 4051 mensura

192 4078 389 4124 suarum
428 4075 627 4129 virium
665 4090 819 4147 turpe
840 4089 924 4133 est
950 4083 1199 4135 notitiam
1233 4100 1335 4135 non
1365 4085 1581 4138 habere.
1609 4086 1743 4141 llinc

192 4165 263 4207 est
286 4161 421 4215 enim
458 4168 599 4234 quod
634 4168 889 4224 Dominus
936 4172 1100 4226 dicit:
1130 4192 1148 4222 ι
1176 4173 1494 4229 Contendite
1540 4177 1742 4231 intrare

1858 1727 2118 1781 Monacho
2155 1744 2360 1797 nempe,
2413 1730 2497 1782 cui
2548 1731 2723 1783 adlmc
2765 1730 3093 1798 impossibile
3139 1740 3220 1782 est
3248 1744 3435 1796 super-

1856 1818 2001 1871 biam
2048 1834 2315 1887 premere,
2371 1821 2654 1872 avaritiam
2705 1822 2979 1883 cohibere,
3031 1820 3247 1873 invidia:
3286 1819 3433 1875 faces

1857 1912 2221 1978 exstinguere,
2254 1911 2505 1962 mundam
2540 1921 2775 1963 mentem
2804 1927 2831 1962 a
2871 1911 3096 1962 luxuriae
3128 1909 3432 1978 petulantia

1857 2002 2158 2061 custodire;
2201 2002 2289 2069 qni
2339 2001 2485 2053 virus
2526 2000 2747 2053 malitiae
2786 2002 3043 2054 adversus
3071 2000 3431 2054 offendentem

1855 2094 2041 2160 nequit
2064 2094 2353 2159 eytpellere.
2386 2094 2474 2161 qui
2516 2109 2611 2160 pro
2644 2094 2904 2145 servanda
2937 2108 3161 2146 censura
3206 2080 3433 2161 justitizn

1855 2183 2155 2235 succumbit
2185 2183 2433 2249 injuriam
2476 2183 2780 2246 sustinere;
2816 2182 2942 2251 quid
2972 2182 3114 2234 aliud
3146 2182 3431 2235 dicendum

1854 2280 1957 2330 est,
1994 2272 2091 2322 nisi
2121 2272 2243 2339 quia
2275 2280 2536 2339 quantum
2564 2273 2629 2322 ad
2664 2271 3051 2339 professionem
3084 2269 3433 2338 quidemjam

1856 2362 1907 2413 in
1942 2374 2096 2413 saera
2133 2361 2319 2413 militia
2356 2377 2546 2413 nomen
2576 2362 2742 2423 dedit,
2772 2363 2864 2414 sed
2893 2361 3017 2429 quid
3051 2362 3121 2414 sit
3150 2359 3431 2427 spiritualo

1855 2462 2149 2511 certamen,
2181 2453 2354 2505 adhuc
2389 2453 2601 2521 penitus
2635 2468 2739 2505 non
2778 2453 3035 2523 agnovit?
3061 2454 3168 2505 imo
3197 2453 3263 2505 ad
3308 2466 3432 2520 per-

1855 2550 2141 2603 fectionem
2174 2552 2515 2603 tendentibus
2549 2550 2647 2602 hoc
2680 2550 2806 2601 totis
2843 2560 2925 2601 est
2951 2548 3154 2601 viribus
3182 2540 3431 2601 adniten-

1854 2641 2004 2699 dum.
2030 2650 2087 2690 ut
2115 2640 2403 2691 salubriter
2436 2639 2590 2707 rigidi
2630 2640 2798 2707 magis
2821 2639 3029 2691 discant
3058 2637 3158 2690 ista
3194 2635 3427 2700 nescire,

1851 2748 2011 2801 quam
2044 2733 2276 2783 vincere.
2313 2732 2508 2783 Pudeat
2537 2733 2653 2792 hos,
2692 2732 2781 2799 qui
2808 2747 2864 2784 se
2897 2743 3137 2783 mortuos
3166 2729 3429 2797 proﬁten-

1852 2832 1938 2875 tur
1964 2838 2082 2875 esse
2110 2837 2229 2874 cum
2256 2822 2494 2882 Christo,
2520 2821 2747 2873 rebelles
2774 2829 2952 2873 motus
2987 2820 3187 2881 carnis,
3219 2827 3271 2873 et
3305 2833 3430 2885 pas-

1851 2914 2031 2965 siones
2081 2928 2382 2964 ammnrnm
2438 2912 2613 2964 adhuc
2661 2912 2713 2964 in
2760 2926 2818 2964 se
2857 2912 3161 2979 procaciter
3208 2909 3425 2974 vivere;
3504 2898 3505 2901 ¹

1852 3003 2109 3055 adversus
2157 3002 2317 3071 397
2362 3018 2480 3071 qum
2532 3002 2677 3055 velut
2723 3005 2821 3056 sub
2869 3003 2984 3071 ipso
3032 3001 3429 3069 congressionis

1850 3094 2027 3156 initio,
2072 3109 2291 3147 necesse
2341 3094 2409 3146 sit
2442 3108 2759 3163 repugnare,
2795 3108 2862 3147 ne
2905 3110 3025 3148 eum
3073 3095 3141 3147 sit
3174 3105 3423 3163 tempus;

1850 3183 2039 3249 utjam
2068 3182 2191 3249 jure
2227 3184 2506 3250 quiescere
2554 3185 2937 3251 permittantur
2961 3184 3197 3248 emeriti,
3247 3184 3426 3237 adhuc

1848 3284 2135 3327 versentur
2166 3273 2305 3325 inter
2332 3272 2465 3324 bella
2498 3273 2719 3326 tirones.

1918 3366 2097 3418 Discat
2127 3364 2288 3434 igitur
2314 3362 2466 3415 miles
2489 3362 2714 3425 Christi,
2745 3362 2871 3415 dum
2900 3363 3075 3417 adlmc
3110 3376 3283 3417 novus
3310 3370 3420 3427 est,

1848 3473 2041 3513 manus
2071 3469 2389 3521 conserere;
2422 3456 2613 3518 discat,
2664 3457 3067 3525 emergentibus
3118 3457 3422 3533 quibusque

1857 3552 2028 3613 vitiis,
2075 3558 2233 3619 prout
2264 3563 2349 3602 res
2398 3548 2701 3608 dictaverit,
2735 3548 2973 3601 obviare.
3023 3547 3138 3602 Huc
3191 3549 3425 3615 illucque

1846 3642 2229 3697 circumductis
2255 3640 2457 3693 vivacis
2487 3640 2834 3708 experientia:
2862 3640 3030 3693 oculis
3057 3640 3313 3708 providus
3361 3654 3421 3694 se

1846 3743 2018 3788 vertat
2044 3750 2057 3797 ;
2087 3743 2140 3786 et
2170 3732 2398 3799 singulis
2428 3732 2731 3800 quibusque
2751 3730 2971 3797 jaculis,
3023 3746 3144 3800 qua!
3192 3730 3420 3783 mittun-

1846 3833 1951 3884 tur.
1985 3824 2313 3877 defensionis
2351 3833 2559 3893 tegmen
2590 3831 2845 3891 opponat,
2880 3831 2937 3873 nt
2966 3821 3275 3890 superbiam
3320 3820 3421 3873 hu-

1846 3915 2071 3967 utilitate
2098 3915 2333 3981 dejicial,
2364 3918 2541 3984 gulam
2574 3913 2865 3967 sobrietate
2902 3914 3209 3982 restringat,
3265 3927 3419 3966 man~

1845 4006 2127 4057 suetudine
2156 4006 2487 4059 iracundiam
2514 4004 2704 4066 calcet,
2736 4006 3017 4058 avaritiam
3050 4004 3296 4073 largitate
3338 4018 3422 4057 re-

1844 4094 2038 4159 frenet,
2070 4097 2314 4148 ardorem
2346 4095 2583 4149 libidinis
2612 4104 2818 4149 terrore
2866 4095 3107 4163 perpetui
3158 4094 3295 4163 ignis
3323 4108 3421 4146 ex-

1844 4186 2101 4255 stinguat,
2132 4187 2238 4239 odii
2275 4187 2479 4241 trabem
2517 4186 2730 4239 flamma
2762 4186 3093 4240 suavissimze
3137 4182 3422 4236 charitatis

191 4258 274 4353 per
293 4265 566 4323 angustam
609 4271 842 4330 portam.
874 4283 893 4316 ι
926 4264 1161 4319 Necdum
1192 4277 1368 4319 autem
1401 4271 1742 4338 experimen—

1858 4292 2058 4334 3xurat.
2086 4280 2392 4334 Delectatur
2429 4289 2574 4333 certe
2616 4279 2757 4331 Deus
2802 4278 2903 4332 isto
2952 4275 3271 4335 certamine,
3327 4273 3419 4339 qui

194 4341 292 4434 illiti
326 4346 404 4399 Sui
435 4348 523 4405 ille
552 4351 644 4405 Dei
690 4354 845 4408 miles
874 4366 1181 4425 acceperat,
1216 4359 1279 4412 de
1319 4374 1427 4427 quo
1458 4360 1739 4430 Scriptura

193 4422 343 4483 dicit:
377 4454 395 4486 ι
429 4436 565 4503 Quia
598 4442 847 4513 imposita
875 4422 1023 4515 galea
1050 4462 1189 4500 :erea
1220 4422 1381 4517 super
1410 4422 1735 4520 caput-ejus,

196 4522 243 4568 ει
265 4526 481 4584 vestitus
508 4531 696 4599 lorica,
725 4536 1006 4591 accinctus
1050 4540 1213 4593 etiam
1248 4540 1424 4609 gladio
1460 4557 1621 4609 super
1652 4558 1739 4596 vc-

196 4616 317 4700 tlem
360 4632 528 4687 suam,
567 4627 727 4694 erepit
772 4637 979 4683 tentare
1017 4631 1063 4684 si
1096 4642 1338 4685 armatus
1378 4644 1559 4700 posset
1601 4635 1740 4689 ince-

196 4696 341 4789 fiere;
372 4726 473 4767 non
514 4719 655 4772 enim
685 4721 917 4776 habebat
960 4725 1424 4789 consuetudinem,
1454 4738 1508 4778 et
1554 4730 1687 4782 dixit
1723 4746 1737 4783 :

196 4784 294 4881 βου
324 4812 531 4865 possum
572 4809 651 4863 sic
679 4810 947 4872 incedere,
976 4815 1097 4881 quia
1130 4830 1228 4867 nec
1267 4830 1419 4867 usum
1450 4815 1638 4879 habeo,
1682 4825 1737 4872 et

198 4876 417 4970 deposuit
460 4909 520 4949 ea
570 4898 621 4967 (1
656 4899 782 4970 Reg.
832 4876 1050 4970 χνιι).ὀ
1100 4904 1221 4960 Jam
1268 4913 1447 4957 autem
1492 4876 1635 4961 idem
1682 4924 1739 4963 se

199 4965 333 5061 docte
372 4965 704 5051 probaverat,
733 4965 861 5046 cum
907 4965 1136 5061 gladium
1182 4993 1395 5049 Goliath
1440 4995 1737 5055 Philisthzei

197 5054 461 5149 involutum
497 5078 655 5145 pallio
704 5091 822 5148 post
874 5080 1056 5149 Ephod
1099 5083 1343 5146 abstulit,
1374 5093 1430 5138 et
1475 5102 1657 5145 secum
1704 5106 1735 5146 a

197 5144 313 5243 facie
342 5144 858 5234 persequentis—Saul
910 5144 1161 5243 fugiendo
1202 5144 1458 5243 ροτῑένὶῐο
1507 5144 1729 5237 dicetis;

198 5237 354 5305 'Quia
403 5266 506 5306 non
545 5267 626 5311 est
679 5260 888 5322 gladius
940 5237 1075 5322 alter
1131 5237 1331 5322 similis
1380 5237 1455 5320 illi
1514 5270 1566 5322 (Ι
1606 5272 1731 5322 Rea-

1845 4370 2116 4423 subtiliter
2142 4384 2204 4421 ac
2232 4368 2493 4436 profunde
2520 4366 2829 4418 considerat
2860 4372 3027 4415 totum
3059 4358 3318 4429 quidquid
3353 4358 3418 4410 il-

1848 4460 1936 4514 lud
1970 4470 2051 4513 est
2084 4459 2225 4528 quod
2274 4467 2520 4511 versatur
2552 4458 2604 4509 in
2636 4465 2835 4509 mente.
2864 4452 3217 4508 Gratulantur
3246 4450 3421 4519 angeli

1847 4553 1913 4605 ad
1947 4551 2047 4603 tale
2077 4548 2464 4619 spectaculum,
2502 4548 2747 4601 videntes
2776 4546 2915 4615 quod
2948 4547 3181 4599 humana
3228 4551 3421 4593 natura

1846 4642 1899 4696 in
1927 4656 1991 4694 eo
2019 4642 2159 4710 quod
2187 4650 2369 4694 contra
2404 4638 2747 4705 semetipsam
2780 4646 3004 4705 pugnat,
3046 4632 3113 4687 ad
3144 4644 3330 4683 eorum
3365 4644 3424 4683 se

1845 4732 2197 4791 consortium,
2228 4729 2366 4781 unde
2395 4728 2574 4781 fuerat
2605 4727 2797 4795 ejecta,
2829 4726 3120 4783 i-trfortiiat;
3149 4727 3203 4771 et
3243 4734 3427 4772 secum

1844 4825 2070 4877 rixanlo
2099 4823 2164 4876 ad
2196 4836 2374 4874 veram
2407 4820 2592 4888 procul
2617 4820 2780 4873 dubio
2807 4834 2998 4888 pacem
3030 4812 3222 4872 tendit.
3269 4826 3432 4879 quam

1844 4916 1972 4969 olim
2001 4914 2215 4967 sibimet
2249 4911 2388 4966 male
2417 4912 2829 4976 consentiendo,
2863 4914 2996 4980 quia
3031 4923 3137 4965 non
3171 4917 3440 4975 repugna-

1842 5007 1941 5070 vit,
1974 5006 2170 5060 amisit.

1916 5096 2026 5152 Nec
2050 5108 2474 5166 conqueramur,
2504 5097 2707 5151 fratres
2736 5095 2862 5158 mei,
2900 5098 2948 5153 si
2984 5096 3054 5155 ad
3085 5096 3273 5144 votum
3318 5102 3447 5143 mox

1844 5200 2036 5247 cuncta
2065 5206 2168 5244 non
2198 5186 2490 5253 vincimus,
2519 5189 2562 5244 si
2598 5189 2647 5240 in
2681 5189 2838 5257 lmjus
2868 5178 3283 5245 coaflictalione
3323 5192 3449 5231 081‘-

1845 5280 2063 5322 tnminic
2117 5292 2405 5322 summitas-
2443 5279 2671 5322 Inlmrec.
2716 5281 3002 5322 angustiae
3080 5280 3136 5322 et
3185 5269 3450 5322 ανξινὶεεί-
