3992 5322
530 153 638 219 923

989 155 1048 211 S.
1089 151 1296 208 PETRI
1337 148 1615 206 DAMIANI
1655 146 1802 204 OPP.
1838 140 2018 200 PARS
2057 138 2188 194 SEU
2219 136 2452 193 TOHUS
2489 135 2552 190 ll.
2591 164 2662 178 -υ-
2694 129 3117 189 SANCTOllUM
3156 127 3363 184 VITE.

3682 127 3781 184 33‘

533 271 844 334 extollatur,
874 262 930 323 et
955 267 1022 322 de
1051 265 1336 321 altitudine
1365 279 1462 318 sua
1510 260 1827 332 profundius
1870 263 2109 317 corruat,
2136 253 2187 313 Α
2218 249 2565 320 przesumenti
2611 245 2814 320 praebet
2861 245 3164 310 audaciam,
3207 253 3264 299 et
3306 240 3572 313 pugnanti
3625 242 3785 298 victo-

534 368 578 421 si
605 379 708 419 non
740 359 947 417 auctori
981 360 1110 422 Deo,
1143 357 1239 412 sed
1269 357 1370 411 sibi
1401 355 1640 409 victoriae
1688 367 1800 407 suae
1843 351 1985 404 vires
2024 363 2105 402 as»

534 459 733 515 crihat.
775 454 914 509 Hinc
945 461 1028 507 est
1052 449 1388 518 enim,quod
1432 445 1728 500 Israelitico
1772 440 1969 512 populo
2017 453 2114 508 per

533 548 755 620 Moysen
784 546 1020 601 dicitur:
1059 560 1076 593 ι
1113 542 1407 610 Postquam
1432 536 1618 592 afﬂixit
1649 545 1700 590 te
1733 533 2013 597 Dominus,
2057 538 2117 586 et

534 637 803 713 probavit,
843 636 910 690 ad
940 641 1242 690 extremum
1273 630 1529 684 misertus
1572 635 1658 681 est
1683 625 1778 688 tui,
1810 637 1876 676 ne
1901 623 2114 676 diceres

535 736 591 790 in
620 731 786 788 corde
813 739 906 784 tuo
932 746 946 782 :
974 725 1261 782 Fortitudo
1287 737 1430 787 mea,
1459 730 1513 776 et
1547 721 1711 774 robur
1735 730 1928 771 manus
1959 727 2114 778 meae,

535 824 652 879 haec
677 820 858 876 omnia
887 818 1016 872 mihi
1046 815 1434 886 prmstiternnt,
1461 809 1552 865 sed
1579 807 1880 864 recorderis
1903 803 2114 858 Domini

537 913 633 968 Dei
665 911 764 980 tui,
793 909 935 979 quod
960 909 1074 977 ipse
1097 906 1192 960 tibi
1225 905 1368 959 vires
1394 901 1682 972 ιιι-ςριιιιιιι-ἱε
1713 899 1889 971 (Deut.
1919 897 2058 966 VIII).
2090 911 2110 947 ι

537 1003 676 1057 llinc
698 1009 782 1056 est
812 999 999 1063 etiam,
1029 997 1172 1066 quod
1205 1010 1344 1064 saepe
1375 1008 1548 1058 meus,
1577 1006 1696 1060 qua:
1736 989 1900 1044 multa
1952 988 2002 1041 in
2036 1002 2114 1051 se,

536 1104 589 1148 ct
647 1093 810 1147 fortia
859 1099 1102 1160 superat,
1151 1103 1314 1142 unum
1363 1086 1492 1154 quid
1534 1086 1761 1137 fortasse
1812 1081 2115 1140 mininnun,

538 1187 789 1258 quamvis
817 1186 1045 1241 solerter
1077 1181 1342 1251 invigilet,
1371 1196 1476 1234 non
1505 1184 1792 1249 expugnat.
1836 1175 1988 1242 Quod
2038 1173 2120 1227 di-

539 1279 664 1331 vina
699 1277 953 1331 nimirum
985 1273 1390 1343 dispensatione
1423 1271 1618 1339 agitur,
1651 1283 1715 1321 ne
1741 1267 1970 1319 ltuu'taua
1995 1279 2121 1316 con-

541 1367 672 1422 ditio
700 1367 934 1436 undique
961 1363 1248 1418 virtutibus
1277 1361 1584 1432 splendens,
1611 1359 1663 1412 in
1687 1357 1918 1412 elatione
1945 1354 2125 1408 suble-

539 1467 720 1520 velur,
757 1467 815 1512 ut
850 1458 902 1512 in
953 1472 1019 1512 eo
1066 1455 1206 1525 quod
1250 1469 1309 1509 se
1353 1466 1638 1522 superasse
1689 1449 1848 1504 fortia
1898 1461 2124 1518 quzeque

2215 344 2374 407 riam,
2405 350 2462 396 et
2489 343 2790 396 vincentem
2826 337 3074 408 provehit
3096 337 3168 392 ad
3196 349 3484 399 coronam;
3517 334 3651 403 quin
3695 350 3784 404 po-

2213 436 2322 490 tius
2349 435 2460 504 ipse
2490 442 2574 488 est
2601 431 2954 486 militantibus
2977 428 3311 490 donativum,
3338 425 3592 482 emeritis
3617 427 3786 478 muni-

2213 527 2433 596 cipinm,
2468 523 2928 593 triumphantibus
2957 519 3237 589 prwmium
3261 519 3662 586 sempiternum
3700 515 3786 570 Je-

2211 632 2306 673 sus
2350 616 2597 671 Christus
2627 614 2767 679 heri,
2798 625 2852 669 et
2883 613 3062 679 hodie,
3101 612 3216 682 ipse
3277 611 3422 665 Deus
3479 608 3791 663 benedictus

2215 713 2269 767 in
2293 709 2509 766 saacula.
2542 711 2734 764 Amen.

2763 797 2995 854 SERMO
3031 795 3241 852 LXXV.

2435 909 2691 951 SERIIONIS
2729 908 2874 946 PBIII
2915 905 3197 946 SYNODALIS
3241 902 3587 944 FRAGIENTA.

2291 986 2460 1042 Sicuti
2482 987 2533 1039 in
2557 992 2739 1038 monte
2761 981 2908 1037 Sinai
2931 981 3188 1036 Dominus
3210 978 3524 1034 Israelitica:
3539 975 3680 1046 plebi
3706 989 3796 1044 per

2219 1078 2436 1150 Moysen
2470 1078 2600 1148 legis
2627 1076 2803 1131 edicta
2833 1074 3110 1145 proposuit
3159 1071 3356 1138 (Exod.
3403 1087 3498 1126 ιιι
3534 1081 3584 1124 ει
3613 1070 3795 1139 ιαμ),

2221 1173 2294 1227 ita
2317 1182 2366 1225 et
2391 1172 2443 1225 in
2469 1180 2654 1224 sancta
2668 1168 2916 1223 Ecclesia
2942 1183 3038 1236 per
3067 1166 3429 1221 ministerium
3453 1163 3792 1218 sacerdotum

2223 1256 2364 1316 idem
2395 1259 2672 1330 legislator
2723 1267 2777 1313 et
2805 1257 2970 1327 judex
3001 1254 3315 1310 Christiano
3341 1250 3546 1322 populo
3589 1248 3796 1303 vivendi

2221 1351 2476 1406 mandata
2506 1347 2799 1418 depromit.
2847 1345 2997 1401 Sinai
3040 1344 3239 1413 quippe
3279 1343 3671 1408 interpretatur
3713 1351 3800 1390 ru.

2220 1444 2346 1517 bus,
2374 1442 2490 1498 sive
2517 1440 2764 1496 tentatio.
2813 1439 2889 1493 De
2917 1433 3055 1490 rubo
3101 1432 3369 1503 siquidem
3416 1427 3704 1489 Dominus,
3745 1433 3800 1476 ut

537 1546 869 1609 considerat,
893 1545 1018 1599 dum
1043 1513 1266 1614 parvum
1293 1513 1605 1614 non-potest
1625 1540 1713 1593 diu
1735 1513 1978 1592 conando
1994 1513 2122 1590 sub-
2150 1599 2194 1614 _
2223 1515 2506 1605 Scriptura
2536 1541 2787 1596 testatur,
2816 1526 3086 1599 apparuit,
3115 1533 3168 1579 et
3193 1523 3360 1594 Moysi
3389 1521 3456 1574 ad
3484 1518 3628 1573 filios
3643 1513 3802 1570 Israel

539 1639 708 1708 igere,
735 1652 838 1691 non
869 1637 996 1700 sibi,
1029 1599 1123 1692 sed
1151 1635 1224 1690 illi
1258 1599 1543 1689 victoriam
1572 1632 1798 1696 tribuat,
1826 1631 1979 1699 cujus
2004 1644 2121 1684 mu-
2150 1599 2196 1659 Β
2225 1599 2436 1681 deferre
2462 1622 2712 1677 mandata
2742 1617 3030 1689 prtccepit;
3062 1624 3118 1670 et
3145 1615 3196 1668 in
3224 1610 3470 1667 Ecclesia
3499 1608 3644 1662 Deus
3683 1618 3804 1674 pto-

536 1742 670 1782 nere
703 1729 876 1798 potuit
899 1741 1019 1797 quae
1048 1727 1272 1781 subacta
1313 1734 1442 1780 sunt
1482 1737 1760 1794 superare.
1817 1719 1968 1776 Unde
2015 1718 2126 1772 illic

541 1816 777 1873 dicitur:
809 1834 828 1869 ι
865 1815 962 1871 Ha:
992 1825 1118 1871 sunt
1139 1827 1345 1886 gentes,
1373 1829 1508 1886 quas
1537 1812 1794 1868 Dominus
1818 1808 2124 1878 dereliquit,

542 1918 603 1963 ut
626 1909 868 1964 erudiret
895 1907 949 1962 in
973 1909 1051 1962 eis
1075 1907 1327 1962 lsraelem
1357 1905 1557 1976 (Judic.
1587 1907 1690 1970 ιιι).
1728 1923 1748 1956 ι
1780 1901 1944 1956 lsrael
1973 1916 2126 1954 nam-

541 2011 648 2066 que
677 1998 966 2051 reservatis
996 1997 1249 2066 gentibus
1280 1996 1549 2058 eruditur,
1581 1994 1707 2048 dum
1738 2009 1891 2047 mens
1939 1999 2124 2044 nostra

541 2085 598 2139 in
626 2085 810 2153 parvis
837 2086 937 2140 sibi
968 2087 1346 2140 resistentibus
1387 2085 1566 2149 discit,
1618 2084 1743 2154 quia
1785 2097 2123 2152 nequaquam

542 2190 608 2230 ex
639 2191 697 2230 se
727 2175 928 2245 majora
961 2176 1210 2245 subjecit.

613 2267 714 2322 Hic
741 2269 904 2324 totius
937 2268 1135 2338 negotii
1169 2284 1380 2323 summa
1424 2277 1526 2332 est,
1561 2266 1758 2322 fratres
1793 2264 2125 2327 charissimi,

541 2371 712 2427 quare
745 2357 1003 2412 mundum
1031 2359 1388 2426 reliquimus;
1438 2358 1527 2412 hic
1555 2365 1662 2412 tota
1704 2355 1912 2410 versari
1967 2355 2128 2407 debet

543 2449 796 2514 intentio,
826 2449 956 2519 quid
981 2449 1048 2503 ad
1076 2464 1294 2504 sacrum
1329 2447 1577 2504 ordinem
1619 2463 1719 2502 nos
1759 2447 1971 2501 venisse
1998 2462 2129 2514 gau-

545 2539 765 2606 demus,
809 2539 1059 2595 videlicet
1114 2549 1172 2593 ut
1226 2554 1378 2594 mens
1420 2549 1607 2594 nostra
1656 2539 1915 2591 virtutum
1962 2537 2128 2592 armis

543 2628 806 2692 accincta,
839 2630 890 2684 in
919 2631 1150 2699 spiritali
1183 2632 1479 2684 certamine
1505 2647 1563 2684 se
1592 2643 1808 2698 semper
1853 2635 2125 2692 exerceat,

544 2726 600 2771 et
629 2719 880 2772 vitiorum
915 2729 1186 2787 portenta,
1225 2735 1346 2788 qua:
1374 2720 1518 2773 circa
1549 2734 1651 2773 nos
1697 2720 1984 2772 mitescere
2033 2730 2128 2770 ue-

545 2807 743 2874 sciunt,
770 2807 974 2862 fervido
993 2810 1182 2878 spiritu
1198 2809 1468 2862 debellare
1489 2809 1798 2862 contendat.
1823 2807 1960 2874 Quid
1984 2807 2127 2861 enim

547 2897 840 2966 profuisset
868 2898 1166 2953 Israelitico
1190 2899 1387 2967 populo
1416 2897 1730 2968 Egyptiaca
1758 2896 2127 2951 tantummodo

546 3002 672 3040 rura
699 2987 1024 3058 relinquere,
1074 2989 1177 3042 nisi
1230 2989 1471 3043 cervices
1507 2988 1743 3042 hostium
1778 2987 1969 3042 bellica
2020 2987 2129 3040 fer-

547 3078 793 3134 buissent
821 3090 1003 3149 strage
1034 3091 1336 3150 percutere,
1364 3090 1420 3134 ut
1445 3091 1642 3134 terram
1665 3080 1920 3149 optimam
1947 3079 2128 3149 quieto

546 3171 889 3241 postmodum
920 3182 1142 3242 possent
1186 3173 1296 3227 otio
1341 3171 1842 3242 pos.idere?398
1884 3170 1987 3238 Qui
2038 3171 2131 3225 de-

547 3260 709 3329 nique
738 3261 1013 3330 profectus
1043 3271 1207 3323 esset,
1241 3262 1283 3316 si
1314 3261 1615 3316 Pharaonis
1637 3263 1850 3331 jngutn,
1878 3261 1979 3314 sub
2020 3275 2130 3330 quo

547 3351 998 3420 qualitercunque
1062 3355 1247 3406 vivere
1317 3355 1650 3416 sinebautnr,
1701 3352 2018 3422 effugerent,
2082 3353 2129 3406 si

549 3439 979 3496 Chananmorum
1009 3456 1168 3497 enses
1195 3444 1246 3497 in
1283 3446 1532 3514 proprios
1558 3444 1777 3515 jngulos
1819 3459 1917 3514 per
1947 3453 2130 3514 torpo-

548 3533 628 3600 ris
658 3533 922 3588 incuriam
955 3537 1354 3604 provocarent?

620 3624 968 3680 Excatiamus
1003 3642 1153 3696 ergo,
1182 3627 1382 3682 fratres
1433 3628 1762 3693 charissimt,
1807 3628 2127 3697 degenerem

548 3714 801 3768 mareidze
821 3715 1186 3770 dissolutionis
1215 3717 1485 3782 inertiam,
1514 3717 1604 3786 qui
1642 3733 1737 3787 per
1763 3717 2129 3772 fortitudinem

549 3812 769 3859 strenue
803 3807 1098 3862 dimicandi
1151 3810 1436 3877 pervenire
1467 3812 1710 3865 volumus
1752 3811 1818 3865 ad
1849 3825 2128 3867 coronam.

551 3893 738 3950 Parati
763 3898 932 3952 simus
958 3914 1174 3968 semper
1198 3900 1470 3956 irruentes
1493 3903 1746 3957 vitiorum
1796 3917 2019 3967 cuneos,
2065 3918 2130 3956 ac

553 3983 848 4040 frementes
875 3989 1074 4043 bestias
1096 3989 1164 4044 de
1194 4005 1326 4060 agro
1354 3992 1522 4045 nostri
1555 3993 1732 4046 cordis
1761 3991 1980 4058 ejicere,
2012 3991 2132 4044 nul-

552 4071 774 4144 lumque
803 4075 882 4130 eis
906 4076 958 4129 in
986 4092 1047 4130 ea
1077 4093 1196 4146 qua:
1223 4081 1390 4133 nostri
1419 4079 1558 4148 juris
1583 4091 1727 4147 sunt,
1756 4085 2131 4151 permittamus

551 4163 730 4219 locum
773 4182 1042 4237 perversae
1091 4169 1454 4225 damnationis
1482 4173 1703 4227 habere.
1751 4173 1866 4227 Non
1914 4175 2130 4228 videant

2223 1715 2310 1771 cul
2335 1713 2498 1771 dubio
2523 1713 2782 1776 cernitur,
2809 1709 2951 1764 sicut
2976 1707 3151 1761 eidem
3173 1701 3343 1774 Moysi
3375 1697 3590 1770 roganti
3617 1703 3803 1766 quate-

2223 1819 2324 1860 nus
2356 1804 2458 1859 sibi
2483 1803 2832 1871 semetipsum
2857 1795 3190 1857 ostenderet,
3238 1789 3546 1862 pollicetur,
3578 1785 3802 1841 dicens:

2231 1917 2250 1950 ι
2288 1899 2425 1954 Ecce
2459 1898 2608 1952 locus
2647 1895 2788 1964 apud
2842 1906 2930 1946 me
2971 1898 3073 1953 est,
3123 1884 3292 1940 stabis
3347 1895 3512 1951 supra
3560 1886 3802 1948 petram;

2225 2003 2456 2058 cumque
2484 1984 2759 2041 transierit
2786 1980 2954 2052 gloria
3005 1991 3145 2039 mea,
3197 1983 3325 2027 tunc
3374 1967 3588 2023 videbis
3629 1973 3809 2035 poste-

2226 2055 2384 2135 riora‘
2401 2093 2517 2132 mea
2546 2075 2742 2146 (Exod.
2774 2071 2990 2141 χχχιιι).
3025 2087 3043 2120 ι
3072 2066 3225 2146 Quod
3255 2071 3438 2117 autem
3471 2057 3624 2114 Sinai
3646 2055 3808 2110 etiam

2229 2170 2453 2226 tentatio
2480 2140 2697 2229 dicitur,
2731 2161 2860 2232 quid
2888 2175 2984 2230 per
3023 2140 3124 2212 hoc
3151 2153 3296 2209 aliud
3347 2151 3512 2205 debet
3561 2145 3807 2212 intelligi,

2227 2264 2328 2317 nisi
2357 2262 2479 2329 quia
2512 2259 2564 2312 in
2592 2255 2828 2311 Ecclesia
2857 2252 2946 2306 ubi
2976 2249 3061 2304 lex
3099 2247 3279 2307 datur,
3310 2242 3384 2296 ibi
3431 2237 3666 2293 tentatio
3697 2249 3811 2288 ma-

2227 2354 2354 2423 ligni
2376 2324 2602 2420 spiritus
2637 2344 2926 2414 aliquando
2949 2339 3262 2411 pestilenter
3298 2329 3590 2388 oboritur?
3628 2325 3698 2381 Ut
3742 2324 3809 2378 ad

2226 2441 2539 2498 violandam
2568 2437 2703 2492 recti
2725 2431 2915 2502 judicii
2945 2427 3184 2499 regulam
3216 2423 3378 2479 modo
3403 2434 3532 2491 spes
3577 2423 3814 2486 quaestus

2225 2539 2472 2604 obrepat,
2503 2531 2658 2586 modo
2697 2529 2930 2596 rigorem
2971 2521 3196 2594 justitize
3245 2519 3378 2578 laus,
3433 2514 3520 2568 vel
3565 2511 3812 2566 humana

2227 2619 2414 2696 gratiae
2437 2625 2597 2694 favor
2621 2619 2879 2681 emolliat,
2911 2614 3072 2669 modo
3102 2612 3170 2664 ad
3216 2607 3524 2664 nocendum
3569 2603 3687 2664 iraa,
3728 2594 3810 2652 vel

2227 2688 2336 2776 odii
2358 2689 2494 2771 livor
2515 2712 2775 2783 impellat,
2805 2707 2966 2764 modo
2988 2713 3166 2759 metus
3194 2717 3224 2755 a
3253 2700 3510 2753 libertate
3536 2702 3688 2749 recte
3724 2688 3814 2756 ju-

2230 2806 2444 2863 dicandi
2476 2820 2571 2859 cor
2594 2781 2888 2871 reprimat,
2921 2794 3082 2850 modo
3110 2789 3412 2847 crudelitas
3435 2785 3621 2854 digna
3651 2781 3808 2836 ultio—

2231 2901 2318 2954 nis
2349 2910 2656 2952 mensuram
2679 2891 2926 2948 excedat.

2273 2990 2441 3060 !Ecce
2468 2989 2618 3043 locus
2647 2983 2787 3055 apud
2820 2996 2907 3037 me
2927 2988 3030 3044 est,
3065 2987 3123 3033 et
3167 2975 3338 3031 stabis
3365 2985 3536 3040 super
3579 2978 3812 3040 petram,

2229 3093 2284 3136 et
2311 3091 2437 3135 tunc
2466 3077 2674 3133 videbis
2695 3073 2993 3145 posteriora
3026 3085 3166 3125 mea.
3200 3065 3332 3134 Quis
3372 3073 3560 3117 autem
3610 3060 3713 3114 iste
3740 3059 3811 3111 lo-

2228 3186 2344 3234 cus,
2376 3169 2465 3224 ubi
2497 3168 2683 3222 statim
2716 3179 2876 3232 super
2901 3159 3112 3234 [supra]
3143 3168 3353 3226 petram
3401 3153 3673 3208 Dominus
3697 3164 3809 3202 cer-

2228 3263 2402 3325 nitur,
2435 3260 2541 3314 ntsi
2573 3265 2764 3311 sancta
2792 3253 3111 3323 intelligitur
3137 3247 3402 3310 Ecclesia,
3433 3243 3530 3298 ubi
3569 3243 3702 3294 dum
3729 3255 3819 3308 pe-

2229 3364 2328 3411 trte
2374 3353 2498 3408 fidei
2534 3358 2849 3406 constanter
2894 3344 3162 3406 innititur,
3197 3337 3357 3394 simul
3387 3350 3512 3391 cum
3559 3331 3813 3402 Apostolo

2228 3447 2440 3502 Domini
2473 3444 2701 3515 gloriam
2738 3434 3119 3509 speculamur?
3157 3432 3283 3486 llaec
3310 3429 3454 3483 enim
3483 3434 3571 3479 est
3618 3425 3687 3476 de
3711 3435 3813 3490 qua

2229 3540 2428 3595 dicitur
2454 3514 2520 3591 ενι
2557 3535 2732 3605 Super
2769 3533 2913 3587 hanc
2941 3535 3150 3600 petram
3182 3520 3464 3577 aedificabo
3513 3514 3812 3571 Ecclesium

2229 3646 2404 3687 meam
2435 3627 2650 3699 (Matth.
2683 3624 2815 3694 xw).
2853 3642 2874 3676 ι

2302 3698 2467 3777 Terra
2534 3732 2707 3787 usque
2770 3713 2836 3768 ad
2879 3711 3168 3774 fenestras,
3211 3715 3268 3760 et
3317 3704 3574 3758 fenestra:
3607 3698 3816 3753 clausa

2231 3812 2448 3879 (Ezech.
2489 3811 2624 3879 xu).
2663 3808 2754 3861 Ait
2781 3801 3116 3873 Apostolus:
3158 3816 3178 3849 ι
3222 3788 3638 3879 Templanei
3687 3801 3814 3840 san-

2231 3876 2377 3956 ctum
2408 3909 2512 3964 est,
2543 3876 2683 3968 quod
2714 3895 2848 3950 estis
2873 3907 2968 3947 vos
2999 3889 3048 3962 (l
3081 3886 3205 3942 Cor.
3235 3884 3340 3953 ιιι).
3376 3901 3395 3934 ι
3430 3876 3608 3947 Hujus
3637 3885 3815 3968 autem

2231 3991 2412 4060 templi
2441 3966 2691 4044 fenestra:
2718 3984 3028 4040 sacerdotes
3074 3976 3240 4049 399
3265 3981 3408 4035 sunt,
3445 3970 3540 4060 qui
3577 3966 3813 4060 fidelium

2229 4053 2427 4157 popqu
2454 4080 2632 4134 lumen
2661 4083 2864 4130 sancta:
2894 4065 3298 4142 przedicationis
3342 4059 3663 4116 infundunt.
3710 4053 3815 4157 sed

2228 4145 2349 4230 cum
2379 4182 2521 4226 terra
2548 4184 2718 4238 usque
2748 4165 2814 4220 ad
2845 4163 3112 4218 fenestras
3142 4155 3436 4227 aggeritur,
3488 4149 3698 4206 clausis
3737 4145 3814 4199 fe.

554 4271 654 4310 nos
686 4257 887 4314 inimici
922 4261 1115 4326 nostri,
1148 4262 1289 4330 quod
1315 4262 1474 4326 absit,
1507 4263 1780 4318 enerviter
1799 4263 2010 4329 cedere,
2062 4279 2129 4319 ne
2162 4297 2206 4354 Β
2233 4264 2430 4319 nostris
2461 4259 2717 4329 templum
2746 4256 3003 4312 continuo
3034 4251 3365 4305 tenebratur.
3392 4242 3461 4296 Et
3485 4255 3616 4295 cum
3646 4247 3814 4291 terre-

763 4350 772 4354 -
799 4350 809 4354 _
1061 4351 1072 4354 _
2528 4353 2531 4354 ,
2813 4347 2828 4354 -
2997 4343 3010 4354 .
3111 4341 3143 4354 ιο
3257 4345 3272 4354 .
3356 4332 3506 4354 ___-_:
3567 4329 3814 4354 f__-.s-m

551 4362 680 4401 mox
711 4349 928 4404 sibimet
954 4351 1359 4419 applaudentes,
1393 4355 1460 4409 de
1487 4355 1687 4408 nostris
1717 4355 1928 4409 valeant
1955 4369 2132 4409 reces-

553 4437 701 4492 sibus
729 4440 1022 4495 exsultare.
1048 4442 1304 4498 Invictum
1333 4459 1564 4513 namque
1593 4444 1796 4498 militiae
1817 4452 2014 4499 nostra:
2035 4444 2132 4497 du-

555 4542 670 4581 cem
704 4529 983 4597 habemus,
1013 4534 1097 4586 cui
1147 4533 1470 4588 fiducialitcr
1515 4535 1744 4590 dicimus
1791 4552 1806 4589 :
1845 4555 1863 4588 ι
1919 4535 2126 4598 Juzliea,

553 4616 800 4684 Domine,
843 4632 1102 4678 nocentes
1155 4640 1265 4686 me,
1315 4641 1559 4696 expugna
1611 4627 1982 4697 impugnantes
2024 4643 2127 4692 me,

558 4710 901 4777 apprehende
930 4727 1081 4768 arma
1133 4724 1187 4769 et
1215 4725 1444 4779 scutum,
1477 4728 1532 4770 et
1556 4732 1785 4787 exsurge
1833 4719 1885 4771 in
1914 4719 2130 4785 adjuto-

555 4796 696 4898 I'iuom
729 4801 856 4898 mihi
897 4801 1069 4874 (Psal.
1102 4808 1198 4876 rx).
1239 4828 1258 4860 ι
1290 4809 1439 4862 Felix
1465 4811 1723 4877 spiritalis
1766 4810 1851 4864 ille
1881 4812 2125 4877 bellator,

555 4888 646 4954 qui
686 4888 842 4943 talem
873 4897 1114 4964 sequitur
1143 4898 1195 4951 in
1225 4900 1406 4968 ριδωίῖο
1429 4901 1641 4966 ducem,
1687 4904 1776 4973 qui
1811 4903 1968 4957 taleut
2019 4919 2129 4957 me-

558 4984 711 5029 retur
749 4977 947 5036 habere
993 5000 1102 5041 sua:
1149 4992 1544 5059 congressionis
1592 5003 1886 5058 auctorem,
1935 4994 2024 5062 qui
2075 5003 2129 5047 et

2235 4372 2300 4410 na
2359 4353 2573 4424 negotia
2638 4347 2950 4403 sacerdotes
2997 4341 3298 4410 implicant,
3350 4332 3509 4402 quasi
3566 4329 3817 4384 fenestra

2233 4423 2733 4512 clauszetemplum,
2765 4437 2908 4508 quod
2958 4431 3162 4488 amittit
3208 4429 3414 4489 lumen,
3466 4423 3814 4477 obscuratur.

2234 4541 2343 4594 Nos
2371 4552 2499 4606 ergo
2527 4546 2749 4588 necesse
2775 4538 2880 4592 est,
2911 4533 3177 4596 quantum
3204 4530 3515 4589 possumus,
3565 4511 3637 4565 ab
3687 4507 3817 4561 acti-

2232 4631 2332 4685 bus
2376 4640 2570 4680 vacare
2625 4619 2882 4682 terrenis,
2911 4624 2971 4670 ut
3011 4613 3188 4668 sacris
3223 4608 3426 4677 iugiter
3470 4599 3817 4670 invigilemus

2234 4719 2482 4788 eloquiis.
2507 4715 2660 4769 Sicut
2685 4724 2882 4780 sponsa
2913 4706 3047 4762 dicit
3077 4704 3129 4758 in
3157 4697 3398 4756 Canticis
3437 4713 3451 4749 :
3491 4711 3512 4744 ι
3557 4689 3713 4746 Oculi
3739 4684 3817 4741 tui

2235 4814 2374 4867 sicut
2403 4807 2665 4864 columba:
2691 4817 2852 4872 super
2880 4799 3026 4854 rivos
3048 4805 3334 4864 aquarum,
3370 4799 3493 4854 qua:
3516 4782 3663 4836 laete
3691 4784 3816 4834 sunt

2236 4903 2378 4965 lotae,
2403 4909 2457 4954 ct
2478 4896 2710 4953 resident
2730 4894 2883 4963 juxta
2910 4889 3109 4944 fluenta
3140 4879 3452 4955 plenissima
3477 4873 3660 4946 (Cant.
3684 4873 3761 4938 τ).
3793 4886 3813 4918 ι
