3992 5322
499 275 601 331 οτι

961 277 1018 333 8.
1057 275 1260 333 PETRI
1293 275 1577 332 DAMIANI
1614 276 1764 332 OPP.
1805 275 1983 352 PARS
2020 274 2151 332 SEU
2189 273 2424 353 TOMUS
2462 273 2526 331 ιι.
2561 302 2633 314 —
2666 272 3082 332 SANCTORUM
3113 274 3318 333 V1125.

500 399 569 440 ex
619 382 854 452 equestri
890 384 1339 453 quidem'ordine
1368 401 1536 456 genus
1566 386 1713 457 (124)
1762 386 1936 449 duxit,
1976 384 2070 439 sed
2099 388 2147 444 Α
2242 382 2403 456 402
2443 381 2544 449 Qui
2592 394 2849 454 praeterea
2905 385 3031 440 dum
3079 387 3147 441 ad
3198 385 3595 458 grandiuscula
3634 387 3748 456 jam

500 484 728 531 terrena:
780 474 1063 546 prosapiae
1094 476 1289 532 lineam
1337 479 1573 534 caelestis
1622 478 1748 533 vitae
1794 476 2072 532 nobilitate

502 564 850 621 transcendit.
876 552 984 620 illic
1013 565 1138 619 dum
1178 567 1353 621 adhuc
1381 568 1569 637 puerili
1598 576 1870 621 teneretur
1897 564 2073 620 infan-

496 655 593 717 tia.
626 664 776 720 tanto
804 666 1026 725 repente
1051 665 1133 712 est
1162 659 1399 712 omnium
1424 657 1541 711 fere
1569 658 1930 712 membrorum
1960 655 2073 708 lan-

498 759 668 815 guore
721 746 1082 810 constrictus,
1141 755 1198 800 ut
1259 746 1542 801 incedendi
1601 757 1813 814 quoque
1853 757 2072 813 prorsus

497 835 773 889 amitteret
822 834 1151 889 facultatem.
1202 835 1422 890 Accedit
1467 834 1708 908 [accidit]
1753 845 1931 889 autem
1977 833 2074 887 ali-

499 922 735 991 quando,
761 933 820 976 ut
850 923 1027 978 nutrix
1060 939 1182 977 eum
1211 933 1338 978 ante
1367 922 1589 991 januam
1615 924 1893 994 cujusdam
1924 921 2074 978 basi-

499 1010 640 1077 licae,
689 1029 810 1083 qure
863 1015 917 1067 in
960 1014 1218 1069 honorem
1262 1016 1431 1070 beata:
1478 1016 1569 1068 Dei
1610 1014 1901 1071 Genitricis
1955 1022 2074 1069 erat

500 1102 1133 1172 dedicatarelinqueret;
1160 1113 1219 1160 et
1268 1105 1381 1175 ipsa
1433 1106 1634 1161 intenta
1665 1107 1778 1160 suis
1825 1119 2075 1175 compen-

500 1191 626 1253 diis,
662 1208 758 1261 per
792 1192 1000 1246 diversa
1031 1193 1215 1261 procul
1256 1193 1447 1247 abiret.
1476 1193 1618 1247 Puer
1646 1192 1827 1262 itaque
1853 1207 1912 1246 se
1940 1207 2070 1246 Cotto

499 1280 733 1348 spiciens
754 1281 868 1335 sine
888 1280 1110 1337 cuitode
1137 1282 1404 1346 relictum,
1429 1297 1494 1336 ac
1514 1284 1749 1337 nutritice
1774 1280 2093 1340 sedulitatis.

500 1370 804 1424 ministerio
854 1373 1191 1440 destitutum,
1241 1374 1422 1427 divino
1469 1374 1699 1441 quodam
1753 1378 2074 1441 provoCatus

502 1459 785 1522 instinctu,
819 1469 1026 1516 tentare
1055 1462 1217 1530 carpit
1253 1463 1295 1515 si
1338 1462 1519 1516 valvas
1557 1462 1799 1517 ecclesia:
1836 1462 2072 1530 quolibet

500 1547 623 1603 nisu
676 1559 860 1617 posset
904 1552 1188 1621 attingere.
1242 1551 1559 1606 Fluctuabat
1609 1552 1771 1622 igitur
1816 1554 2075 1608 innocens

499 1651 626 1692 reus
674 1638 787 1701 Dei,
818 1647 872 1691 et
910 1639 1008 1693 sub
1038 1639 1218 1693 divino
1265 1642 1491 1695 verbere
1547 1643 1889 1707 constitutus,
1945 1644 2073 1711 quid

2170 477 2353 530 aetatis
2371 475 2705 531 adolesceret
2725 477 3138 543 incrementum,
3166 480 3318 549 prius
3337 479 3478 548 apud
3506 490 3750 536 salicum

2170 565 2437 623 Juliannm
2469 576 2761 638 martyrem
2795 568 2968 624 factus
2993 578 3076 622 est
3095 567 3323 625 clericus
3350 569 3530 641 (l25),
3557 570 3750 624 deinde

2169 655 2231 709 Β.
2264 656 2440 710 Maiali
2470 656 2813 712 confessoris
2845 659 3041 728 egregii
3078 672 3138 713 se
3157 659 3471 730 magisterio
3503 659 3745 722 tradidit,

2170 753 2226 798 et
2254 744 2307 797 in
2351 742 2690 800 Cluniacensi
2729 747 3057 801 monasterio
3092 746 3331 800 habitum
3371 756 3580 802 sancta:
3622 747 3750 802 reli—

2171 834 2345 906 gionis
2368 837 2596 904 accepit.
2625 836 2723 892 Ubi
2750 837 2876 890 dum
2900 838 3114 907 quietus
3139 846 3194 892 et
3215 837 3442 906 simplex
3470 838 3750 892 humiliter

2131 960 2147 974 .
2172 925 2227 979 in
2260 934 2445 1007 sancta
2480 925 2736 1005 religione
2770 926 3109 996 persisteret,
3157 934 3214 980 et
3258 927 3311 980 in
3337 927 3458 997 ipso
3488 928 3658 991 rudis,
3685 943 3752 982 ac

2171 1017 2385 1072 novitite
2413 1017 2838 1073 conversationis
2876 1017 3120 1084 exordio,
3159 1017 3406 1088 quaedam
3428 1018 3545 1088 jam
3585 1018 3644 1073 in
3683 1033 3749 1073 eo

2170 1106 2516 1178 perfectionis
2542 1107 2768 1178 insignia
2797 1106 3184 1183 prtelucerent,
3216 1107 3309 1162 vix
3347 1107 3585 1163 evolutis
3615 1122 3746 1178 qua-

2173 1208 2296 1253 tuor
2325 1199 2501 1262 annis,
2534 1198 2593 1251 Β.
2623 1197 2850 1252 Maiolus
2896 1197 3226 1252 obdormivit
3272 1198 3325 1251 in
3369 1197 3629 1258 Domino,
3658 1198 3747 1252 sed

2172 1301 2461 1361 antequam
2503 1290 2856 1344 humanitatis
2893 1290 3130 1344 debitum
3161 1288 3416 1350 solveret,
3466 1286 3749 1357 proximus

2175 1389 2350 1434 tamen
2388 1382 2561 1434 beata:
2589 1380 2932 1434 dormitionis
2954 1378 3214 1434 articulus
3244 1379 3580 1442 immineret,
3625 1375 3746 1431 bea-

2126 1491 2135 1497 ’
2175 1481 2288 1527 ιιιιιι
2318 1472 2597 1528 Odiloncm
2625 1473 2841 1527 sibimet
2874 1473 2925 1527 in
2954 1471 3239 1541 pastoralis
3271 1469 3431 1524 oliicii
3468 1484 3606 1524 cura
3632 1470 3751 1523 sab-

2174 1562 2371 1626 stituit,
2403 1576 2669 1630 suumque
2708 1576 2875 1630 super
2916 1561 3183 1615 Dominici
3227 1559 3405 1630 gregis
3451 1558 3750 1613 custodiam

2174 1653 2436 1706 vicarium
2462 1651 2764 1721 dereliquit.
2800 1651 2859 1706 ln
2895 1666 3056 1720 quem
3084 1650 3326 1720 protinus
3368 1649 3619 1704 omnium
3648 1648 3751 1701 fra-

500 1737 686 1796 ngeret
707 1727 1001 1782 nesciebat.
1026 1724 1309 1793 InnOcens,
1344 1730 1586 1799 inquam,
1611 1741 1669 1783 ut
1697 1741 1821 1800 puta
1852 1732 1941 1802 qn‘i
1968 1748 2070 1785 non

2179 1753 2321 1797 trum
2352 1752 2483 1797 vota
2506 1753 2858 1806 concurrunt,
2900 1756 3088 1797 omnes
3115 1756 3174 1796 se
3198 1741 3265 1795 ad
3301 1741 3674 1796 obedientiam
3703 1741 3750 1794 ei

502 1829 862 1887 peccaverat;
907 1834 1031 1875 reus
1072 1829 1248 1875 autem
1298 1821 1411 1883 Dei,
1443 1823 1565 1891 quia
1614 1823 1820 1877 caelesti
1849 1824 2075 1879 verbere

497 1909 805 1978 vapulabat.
835 1909 1070 1966 Tandem
1099 1927 1290 1981 repens
1319 1922 1374 1966 et
1403 1913 1553 1980 quasi
1582 1914 1812 1982 quodam
1855 1930 1914 1968 se
1953 1930 2073 1969 ma-

498 2012 665 2052 nuum
693 2001 995 2070 pedumque
1048 2003 1268 2071 remigio
1299 2002 1541 2066 fulciens,
1572 2006 1657 2057 vix
1707 2009 1955 2074 pervenit
2006 2005 2073 2059 ad

499 2083 738 2156 ianuam,
771 2087 1027 2157 paulatim
1079 2104 1393 2157 progressus
1441 2092 1678 2145 intravit.
1710 2092 1935 2162 Jamque
1980 2108 2075 2163 spe

500 2188 779 2248 concepta,
812 2180 1081 2234 valentior
1102 2182 1275 2248 palam
1304 2181 1491 2235 altaris
1526 2184 1779 2252 arripuit,
1814 2194 1869 2238 et
1897 2185 1988 2238 sits
2017 2199 2076 2239 se

500 2271 731 2340 erigere,
762 2273 959 2340 quibus
989 2274 1526 2342 poteratcouatibus,
1575 2276 1757 2344 cmpit.
1800 2276 1906 2329 Sed
1948 2276 2073 2329 dum

501 2360 875 2431 intempestive
894 2373 1139 2425 conatur,
1162 2365 1387 2418 necdum
1416 2365 1572 2418 soluti
1604 2366 1879 2433 languoris
1900 2368 2078 2422 adhuc

503 2450 803 2506 nodositate
842 2453 1203 2523 restringitur.
1231 2454 1368 2519 Quid
1396 2455 1586 2523 plura?
1610 2456 1844 2510 Tandem
1884 2457 2077 2512 divinae

505 2540 717 2595 virtutis
744 2542 1000 2596 auxilium
1046 2530 1236 2607 sensit,
1277 2553 1332 2597 et
1358 2546 1502 2597 omni
1537 2544 1791 2615 languore
1834 2546 2077 2615 deposito

504 2628 679 2684 factus
708 2629 1007 2697 incolumis,
1040 2632 1106 2685 ad
1138 2630 1478 2687 referendum
1506 2634 1613 2688 Deo
1638 2634 1838 2703 gratias
1868 2635 2079 2687 intuen-

504 2719 637 2771 tium
671 2719 880 2774 aniznos
919 2706 1247 2788 provocavit.
1274 2722 1340 2775 Et
1381 2723 1505 2790 quia
1542 2732 1668 2777 tunc
1716 2723 1852 2778 alius
1893 2725 2079 2778 deerat

504 2802 594 2875 qui
617 2823 713 2878 pro
738 2823 796 2862 se
827 2809 1205 2877 intercederet,
1235 2820 1454 2865 sanctus
1480 2812 1616 2880 ipse,
1646 2822 1703 2864 ttt
1752 2812 1824 2864 ita
1868 2812 2076 2882 loquar,

504 2897 561 2975 in
590 2912 647 2952 se
672 2900 881 2967 signum
901 2901 1115 2954 virtutis
1137 2902 1398 2965 exhibuit,
1423 2903 1536 2971 ipse
1561 2918 1658 2972 pro
1683 2919 1739 2957 se
1769 2904 2074 2970 intervenit;

505 2996 561 3043 et
591 2988 655 3043 de
685 2991 800 3058 ipso
825 2992 1081 3045 miraculo
1125 2992 1326 3046 faciens
1352 2994 1670 3047 medicinam
1699 2995 1892 3048 divinae
1918 3010 2076 3049 cura-

2177 1832 2417 1887 unauimi
2470 1832 2755 1887 devotione
2788 1834 3180 1895 substernunt;
3221 1829 3420 1899 quique
3446 1843 3507 1883 se
3531 1837 3754 1883 eatenus

2175 1922 2391 1977 orbatos
2424 1936 2706 1976 remanere
2745 1919 3105 1983 delleverant,
3141 1918 3475 1973 decessionis
3516 1927 3754 1988 paterna

2167 2012 2457 2082 iacturam,
2487 2013 2731 2082 supparis
2761 2012 2947 2066 vicarii
2975 2009 3356 2064 reformatione
3376 2016 3751 2077 compensant.

2243 2102 2361 2157 Jam
2393 2117 2521 2156 vero
2550 2103 2604 2156 in
2635 2102 2907 2156 commissi
2931 2100 3204 2170 regiminis
3238 2098 3606 2154 sollicitudine
3631 2113 3755 2152 con-

2174 2194 2395 2247 Stitutus
2422 2231 2437 2257 ,
2487 2192 2735 2261 plurimis
2782 2201 2981 2246 sanctae
3027 2190 3305 2260 religionis
3354 2190 3525 2259 cmpit
3563 2186 3754 2243 ﬂorere

2174 2282 2497 2348 virtutibus;
2528 2283 2781 2336 nimirum
2809 2292 2866 2336 ut
2898 2280 3209 2352 psalmodize
3239 2279 3433 2335 studiis
3464 2279 3755 2350 vigilanter

2175 2373 2468 2434 insisteret,
2499 2374 2628 2427 dura
2666 2387 2868 2442 corpus
2915 2371 3091 2426 inedia
3141 2378 3465 2434 maceraret,
3523 2379 3686 2439 atque
3721 2386 3753 2423 ι

2176 2450 2348 2516 sacris
2392 2462 2654 2517 altaribus
2723 2479 2828 2516 non
2883 2463 3160 2526 recedens,
3216 2461 3592 2531 quotidianum
3644 2460 3757 2514 fere

2177 2551 2533 2619 omnipotenti
2583 2552 2691 2605 Deo
2728 2551 3049 2607 sacriﬁcium
3100 2550 3271 2604 laudis
3318 2548 3566 2604 olferret.
3613 2548 3754 2602 Inter

2175 2652 2310 2706 quas
2354 2637 2593 2707 profecto
2638 2622 2739 2708 pite
2783 2638 3079 2694 devotionis
3124 2638 3402 2702 excubias,
3457 2638 3750 2692 uberrimis

2177 2728 2491 2800 plerumque
2513 2730 2868 2802 lacrymarum
2890 2730 3397 2800 compunctionibus
3430 2727 3709 2783 aﬂluebat.

2249 2817 2414 2871 Porro
2439 2828 2615 2873 autem
2647 2819 2910 2872 Adraldus
2935 2818 3083 2888 (126)
3104 2818 3269 2872 abbas
3302 2817 3616 2872 Bremensis
3640 2832 3753 2871 mo—

2178 2907 2425 2971 nasterii,
2458 2908 2539 2959 vir
2568 2905 2816 2961 \idelicet
2861 2907 3144 2977 religiosus
3177 2920 3240 2959 ac
3286 2915 3490 2960 sancta:
3533 2919 3756 2960 conver-

2180 2990 2409 3050 sationis
2456 2997 2734 3051 honestate
2770 2996 3111 3066 conspicuus,
3158 2996 3248 3063 qui
3293 2994 3593 3064 discipulus
3644 2995 3756 3065 ejus

505 3078 669 3134 tionis
709 3080 958 3135 obtinuit.
990 3082 1098 3136 Hoc
1143 3092 1228 3137 est
1257 3084 1400 3137 enim
1441 3085 1736 3154 egregium,
1768 3095 1821 3141 et
1870 3086 2075 3156 insigne
2104 3047 2149 3112 C
2179 3076 2484 3150 eistiterat,
2507 3087 2663 3143 nobis
2685 3047 2970 3155 aliquando
2996 3047 3189 3139 retulit.
3216 3085 3342 3154 quia
3372 3047 3459 3137 vir
3487 3083 3609 3149 Dei,
3633 3047 3755 3137 dum

507 3172 843 3238 miraculum,
876 3190 998 3228 cum
1025 3175 1186 3230 homo
1212 3190 1316 3229 non
1343 3191 1439 3244 per
1464 3176 1653 3242 alium,
1685 3177 1778 3231 sed
1820 3176 1935 3247 ipse
1974 3179 2074 3234 sibi

506 3248 772 3323 conscivit
802 3267 999 3323 divinae
1031 3267 1244 3323 virtutis
1270 3256 1548 3322 auxilium.

2182 3178 2237 3233 in
2266 3193 2331 3233 eo
2376 3194 2483 3248 quo
2516 3180 2850 3247 postmodum
2878 3176 3163 3232 defunctus
3190 3175 3349 3247 403
3378 3183 3466 3229 est
3500 3174 3758 3246 languore

2183 3262 2556 3333 decumberet,
2603 3268 2677 3323 illi
2733 3268 2988 3339 praecepit
3041 3277 3101 3322 ut
3147 3281 3215 3322 ex
3264 3265 3554 3322 calcularis
3605 3265 3763 3321 abaci

1484 3376 1788 3433 ANDRErE
1832 3377 2102 3433 CllESNll
2139 3377 2228 3449 ΕΤ
2256 3378 2568 3433 ΛΝΟΝΥΜΙ
2608 3377 2837 3434 NOTAE.

508 3470 741 3523 bratione
768 3472 1002 3540 cessavit,
1030 3480 1483 3540 quantumcunque
1525 3471 1802 3540 impeditus
1854 3469 1974 3538 fuit,
2025 3470 2081 3524 in

506 3540 782 3612 erogandi:
810 3539 1143 3612 eleemosynis
1172 3542 1245 3593 ita
1276 3540 1475 3612 largus,
1502 3550 1556 3593 ut
1580 3539 1609 3591 a
1634 3540 1948 3612 q_uibusdam_
1975 3556 2079 3612 non

507 3609 853 3677 dispensator,
892 3609 981 3663 sed
1029 3609 1275 3677 prodigus
1314 3611 1591 3662 diceretur.
1640 3609 1887 3669 Tenuere
1920 3609 2079 3677 famis

507 3680 823 3747 consumptis
842 3680 896 3731 in
920 3696 1045 3731 usus
1064 3695 1345 3747 pauperum
1372 3678 1633 3732 thesauris
1662 3677 1908 3736 ecclesia,
1926 3677 2078 3740 plura

506 3746 663 3815 etiam
695 3763 847 3801 sacra
873 3765 992 3801 uasa
1020 3758 1067 3801 et
1084 3747 1429 3801 ecclesiastica
1448 3757 1751 3800 ornamenta
1764 3746 2077 3815 pauperibus

507 3813 789 3886 distribuit.
821 3816 1040 3870 Corona:
1083 3818 1261 3880 etiam,
1306 3833 1463 3886 quant
1514 3813 1772 3869 Henricus
1816 3813 2075 3869 secundus

505 3883 787 3952 imperatur
813 3887 911 3939 sibi
960 3887 1022 3939 ob
1061 3887 1143 3938 sui
1172 3883 1471 3938 memoriam
1511 3886 1806 3947 destinavit,
1844 3902 1947 3938 non
1983 3902 2073 3953 pe-

506 3952 686 4023 percit.
721 3953 921 4022 Corpus
962 3972 1116 4009 suum
1171 3970 1273 4008 non
1322 3954 1527 4008 tantum
1576 3955 1721 4007 duris
1762 3952 2075 4007 «attenua’bat

500 4021 725 4091 jejuniis
741 4033 788 4075 et
814 4021 1113 4091 asperrimis
1138 4024 1408 4077 edomabal
1437 4024 1642 4085 ciliciis,
1674 4024 1763 4076 sed
1789 4034 1836 4077 et
1865 4026 2079 4090 quibus-

508 4090 633 4143 dam
665 4093 871 4159 ferreis
921 4093 1135 4145 nexibus
1193 4094 1512 4146 coarctubat.
1584 4091 1805 4147 Sobrius
1857 4103 1968 4146 erat
2023 4094 2078 4146 in

509 4157 731 4229 edendo,
753 4169 798 4212 et
836 4161 953 4229 pius
979 4163 1032 4213 in
1061 4162 1436 4224 compatiendo.
1470 4160 1617 4213 Inter
1643 4172 1852 4214 ctcteros
1874 4172 2082 4215 sanctos

513 4228 653 4299 circa
683 4227 884 4299 beatam
916 4227 1010 4281 Dei
1040 4241 1252 4281 matrem
1275 4230 1638 4299 ardentissima
1668 4230 1935 4283 devotione
1977 4230 2081 4299 [la-

509 4298 714 4368 gralrat,
753 4297 958 4367 ipseque
994 4299 1118 4368 dum
1141 4367 1144 4368 ν
1170 4297 1724 4368 νερτειιεηάενεῐαηεπ
1761 4315 1820 4351 eo
1856 4297 1995 4368 quod
2024 4300 2080 4353 in

509 4356 807 4437 ptenitentes
829 4356 1234 4421 nt'isericordior'
1237 4367 1385 4437 justo
1413 4384 1521 4421 esse
1562 4366 1840 4437 rideretur,
1868 4356 2084 4435 respon-
2108 4356 2160 4416 D

511 4435 631 4493 dit:
662 4435 722 4490 Si
745 4437 1074 4490 damnandus
1103 4435 1390 4499 sint,'malo
1414 4436 1653 4490 damnari
1693 4436 1756 4489 de
1790 4437 2082 4489 misericor-

510 4504 602 4576 dia
628 4522 781 4576 quam
811 4506 875 4559 de
909 4505 1127 4570 duritia,
1179 4504 1254 4560 vel
1303 4505 1626 4559 crudelitate.
1662 4504 1855 4576 illujus
1915 4504 2081 4576 Vitam

504 4573 663 4644 jussu
693 4573 931 4644 [lagonis
969 4576 1083 4642 ejus
1128 4575 1439 4644 successoris
1486 4575 1689 4643 scripsit
1732 4573 1921 4629 Petrus
1974 4574 2084 4627 Da-

510 4644 741 4714 mianus.
765 4643 950 4697 Clarus
978 4646 1138 4714 igitur
1160 4643 1426 4698 miraculis
1457 4644 1511 4714 in
1540 4646 1668 4714 vita,
1715 4644 1956 4714 migravit
2011 4645 2082 4698 ad

511 4710 773 4765 Christum
804 4714 855 4766 in
885 4710 1060 4780 vigilia
1099 4713 1537 4766 Circamcisionis.
1567 4712 1635 4765 In
1671 4710 1912 4767 extremis
1937 4713 2082 4767 labo-

440 4806 446 4819 ι
511 4796 653 4852 rans
668 4780 934 4852 diabolum
964 4793 1137 4835 astare
1167 4782 1314 4843 vidit,
1343 4792 1387 4835 et
1420 4798 1554 4852 eumk
1582 4782 1883 4852 adjuratum
1906 4851 1914 4852 ί
1930 4781 2082 4851 fuga—

511 4849 600 4901 vit.
635 4849 876 4920 Meminit
904 4861 958 4905 et
989 4851 1132 4905 illius
1174 4851 1476 4906 Cbronicou
1523 4848 1580 4905 S.
1630 4848 1856 4920 Benigni
1904 4848 2081 4920 Divic-

511 4919 715 4988 nensis,
748 4921 800 4972 in
848 4935 955 4987 quo
990 4920 1204 4988 legitur,
1234 4921 1377 4988 quod
1434 4933 1578 4972 anno
1605 4918 1740 4973 1014
1770 4918 1785 4971 Ξ
1820 4918 1931 4972 Rea:
1975 4919 2083 4972 Ro-

2182 3487 2318 3529 uero.
2349 3481 2404 3523 ut
2430 3481 2543 3524 erat
2583 3481 2750 3524 mente
2779 3471 3046 3540 benignus,
3096 3489 3214 3541 eum
3262 3474 3507 3541 cognovit
3550 3483 3761 3541 propter

2180 3557 2235 3594 se
2258 3542 2538 3594 monachos
2587 3541 2864 3610 dispersos,
2902 3543 3050 3594 ualde
3097 3540 3285 3595 doluit.
3328 3540 3557 3596 Paucis
3584 3540 3758 3610 itaque

2180 3612 2461 3663 transactis
2509 3607 2688 3662 diebus
2746 3607 3030 3679 If'ranciam
3086 3612 3364 3679 repedavit.
3428 3610 3632 3666 Omnes
3671 3607 3763 3665 illi

2179 3679 2519 3733 concorditer
2566 3679 2710 3733 hunc
2755 3677 3036 3733 Odilonem
3068 3677 3314 3733 abbatem
3369 3690 3604 3744 vocant;
3657 3696 3759 3734 nec

2180 3746 2339 3801 aliam
2385 3747 2500 3816 ejus
2550 3748 2782 3803 nominis
2826 3749 3147 3817 scripturam
3195 3749 3318 3802 alibi
3356 3748 3561 3804 vidisse
3603 3750 3765 3804 seda-

2182 3826 2332 3882 tum,
2384 3815 2849 3886 prwterquanrin
2901 3815 3128 3873 Othonis
3191 3818 3539 3886 imperatoris
3600 3818 3761 3873 unico

2180 3884 2488 3958 diplomate,
2544 3884 2693 3954 quod
2739 3884 2950 3940 0dilum
2992 3902 3090 3958 pro
3137 3884 3357 3942 Odilone
3388 3896 3762 3958 nuncupatum

2180 3956 2417 4026 praefert.
2452 3957 2715 4010 Ducnssu.

2253 4044 2399 4116 (124)
2424 4044 2677 4116 Scribant
2704 4045 2863 4107 idem,
2891 4053 2946 4101 et
2968 4044 3319 4116 allegatorum
3336 4045 3449 4116 jam
3474 4054 3762 4101 auctorum

2185 4113 2422 4184 plerique
2455 4131 2468 4166 :
2501 4113 2820 4184 Quitamcn
2846 4120 3044 4184 gentis.
3070 4113 3183 4170 sive
3210 4113 3424 4170 familia:
3454 4124 3762 4184 tacentino-

2184 4182 2330 4254 men.
2367 4184 2560 4254 verum
2594 4182 2735 4237 illam
2767 4182 3012 4237 Mercarii
3042 4186 3224 4248 fuisse,
3254 4193 3616 4254 sanctumque
3635 4183 3762 4239 0di-

2186 4253 2360 4306 lenem
2392 4253 2455 4305 de
2480 4251 2735 4321 Mercario
2766 4255 3203 4320 cognominatum
3247 4251 3769 4321 suspicorfadjutus

2189 4323 2495 4387 testimonio
2510 4320 2817 4392 Kalendarii
2839 4323 3295 4377 Claromontensis
3320 4320 3605 4385 Ecclesiae,
3620 4320 3761 4392 Quod

2187 4392 2517 4460 immanitate
2541 4391 2602 4443 D.
2636 4390 2925 4460 Savarouis
2952 4393 3248 4460 exhibitum
3275 4401 3357 4446 est
3404 4390 3714 4460 hujusmodi
3740 4404 3755 4443 :

2185 4459 2387 4530 Quarto
2420 4458 2603 4514 Nonas
2630 4459 2898 4524 Januarii,
2932 4459 3125 4515 Octava
3155 4460 3212 4517 S.
3246 4458 3519 4530 Stephani,
3552 4474 3602 4513 et
3627 4460 3759 4514 0di-

2181 4529 2318 4600 lguis
2353 4530 2553 4600 abbatis
2603 4539 2651 4582 et
2675 4531 3024 4600 confessoris,
3057 4547 3150 4600 pro
3199 4548 3299 4600 quo
3333 4529 3467 4597 festo
3516 4529 3759 4582 libraado

2183 4596 2339 4663 Odilo
2366 4599 2431 4652 de
2463 4597 2717 4651 Mercario
2739 4596 3020 4653 canonicos
3050 4596 3519 4656 Clarontonlensis,
3544 4611 3596 4651 et
3630 4614 3762 4666 prte-

2178 4670 2375 4737 positus
2401 4667 2740 4738 Brivatensis,
2770 4669 3003 4738 promisit
3032 4669 3382 4738 quadraginta
3421 4668 3622 4738 solidos
3644 4682 3762 4738 cen-

2179 4735 2378 4806 suales,
2399 4746 2490 4790 aut
2515 4735 2727 4789 reddere
2751 4735 2909 4790 semel
2927 4735 3273 4806 quadraginta
3297 4736 3477 4806 libras,
3502 4747 3550 4788 et
3577 4735 3760 4806 debent

2180 4804 2364 4859 librari
2384 4807 2437 4858 in
2465 4806 2643 4870 missa,
2666 4817 2714 4860 et
2739 4808 2803 4876 in
2823 4804 3031 4876 vespero
3054 4804 3179 4860 dicti
3203 4807 3342 4876 festi.
3363 4805 3589 4876 Aliquid
3616 4805 3757 4876 enim

2181 4876 2462 4943 pecuniam
2517 4888 2614 4941 pro
2668 4876 2725 4929 S.
2774 4872 3016 4930 Odilonis
3061 4872 3270 4931 abbatis
3319 4872 3760 4943 festo'librando

2179 4942 2509 4988 hmmiaiccm
2558 4943 2713 4984 ﬁdiln
2761 4944 2827 4988 da
2871 4943 3151 4988 Marnnrin-
3184 4944 3286 4988 nisi
3323 4942 3761 4988 antesnemuineus
