3992 5322
120 1001 128 1040 Il

1470 173 1627 230 VITA
1669 174 1726 230 ε.
1760 174 2093 232 ODlLONlS.

3291 183 3396 237 930

179 288 540 362 supputatione
563 288 837 361 colligeret
863 304 982 360 quae
1008 297 1192 360 posset
1218 304 1336 346 esse
1364 305 1571 346 summa
1598 290 1730 344 mis-
1758 294 1808 352 Λ
1833 288 2241 358 promulgandis
2278 303 2440 360 porro
2482 289 2720 361 judiciis,
2767 306 2831 347 ac
2862 291 3034 348 modis
3071 293 3400 362 pmoltentize

178 395 369 444 sarum,
413 393 546 448 quas
591 379 883 432 celebravit
931 395 1026 450 per
1071 381 1300 449 spatium
1339 379 1729 449 quinquaginta

178 483 261 524 sex
276 481 556 527 annorum,
580 466 774 534 quibus
797 467 1178 520 monasterium
1203 467 1360 521 rexit.
1385 468 1441 522 ln
1464 483 1570 536 quo
1587 467 1730 521 facto

177 556 365 626 liquido
388 555 821 623 deprehenditur,
847 571 1006 623 quam
1037 556 1310 618 diuturna,
1335 571 1494 625 quam
1537 557 1728 610 indeli-

177 646 311 701 ciens
336 645 500 699 divini
526 645 726 698 amoris
755 643 965 697 ﬂamma
991 645 1129 698 beati
1154 645 1252 698 viri
1280 655 1466 714 pectus
1489 647 1728 712 excoxit,

175 733 303 803 quod
359 732 612 786 nimirum
665 732 733 784 ab
779 731 1067 786 efferendis
1121 733 1360 801 quotidie
1405 733 1729 788 salutaribus

176 822 355 879 hostiis
380 824 633 878 cohibere
658 832 735 876 tot
753 837 1032 884 curarum,
1063 829 1141 876 tot
1171 822 1534 892 ingruentium
1565 837 1730 892 nego-

174 914 355 971 tiorum
383 912 684 968 sollicitudo
719 929 822 965 non
851 911 1043 981 potuit.

235 1006 286 1060 lu
308 1003 596 1072 erogandis
619 1012 876 1072 praeterea
903 1001 1262 1072 elcemosynis
1290 1001 1361 1055 ita
1384 1000 1564 1069 largus
1588 1007 1725 1064 erat,

169 1105 224 1150 ut
250 1095 483 1148 nonnulli
509 1094 632 1148 dum
661 1109 782 1148 eum
808 1093 987 1148 omnia
1020 1095 1411 1168 dispergentem
1443 1092 1559 1146 sine
1594 1107 1728 1146 cun-

170 1185 395 1240 ctatione
436 1184 826 1250 conspicerent,
853 1198 959 1236 non
992 1183 1434 1252 dispensatorem,
1481 1181 1572 1234 sed
1599 1196 1725 1249 pro-

171 1273 336 1342 dignm
362 1272 671 1340 judicarent
696 1287 710 1335 ;
739 1271 1035 1340 praesertim
1063 1271 1294 1338 quodam
1332 1280 1571 1338 tempore
1600 1271 1726 1323 dum

170 1362 326 1416 fames
349 1363 526 1416 valida
563 1363 862 1431 Aquitaniae
892 1361 1026 1415 lines
1054 1363 1400 1414 vehementer
1443 1359 1725 1431 afﬂigeret,
1798 1360 1801 1362 ’

168 1469 224 1507 ac
251 1453 503 1522 plurimas
525 1451 816 1507 Galliarum
856 1451 1164 1520 provincias
1191 1451 1505 1519 pestilenter
1548 1459 1727 1504 areta-

170 1556 260 1609 ret,
287 1546 563 1600 exhaustis
581 1546 692 1614 jam
716 1545 766 1597 in
793 1558 1085 1612 pauperum
1116 1557 1245 1595 usus
1267 1541 1494 1604 azrariis,
1523 1551 1576 1593 et
1602 1541 1727 1594 hor-

1830 379 2188 448 praeligendis,
2246 389 2356 434 tam
2404 381 2524 450 pius
2575 392 2712 445 erat,
2748 390 2804 436 et
2851 389 2998 436 tanta
3051 387 3400 441 maerentibus

1829 467 2172 524 humanitate
2197 470 2550 540 compatiens,
2577 481 2634 525 ut
2661 487 2995 541 nequaquam
3023 472 3187 544 404
3216 475 3400 529 distri-

1829 564 1974 608 ctum
2017 558 2184 624 patris
2230 559 2535 627 imperium,
2564 561 2658 614 sed
2704 569 3003 615 maternum
3045 564 3220 630 petius
3247 565 3404 617 eishi-

1828 645 2260 701 beretaﬂ'ectum.
2294 649 2443 703 Unde
2466 665 2524 703 se
2547 650 3077 718 reprehendentibus,
3096 651 3399 720 hnjusmodi

1828 734 2008 787 verbis
2039 735 2243 788 solebat
2261 736 2536 806 eleganter
2562 737 2800 791 alludere
2833 755 2846 790 :
2879 737 3104 792 Etiamsi
3141 743 3402 794 damnan-

1826 821 1924 875 dus
1946 825 2064 888 sim,
2098 824 2292 893 inquit,
2323 827 2462 878 malo
2507 837 2678 880 tamen
2704 827 2767 879 de
2808 827 3186 892 misericordia,
3239 845 3399 899 quam

1826 925 1890 964 ea:
1917 911 2115 966 duritia
2139 913 2214 967 vel
2243 915 2547 969 crudelitate
2585 917 2845 968 damnari.
2885 917 3030 971 Inter
3053 927 3276 973 caeteros
3305 934 3400 972 au-

1828 991 1934 1054 tein
1973 1011 2190 1057 sanctos
2237 1005 2382 1058 circa
2422 1005 2636 1058 beatam
2669 1006 2759 1059 Dei
2788 1004 3114 1060 Genitricem
3149 1014 3257 1060 tam
3307 1022 3414 1068 ar-_

1827 1091 2141 1154 dentissima
2191 1094 2473 1149 devotione
2527 1093 2811 1164 ﬂagrabat,
2856 1106 2914 1149 ut
2966 1099 3290 1168 constitutus
3345 1099 3398 1152 in

1827 1184 1993 1238 choro
2023 1185 2383 1253 psallentium,
2409 1203 2530 1240 cum
2554 1188 2620 1239 ad
2662 1187 2810 1240 illum
2850 1187 3058 1243 veniret
3091 1203 3158 1242 ex
3203 1189 3396 1243 modu-

1827 1272 2052 1334 lantium
2092 1275 2444 1330 alternatione
2468 1277 2790 1331 versiculum
2822 1293 2838 1330 :

1947 1385 2020 1451 '_l‘_u
2045 1386 2103 1451 ad
2128 1387 2429 1451 liberandum
2452 1396 2769 1448 suscepturus
2793 1389 3068 1451 hominem,

1953 1446 2057 1495 Non
2084 1449 2310 1497 horruisti
2336 1449 2549 1508 Virginis
2570 1446 2786 1512 uterum,

1829 1549 1883 1604 in
1910 1557 2107 1604 terram
2137 1565 2195 1604 se
2217 1560 2611 1619 prosterneret;
2651 1553 2836 1622 sicque
2855 1568 2952 1623 per
2978 1568 3176 1623 corpus
3213 1564 3402 1610 osten-

168 1639 265 1694 reis
321 1650 766 1706 qnorumcnnque
821 1644 1173 1704 proventuum
1225 1649 1329 1686 non
1385 1633 1730 1686 mediocriter
1762 1625 1804 1684 Β
1833 1639 2004 1700 deret,
2041 1639 2235 1706 quibus
2289 1639 2542 1695 desiderii
2591 1641 2824 1698 calesiis
2870 1643 2927 1698 in
2975 1653 3154 1698 meme
3193 1643 3414 1712 facit)“,

165 1730 462 1800 proﬂigatis,
524 1745 645 1782 mox
684 1727 844 1782 etiam
876 1726 1104 1801 plurima
1143 1724 1369 1778 sacrarii
1426 1739 1551 1777 vasa
1600 1739 1726 1777 con-

166 1819 330 1890 fregit,
353 1819 586 1888 insignia
605 1817 845 1871 ecclesia:
871 1822 1186 1868 ornamenta
1217 1813 1484 1875 distraxit,
1509 1826 1721 1865 corona:

165 1926 386 1979 quoque,
419 1925 581 1978 quam
618 1908 717 1961 sibi
752 1908 1045 1975 imperator
1074 1903 1220 1974 (127)
1246 1902 1510 1955 Henricus
1542 1900 1611 1954 ob
1641 1899 1727 1953 sui

165 1999 472 2053 memoriam
524 1997 926 2058 destinaverat,
985 2007 1087 2046 non
1136 1991 1395 2060 pepercit.
1447 1989 1516 2044 Ut
1564 1989 1727 2058 igitur

171 2099 264 2141 tam
288 2089 496 2143 acerba:
521 2086 646 2140 fami
673 2084 842 2155 (128).
873 2084 923 2136 in
954 2083 1146 2151 quibus
1183 2079 1368 2142 valuit,
1402 2085 1727 2148 temperaret

171 2178 435 2246 inopiam,
511 2175 766 2244 quidquid
825 2174 948 2226 hinc
1023 2171 1143 2224 inde
1207 2169 1489 2223 corradere
1554 2168 1726 2237 potuit

161 2268 490 2333 facultatum,
523 2267 575 2322 in
605 2266 1019 2321 sustentationes
1047 2273 1100 2318 et
1123 2261 1377 2316 alimenta
1403 2259 1724 2316 contradidit

161 2370 462 2426 egenorum.

226 2445 462 2511 Quodam
491 2458 623 2498 sane
645 2444 750 2506 die,
783 2443 907 2498 dum
936 2457 1030 2512 per
1057 2441 1327 2511 publicum
1366 2440 1487 2511 pius
1515 2438 1723 2508 equita-

160 2545 240 2588 tor
262 2536 482 2600 incedit,
511 2535 644 2589 duos
687 2535 739 2587 in
773 2534 964 2587 itinere
991 2547 1187 2602 pueros
1224 2530 1364 2585 fame
1415 2538 1723 2599 peremptos

165 2624 370 2693 reperit.
402 2623 526 2676 Mox
571 2639 708 2692 equo
737 2622 1009 2686 desiliens,
1068 2621 1294 2686 laneam,
1343 2635 1448 2688 qua
1502 2619 1722 2672 imlutus

155 2723 286 2779 erat,
305 2715 369 2768 ad
383 2730 604 2769 carnem
626 2715 874 2768 subduxit
900 2714 998 2767 sibi
1025 2713 1333 2776 interulam,
1369 2727 1541 2780 eaque
1563 2717 1721 2778 prout

165 2784 434 2854 velaminis
453 2803 724 2870 quantitas
765 2801 1132 2869 permittebat,
1163 2809 1449 2868 utrumque
1487 2799 1720 2851 cadaver

159 2891 462 2956 obvolvens,
514 2893 737 2945 exhibet
791 2891 1016 2944 mortuis
1078 2879 1427 2959 sepnliuram.
1493 2886 1625 2940 Nam
1665 2895 1720 2940 et

1829 1735 2106 1780 aestuaret.

1900 1813 1996 1868 Vir
2031 1815 2195 1884 igitur
2213 1825 2432 1872 sanctus
2457 1833 2579 1872 cum
2611 1818 2662 1872 in
2685 1818 2841 1874 bonis
2874 1819 3111 1874 moribus
3138 1835 3234 1889 per
3271 1836 3403 1889 quo-

1829 1903 2030 1970 tidiana
2060 1907 2160 1975 pia:
2186 1907 2608 1962 conversationis
2640 1908 2969 1962 incrementa
3005 1919 3395 1975 succresceiet,

1827 2008 2052 2062 seseque
2081 1997 2319 2064 quotidie
2347 1997 2537 2051 melior
2563 2000 2630 2052 ad
2673 1998 3020 2067 perfectionis
3053 2001 3263 2056 culmen
3291 2001 3403 2056 fer-

1827 2083 2044 2136 ventius
2088 2083 2387 2149 anhelaret,
2421 2087 2584 2154 cmpit
2613 2087 2880 2140 nonnullis
2910 2103 3197 2143 coruscare
3241 2090 3404 2143 mira-

1825 2169 1990 2260 culi's;
2035 2178 2090 2222 ut
2119 2170 2210 2238 qui
2243 2170 2423 2225 clarus
2461 2181 2577 2226 erat
2625 2173 2676 2225 iu
2721 2175 2986 2241 probitate
3015 2190 3243 2237 morum.
3289 2176 3400 2230 cla-

1827 2259 2063 2312 resceret
2092 2260 2257 2312 etiam
2307 2259 2360 2312 in
2415 2261 2726 2316 ostensione
2767 2262 3074 2331 signorum;
3115 2273 3169 2318 et
3212 2265 3302 2333 qui
3347 2265 3404 2320 in

1826 2348 2498 2419 obtutibusomnipotentis
2521 2351 2611 2405 Dei
2628 2360 2746 2405 erat
2771 2351 2989 2407 lucerna
3013 2355 3230 2420 ardens,
3247 2356 3400 2409 ﬁeret

1823 2439 1991 2498 etiam
2043 2454 2226 2492 coram
2283 2441 2590 2495 hominibus
2649 2441 2835 2496 lucens
2882 2441 3062 2512 (Joan.
3112 2444 3189 2514 ιθ).
3255 2445 3411 2506 Unde,

1823 2527 2004 2580 divino
2035 2526 2572 2596 disponentejudicio
2593 2527 2792 2584 factum
2819 2538 2921 2592 est,
2960 2539 3019 2584 ut
3043 2532 3165 2599 quia
3197 2533 3261 2586 de
3299 2533 3404 2588 illis

1825 2627 1967 2680 erat,
1993 2618 2187 2686 quibus
2208 2618 2409 2671 dictum
2431 2629 2543 2674 est:
2577 2616 2678 2672 Vos
2705 2620 2828 2672 estis
2853 2619 2946 2672 lux
2967 2621 3151 2674 muniti
3183 2621 3397 2692 (Matth.

1822 2707 1897 2775 v),
1927 2708 2158 2776 primum
2190 2707 2256 2760 de
2287 2706 2404 2761 luce
2427 2708 2740 2762 miraculum
2769 2709 3069 2763 exhiberet.
3099 2711 3399 2779 Aliquando

1822 2795 2087 2864 siquidem
2127 2794 2252 2848 dum
2280 2805 2424 2849 esset
2451 2797 2507 2849 in
2551 2798 2784 2866 quadam
2827 2798 2908 2851 sui
2941 2796 3080 2865 juris
3104 2799 3250 2870 villa,
3283 2813 3404 2872 quze

1823 2883 2201 2938 Bersoniacum
2229 2884 2446 2950 dicitur,
2477 2885 2624 2940 videt
2651 2901 2900 2955 puerum,
2948 2898 3232 2943 venustum
3285 2891 3404 2957 qui-

157 2981 473 3048 .vespillones
508 2981 751 3034 mercede
779 2979 1056 3042 conduxit,
1102 2986 1156 3033 et
1200 2977 1404 3032 funeris
1431 2992 1597 3046 usque
1644 2975 1711 3028 ad
1745 2965 1788 3026 C
1822 2977 1942 3030 dem
1975 2975 2165 3041 forma,
2194 2976 2288 3030 sed
2315 2991 2518 3032 caecum
2549 2993 2578 3030 a
2605 2977 2908 3032 nativitate.
2939 2978 3112 3048 Super
3139 2994 3245 3048 quo
3275 2975 3404 3032 con-

163 3071 408 3122 tumulum
463 3079 775 3138 persecutus
813 3069 1104 3138 exsequiis,
1152 3066 1416 3123 defunctis
1459 3066 1720 3121 fratribus

161 3161 377 3214 debitum
408 3163 656 3215 humanae
678 3162 891 3231 pietatis
917 3161 1167 3214 exsolvit.

220 3249 270 3301 In
299 3251 489 3304 eadem
519 3265 731 3320 quoque
756 3260 1028 3319 gestorum
1059 3248 1715 3318 ejusreperiturhistoria,

155 3340 271 3408 quia
320 3356 520 3411 corpus
567 3357 742 3405 somn,
799 3356 904 3393 non
958 3341 1115 3393 modo
1158 3339 1308 3392 duris
1360 3346 1719 3393 consueverat

157 3438 426 3484 attenuare
469 3429 707 3498 jejuniis,
749 3429 1062 3498 asperrimis
1106 3429 1359 3482 edomare
1386 3428 1597 3490 ciliciis,
1627 3429 1721 3485 sed

148 3521 469 3588 quibusdam
501 3521 692 3575 ferreis
719 3521 942 3575 nexibus
973 3521 1300 3573 coarctabat.
1334 3519 1390 3572 ln
1415 3519 1718 3586 percipien-

159 3611 427 3666 disautein
461 3611 533 3664 ita
582 3625 639 3664 se
686 3610 1060 3664 moderabatur
1107 3607 1316 3671 eduliis,
1370 3617 1429 3660 ut
1477 3608 1720 3676 apposita

158 3714 370 3770 quumque
393 3701 734 3770 contingens,
761 3715 823 3754 ac
855 3698 1083 3753 naturali
1115 3699 1376 3751 duntaxat
1411 3696 1722 3751 necessitati

159 3791 510 3858 dispensative
534 3791 895 3854 subserviens,
923 3799 978 3844 et
1003 3791 1292 3843 vanitatem
1326 3788 1723 3856 superstitionis

150 3879 425 3952 eﬂ‘ugeret,
458 3893 514 3938 et
553 3883 862 3938 sobrietatis
900 3881 1235 3937 continentia
1291 3888 1612 3934 reservaret.
1664 3878 1723 3933 In

1823 3067 2029 3134 solens,
2065 3067 2250 3122 didicit
2292 3067 2416 3135 quia
2446 3066 2586 3120 [ilius
2615 3076 2760 3121 esset
2782 3067 2965 3131 villici,
2994 3078 3046 3132 et
3076 3067 3203 3142 quia
3229 3069 3405 3127 visum

1823 3158 2039 3228 penitus
2087 3173 2360 3226 nunquam
2391 3155 2682 3208 habuisset.
2733 3154 2829 3208 Cui
2876 3173 3000 3214 mox
3040 3162 3125 3229 pia
3161 3161 3404 3226 benigni-

1826 3258 1935 3324 tate
1966 3248 2318 3322 compatiens,
2361 3254 2416 3299 et
2445 3249 2584 3313 apud
2628 3260 2686 3298 se
2726 3249 2903 3302 tacitis
2933 3251 3183 3318 precibus
3233 3249 3404 3302 laten-

1825 3348 1905 3394 ter
1944 3339 2222 3403 insistens,
2271 3346 2329 3390 ut
2371 3346 2498 3407 puta
2524 3336 2651 3406 quia
2682 3339 2806 3391 talia
2853 3340 3087 3392 nondum
3125 3349 3400 3406 expertus,

1827 3423 2056 3484 advocat
2108 3429 2322 3482 tandem
2379 3429 2686 3497 parvulum,
2740 3429 2952 3496 signum
2997 3429 3070 3481 illi
3115 3426 3408 3482 salutifera!

1830 3519 2010 3574 crucis
2039 3519 2089 3571 in
2123 3517 2301 3571 fronte
2327 3518 2583 3586 depingit,
2623 3526 2676 3571 et
2709 3516 2993 3571 confestim
3024 3517 3220 3580 visum,
3248 3531 3409 3586 quem

1830 3617 2022 3664 ttatura
2047 3614 2353 3674 negaverat,
2383 3620 2515 3674 puer
2540 3607 2768 3673 accepit.

1899 3696 2020 3750 Alio
2047 3711 2262 3766 quoque
2292 3706 2529 3764 tempore
2553 3697 2679 3750 dum
2702 3705 2844 3751 esset
2864 3695 2947 3748 vir
2970 3696 3063 3750 Dei
3088 3695 3226 3764 apud
3248 3709 3406 3749 suum

1829 3787 2098 3856 quoddam
2147 3786 2531 3839 monasterium
2586 3784 2764 3855 (l‘29),
2819 3785 2960 3854 quod
3025 3781 3185 3836 Vallis
3231 3781 3408 3835 Aurea

1829 3887 2076 3943 vocatur,
2113 3885 2308 3948 quarta
2349 3876 2609 3931 videlicet
2636 3875 2771 3931 feria
2818 3875 3008 3946 prima:
3053 3873 3405 3944 quadragesi-

1092 4011 1394 4068 ANDREE
1431 4010 1700 4067 CliESNll
1738 4009 1826 4066 ET
1865 4010 2176 4066 ΔΝΟΝΥΜΙ
2207 4009 2438 4066 NOTAE.

223 4130 366 4202 (ηπ)
389 4129 563 4198 Hujus
579 4127 800 4183 Henrici
831 4127 1208 4202 liberalitatem
1238 4128 1290 4180 in
1322 4124 1724 4202 Cluniacenses,

154 4197 246 4254 etsi
276 4197 380 4254 non
409 4197 666 4269 expresso
689 4213 904 4253 corona:
934 4199 1177 4269 nomine,
1199 4197 1552 4269 commendat
1588 4211 1721 4264 quo-

155 4287 254 4338 que
304 4265 1117 4338 Letnovicensisnionacltusin
1169 4267 1388 4319 historia
1418 4265 1718 4338 Aquitano-

155 4336 263 4391 rum
314 4341 398 4394 his
429 4341 609 4393 verbis
655 4357 665 4391 :
719 4337 977 4390 Henricus
1036 4337 1317 4403 imperator
1370 4337 1534 4388 multa
1583 4336 1721 4389 dona

157 4410 361 4461 contulit
386 4411 616 4464 coenobio
639 4406 984 4461 Cluniacensi.
1022 4405 1140 4459 Fuit
1164 4415 1341 4458 autem
1383 4405 1428 4457 is
1465 4406 1724 4460 llenrieus

155 4477 192 4529 ll
222 4480 462 4540 nomine,
483 4478 620 4531 [ilius
650 4477 902 4539 Conradi,
926 4476 1004 4529 Vcl
1029 4476 1320 4529 secundum
1353 4474 1486 4527 alios
1516 4490 1678 4544 gener
1706 4492 1718 4528 :

152 4549 238 4615 qui
285 4558 338 4602 et
378 4547 608 4602 Odtlone
650 4546 947 4615 defuncto,
977 4547 1114 4600 sicut
1170 4547 1336 4598 refert
1387 4545 1725 4615 l-lildebertns

148 4614 432 4686 episcopus
463 4615 902 4677 Cenomanensis,
930 4614 986 4686 δ.
1018 4616 1254 4684 llugonis
1275 4615 1390 4682 ejus
1422 4615 1474 4686 in
1506 4614 1723 4686 ahbatia

159 4681 527 4740 Cluniacensis
558 4686 889 4739 successoris
925 4681 1322 4751 faciemvritlere,
1363 4693 1408 4734 et
1443 4681 1724 4749 familiari-

158 4765 306 4809 tatem
332 4759 555 4824 adipisci
593 4756 915 4824 desirierans,
943 4763 996 4805 ut
1027 4756 1194 4824 uenire
1220 4754 1521 4824 dignaretur
1547 4751 1615 4803 ad
1647 4767 1720 4812 se,

155 4826 367 4894 supplici
389 4819 510 4879 voce
524 4824 822 4894 postulavit.
856 4822 1213 4877 Postulautem
1239 4819 1356 4894 pius
1381 4819 1726 4894 Pater_ea:uu-

156 4891 276 4956 diit';
322 4891 539 4947 intravit
596 4892 903 4953 Saxoniam,
953 4907 1153 4944 summo
1200 4892 1396 4958 pariter
1429 4899 1474 4942 et
1532 4891 1726 4943 honore

157 4973 418 5033 susceptus
450 4973 525 5016 est
559 4973 602 5016 et
633 4961 846 5033 gaudio.
882 4958 1077 5033 Paucis
1124 4961 1195 5013 ibi
1245 4959 1422 5033 diebus
1476 4961 1745 5033 peractis,

151 5039 217 5084 ἐπ
255 5027 508 5100 petitione
535 5027 666 5100 regis
694 5030 860 5098 filium
905 5029 1017 5096 ejus
1055 5043 1204 5100 sacro
1249 5027 1484 5100 delonte
1517 5028 1724 5094 levavit,

159 5097 312 5168 puero
340 5117 530 5155 nomen
555 5097 717 5169 patris
747 5101 1032 5169 imponens.
1065 5097 1365 5169 Celebhravit
1397 5107 1570 5169 aute_m
1620 5101 1727 5154 Pa-

157 5162 273 5222 scha
301 5187 419 5223 cum
444 5162 750 5236 imperatore
795 5162 848 5220 in
878 5166 1157 5236 Agrippina
1185 5162 1450 5229 Coloniae;
1501 5164 1728 5222 Teutho-

160 5241 283 5291 uicis
331 5239 645 5292 mirantibus
693 5239 744 5290 in
786 5235 1005 5298 juvenili
1038 5235 1235 5288 adhuc
1283 5243 1435 5286 wlate
1479 5242 1726 5292 canitiem

1826 4142 1943 4179 cum
1971 4127 2043 4178 eis
2069 4125 2355 4179 amicitiam
2381 4123 2673 4194 pepigisset.
2710 4123 2927 4180 Henrici
2961 4121 3119 4184 filius,
3146 4121 3409 4178 Henricus

1828 4198 2018 4250 tertius
2045 4197 2240 4257 dictus,
2278 4193 2562 4248 llenricutn
2586 4205 2841 4262 qnartutn
2866 4193 3072 4264 genuit,
3104 4194 3194 4260 qui
3217 4202 3272 4246 et
3297 4195 3410 4264 ipse

1829 4266 2066 4326 tandem,
2106 4265 2267 4319 veluti
2296 4264 2530 4333 quidam
2560 4261 2746 4318 dicunt
2782 4261 2921 4333 apud
2968 4261 3253 4314 Martinnm
3304 4261 3410 4333 Ροο

1825 4334 2006 4388 Ιυιιιιιιι
2046 4336 2139 4389 lib.
2187 4350 2238 4389 tv
2266 4331 2545 4398 Clironici,
2595 4331 2831 4402 iinperia'
2857 4333 3070 4384 dimissa
3121 4331 3405 4382 monachus

1825 4403 2183 4458 Cluniacensis
2212 4415 2284 4457 est
2309 4404 2540 4470 effectus.
2569 4403 2792 4456 Coruine
2838 4415 2997 4468 porro
3047 4413 3204 4465 quain
3245 4413 3404 4470 avum

1825 4475 1941 4541 ejus
1985 4475 2194 4527 Udiloni
2227 4467 2527 4541 destinasse
2573 4473 2761 4541 scribit
2794 4467 3102 4541 Dan‘iianns,
3152 4467 3402 4541 meminit

1826 4534 1952 4597 iicm
1984 4557 2288 4611 anonymus
2313 4539 2586 4611 Silviniaci
2619 4540 2912 4592 monachus
2939 4539 2989 4589 in
3016 4536 3132 4588 Vita
3156 4534 3403 4611 ejusdem

1826 4611 2086 4673 Odilonis,
2117 4604 2203 4664 tibi
2243 4610 2338 4673 ait,
2373 4612 2514 4676 quod
2545 4610 2597 4660 in
2649 4624 2774 4660 usus
2802 4621 3088 4676 pauperum
3149 4604 3413 4676 confregit

1824 4681 2050 4749 plurima
2075 4671 2197 4733 uasa
2242 4671 2493 4749 cedes—ire,
2525 4687 2572 4730 et
2599 4671 2925 4749 _9rnu_m_izn_tu
2969 4671 3219 4749 insignia,
3254 4671 3423 4736 infer

1825 4741 1940 4818 qua:
1997 4750 2152 4801 etiam
2208 4746 2529 4816 imperialem
2590 4745 2804 4798 Henrici
2861 4741 3188 4813 imperatoris
3259 4759 3437 4807 coro-

1827 4835 1970 4874 nam.
2006 4819 2270 4874 Ducnssu.

1901 4906 2046 4980 (128)
2081 4904 2348 4980 Exstatin
2390 4913 2540 4980 torno
2567 4905 2611 4980 ll
2637 4900 2911 4970 Spicilegii
2963 4896 3228 4980 Dat-herii‘
3270 4897 3476 4976 lie-«ﬁ

1825 4970 2072 5053 Qd-ilonis
2103 4977 2325 5046 cpistola
2458 4976 2705 5053 Garsialjl
2753 4986 2932 5038 regem

1823 5050 2100 5126 ejusdenn
2130 5036 2286 5116 opem
2352 5044 2613 5126 implorat
2678 5036 2918 5126 tempore
2989 5040 3167 5126 famis:

1821 5111 2182 5243 ξιὼίιιουὶυέ
2227 5132 2290 5172 ea
2343 5111 2639 5195 occasione
2688 5111 2858 5178 ipsam
2917 5111 3174 5180 scriptam
3221 5111 3528 5199 ενδ..ίέῖο

1881 5206 2080 5243 ΝοΝἲΙι.

1881 5206 2080 5249 Νοκῑιι.

1919 5281 2048 5298 διιπιὶὶ
2095 5277 2165 5298 n-
2193 5291 2288 5298 .--.-
2326 5280 2372 5298 ο..
2409 5274 2522 5298 2..--
2552 5270 2840 5298 ἢρκιῖηηιιη
2875 5279 3057 5298 *καίρια
3088 5285 3101 5297 ο
3143 5262 3396 5298 ornt-“
