3992 5322
543 182 640 236 93!
665 233 674 241 .

998 181 1054 236 5.
1095 182 1292 237 PETRI
1338 180 1619 236 DAMIANI
1660 180 1808 236 OPP.
1858 179 2037 235 PARS
2073 179 2204 235 SEU
2248 131 2486 234 τοιιῖιδ
2523 179 2584 234 Il.
2624 210 2692 221 -—-
2727 175 3152 236 SANCTORUM
3193 177 3398 233 νιτιε.

3706 175 3804 233 932

542 292 1099 356 malishebdomadte,
1152 309 1273 362 qua:
1303 303 1467 364 caput
1507 292 1696 362 jejunii
1742 293 1960 359 dicitur,
2001 309 2124 348 sur-
2152 301 2202 356 Α
2230 305 2428 364 equum
2480 293 2569 350 cui
2622 293 2931 364 specialiter
2976 293 3090 364 ipse
3156 291 3391 346 insidere
3455 300 3803 344 consueverat

538 383 790 457 gentibus
834 398 863 436 a
911 397 1094 437 mensa
1141 385 1422 448 fratribus,
1481 384 1569 438 ille
1619 383 1876 454 pugillum
1921 384 2124 439 cineris

540 473 772 530 latenter
801 474 1062 544 implevit,
1093 484 1149 528 et
1177 476 1424 546 apposito
1453 491 1590 546 pane
1619 477 1910 532 discubuit.
1961 475 2126 530 Cum-

538 581 644 636 que
669 566 906 619 cinerem
932 574 1191 634 tanquam
1226 581 1415 634 panem
1450 568 1821 630 litantlucarel,
1855 576 1914 620 ιιι
1938 576 2122 635 potum

536 668 768 725 quoque,
820 653 973 722 juxta
1027 655 1388 724 Prophetant,
1441 671 1568 710 cum
1620 655 1744 709 ﬂetu
1798 663 2124 725 temperaret

536 743 830 816 (Psal.Ct),
858 745 1033 800 innuit
1059 746 1209 799 fratri
1238 756 1292 799 ut
1311 747 1448 800 clam
1473 746 1575 800 sibi
1597 763 1800 826 aquam
1827 747 1972 800 nullo
1987 755 2122 801 teste

535 835 790 890 deferret.
843 836 932 890 llle
961 876 975 901 ,
1024 836 1165 906 quod
1214 847 1332 890 erat
1363 836 1567 905 jussus,
1607 839 1888 907 implevit;
1923 853 2121 906 aquam

535 925 697 998 405
736 927 937 991 attulit,
969 943 1107 996 qum,
1146 928 1273 980 dum
1298 927 1456 982 labiis
1485 928 1792 992 adhibetur,
1833 930 2122 982 austerita-

537 1027 643 1075 tem
667 1020 776 1074 vini
815 1019 1054 1075 redolere
1093 1021 1344 1074 sentitur.
1390 1021 1655 1090 Reprimit
1691 1037 1820 1089 ergo
1877 1038 2118 1086 manum,

535 1113 703 1184 abigit
723 1113 995 1184 poculum,
1021 1125 1183 1182 atque
1213 1123 1270 1166 ut
1293 1113 1394 1167 sibi
1429 1106 1624 1182 aquam
1656 1113 1906 1166 minister
1927 1112 2120 1166 afferat

533 1205 704 1273 signis
726 1205 1064 1267 evidentibus
1093 1206 1340 1273 imperat.
1369 1205 1447 1258 Ad
1477 1207 1620 1272 quod
1653 1205 1900 1259 minister
1931 1205 2116 1259 obstu-

531 1296 681 1363 puit;
711 1304 767 1348 et
798 1295 984 1348 vinum
1015 1309 1075 1349 se
1117 1311 1145 1347 a
1177 1310 1360 1348 mensa
1393 1293 1599 1348 referre
1629 1295 1719 1362 qui
1759 1310 1953 1362 aquam
1995 1309 2118 1364 pro-

530 1385 817 1454 pinaverat
856 1386 1157 1440 admiratus
1193 1387 1430 1454 expavit.
1469 1387 1726 1440 Geminat
1772 1397 1950 1440 tamen
2003 1386 2117 1440 oili-

531 1474 700 1539 cium,
733 1475 918 1528 viuum
952 1476 1188 1544 projicit,
1216 1484 1472 1529 convasat
1503 1490 1718 1543 aquam,
1761 1478 1938 1529 denuo
1986 1491 2115 1543 por-

532 1565 660 1633 rigit
695 1565 1078 1620 discumbenti.
1116 1565 1220 1620 Sed
1248 1581 1396 1628 ecce,
1424 1565 1551 1618 dttnt
1583 1581 1720 1634 aqua
1753 1567 1984 1634 potanda
2032 1579 2115 1618 re-

528 1657 750 1724 petitur,
780 1656 962 1709 vinum
997 1671 1181 1709 rursus
1209 1657 1260 1710 in
1291 1656 1484 1725 poculo
1515 1659 1801 1726 reperitur.
1847 1655 1964 1708 .lam
2011 1655 2113 1708 ita-
2141 1642 2190 1703 Β

529 1761 634 1816 que
669 1748 753 1800 vir
787 1757 1031 1812 sanctus,
1061 1748 1257 1802 divinae
1285 1763 1415 1818 erga
1445 1763 1503 1802 se
1532 1747 1750 1816 pietatis
1790 1747 2114 1802 beneficium

525 1853 943 1908 recognoscens,
969 1841 1111 1908 quod
1146 1841 1310 1894 Deum
1347 1841 1449 1896 sibi
1485 1840 1912 1894 misericorditer
1942 1839 2114 1893 indul-

524 1945 652 2001 gere
678 1931 986 1986 considerat
1007 1948 1126 1986 cum
1150 1933 1448 2003 gratiarum
1477 1933 1689 1985 actione
1710 1931 1992 2002 percipere
2006 1944 2113 1984 non

527 2031 761 2074 recusat.

593 2109 884 2176 Prteterea,
913 2126 1035 2166 cum
1084 2112 1167 2165 vir
1214 2111 1309 2166 Dei
1363 2127 1486 2165 cum
1537 2111 1773 2166 Henrico
1800 2127 1925 2182 rege
1953 2154 1967 2179 ,
2019 2111 2111 2183 qui

523 2201 864 2270 postmodum
895 2201 1068 2256 factus
1100 2213 1184 2257 est
1214 2203 1525 2271 imperator,
1568 2203 1622 2255 in
1649 2200 1922 2256 Ticinensi
1954 2202 2111 2268 simul

525 2292 661 2346 urbe
687 2293 1034 2356 consisteret,
1085 2301 1140 2346 et
1189 2292 1484 2347 Dominicze
1528 2294 1828 2348 nativitatis
1883 2293 2110 2365 gloriam

521 2383 822 2438 celebraret
851 2425 864 2446 ,
903 2385 1126 2454 contigit
1157 2392 1216 2438 ut
1254 2386 1499 2439 velamen
1531 2401 1730 2440 mensze
1755 2386 1872 2454 ejus
1895 2386 2115 2451 ,..artift-

521 2473 669 2527 ciosa
707 2475 925 2527 textrini
958 2475 1156 2529 laboris
1186 2476 1503 2544 operatione
1529 2478 1900 2546 con3pictnun,
1940 2479 2112 2532 sacri-

519 2561 638 2631 lega
671 2561 859 2616 fuisset
900 2563 1088 2618 fraude
1125 2565 1419 2620 sublatum.
1452 2565 1747 2634 Postquam
1796 2576 1975 2620 autem
2029 2568 2113 2622 vir

518 2651 614 2707 Dei
639 2669 761 2708 cum
792 2670 915 2723 rege
938 2656 1204 2722 discessit,
1233 2657 1318 2710 fur
1341 2658 1432 2728 qui
1462 2666 1716 2726 rapuerat
1744 2657 1856 2725 jam
1886 2674 2110 2713 securus

517 2747 798 2818 proposuit
827 2747 1068 2802 velamen
1112 2749 1164 2802 in
1212 2748 1328 2802 foro
1355 2749 1561 2802 venale.
1592 2748 1696 2802 Sed
1734 2749 1860 2803 dum
1893 2750 1968 2802 illi
2000 2749 2113 2805 dis-

518 2841 717 2910 positio
749 2840 989 2894 cmlestis
1035 2840 1271 2905 obsistit,
1305 2851 1493 2895 sancta
1525 2842 1756 2895 distrahi
1785 2843 1964 2912 prteda
2001 2859 2108 2898 non

517 2935 712 3002 potuit.
745 2933 852 2988 Ter
883 2936 1046 3004 igitur
1087 2936 1229 3004 quod
1275 2935 1609 2988 subduxerat
1655 2937 1796 2990 inter
1843 2937 2110 2990 nundina—

2228 394 2387 440 caute
2412 385 2689 440 subduxit.
2706 383 2811 440 Sed
2839 385 2964 455 quia
2995 384 3100 438 illis
3124 383 3179 438 in
3209 382 3456 451 partibus
3479 379 3803 450 deprehendi

2226 478 2316 545 fur
2341 478 2636 547 sacrilegus
2661 478 2856 543 timuit,
2879 477 3126 532 concitus
3147 477 3215 530 ad
3241 475 3498 544 Oppidum
3529 471 3804 526 Laudenso

2227 570 2482 641 profugit;
2516 571 2754 626 Securus
2779 570 2961 641 itaque
2991 569 3490 636 recognoscentiunt
3511 607 3526 630 ,
3561 566 3805 634 proponit

2225 680 2451 732 equum,
2503 673 2777 732 emptores
2831 662 3056 728 invitat,
3085 661 3389 715 vehiculum
3423 660 3638 722 laudat,
3668 674 3806 712 com-

2225 757 2487 810 mercium
2519 757 2742 826 flagitat.
2777 754 2882 810 Sed
2913 755 2991 809 sic
3018 755 3287 807 hominem
3316 753 3496 806 divina
3525 750 3804 820 dispositio

2223 847 2631 917 prmpedivit,ut
2658 862 2756 900 nec
2783 861 2904 900 cum
2928 844 3165 914 quolibet
3192 853 3434 913 emptore
3463 856 3803 910 componere,

2225 954 2326 992 nec
2358 937 2556 991 animal
2588 938 2852 1005 potuisset
2897 936 3123 1005 pecunia
3165 943 3494 1005 permutare.
3530 933 3808 1008 Postremo

2224 1035 2404 1080 autem
2456 1041 2707 1080 reversus
2757 1026 2822 1080 ad
2853 1040 2912 1079 se
2964 1035 3020 1079 et
3063 1024 3380 1094 pmnitentia
3413 1022 3583 1094 ιω
3621 1022 3806 1077 ductus

2222 1118 2450 1172 bestiam
2482 1119 2546 1171 ad
2581 1117 2758 1171 locum
2785 1118 2867 1172 sui
2901 1116 3147 1171 criminis
3173 1115 3453 1170 conscium
3487 1123 3730 1176 revocat,
3756 1122 3807 1166 et

2221 1207 2348 1275 quid
2379 1206 2482 1260 sibi
2530 1207 2817 1277 contigerit
2839 1206 2905 1260 ad
2946 1206 3028 1260 sui
3060 1205 3433 1260 confusionem
3461 1213 3521 1258 et
3565 1205 3806 1275 omnipo-

2222 1296 2385 1348 tentis
2415 1295 2506 1349 Dei
2549 1295 2774 1364 gloriam
2806 1311 2912 1350 non
2945 1295 3200 1350 occultat.

2289 1385 2386 1439 Vir
2430 1385 2570 1440 idem
2602 1386 2924 1441 venerabilis
2953 1385 3080 1438 dum
3109 1391 3255 1438 esset
3285 1383 3338 1438 in
3379 1384 3582 1439 itinere
3609 1382 3806 1438 consti-

2221 1487 2368 1531 tutus
2390 1517 2404 1541 ,
2436 1477 2562 1546 quia
2601 1492 2763 1530 causa
2795 1476 3073 1540 dictabat,
3107 1475 3355 1529 Ticinum
3387 1473 3719 1528 festinanter
3743 1489 3803 1527 ae

2219 1569 2336 1622 sine
2387 1583 2536 1622 mora
2591 1568 2821 1622 transire
2871 1567 3144 1638 cupiebat,
3173 1567 3266 1621 sed
3318 1567 3804 1621 intumescentibus

2216 1658 2370 1728 aquis
2396 1699 2410 1722 ,
2436 1659 2600 1711 etiam
2632 1658 2904 1729 navigium
2953 1659 3160 1712 deerat.
3191 1657 3447 1711 Protinus
3475 1671 3612 1726 ergo
3645 1656 3806 1710 confi-

2218 1763 2310 1802 sus
2347 1748 2398 1800 in
2435 1747 2601 1802 Deum
2629 1788 2644 1814 ,
2675 1763 2840 1802 unum
2886 1763 2918 1801 e
2957 1747 3174 1803 famulis
3203 1756 3378 1808 vocat,
3413 1762 3589 1816 seque
3618 1747 3674 1800 in
3709 1762 3804 1801 no-

2219 1839 2361 1892 mine
2382 1839 2581 1892 Christi
2613 1842 2916 1908 praecedere
2942 1853 3040 1909 per
3061 1839 3268 1894 alveum
3290 1838 3530 1892 fluminis
3557 1839 3802 1909 imperat.

2215 1929 2410 1986 Obedit
2455 1930 2598 1984 illico
2629 1929 2859 1984 famulus
2885 1968 2900 1992 ,
2934 1939 3249 1999 spumantes
3277 1929 3666 1999 profluentium
3709 1944 3806 1982 un-

2217 2021 2408 2075 darum
2454 2021 2699 2075 cumulos
2731 2021 2937 2091 ingredi
2993 2036 3099 2074 non
3133 2029 3418 2084 moratur,
3473 2019 3678 2074 deinde
3724 2019 3808 2072 vir

2215 2121 2436 2168 sanctus
2465 2127 2586 2166 cum
2617 2115 2763 2164 omni
2791 2111 3212 2165 commeantium
3241 2111 3394 2163 turba
3428 2108 3799 2178 subsequitur,

2215 2215 2269 2258 et
2297 2203 2377 2258 sic
2407 2217 2597 2257 omnes
2629 2202 2681 2256 in
2720 2202 3034 2255 ulteriorem
3064 2200 3201 2255 alvei
3229 2199 3569 2268 crepidinem
3603 2200 3804 2268 absque

2215 2294 2324 2348 ullo
2379 2307 2603 2363 prorsus
2660 2291 3120 2346 incommoditatis
3173 2289 3502 2345 oﬂ'entliculo
3559 2299 3806 2358 transpo-

2214 2395 2434 2438 ntmtur.
2469 2382 2622 2449 Quod
2651 2383 2777 2437 dum
2823 2381 3063 2436 nonnulli
3097 2381 3189 2452 qui
3247 2380 3478 2434 aderant
3537 2379 3804 2434 miraren-

2216 2485 2324 2539 tttr,
2357 2474 2504 2528 velut
2535 2472 2712 2528 annuli
2743 2471 3184 2542 przccedentium,
3215 2479 3503 2538 creperum
3532 2477 3806 2523 attentare

2215 2574 2448 2620 meatum
2468 2606 2484 2630 ,
2507 2564 2602 2619 sed
2633 2578 2758 2618 mox
2785 2575 2844 2616 ιιι
2870 2561 3044 2616 adorti
3077 2570 3203 2616 sunt
3230 2571 3508 2616 extremos
3532 2559 3804 2614 citerioris

2213 2657 2344 2727 ripa:
2373 2655 2568 2711 fluctus
2595 2656 2864 2726 attingere
2886 2697 2902 2720 ,
2930 2655 3033 2709 nisi
3081 2669 3251 2724 equos
3285 2653 3387 2708 sub
3414 2652 3699 2707 celeritate
3720 2665 3803 2704 reb

2212 2747 2579 2816 preSsissent,
2632 2745 2952 2814 proﬂuentis
3010 2759 3162 2813 aqute
3213 2741 3480 2798 submersi
3544 2741 3804 2809 voragine

2213 2835 2402 2906 procul
2451 2834 2616 2889 dubio
2649 2833 2990 2904 naufragium
3037 2831 3406 2901 pertulissent.
3439 2827 3598 2883 Unus
3625 2837 3801 2882 autem

2211 2942 2277 2982 ex
2313 2928 2398 2981 his
2420 2927 2511 2995 qui
2542 2934 2672 2980 tunc
2702 2927 2946 2986 aderant,
2977 2931 3036 2976 ut
3075 2915 3180 2974 tam
3219 2922 3431 2990 insigne
3475 2917 3801 2973 miraculum

519 3039 640 3077 rum
667 3039 876 3079 merces
901 3025 1164 3092 exposuit,
1193 3025 1356 3079 tertio
1379 3024 1652 3080 subtiliter
1677 3027 1983 3090 attentavit,
2013 3027 2106 3080 sed
2137 3015 2180 3074 C
2213 3019 2362 3079 vidit.
2391 3015 2670 3085 obstupuit
2694 3015 3079 3082 hominemque
3111 3011 3203 3066 Dei
3231 3021 3290 3065 ut
3315 3024 3429 3064 sure
3459 3010 3660 3063 domus
3680 3009 3802 3062 sub-

519 3129 644 3169 cum
695 3115 1032 3184 emptoribus
1081 3115 1148 3168 de
1195 3115 1370 3185 pretio
1412 3117 1626 3185 penitus
1669 3117 1959 3171 convenire
2001 3132 2109 3171 non

517 3205 718 3276 potuit,
769 3219 869 3260 nec
919 3207 1062 3259 inter
1111 3205 1506 3260 distrahentem
1556 3216 1610 3260 et
1639 3216 1975 3261 cocmentcm
2015 3223 2111 3277 pa-

517 3296 652 3351 cisci
699 3295 870 3350 valuit
899 3283 1086 3350 venale
1109 3297 1520 3362 commercium,
1553 3299 1678 3367 quia
1709 3299 1890 3354 divina
1921 3289 2108 3369 dispo-

515 3386 644 3441 sitio
688 3387 975 3442 conatibus
1021 3387 1297 3442 hominum
1335 3388 1552 3460 negavit
1582 3387 1852 3445 effectum.
1899 3389 2109 3444 Interea

520 3475 744 3532 sceleris
783 3477 941 3546 hujus
970 3485 1251 3532 auctorem
1303 3477 1436 3532 ultio
1486 3478 1668 3533 divina
1715 3479 2021 3549 corripuit,
2056 3486 2112 3534 et

515 3580 744 3631 manus,
771 3583 890 3636 quae
920 3568 1260 3636 sacrilegium
1293 3578 1740 3638 perpetraverant
1763 3610 1777 3634 ,
1808 3585 1873 3624 ac
1904 3571 2066 3638 pedes
2095 3611 2108 3634 ,

514 3655 714 3725 quibus
767 3665 954 3725 rapior
999 3656 1326 3725 aufugerat,
1378 3657 1722 3722 arefaciens,
1780 3658 2108 3712 intolerabili

512 3743 701 3804 dolore
731 3747 1075 3801 constrinxit.
1112 3746 1234 3800 Mox
1272 3747 1456 3816 itaque
1482 3747 1796 3816 compulsus
1847 3747 2109 3817 languore

513 3836 583 3890 ad
606 3837 894 3892 ecclesiam
921 3837 1062 3892 beati
1093 3836 1272 3891 Maioli
1306 3838 1555 3892 manibus
1582 3838 1772 3892 alienis
1798 3839 2106 3906 advehitur,

516 3925 738 3979 mantile
777 3925 1048 3980 sublatum
1079 3928 1144 3979 ad
1180 3935 1363 3981 reatus
1393 3927 1651 3981 indicium
1683 3943 1870 3983 coram
1895 3929 2109 3984 cunctis

518 4015 864 4086 appenditur,
889 4025 946 4068 et
975 4017 1152 4069 divina
1186 4016 1472 4071 clementia
1499 4017 1568 4072 ab
1593 4020 1737 4072 omni
1767 4019 1984 4089 populo,
2014 4019 2108 4088 qui

514 4105 754 4174 percitus
790 4103 950 4172 hujus
993 4105 1148 4158 fama:
1195 4121 1412 4160 rumore
1441 4106 1810 4173 conﬂuxerat,
1851 4108 2109 4178 implora-

516 4202 628 4250 tur.
664 4196 758 4250 Sic
789 4197 972 4264 itaque
1001 4196 1145 4249 heati
1179 4196 1356 4251 Maioli
1395 4199 1605 4253 meritis
1631 4215 1696 4253 ac
1724 4200 1974 4268 precibus
1997 4200 2108 4255 fra-

513 4294 660 4340 trum
715 4284 818 4339 sibi
872 4285 1221 4339 servientium
1281 4301 1445 4342 sanus
1491 4297 1546 4341 et
1598 4289 1884 4344 incolumis
1927 4291 2106 4346 factus

2214 3109 2293 3162 ire
2326 3107 2642 3175 dignaretur
2687 3104 2982 3174 hospitium
3036 3100 3172 3154 fusis
3220 3099 3505 3154 humiliter
3551 3098 3802 3168 precibus

2214 3195 2545 3264 impetravit.

2283 3285 2623 3355 Intempesta:
2667 3283 2804 3338 alias
2841 3282 3012 3338 noetis
3063 3281 3279 3336 silentio
3314 3281 3398 3334 vis
3438 3278 3591 3332 venti
3647 3276 3804 3331 vehe-

2215 3376 2452 3430 mentior
2485 3375 2646 3428 irruit
2685 3383 2742 3427 et
2797 3374 3094 3434 lucernam,
3147 3385 3268 3439 qua:
3313 3369 3365 3423 in
3415 3366 3804 3422 dormientium

2213 3465 2463 3521 cubiculo
2485 3463 2842 3534 dependebat,
2865 3462 3142 3517 exstinxit.
3173 3458 3607 3530 Expergefactus
3627 3468 3804 3512 autem

2213 3558 2598 3621 cubicularius,
2627 3572 2750 3612 cum
2780 3555 2964 3609 lumen
3014 3553 3323 3623 agnovisset
3349 3551 3706 3611 exstinctum,
3739 3547 3806 3602 ad

2215 3649 2533 3717 ahigendam
2561 3647 2740 3701 noctis
2769 3645 3064 3700 tenebrosa:
3094 3643 3402 3713 caliginem,
3438 3641 3617 3694 divini
3650 3637 3808 3692 lumi-

2213 3738 2296 3792 nis
2355 3737 2618 3806 inlulgere
2675 3736 2914 3806 postulat
2973 3733 3297 3787 claritatem.
3354 3730 3542 3796 Deus,
3610 3729 3805 3798 inquit,

2211 3829 2585 3897 omnipotens,
2617 3828 2708 3896 qui
2757 3827 2936 3880 lumen
2966 3839 3024 3878 es
3055 3839 3243 3878 verum
3264 3864 3280 3888 ,
3310 3838 3410 3894 pro
3441 3835 3637 3876 amore
3664 3820 3806 3875 servi

2211 3921 2288 3975 tui
2315 3920 2580 3984 Otlilonis,
2610 3920 2678 3974 ab
2709 3919 2810 3972 bac
2839 3920 2996 3973 domo
3030 3917 3282 3972 tenebras
3318 3915 3539 3969 dimove
3576 3926 3805 3983 eamque

2211 4011 2398 4080 gratia:
2429 4019 2533 4064 tua:
2566 4009 2686 4064 luce
2729 4007 3010 4078 perfunde.
3055 4007 3354 4061 Confestim
3410 4005 3478 4060 de
3539 4004 3685 4058 caalo
3712 4017 3807 4058 co-

2209 4116 2384 4155 rusca:
2419 4099 2555 4154 lucis
2582 4098 2841 4169 splendor
2882 4097 3142 4161 emicuit,
3170 4106 3228 4151 et
3255 4105 3423 4150 totam
3454 4096 3681 4150 domum
3709 4109 3800 4148 su-

2210 4193 2363 4262 perni
2420 4191 2726 4260 splendoris
2778 4189 3006 4244 claritas
3051 4187 3362 4242 illustravit.
3415 4185 3476 4240 Si
3525 4201 3661 4257 ergo
3703 4185 3803 4240 hoc

2212 4284 2406 4351 agebat
2424 4282 2580 4337 Otlilo
2606 4291 2735 4336 tunc
2759 4296 2956 4350 sopore
2981 4279 3294 4349 depressus,
3318 4278 3450 4348 quid
3475 4287 3640 4346 putas
3662 4287 3805 4330 nunc

513 4379 761 4433 velamen
819 4378 1056 4434 reddidit
1106 4377 1341 4432 alienum
1370 4419 1386 4444 ,
1419 4385 1474 4434 et
1503 4380 1708 4448 recepit
1734 4383 2104 4450 semetipsum.
2133 4355 2186 4412 D
2213 4375 2355 4444 apud
2402 4375 2572 4429 Deum
2604 4380 2786 4444 potest
2813 4371 3052 4426 carnalis
3079 4371 3309 4425 sarcinae
3337 4369 3690 4439 corruptione
3718 4380 3806 4420 so-

512 4466 770 4522 Probavit
802 4483 930 4538 ergo
960 4483 1068 4537 quo
1097 4468 1322 4538 praemio
1367 4468 1563 4538 dignus
1599 4476 1741 4524 esset
1771 4469 1863 4540 qui
1889 4469 2106 4526 beatum

511 4557 809 4614 offenderet
837 4559 1140 4633 0dilonem.

581 4647 734 4702 Alius
763 4663 978 4719 quoque
1027 4647 1134 4714 fur,
1186 4662 1308 4704 cum
1357 4650 1444 4704 vir
1479 4650 1573 4705 Dei
1625 4650 1682 4705 in
1735 4652 1925 4707 eadem
1970 4652 2107 4709 urbe

512 4738 870 4803 consisteret,
917 4735 1189 4806 stabulum
1242 4737 1360 4808 ejus
1411 4751 1708 4795 nocturnus
1758 4741 1990 4810 irrupit,
2051 4752 2107 4797 et

2211 4464 2358 4519 lutus
2371 4465 2396 4517 Ἰ

2281 4557 2449 4613 Paulo
2482 4567 2611 4614 ante
2661 4557 3002 4611 nativitatem
3051 4554 3300 4618 Domini,
3335 4567 3430 4622 per
3485 4549 3804 4608 hiemalium

2211 4651 2610 4707 inclementiam
2640 4650 2894 4705 imbrium
2933 4655 3152 4703 sanctus
3181 4661 3346 4700 senex
3386 4645 3452 4697 ad
3486 4644 3634 4699 beati
3662 4640 3804 4695 hlar-

2210 4727 2339 4797 celli
2365 4739 2619 4806 martyris
2657 4738 3047 4793 monasterium
3095 4734 3242 4804 (150)
3271 4733 3586 4789 festinabat.
3626 4731 3812 4803 Vena;

1509 4869 1814 4925 ANDREIE
1855 4870 2125 4927 CHESNII
2163 4871 2252 4928 ET
2287 4869 2604 4927 ANONYMI
2638 4867 2873 4926 ΝΟΤᾹΞ.

585 5003 1366 5079 (130)ριιοᾶβιιιιιοιιιειιῐηηιιξ
1381 5007 1700 5079 Burgundim
1712 5024 1806 5062 rex
1823 5009 1974 5077 juxta
1998 4999 2119 5063 Οτι-⁷

514 5071 748 5149 bilonem
783 5076 1042 5149 condidit,
1074 5088 1133 5131 ut
1156 5086 1306 5149 notat
1332 5071 1685 5147 Fredevgarius
1713 5081 1765 5131 in
1790 5071 2100 5149 A'ppendice

515 5141 583 5195 ad
609 5141 925 5216 Gregorium
978 5147 1061 5201 his
1087 5147 1271 5202 verbis
1298 5165 1312 5200 ι
1343 5141 1590 5200 dimovit
1621 5151 1760 5216 regni
1783 5141 1899 5214 καῖ’,
1926 5149 2100 5200 divino

514 5228 698 5287 amore
737 5212 1007 5287 ecclesiam
1045 5217 1180 5270 beati
1232 5216 1510 5281 Marcelli,
1561 5219 1650 5270 ubi
1675 5212 1806 5287 'ipse
1842 5212 2098 5287 pretiosus

513 5281 786 5322 εναηὸοιεὶι
818 5282 872 5322 in
911 5299 1122 5322 rnrnnrn
1187 5303 1302 5322 norm
1334 5289 1386 5322 in
1423 5281 1726 5322 ιηΙηη-Ιιηιυι⁷
1754 5281 1960 5322 anillam
1993 5288 2094 5322 Ιίι-

2209 5025 2376 5063 comes
2409 5007 2768 5063 Cabilonensis
2799 5007 3101 5077 Gaufredus
3127 5045 3142 5071 ,
3196 5007 3378 5074 inquit
3431 5002 3800 5077 Theobaldps,

2209 5088 2263 5131 et
2291 5080 2403 5146 ipse
2438 5095 2622 5133 comes
2646 5073 3020 5132 Cabilonensis
3048 5078 3100 5132 in
3127 5073 3397 5146 praecepto
3441 5075 3586 5143 quod
3617 5090 3671 5142 p.
3697 5073 3803 5146 3M

2209 5149 2286 5269 ὶὶη
2308 5145 2555 5202 Biblioth.
2581 5148 2846 5217 Cluniae.)
2871 5145 3139 5216 integrum
3168 5146 3466 5212 posuimus,
3489 5146 3710 5198 accessit
3733 5145 3802 5195 ad

2243 5230 2374 5269 eum:
2406 5219 2783 5269 recordationis
2826 5217 3062 5269 abbatem
3097 5215 3354 5269 Maiolum
3395 5224 3442 5266 et
3471 5214 3800 5266 contendat-il

2243 5230 2374 5271 cura:
2406 5219 2783 5272 recordationis
2826 5214 3062 5270 abbatem
3097 5215 3354 5269 Maiolum
3395 5224 3442 5266 et
3471 5214 3800 5266 contendat-it

2595 5291 2692 5322 ium
2739 5288 2832 5322 Imp
2908 5290 2962 5322 ὅτι
2996 5286 3240 5322 ιηΙηηοΙιὶΛ
3287 5283 3656 5322 [ΓιώιΙηηιηηίι
3684 5285 3804 5322 riui.

2207 5287 2288 5322 61Ιί
2322 5291 2692 5322 Μηηηροονέηοη
2739 5288 2832 5322 Imp
