3992 5322
189 218 309 274 933

1532 217 1560 266 \
1578 217 1685 272 l'l'A
1729 217 1785 272 5.
1829 217 2163 275 ODlLONlS.

3358 226 3466 282 935

193 331 344 410 runt
365 343 549 389 autem
577 332 644 386 ad
673 330 940 400 quoddam
971 331 1170 386 flmnen
1195 372 1210 395 ,
1258 331 1399 400 quod
1432 333 1504 386 ita
1535 333 1784 388 fluctibus
1814 338 1859 393 Α
1889 342 1972 388 est
1998 374 2012 394 ,
2042 335 2259 388 oumiuo
2309 332 2412 389 tale
2456 333 2636 389 vinum
2679 336 2888 392 deesset
2929 338 3071 407 quod
3119 347 3306 394 sancto
3348 342 3462 395 viro

188 423 612 480 csutnlantihus
643 422 990 476 inhorruerat
1017 461 1030 485 ,
1061 431 1118 476 ut
1151 436 1371 490 prorsus
1419 423 1786 476 iutransmea-

157 514 304 578 .bile
337 513 639 567 videretur.
692 511 941 566 Confisus
987 521 1166 566 autem
1217 512 1268 565 in
1319 511 1546 566 Demino
1602 512 1790 582 dirigit

189 605 494 674 prmvium,
525 603 616 672 qui
663 605 794 656 vada
832 610 1133 671 prmtettlel,
1174 613 1228 654 et
1260 603 1370 671 ipse
1397 617 1517 656 mox
1549 617 1671 656 cum
1697 618 1790 656 co-

190 697 433 750 mitibus
462 696 816 763 snbscquens,
849 695 1196 762 pertransivit
1224 694 1440 747 illa:sus.
1467 693 1570 747 Sed
1601 695 1654 746 in
1686 695 1788 747 hoc

189 786 520 840 vadantium
572 784 803 838 transitu
834 785 962 837 illud
1012 784 1256 838 mirabile
1316 785 1437 849 fuit,
1494 785 1618 854 quia
1661 800 1783 838 cum

187 877 424 932 caneris
460 889 598 942 aqua
629 875 959 943 pertingeret
986 889 1154 942 usque
1183 873 1249 928 ad
1279 873 1482 928 femora
1503 914 1517 938 ,
1549 875 1664 927 viro
1694 873 1784 928 Dei

190 981 296 1022 nec
325 966 567 1034 corrigia
599 966 818 1033 quidem
849 964 1000 1034 pedis
1030 982 1291 1034 aquarum
1323 976 1404 1019 est
1434 966 1785 1021 inundatione

191 1054 446 1126 perfusa.
502 1054 555 1107 lu
601 1053 691 1106 illo
736 1052 944 1106 scilicet
996 1054 1112 1108 solo
1161 1055 1397 1109 tuadoris
1435 1056 1515 1108 sui
1549 1056 1785 1124 perdidit

191 1144 339 1198 unda
394 1144 584 1197 vires:
614 1144 664 1196 in
699 1143 918 1212 reliquis
963 1154 1144 1198 autem
1195 1145 1492 1198 naturalem
1535 1145 1784 1214 ingenita:

188 1233 329 1288 viris
374 1233 531 1303 (151)
563 1233 810 1287 exhibuit
839 1233 1166 1288 facultatem.
1195 1235 1356 1288 Istum
1389 1250 1527 1304 aqua
1563 1245 1784 1305 tangere

189 1327 418 1396 potuit,
473 1326 755 1380 ltumidare
804 1341 909 1379 non
957 1326 1163 1395 potuit;
1193 1325 1354 1396 407
1389 1327 1506 1380 illos
1555 1335 1734 1380 autem
1762 1365 1778 1392 ,

187 1416 336 1486 quod
365 1426 564 1469 natura
586 1416 907 1481 dictaverat,
940 1417 1178 1486 undique
1204 1415 1510 1469 madefecit.

260 1505 545 1561 Prmtcrea
609 1507 737 1562 dum
786 1508 871 1561 vir
922 1507 1134 1562 Domini
1185 1511 1323 1576 apud
1391 1507 1778 1561 monasterium

191 1597 334 1651 beati
365 1596 609 1660 Martini,
640 1599 788 1666 quod
816 1599 882 1652 ad
913 1598 1185 1652 Publicatn
1219 1598 1364 1668 (152)
1393 1608 1616 1652 stratam
1637 1599 1778 1652 dici-

1889 426 2098 493 saporis
2125 425 2403 480 habilitate
2429 438 2766 495 congrueret.
2792 427 3020 496 inquirit
3043 444 3174 500 ergo
3208 430 3462 486 abbatem

1888 513 1987 567 loci
2017 525 2196 568 utrum
2231 514 2422 568 melius
2474 516 2684 570 habeat.
2725 516 2824 583 Qui
2853 531 2910 570 se
2941 517 3226 572 confestim
3252 528 3308 572 et
3333 535 3460 588 pro-

1890 603 2069 658 fitetur
2097 605 2315 668 habere,
2345 613 2399 659 ct
2425 615 2684 675 quantum
2731 606 2845 674 ipse
2879 608 3194 678 praeceperit
3226 607 3457 663 libenter

1889 693 2103 748 afferre.
2137 694 2232 747 Vir
2278 703 2458 748 autem
2493 694 2703 748 Domini
2751 696 3042 764 modicum,
3071 697 3212 765 quod
3247 706 3371 750 ante
3399 711 3460 752 se

1885 793 2002 840 crat
2044 784 2316 838 vasculum
2346 825 2360 849 ,
2403 784 2578 849 dedit;
2632 793 2687 838 ut
2736 784 2835 838 sibi
2888 787 3103 854 plenum
3158 787 3460 842 deferretur

1885 877 2126 945 expetiit.
2155 875 2390 928 Allatum
2421 890 2550 944 ergo
2575 885 2700 929 ante
2737 892 2795 929 se
2824 876 3002 946 posuit
3028 916 3044 942 ,
3067 885 3124 929 et
3151 878 3264 945 ipse
3293 879 3460 946 potis-

1885 968 2078 1021 simum
2106 983 2252 1021 more
2294 968 2563 1036 piucernrc
2593 967 2692 1021 sibi
2727 952 2999 1021 duntaxat
3031 977 3085 1022 et
3111 967 3289 1022 abbati
3316 1008 3332 1033 ,
3363 967 3457 1039 qui

1877 1059 2028 1128 juxta
2085 1073 2143 1112 se
2201 1060 2592 1121 discumbebat,
2649 1061 2918 1128 expendit.
2971 1061 3214 1129 Cumque
3260 1059 3371 1128 jam
3423 1075 3456 1116 ι

1885 1163 2067 1202 mensa
2115 1149 2438 1215 surgendqu
2500 1148 2724 1202 refectio
2772 1148 3038 1216 completa
3087 1150 3360 1216 dictaret,
3399 1156 3458 1206 et

1883 1235 2155 1305 paululum
2202 1237 2380 1291 adhuc
2427 1237 2535 1290 vini
2591 1237 2643 1290 in
2687 1237 2904 1291 vasculo
2935 1250 3263 1307 superesset,
3286 1238 3450 1295 Pater

1883 1337 2099 1382 sanctus
2120 1327 2312 1380 blande
2335 1327 2623 1381 subridens
2647 1345 2661 1380 :
2693 1326 2831 1392 Non,
2857 1327 3050 1396 inquit,
3074 1328 3270 1383 fratres
3288 1328 3454 1400 ωε

1884 1418 2010 1481 mei,
2036 1417 2190 1486 plene
2227 1418 2372 1472 circa
2402 1432 2497 1470 vos
2520 1417 2753 1470 officium
2784 1419 3065 1473 charitalis
3088 1419 3331 1485 exhibui,
3359 1419 3454 1488 qui

1882 1509 2063 1561 vinum
2090 1549 2104 1571 ,
2141 1508 2281 1576 quod
2324 1508 2452 1561 mihi
2483 1509 2678 1576 sapuit,
2708 1509 2983 1563 vobiscum
3017 1510 3339 1578 participare
3362 1525 3456 1564 nec

1881 1597 2042 1667 glexi.
2077 1597 2354 1665 Arripiens
2379 1612 2507 1665 ergo
2535 1597 2784 1666 cyathum
2813 1637 2828 1661 ,
2857 1598 3050 1655 infudit
3079 1615 3309 1666 merum,
3341 1600 3452 1654 siu-

191 1695 300 1751 tttr,
358 1695 616 1755 receptus
645 1696 788 1741 essvt
832 1687 1064 1756 hospitio
1088 1727 1103 1752 ,
1135 1688 1276 1742 sicut
1321 1689 1487 1742 moris
1534 1696 1685 1752 erat,
1720 1696 1780 1741 ut
1810 1671 1855 1734 Β
1881 1687 2018 1755 gulis
2045 1687 2310 1755 singultim
2345 1703 2442 1756 pro
2463 1687 2838 1743 benedictione
2859 1689 3104 1759 largitur.
3137 1690 3244 1745 lles
3271 1691 3407 1744 mira
3434 1709 3450 1745 ς

189 1774 507 1844 ubicunque
535 1786 779 1830 maneret
824 1792 1146 1846 quocunque
1189 1792 1249 1832 se
1280 1787 1511 1832 verteret
1537 1817 1552 1842 ,
1585 1793 1776 1832 mona-

189 1866 418 1920 chorum
462 1867 609 1922 illico
658 1867 958 1935 frequentia
1003 1884 1108 1922 non
1158 1868 1406 1927 deesset.
1441 1885 1546 1922 non
1578 1883 1778 1938 parvus

188 1959 237 2012 ei
265 1969 446 2012 cintus
492 1958 720 2012 fratrum
761 1960 986 2013 aflluxit.
1019 1960 1164 2026 Quos
1202 1960 1290 2014 ille
1327 1975 1449 2012 eum
1495 1960 1778 2014 alacritate

192 2048 523 2117 suscipiens,
554 2057 610 2103 et
643 2049 792 2115 prius
818 2048 898 2103 eis
943 2047 1223 2102 ineffabilis
1251 2048 1448 2117 eloquii
1493 2047 1775 2101 familiari-

193 2148 304 2192 tate
353 2140 726 2192 communicat
753 2148 809 2193 et
836 2138 1198 2208 postmodum,
1233 2148 1290 2193 ιιι
1318 2139 1417 2192 sibi
1458 2154 1556 2208 pro
1597 2139 1776 2192 cbari-

197 2237 300 2283 tate
320 2238 722 2284 convcscantur
746 2229 956 2284 invitat.
984 2227 1088 2283 Sed
1109 2230 1235 2282 dum
1261 2231 1314 2283 in
1343 2229 1561 2299 longum
1593 2242 1773 2284 sermo

195 2323 572 2387 protrahitur,
621 2327 868 2379 scmotim
923 2328 1185 2395 quosdam
1235 2341 1302 2380 ex
1351 2326 1552 2378 familia
1584 2339 1773 2381 servos

195 2408 415 2478 accipit;
450 2421 632 2464 utrum
667 2414 738 2466 sit
761 2415 899 2467 unde
928 2414 1074 2467 refici
1098 2412 1296 2468 fratres
1324 2415 1540 2466 valeant
1563 2414 1772 2468 invitati

195 2499 421 2555 solerter
458 2503 701 2572 inquirit.
731 2505 833 2572 Qui
875 2506 942 2560 de
987 2506 1198 2561 caeteris
1238 2506 1453 2575 quidem
1498 2507 1772 2564 alimentis

196 2599 446 2644 constare
480 2593 766 2661 perhibent
794 2595 1153 2662 quantitatem
1183 2634 1198 2658 ,
1231 2597 1298 2649 de
1328 2596 1565 2665 piscibus
1589 2606 1768 2651 autem

195 2695 322 2748 pene
353 2682 492 2736 nihil
518 2697 636 2738 esse
663 2686 804 2754 quod
836 2687 900 2740 ad
929 2697 1132 2741 tantam
1169 2689 1446 2741 hominum
1488 2691 1771 2758 perveniat

197 2773 614 2838 multitudinem.
641 2776 721 2829 Ad
746 2792 882 2845 quos
908 2777 1016 2843 ille,
1043 2779 1094 2832 in
1126 2779 1363 2842 nomine,
1396 2780 1593 2847 inquit,
1626 2781 1768 2834 illius

195 2862 280 2929 qui
312 2864 468 2918 novit
510 2866 751 2934 quinque
797 2867 962 2920 millia
992 2868 1266 2922 hominum
1293 2884 1358 2922 ex
1386 2884 1524 2938 pane
1553 2870 1767 2924 modico

193 2959 246 3003 ct
284 2953 505 3018 gemino
550 2955 698 3023 pisce
747 2956 968 3010 reficere
1013 2941 1166 3021 (Lu'c.
1197 2973 1285 3020 Ix;
1313 2958 1474 3011 Joan.
1510 2960 1587 3030 vr)
1613 2999 1627 3023 ,
1658 2976 1763 3015 non

195 3041 340 3108 quasi
375 3043 516 3096 nihil
542 3083 556 3107 ,
587 3053 642 3097 ut
671 3045 868 3111 dicitis,
927 3047 1018 3100 sed
1049 3048 1374 3101 uberrimam
1400 3050 1556 3104 nobis
1582 3059 1636 3105 et
1669 3052 1763 3105 bo-

193 3133 416 3200 spitibus
473 3137 676 3189 nostris
713 3137 939 3206 piscium
997 3139 1205 3207 copiam
1252 3141 1576 3196 ministrate.
1629 3141 1764 3196 Cum

194 3220 348 3290 igitur
373 3239 580 3280 mensa:
597 3227 1044 3282 discumbentium
1066 3231 1218 3298 pauci
1237 3232 1326 3299 qui
1349 3232 1572 3286 aderant
1588 3235 1764 3302 pisces

194 3324 222 3364 ι
248 3313 505 3382 dapiferis
542 3315 843 3372 inferuntur
867 3359 882 3384 ,
909 3320 1073 3388 etrapit
1108 3336 1230 3375 esca
1280 3321 1332 3375 in
1381 3324 1628 3379 manibus
1650 3326 1762 3380 dis-

194 3404 553 3461 eumbentium
582 3424 827 3464 crescere
848 3452 862 3476 ,
903 3421 1105 3482 etsquo
1134 3416 1307 3483 magis
1355 3430 1382 3468 a
1431 3430 1764 3471 convescen-

197 3490 320 3547 tium
351 3497 506 3552 turba
536 3502 870 3554 consumitur
893 3504 1281 3558 exuberantius
1304 3505 1602 3569 abundare,
1628 3507 1762 3561 adeo

195 3587 248 3633 ut
283 3583 496 3642 satiatis
520 3591 772 3645 omnibus
803 3593 1030 3660 plurima
1079 3603 1460 3663 superessent,
1505 3611 1625 3663 qua:
1655 3611 1760 3650 non

193 3673 347 3730 modo
372 3679 727 3734 servitoribus
755 3683 986 3745 cunctis,
1037 3685 1131 3738 sed
1160 3693 1216 3738 et
1242 3684 1361 3738 aliis
1384 3725 1398 3746 ,
1429 3687 1472 3738 si
1501 3701 1760 3755 superve-

195 3765 386 3832 nirent,
413 3771 596 3825 oblata
623 3772 950 3827 sufficerent.
975 3773 1070 3828 Cui
1101 3777 1344 3843 protinus
1383 3775 1585 3839 famuli,
1610 3791 1758 3842 ecce,

197 3850 371 3921 Pater,
399 3859 828 3930 inquiunt,quod
851 3864 1267 3932 pusillanimitas
1288 3876 1473 3919 nostra
1504 3882 1608 3919 non
1642 3881 1760 3922 cre-

195 3941 338 4024 didit,
369 3959 563 4004 vestrte
585 3951 706 4006 fidei
730 3955 980 4007 meritum
1005 3955 1261 4009 divinitus
1282 3956 1615 4025 impetravit.
1640 3957 1758 4012 Jam

197 4046 293 4086 non
329 4037 576 4095 dubitare
617 4041 900 4098 didicimus
929 4085 942 4104 .
972 4044 1016 4098 si
1065 4045 1475 4112 promissionem
1524 4056 1759 4102 vestram

196 4117 246 4174 in
282 4127 510 4183 articulo
547 4131 827 4199 cujuslibet
876 4134 1202 4189 difficultatis
1238 4135 1504 4190 audimus.
1535 4135 1606 4190 At
1631 4137 1718 4192 ille
1741 4177 1756 4201 ,

197 4220 248 4266 ut
279 4230 492 4286 semper
516 4231 635 4276 erat
664 4224 808 4277 mitis
835 4234 889 4278 et
927 4225 1165 4290 humilis,
1193 4240 1296 4279 non
1325 4241 1434 4280 suae
1461 4226 1580 4280 fidei
1613 4227 1756 4296 quod

1880 1779 2012 1833 Cum
2038 1777 2230 1832 fratres
2257 1787 2442 1832 essent
2470 1777 2582 1832 fere
2603 1779 2882 1834 duodecim
2903 1820 2918 1843 ,
2948 1789 3002 1834 et
3033 1782 3112 1835 eis
3138 1781 3451 1836 bibentibus

1881 1879 2037 1939 potus
2057 1869 2209 1938 copia
2247 1885 2353 1925 non
2375 1868 2590 1932 defecit,
2621 1878 2677 1923 et
2709 1885 2896 1923 eorum
2926 1872 3194 1939 completo
3219 1885 3450 1925 numero

1880 1963 1956 2017 nil
1978 1962 2197 2015 omnino
2225 1959 2508 2028 superfuit.
2539 1960 2648 2014 Illis
2671 1962 2850 2029 itaque
2871 1962 3013 2028 quod
3045 1961 3244 2014 factum
3272 1961 3453 2016 fuerat

1878 2051 2276 2106 admirantibus
2304 2091 2320 2115 ,
2367 2051 2452 2103 vir
2489 2065 2631 2103 verae
2676 2051 2996 2104 humilitatis
3034 2059 3252 2116 custos,
3296 2059 3358 2106 ut
3392 2051 3450 2106 in

1877 2141 2043 2195 alium
2087 2141 2282 2195 divinae
2307 2141 2494 2210 gratia:
2530 2155 2724 2193 munus
2752 2140 3050 2208 impelleret
3077 2151 3131 2195 et
3162 2142 3273 2208 ipse
3297 2142 3451 2196 favo-

1878 2232 1954 2285 ris
1984 2230 2206 2285 humani
2249 2230 2475 2301 gloriam
2512 2229 2828 2294 declinaret,
2877 2231 3130 2285 cbaritali
3185 2233 3451 2286 duntaxat

1875 2321 2018 2375 illius
2043 2322 2134 2390 qui
2181 2323 2362 2376 vinum
2409 2321 2556 2376 dedit
2603 2321 2921 2376 miraculqu
2968 2338 3212 2392 superna:
3239 2322 3453 2378 benedi-

1875 2414 2069 2468 ctionis
2103 2413 2383 2482 appiicuit.
2800 2413 2822 2430 '

1943 2502 2150 2556 Dehinc
2178 2505 2304 2557 dum
2332 2518 2583 2573 egressus
2621 2503 2792 2557 Roma
2835 2512 3202 2559 reverteretur
3228 2502 3296 2559 ad
3321 2516 3448 2573 pro-

1871 2592 2025 2659 pria,
2075 2591 2294 2661 quidam
2344 2594 2486 2648 intra
2538 2593 2926 2647 Tauriueusem
2981 2593 3166 2648 urbem
3221 2593 3481 2651 nimium.

1872 2682 2037 2737 febris
2060 2684 2365 2753 patiebatur
2389 2685 2660 2739 ardorem.
2694 2685 2791 2739 llic
2818 2685 3017 2738 furtive
3047 2699 3140 2753 per
3167 2685 3446 2746 ministros

1871 2789 2103 2841 aquam,
2137 2790 2242 2844 qua
2275 2775 2359 2827 vir
2386 2775 2595 2829 Domini
2634 2790 2823 2829 manus
2871 2775 3161 2839 abluebat,
3197 2774 3446 2843 accepit,

1870 2863 2098 2918 fideliter
2128 2865 2286 2928 bibit,
2316 2874 2369 2918 et
2400 2866 2479 2919 sic
2521 2866 2725 2933 absque
2770 2880 2920 2920 mora
2950 2865 3194 2934 deposita
3223 2879 3445 2933 prorsus

1867 2953 2011 3006 omni
2036 2953 2429 3008 febricitatione
2453 2954 2746 3008 convaluit.

1939 3044 2166 3114 Jamque
2191 3045 2366 3100 Jovini
2404 3047 2602 3100 montis
2639 3055 2909 3114 prternpta
2948 3044 3318 3113 conscendens
3347 3043 3443 3098 ob-

1870 3137 1983 3190 vios
2034 3137 2220 3191 habuit
2264 3151 2524 3205 pauperes
2549 3177 2564 3201 ,
2595 3152 2704 3204 prae
2728 3135 2958 3190 difficilis
2985 3137 3084 3189 via:
3128 3133 3443 3188 lassitudine

1867 3238 2049 3294 potum
2087 3226 2332 3278 testuanti
2382 3225 2652 3278 desiderio
2700 3223 3024 3293 flagitantes.
3085 3223 3209 3276 Pius
3261 3223 3442 3290 itaque

1865 3313 2024 3368 Pater
2052 3316 2131 3368 sui
2161 3315 2454 3383 neglige:.s,
2483 3314 2604 3368 aliis
2641 3315 2694 3368 in
2726 3313 3050 3367 necessitate
3079 3312 3435 3382 compatiens,

1857 3405 2018 3473 jussit
2045 3413 2101 3457 ut
2133 3403 2390 3472 quidquid
2425 3402 2534 3455 vini
2567 3403 2798 3471 propriis
2827 3402 3116 3455 haberetur
3151 3401 3204 3454 iu
3248 3415 3440 3455 vascu-

1865 3485 1930 3548 lis
1979 3494 2182 3562 absque
2240 3494 2344 3545 ulla
2394 3493 2781 3546 reservationis
2830 3490 3120 3554 industria,
3152 3492 3234 3544 vel
3285 3499 3440 3559 potus

1863 3582 2170 3646 difﬁdentia,
2205 3582 2535 3650 praeberetur
2561 3581 2765 3650 egenis.
2812 3580 2975 3636 Paulo
3016 3588 3158 3648 post,
3188 3579 3428 3634 necessi-

1865 3686 1970 3732 tate
1997 3686 2200 3730 naturze
2227 3684 2450 3745 cogente
2476 3714 2491 3740 ,
2519 3675 2864 3729 discumbunt
2903 3688 3092 3728 omnes
3123 3683 3180 3725 ut
3217 3671 3436 3740 capiant

1861 3768 2059 3821 eilnnn.
2093 3768 2158 3821 Et
2183 3781 2307 3821 ecce
2338 3778 2514 3827 utres,
2561 3766 2649 3834 qui
2682 3765 2862 3818 studio
2904 3764 3120 3818 fuerant
3161 3763 3262 3832 piae
3291 3749 3437 3815 com-

1862 3858 2124 3927 passionis
2176 3856 2445 3920 exhausti,
2491 3856 2616 3908 vino
2678 3855 3038 3923 reperiuntur,
3094 3853 3202 3906 Deo
3231 3852 3437 3906 sci‘icet

1861 3947 2097 4001 debitum
2142 3946 2481 4015 persolvcnte
2505 3985 2520 4009 ,
2554 3943 2765 4011 repleti.
2792 3941 2948 4006 Nam,
2997 3941 3148 4010 juxta
3185 3940 3432 4008 Scriptu-

1862 4052 1972 4090 ram
1993 4051 2006 4090 :
2025 4036 2127 4101 Qui
2147 4037 2235 4089 dat
2264 4034 2502 4104 pauperi,
2532 4033 2753 4086 Domino
2775 4027 3265 4101 fmttemtur(Prov.
3294 4029 3430 4098 XIX).

1858 4129 1914 4182 in
1949 4129 2052 4182 hoe
2080 4143 2208 4197 ergo
2236 4126 2373 4180 felici
2409 4123 2733 4180 commercio
2764 4164 2777 4185 .
2806 4123 2895 4176 ubi
2942 4121 3202 4176 Dominus
3227 4111 3435 4175 debitor

1860 4217 2092 4272 famulus
2139 4217 2314 4272 fuerat
2359 4215 2684 4278 imperator,
2733 4211 2877 4281 quod
2911 4226 2943 4264 a
2991 4227 3150 4267 servo
3204 4207 3436 4267 ﬁdeliter

197 4301 444 4398 divinitus
489 4311 690 4366 factum
721 4324 833 4368 erat
867 4317 1137 4384 ascripsit,
1187 4318 1281 4370 sed
1333 4317 1545 4371 illorum
1578 4321 1756 4389 potius

1876 4318 1943 4362 :st
1972 4309 2274 4378 depositum
2305 4322 2334 4359 a
2367 4305 2506 4359 bono
2529 4304 2770 4359 debitore
2800 4318 2905 4356 non
2944 4303 3181 4371 svgniter
3223 4310 3307 4354 est
3345 4312 3435 4352 so-

198 4387 505 4526 :bcdicntia:
547 4410 604 4454 et
645 4413 953 4457 sanctorum
1002 4405 1270 4475 hospitum
1327 4408 1536 4463 meritis
1579 4387 1758 4479 impu-

219 4480 341 4526 avit.

219 4489 341 4534 avtt.

267 4566 400 4628 lluic
426 4578 588 4632 etiam
620 4580 746 4635 illud
793 4598 897 4636 non
925 4584 1184 4640 dissimile
1213 4595 1290 4641 est
1320 4589 1442 4656 quia
1473 4628 1486 4649 ,
1514 4604 1635 4642 cum
1662 4589 1760 4643 Dei

202 4649 420 4716 famulus
445 4664 498 4718 in
533 4665 772 4722 Romana
803 4672 933 4724 urbe
957 4676 1277 4728 consisteret
1300 4687 1354 4729 et
1383 4675 1672 4743 hospitium
1706 4677 1759 4731 in

203 4755 368 4802 monte
391 4752 658 4813 Aventino
698 4762 836 4828 apud
865 4768 1246 4818 tnonasterium
1279 4766 1448 4818 beata:
1478 4766 1569 4819 Dei
1597 4766 1758 4821 Geni-

203 4831 341 4891 tricis
372 4841 610 4913 haberet,
638 4852 856 4921 contigit
885 4863 959 4917 ut,
987 4853 1126 4908 sicut
1150 4855 1293 4908 illius
1317 4855 1464 4910 urbis
1492 4856 1757 4910 familiare

1862 4399 2053 4454 lutum.

1931 4490 2232 4559 Aliquando
2251 4490 2544 4555 imperator
2561 4483 2818 4537 llenricus
2839 4481 2962 4533 dum
2987 4479 3228 4548 apposita
3245 4471 3429 4550 mensa

1861 4582 2261 4642 discmnberet,
2303 4591 2398 4630 vas
2445 4577 2520 4629 illi
2552 4573 2905 4626 holovitreum
2937 4568 3088 4622 valde
3133 4566 3432 4635 pretiosum

1858 4681 1914 4726 et
1941 4669 2288 4725 Alexandrini
2336 4667 2518 4736 operis
2568 4674 2686 4717 arte
2727 4660 3106 4730 compositum,
3138 4672 3259 4711 eum
3289 4656 3434 4713 tritis

1859 4771 1940 4818 est
1963 4760 2251 4831 pignentis
2271 4755 2668 4831 allatum._1llox
2699 4755 2922 4808 advocat
2953 4753 3084 4805 duos
3108 4746 3242 4800 aula:
3270 4748 3438 4815 regia)

1856 4828 2196 4922 capellanos,
2253 4828 2563 4904 Albericum
2614 4844 2861 4899 videlicet
2915 4851 2966 4897 et
3012 4835 3394 4906 Landulphum
3429 4878 3446 4910 ,

1166 4987 1472 5042 ANDHEZE
1512 4989 1778 5046 CllESNll
1818 4989 1905 5044 ET
1944 4982 2256 5042 ANONYMI
2295 4980 2529 5039 NOTAE.

199 5077 312 5166 iura
335 5094 380 5139 cf
405 5095 749 5166 possessiones
784 5097 852 5148 ad
877 5097 1043 5163 ipsum
1090 5101 1266 5155 locum
1304 5100 1616 5166 pertinentes
1655 5118 1750 5155 ex-

205 5150 394 5232 f?{€t'el,
430 5170 476 5211 et
507 5173 561 5213 ut
608 5165 713 5230 ipse
751 5176 797 5218 et
845 5150 1160 5224 successores
1220 5150 1334 5232 eju's
1384 5169 1749 5224 Cluniacenses

205 5219 396 5306 αθρςιέιζξ
417 5219 778 5306 perpetua/iter
797 5219 1035 5288 haberent
1109 5219 1463 5306 possiderent.

1863 5100 2104 5154 tissimus
2161 5094 2508 5150 Mabillouius
2557 5111 2571 5146 :
2627 5090 2869 5145 Subsistit
2930 5085 3494 5159 [falliejlleutfdcaia

1860 5168 1917 5223 S.
1951 5152 2187 5235 Dionysii
2212 5165 2275 5218 de
2308 5162 2494 5220 Strata
2512 5209 2527 5228 ,
2565 5163 2716 5228 vu‘go
2742 5152 3174 5235 Saint-Det’tisd‘e.
3194 5152 3505 5235 ιῈεῃρξ,

1858 5241 1947 5292 ubi
1993 5223 2230 5306 “dum!
2265 5223 2628 5306 grandissimo
2652 5223 2910 5305 vseput’cru
2932 5227 3054 5306 -SS.
3108 5223 3383 5306 υὲρηξιδῖὲ,
3416 5223 3423 5224 7
3452 5223 3510 5298 23
