3992 5322
527 256 630 311 935

982 253 1038 310 S.
1079 252 1278 308 PETRI
1321 253 1599 310 DAMIANl
1640 252 1790 308 OPP.
1830 251 2006 307 PARS
2041 249 2102 306 SI

2213 243 2447 303 TOMUS
2473 243 2535 300 ιι.
2560 273 2630 285 -
2649 241 3068 300 SANCTORUM
3111 245 3309 302 νιτΑς.

3661 247 3761 304 936

526 386 754 444 quorum
782 372 920 424 alter
942 368 1194 424 Cumana:
1223 370 1399 437 (155),
1431 367 1566 422 alter
1591 385 1718 423 vero
1743 367 2090 422 Taurinensis
2119 372 2164 430 Α
2194 361 2504 432 quamdam,
2551 361 2663 414 sive
2700 374 2906 428 rupem,
2949 360 3039 414 ubi
3081 370 3300 415 sanctus
3330 359 3548 428 quidam
3578 369 3763 440 servus

527 461 782 517 Ecclesia:
818 459 1158 529 postmodum
1189 460 1423 529 episc0pi
1470 457 1597 512 facti
1621 468 1765 512 sunt.
1799 457 1891 511 llis
1919 458 2099 526 itaque

526 552 799 606 vasculum
829 550 1063 610 tradidit,
1089 559 1142 604 et
1164 565 1258 620 per
1281 567 1372 604 cos
1395 551 1553 604 beato
1591 551 1707 603 viro
1730 549 1939 604 Odiloni
1966 550 2096 603 odo-

526 641 674 695 riferi
708 641 942 694 nectaris
966 640 1180 694 xenium
1215 641 1520 695 destinavit.
1549 639 1701 705 Quod
1734 639 1976 708 profecto
2006 653 2099 690 va-

527 731 1002 799 sculumcapellani
1025 744 1213 786 sancto
1235 735 1363 791 viro.
1386 742 1544 800 prout
1567 731 1808 794 decebat,
1825 731 2096 784 humiliter

528 820 782 884 offerunt,
811 837 872 874 ac
902 837 998 890 pro
1041 837 1105 875 eo
1132 824 1468 891 postmodum
1502 822 1722 875 redituri
1756 821 1820 873 ad
1853 821 1994 887 regis
2025 819 2100 872 in-

529 913 689 967 terim
719 913 1020 966 convivium
1051 922 1410 966 revertuntur.
1441 913 1606 965 Paulo
1637 927 1763 965 vero
1793 921 1932 979 post,
1958 912 2097 965 sicut

531 1002 778 1056 humanm
808 1002 1133 1056 curiositatis
1182 1018 1296 1054 mos
1341 1012 1444 1065 est,
1501 1011 1557 1054 ut
1599 1019 1732 1056 nova
1764 1001 2014 1071 quaelibet
2043 1008 2100 1053 ct

533 1092 740 1149 insueta
766 1093 1037 1147 inhiantcr
1074 1093 1318 1160 aspiciat,
1351 1102 1633 1162 C(I’pcrtlnl
1664 1092 1909 1147 monachi
1959 1083 2104 1159 prae?

533 1182 701 1239 fatum
734 1199 826 1238 vas
872 1185 970 1238 sub
1007 1184 1380 1236 admirationis
1425 1184 1616 1236 intuitu
1646 1192 1982 1236 contrectare
2006 1221 2020 1242 ,
2047 1188 2102 1234 ct

532 1273 600 1329 de
650 1290 810 1329 manu
865 1274 918 1328 in
956 1289 1172 1326 manum
1213 1273 1440 1327 solerter
1482 1273 1814 1342 inspiciendo
1857 1281 2100 1340 transpo-

534 1378 666 1418 nere
692 1403 707 1426 ,
743 1377 863 1416 eum
892 1377 1018 1416 ecce
1057 1363 1124 1414 de
1169 1361 1418 1415 manibus
1458 1361 1670 1414 incaute
1716 1375 1774 1414 se
1807 1360 2098 1414 tenentium

534 1453 734 1506 labitur
758 1493 773 1516 ,
810 1462 864 1508 et
897 1461 955 1506 ut
1006 1451 1207 1523 fragilis
1252 1461 1332 1505 est
1357 1449 1522 1522 5,09
1552 1461 1757 1505 natura:
1781 1491 1794 1514 ,
1845 1451 2102 1504 continuo

536 1539 822 1611 frangitur.
875 1523 1026 1608 Quod
1075 1557 1196 1595 mox
1248 1551 1306 1593 ut
1355 1543 1439 1592 vir
1469 1550 1689 1593 sanctus
1720 1541 1982 1594 accidisse
2009 1554 2102 1593 θοα-

536 1633 720 1701 gnovit
742 1671 758 1694 ,
789 1632 1025 1700 graviter
1055 1630 1174 1682 tulit
1209 1638 1261 1682 et
1291 1630 1586 1698 prmsertim
1615 1628 1846 1693 clericis,
1884 1629 1973 1698 qui
2005 1631 2101 1681 de-

2198 450 2292 504 Dei
2340 449 2589 503 manebat
2633 447 2888 502 inclusus.
2920 448 3241 503 Rotcnensis
3280 450 3462 518 itaque
3507 449 3612 512 vir,
3663 451 3765 506 illic

2200 537 2509 606 aliquandiu
2562 551 2902 592 commorans
2949 547 3004 592 et
3053 540 3496 608 tranquillitatem
3545 542 3803 614 sedandi.

2200 630 2368 684 maris
2397 638 2738 696 exspectans,
2779 628 3148 683 delectabatur
3192 646 3314 684 cum
3345 646 3505 686 servo
3547 631 3642 685 Dei
3665 631 3766 686 fre.

2199 729 2426 787 quenter
2449 719 2645 772 habere
2667 718 3012 787 colloquium.
3055 719 3160 774 Sed
3193 722 3318 775 dmn
3345 723 3470 777 hinc
3516 724 3766 780 nonnulla

2199 809 2486 870 dicuntur,
2553 807 2697 861 illinc
2753 809 2982 876 plurima
3047 810 3387 875 referuntur,
3441 816 3770 882 perquisitas

2199 900 2394 966 hospes
2415 913 2444 951 a
2485 899 2600 952 viro
2627 900 2767 953 unde
2787 915 2955 968 genus
2980 900 3221 967 duceret,
3252 903 3590 971 originaliter
3612 906 3772 974 Aqui-

2199 997 2381 1042 tanum
2415 1003 2473 1041 se
2499 1003 2619 1042 esse
2650 988 2941 1056 respondit.
2984 989 3292 1058 llequisitus
3339 992 3564 1062 insaper
3594 1005 3769 1048 utrum

2199 1079 2500 1132 cmuobium
2533 1078 2678 1139 illud,
2711 1082 2852 1146 quod
2896 1079 3092 1134 dicitur
3133 1081 3469 1146 Cluniacum,
3502 1093 3559 1137 et
3597 1084 3772 1139 Odilo-

2198 1181 2318 1220 nem
2346 1165 2586 1234 ejusdem
2617 1167 2906 1221 locinosset
2927 1169 3202 1232 abbatem,
3225 1181 3427 1240 optuue
3453 1172 3600 1240 quod
3632 1187 3773 1241 qua:-

2199 1257 2351 1309 rebat
2401 1270 2460 1310 se
2505 1271 2664 1311 nosse
2702 1257 2993 1325 perhibuit.
3025 1258 3497 1313 Siscitaturhomo
3546 1275 3650 1313 cur
3676 1261 3775 1316 hoc

2201 1345 2296 1399 Dei
2321 1360 2508 1399 servus
2550 1347 2616 1399 ab
2647 1360 2712 1400 eo
2734 1349 2987 1416 requirat.
3018 1348 3099 1401 Ad
3143 1364 3302 1416 quem
3335 1347 3424 1404 ille
3453 1367 3466 1401 :
3511 1349 3676 1412 Sunt,
3700 1351 3778 1405 in-

2201 1437 2340 1504 quit,
2367 1437 2541 1490 vicina
2571 1438 2728 1492 nobis
2752 1438 2890 1497 loca.
2923 1453 2987 1491 ex
3027 1440 3224 1508 quibus
3253 1440 3580 1509 gravissima
3616 1439 3777 1511 510

2202 1524 2537 1578 flammarum
2569 1526 2858 1580 furentium
2897 1529 3482 1583 evomunturincendia
3517 1530 3694 1598 (15L),
3724 1533 3776 1584 in

2204 1617 2398 1684 quibus
2423 1618 2584 1671 etiam
2619 1617 2750 1672 locis
2779 1619 2926 1690 (135)
2947 1619 3141 1675 animae
3175 1623 3529 1690 reproborum
3567 1623 3776 1680 diversa

535 1721 804 1790 liquerant
830 1761 844 1785 ,
888 1730 1109 1788 paterna
1154 1718 1353 1787 pietate
1391 1719 1704 1781 condoluit,
1743 1733 1810 1772 ne
1852 1718 2099 1771 videlicet

2206 1704 2356 1758 luunt
2378 1721 2474 1774 pro
2497 1707 2812 1761 meritorum
2837 1710 3093 1777 qualitate
3123 1718 3408 1764 tormenta.
3435 1714 3518 1765 Ad
3549 1727 3777 1781 quorum

534 1811 832 1878 Augustum
885 1811 1196 1863 innocentes
1244 1807 1619 1872 oll'enderent,
1683 1819 1738 1862 et
1792 1826 1896 1864 non
1944 1811 2100 1863 modo

529 1900 794 1969 iacturam
823 1902 1030 1971 gratiae,
1055 1901 1147 1954 sed
1175 1909 1230 1954 et
1271 1901 1402 1967 regii
1441 1910 1616 1953 motus
1658 1899 1951 1969 periculum
1983 1916 2103 1954 sus-

535 1993 792 2046 tinerent.
840 1991 959 2044 Mox
1000 2005 1128 2059 ergo
1171 2005 1292 2044 cum
1340 1989 1597 2044 fratribus
1653 1990 1935 2043 ecclesiam
1982 1991 2102 2058 pius

535 2081 699 2136 Pater
739 2081 1056 2151 ingreditur,
1110 2089 1162 2134 et
1216 2095 1282 2134 ne
1340 2080 1393 2132 hi
1447 2081 1537 2146 qui
1579 2090 1733 2133 erant
1781 2080 2100 2134 intmuncsa

534 2171 693 2240 culpa
724 2181 928 2225 motum
961 2169 1118 2235 regia:
1165 2168 1546 2237 indignationis
1577 2170 1873 2230 incurrant,
1903 2170 2102 2224 oratio-

534 2259 694 2314 nibus
727 2269 782 2313 et
810 2259 1028 2327 psalmis
1052 2257 1365 2310 incumbens
1390 2297 1404 2319 ,
1435 2257 1772 2311 cletnentiam
1807 2259 2108 2313 ditiui:atis'

534 2349 806 2417 implorat.
839 2347 958 2402 Jam
991 2350 1187 2418 igitur,
1243 2349 1486 2402 oratione
1529 2349 1816 2416 completa,
1871 2350 1952 2402 vir
2007 2349 2101 2404 Dei

535 2439 767 2493 fractum
798 2440 898 2493 sibi
932 2431 1194 2506 vasjubet
1226 2439 1439 2501 afferri;
1475 2440 1722 2494 manibus
1763 2450 2062 2495 contrectat
2085 2481 2100 2507 ,

536 2531 708 2585 oculis
758 2531 993 2599 undique
1043 2530 1313 2584 subtiliter
1373 2531 1606 2598 inspicit,
1663 2540 1717 2585 et
1773 2547 1902 2587 ecce
1957 2534 2101 2589 nulla

497 2635 754 2691 oprorsus
799 2621 850 2674 in
899 2635 964 2675 eo
1005 2620 1259 2674 fracturae
1288 2619 1514 2690 vestigia
1545 2622 1918 2689 deprehendit.
1954 2624 2103 2678 Tunc

533 2715 842 2786 indignatus
865 2714 918 2767 in
951 2714 1164 2776 fratres,
1197 2728 1290 2768 eos
1311 2730 1432 2768 cum
1475 2716 1790 2770 austeritate
1837 2717 2106 2786 redarguit

531 2821 631 2860 cur
686 2821 781 2859 vas
835 2816 1241 2874 conquerenlur
1299 2805 1636 2860 confractum
1692 2810 1833 2877 quod
1883 2810 2102 2863 omnino

530 2904 905 2962 permanserat
926 2895 1207 2947 illibatum.
1232 2894 1308 2948 llli
1339 2910 1465 2948 vero
1484 2935 1497 2958 ,
1527 2887 1869 2951 vehementer
1891 2899 2102 2953 attoniti

538 2994 647 3038 tam
676 2985 942 3040 evidentis
976 2987 1284 3040 ostensione
1314 2988 1558 3040 miraculi
1587 3027 1601 3049 ,
1638 3000 1692 3042 et
1732 2991 2100 3043 austeritatem

537 3075 876 3144 corripiet-tis
927 3075 1158 3128 libenter
1207 3078 1520 3144 accipiunt,
1570 3087 1625 3132 et
1673 3081 1738 3132 ad
1795 3083 2102 3137 referendas

535 3165 888 3233 omnipotenti
920 3166 1027 3218 Deo
1051 3166 1250 3234 gratias
1275 3165 1568 3222 ferventius
1606 3171 1993 3225 accenduntur.

607 3317 872 3374 Praeterea
904 3317 1187 3386 religiosus
1221 3319 1437 3387 quidam
1479 3322 1562 3374 vir
1598 3323 1858 3378 oriundus
1880 3324 2105 3398 de'pago

536 3410 828 3466 Botencnsi
861 3410 945 3482 [de
978 3410 1184 3482 Rolez],
1216 3413 1586 3467 revertebatur
1607 3415 1674 3467 ab
1700 3415 2101 3487 l‘lierosolytnis,

535 3503 625 3572 qui
689 3502 814 3555 dum
873 3519 1020 3556 mare
1081 3503 1352 3564 transiret,
1412 3507 1552 3572 quod
1611 3523 1639 3559 a
1689 3508 1868 3562 Sicilia
1917 3527 2104 3568 versus

535 3591 971 3645 Thessalonicam
996 3607 1090 3660 per
1117 3591 1343 3658 plurima
1384 3591 1638 3647 llucttttnn
1663 3599 1956 3663 periculos»
1988 3601 2103 3656 loca

534 3681 895 3750 protenditur,
921 3697 1150 3748 eumque
1173 3698 1290 3735 cum
1315 3685 1495 3736 multis
1515 3674 1633 3737 aliis
1665 3686 1953 3743 furentium
1981 3709 2106 3747 ven-

535 3779 713 3826 torum
763 3771 957 3826 ltorror
1003 3772 1321 3842 impelleret,
1365 3775 1826 3845 applicueruntad
1875 3783 2100 3838 insulam

2203 1811 2417 1864 semper
2459 1799 2832 1868 emggeranda
2887 1800 3147 1868 supplicia
3199 1801 3627 1858 innumerabiles
3660 1813 3782 1858 sunt

2204 1886 2477 1942 daemones
2525 1888 2788 1956 deputati,
2816 1892 2906 1960 qui
2956 1892 3321 1947 intolerabiles
3349 1909 3539 1948 eorum
3595 1911 3782 1965 ponas

2203 1979 2444 2046 quotidie
2465 1993 2765 2047 renovant;
2796 1993 2850 2037 et
2893 1999 2987 2038 eos
3026 1985 3091 2038 ad
3132 1985 3368 2040 rediviva
3408 1987 3677 2056 supplicia
3700 1990 3782 2042 in-

2204 2067 2868 2126 desinenterinstaurant.
2917 2071 3064 2139 Quos
3096 2081 3273 2129 tamen
3325 2091 3427 2144 ego
3470 2074 3782 2145 frequenter

2204 2162 2380 2214 audivi
2405 2162 2642 2230 querulis
2673 2163 3146 2220 lamentationibus
3189 2165 3453 2234 ejulanles
3502 2178 3559 2222 et
3614 2170 3783 2239 lacryd

2206 2252 2386 2305 mabiri
2422 2253 2807 2309 vociferatione
2853 2257 3130 2321 dellentes,
3181 2261 3323 2326 quod
3357 2260 3702 2314 orationibus
3727 2269 3781 2314 et

2205 2345 2558 2416 eleemosynis
2588 2349 2942 2415 quorumdam
2972 2351 3232 2404 adversus
3271 2366 3367 2404 eos
3393 2350 3782 2406 inftetlerabilio

2207 2443 2287 2489 ter
2327 2437 2756 2489 concertantium
2805 2438 3117 2506 frequenter
3167 2456 3234 2493 ex
3291 2456 3478 2494 eorum
3536 2443 3784 2497 manibus

2203 2525 2541 2594 eriperentur
2575 2527 2770 2580 anima:
2801 2528 3176 2582 damnatorum
3210 2530 3380 2601 (I36).
3416 2531 3566 2585 Inter
3590 2545 3782 2587 caetera

2205 2617 2270 2672 de
2296 2615 2730 2671 Cluniacensium
2748 2625 2890 2672 coetu
2915 2621 3302 2686 permaximam
3330 2629 3385 2673 et
3404 2636 3600 2675 eorum
3626 2623 3782 2677 abba-

2205 2712 2258 2758 te
2287 2705 2680 2780 querimoniam
2718 2705 2941 2772 faciunt,
2993 2709 3118 2776 quia
3167 2724 3328 2776 quam
3359 2724 3506 2778 smpe
3548 2725 3650 2778 per
3693 2724 3782 2766 eos

2204 2798 2286 2852 sui
2324 2799 2464 2867 juris
2513 2800 2804 2854 vernaculo
2845 2802 3096 2870 perdunt.
3149 2801 3511 2868 Quamobrem
3551 2819 3651 2872 per
3681 2813 3784 2857 ter-

2206 2887 2361 2940 ribile
2393 2885 2484 2942 Dei
2518 2904 2711 2943 nomen
2752 2891 3012 2955 obtestor,
3049 2901 3107 2944 ut
3141 2894 3343 2946 sanctis
3375 2893 3641 2946 fratribus
3677 2893 3784 2947 illic

2206 2978 2319 3033 haec
2346 2994 2465 3047 qua:
2491 2981 2584 3033 tibi
2616 2981 2725 3033 dixi
2752 2969 2982 3036 fideliter
3010 2981 3232 3046 referas,
3257 2992 3310 3036 et
3348 2999 3418 3037 ex
3445 2995 3633 3038 nostra
3659 2999 3782 3054 quo-

2208 3081 2312 3134 que
2352 3067 2456 3120 illis
2480 3077 2632 3134 parte
2652 3069 2936 3123 denunties
2963 3079 3024 3124 ut
3060 3072 3414 3141 eleemosynis
3445 3083 3505 3126 et
3531 3074 3784 3127 orationis

2209 3155 2310 3209 bus
2340 3157 2510 3225 magis
2545 3172 2608 3210 ac
2655 3158 2824 3226 magis
2867 3159 3140 3224 insistant,
3189 3177 3254 3216 ac
3286 3163 3593 3230 praesertim
3633 3163 3783 3231 hujus

2211 3246 2408 3299 intuitu
2461 3256 2516 3300 ut
2546 3249 2612 3302 de
2661 3248 2907 3304 manibus
2959 3251 3262 3305 daemonum
3307 3268 3402 3307 eos
3440 3255 3534 3322 qui
3567 3257 3637 3307 ab
3684 3255 3783 3310 illis

2212 3338 2524 3392 cruciantur
2551 3340 2780 3392 educant
2821 3350 3090 3409 quatenus
3119 3343 3184 3396 de
3227 3345 3557 3413 quotidiauis
3601 3353 3784 3400 eorum

2211 3427 2414 3494 rapinis
2441 3436 2495 3480 et
2534 3427 2708 3482 luctus
2749 3429 3015 3484 inferatur
3055 3433 3269 3501 generis
3300 3433 3529 3488 humani
3568 3435 3785 3489 inimico

2209 3525 2264 3570 et
2308 3518 2556 3584 gaudium
2617 3519 3002 3588 multiplicetur
3051 3522 3103 3574 in
3137 3523 3294 3577 etelo.
3338 3524 3636 3592 Aliquanto
3670 3531 3787 3594 post

2211 3608 2370 3660 homo
2421 3625 2696 3677 regressus
2743 3611 2793 3662 in
2828 3613 3078 3679 patriam,
3127 3615 3388 3682 quidquid
3441 3630 3511 3668 ex
3565 3617 3668 3669 viri
3697 3615 3787 3673 Dei

2211 3699 2473 3752 relatione
2503 3700 2784 3764 didicerat,
2816 3703 2975 3756 beato
3003 3704 3140 3772 patri
3177 3713 3232 3759 et
3261 3715 3464 3760 sancta:
3491 3721 3788 3776 congrega-

2210 3791 2340 3843 tioni
2389 3790 2622 3845 titleliter
2665 3804 2868 3847 narrat.
2903 3794 3052 3849 Tunc
3096 3797 3418 3852 venerabilis
3445 3809 3606 3868 pater
3635 3797 3789 3856 0dilo

1508 3909 1813 3968 ANDRE/E
1851 3917 2118 3975 CllESNll
2158 3924 2244 3977 ΕΤ
2277 3922 2581 3978 ΑΝΟΝΥΜΙ
2622 3911 2850 3981 ΝΟΤᾸΞ.

607 4039 652 4109 (l
777 4037 997 4107 Nempe,
1014 4038 1298 4118 (.‘omelrnn’s,
1313 4042 1402 4118 qui
1420 4051 1468 4094 ct
1485 4043 1749 4118 Cumanus
1767 4051 2104 4118 smpiusdiri-

537 4107 643 4164 tur.
673 4107 895 4184 Comum
918 4109 1121 4184 ,“vulgo
1153 4107 1344 4184 Canto,
1368 4112 1651 4184 Insubrizc
1680 4120 1806 4171 urbs
1842 4107 1969 4184 'est;
2002 4124 2104 4175 (Zu-

536 4193 639 4257 Em
675 4191 825 4237 vero,
859 4177 1036 4257 italice
1066 4176 1249 4238 Cttnm,
1280 4180 1610 4257 pulit-llulll-JB.
1645 4183 1787 4240 Inter
1828 4176 2106 4257 episcopos

536 4247 807 4316 Cumanos
852 4246 1030 4316 nullus
1085 4250 1320 4300 occurrit
1370 4246 1690 4316 Albcricns;
1751 4246 1907 4312 secus
1967 4246 2108 4314 inter

535 4315 846 4370 Comenses.
880 4315 1158 4392 Alltcricus
1197 4319 1338 4392 enim
1370 4334 1471 4392 per
1493 4335 1554 4372 ea
1588 4330 1826 4392 tempora
1878 4329 2107 4384 celebris

535 4394 638 4444 est.
705 4394 886 4453 utpote
929 4385 993 4436 de
1039 4385 1275 4439 Ecclesia
1332 4385 1387 4440 et
1443 4390 1509 4442 de
1573 4385 1869 4448 monastico
1919 4401 2107 4454 ordine

2205 4072 2347 4136 mare
2367 4055 2660 4136 descendat.
2689 4056 2790 4110 Ubi
2805 4060 3010 4136 scilicet
3039 4063 3379 4136 corporaliter
3403 4067 3572 4119 viden
3598 4079 3785 4136 potest,

2205 4125 2341 4192 quod
2358 4141 2422 4204 in
2448 4125 2754 4204 Apocalypsi
2789 4129 3010 4184 Joannis
3034 4125 3364 4204 der'reprobt's
3394 4125 3614 4190 dicitur:
3651 4125 3785 4204 Quid

2205 4195 2561 4274 pursjllorum
2591 4197 2684 4247 erit
2727 4200 2983 4274 instagno
3023 4195 3228 4274 ardebit
3278 4205 3393 4271 igne
3427 4217 3473 4257 et
3514 4195 3782 4274 sulplt-ure,

2206 4264 2342 4340 quod
2370 4274 2442 4340 est
2484 4279 2620 4316 mors
2654 4264 2901 4340 secunda.
2932 4270 2992 4322 Et
3041 4271 3200 4339 paulo
3234 4264 3349 4340 post
3384 4292 3395 4325 :
3429 4264 3712 4329 Em'mi‘ero
3739 4264 3784 4330 et

2210 4332 2577 4412 LSalerm'mnt_t_s
2602 4337 2834 4405 princeps
2858 4354 2972 4412 cum
3008 4332 3189 4412 procul
3228 4332 3512 4410 aspexisset
3554 4345 3779 4412 quadam

2209 4402 2292 4453 die
2312 4403 2375 4454 de
2391 4404 2637 4482 pracdicto
2660 4402 2832 4458 monte
2865 4402 3079 4460 Vesuuio
3103 4402 3450 4482 pgiceas'atqu‘e
3471 4402 3783 4482 sulphureas

534 4454 735 4543 optimc
787 4454 1026 4507 meritus.
1082 4454 1212 4510 Vide
1257 4456 1373 4510 ltal.
1420 4456 1576 4512 Sacr.
1615 4461 1837 4532 Ugltelli,
1876 4474 2004 4520 tom.
2043 4469 2102 4523 V.
2135 4461 2181 4518 D
2211 4454 2412 4543 recente
2430 4454 2978 4543 ﬂammaseruum-ere,

535 4525 778 4578 Axosvu.

608 4611 754 4688 (L34)
782 4611 1008 4688 Narrant
1033 4614 1512 4688 ideijigchertns.
1530 4619 2108 4688 VincentiusJoannes

527 4680 878 4752 Parisieusis,
921 4680 1225 4740 Bernardus
1249 4680 1556 4752 'Guidonis,
1613 4703 1666 4745 et
1713 4695 1822 4748 alii.
1849 4680 1986 4750 'Sed
2015 4680 2106 4752 "ad

534 4751 907 4806 illustrandam
935 4768 1055 4821 cum
1085 4769 1289 4814 eorum,
1340 4766 1446 4809 tmn
1499 4757 1736 4816 Damiani
1770 4767 1936 4820 nostri
1979 4751 2108 4821 nar;

536 4821 914 4906 iationem,_de
943 4820 1173 4878 ﬂammis
1213 4825 1336 4905 illis,
1364 4826 1414 4879 in
1448 4829 1892 4906 quibus__animas
1925 4820 2108 4906 repro-

533 4888 726 4966 liorum
777 4891 1000 4966 diversa
1043 4907 1138 4966 pro
1176 4888 1487 4966 meritorun't
1532 4901 1792 4966 qualitate
1836 4888 2106 4960 tomacula

532 4957 684 5012 luere
713 4957 971 5044 referunt,
995 4961 1134 5040 nulla
1168 4964 1357 5043 melius
1389 4957 1564 5044 facere
1593 4985 1814 5044 possunt
1839 4957 2105 5044 exempli;

577 5042 696 5109 nam
727 5042 851 5109 quae
877 5028 1308 5109 D‘amianusjpse
1349 5035 1537 5109 recitat
1566 5028 1722 5108 epist.
1760 5043 1812 5105 9,
1847 5028 1938 5097 lib.
1981 5028 2108 5109 .Z’dé

579 5095 850 5178 andulpho
880 5097 1072 5178 (lupina:
1104 5095 1341 5178 principe
1389 5095 1674 5178 e_t_Joauhe
1712 5095 2104 5178 ntagi‘st’ro—iu—i:

2208 4541 2486 4620 sceleratus
2508 4540 2704 4620 aliquis
2727 4540 2865 4597 dives
2883 4556 3164 4601 moraturus
3187 4562 3260 4602 ett
3291 4562 3445 4620 atque
3491 4553 3563 4602 ad
3591 4554 3785 4620 inferos

2209 4610 2585 4686 descensurus;
2607 4612 2704 4686 sed
2735 4630 2764 4686 _o
2795 4631 2930 4667 acea
2972 4632 3113 4670 mens
3145 4621 3346 4686 reprobi
3357 4610 3661 4675 'Itomim's.’
3697 4639 3789 4676 san

2206 4680 2820 4753 pervenientesiquidem
2881 4686 3123 4750 proxima
3173 4680 3339 4753 nocte,
3394 4689 3522 4742 dum
3571 4707 3785 4746 secum

2208 4764 2325 4800 cum
2355 4749 3018 4818 meretrice'cunrumberet,
3045 4749 3621 4823 expiravithucussa.
3683 4808 3686 4810 .
3753 4807 3762 4814 .

2279 4837 2422 4908 (135)
2458 4837 2581 4893 llaec
2610 4839 2722 4893 loca
2766 4839 3008 4897 Vesuvius
3034 4861 3178 4900 mons
3205 4847 3272 4899 ab
3292 4847 3482 4902 eodem
3522 4846 3786 4905 Damiano

2207 4907 2470 4987 Vocantur
2496 4910 2654 4978 epist.
2704 4911 2755 4987 9z
2794 4909 2890 4987 lib.
2927 4914 3124 4987 primo,
3167 4916 3306 4970 sicut
3337 4932 3414 4987 ex
3457 4920 3784 4987 przecedenti

2211 4977 2699 5102 ιότὶέιὶῗῖῗᾶεμῗιριιὶ
2709 4981 2774 5032 ab
2798 4977 2989 5036 incolis
3013 4977 3193 5039 autem
3233 4995 3291 5040 ut
3330 4977 3651 5057 Sigebertus
3685 4989 3784 5053 ait,

2516 5066 2546 5100 α
2569 5065 2623 5100 n.
2705 5087 2718 5101 .

2516 5065 2623 5100 αηι.
2647 5065 2718 5101 ID.

2283 5115 2433 5176 (156)
2465 5115 2578 5170 Non
2609 5118 2663 5170 in
2701 5127 3038 5174 nernetuum.
3068 5123 3292 5172 scilicet-
3329 5126 3425 5170 sed
3451 5124 3522 5170 ad
3550 5135 3762 5168 remum
