3992 5322
221 299 336 380 9δὶ

1542 310 1698 366 ῊΤᾹ
1736 309 1796 364 S.
1835 307 2171 364 ODILONIS.

3387 309 3490 365 958

222 451 323 508 per
358 405 543 490 omnia
581 405 913 488 monasteria
957 421 1054 484 sua
1099 425 1380 482 constituit
1425 422 1676 496 generale
1713 421 1809 476 de-
1841 421 1888 478 Α
1919 415 2100 486 itaque
2133 415 2453 472 venerabilis
2485 413 2648 472 Pater
2694 429 2792 483 pro
2817 413 2908 469 illo
2939 413 3269 484 psalmodias
3289 426 3343 472 et
3368 433 3494 473 ora-

223 533 432 580 cretum
463 523 610 594 (l57)
642 531 730 594 ut,
767 521 910 592 sicut
933 522 1110 588 primo
1128 519 1215 572 die
1245 516 1444 572 mensis
1473 513 1807 576 Novembris,

213 601 373 687 juxta
401 614 726 670 universalis
749 611 1006 668 Ecclesia:
1029 611 1288 682 regulam,
1313 609 1552 664 omnium
1581 606 1810 660 Sancto-

223 723 344 762 rum
374 705 690 762 solemnitas
718 703 930 774 agitur,
983 701 1058 755 ita
1085 699 1332 770 sequenti
1367 697 1454 752 die
1493 697 1546 750 in
1590 695 1813 766 psalmis

220 806 278 851 et
315 794 676 866 el'eemosynis
695 801 750 848 et
773 791 1043 862 praecipue
1073 789 1362 844 missarum
1388 785 1666 842 solemniis
1696 799 1811 840 om-

222 886 390 958 nium
424 885 478 938 in
537 884 756 939 Christo
803 881 1202 954 quiescentium
1248 877 1510 934 memoria
1567 875 1812 932 celebre-

224 983 310 1028 ιυι-
342 975 513 1046 (εδδ).

295 1069 352 1124 Si
401 1068 524 1138 quis
572 1077 752 1123 autem
794 1083 900 1122 non
945 1065 1300 1138 generalitate
1341 1071 1650 1128 contentus,
1690 1061 1812 1132 quis

221 1157 532 1228 specialiter
553 1173 651 1228 per
677 1156 738 1210 B.
787 1155 1068 1210 Odilonem
1109 1151 1176 1209 de
1219 1153 1395 1223 poenis
1429 1153 1714 1208 ultricibus
1741 1151 1814 1206 sit

221 1251 443 1318 ereptus
480 1249 732 1318 inquirit,
785 1248 912 1318 quid
947 1247 1014 1302 de
1059 1247 1282 1316 reliquis
1329 1245 1546 1309 sentiat,
1592 1247 1644 1298 in
1671 1259 1810 1314 papa

223 1339 517 1395 Benedicto
552 1339 698 1410 (159)
725 1339 1008 1394 evidenter
1043 1337 1326 1392 addiscat:
1361 1346 1418 1390 ut
1449 1335 1500 1390 in
1541 1335 1812 1390 Romano-

221 1446 344 1487 rum
365 1431 642 1502 pontiﬁce,
667 1431 756 1502 qui
781 1431 1020 1484 omnium
1049 1429 1482 1484 Christianorum
1518 1439 1678 1497 caput
1701 1437 1807 1492 est,

223 1522 400 1578 Valeat
421 1523 628 1592 liquido
652 1521 848 1596 conjici
880 1521 1010 1592 quid
1042 1522 1108 1575 dc
1155 1521 1368 1576 cartcris
1394 1521 1587 1575 merito
1617 1519 1808 1576 debeat

220 1613 502 1670 testimari.
545 1613 887 1684 Apostolicus
917 1613 1068 1684 (HO)
1097 1612 1258 1684 41],
1295 1613 1458 1683 igitur
1496 1611 1599 1665 iste
1645 1625 1804 1680 quem

223 1704 479 1768 diximus,
505 1704 632 1758 dum
651 1705 826 1758 adhuc
849 1704 1076 1769 viveret,
1103 1703 1318 1756 beatum
1347 1703 1521 1756 virum
1548 1701 1805 1756 aﬂ‘ectuo-

1917 509 2087 563 tiones
2109 509 2174 562 ab
2199 507 2450 562 omnibus
2475 505 2725 578 privatim
2751 521 2814 562 ac
2843 507 3056 578 publice
3093 508 3230 578 ﬁeri,
3257 509 3494 566 eleemo-

1915 613 2079 668 synas
2101 595 2464 666 indigentibus
2489 597 2726 668 erogari,
2760 599 3086 662 sacriﬁcium
3112 599 3220 655 Deo
3249 603 3494 674 mysterii

1915 687 2168 744 salutaris
2215 685 2418 744 offerri.
2461 687 2571 744 Nec
2617 689 2670 742 in
2706 689 2798 744 illo
2842 690 3107 744 duntaxat
3147 691 3265 746 loco
3307 693 3360 747 id
3388 704 3494 747 sta~

1917 787 2067 834 tuere
2093 789 2379 834 contentus
2441 779 2560 846 fuit,
2603 780 2698 836 sed
2723 791 2778 836 et
2807 795 2904 850 per
2951 782 3133 836 omnia
3165 783 3246 837 sui
3278 784 3495 854 regimi-

1915 871 1999 926 nis
2028 873 2356 928 monasteria
2390 871 2629 940 ejusdem
2658 872 2956 928 sanctionis
2997 873 3174 928 edicta
3201 875 3492 930 mandavit.

1914 960 2158 1032 Cumque
2188 963 2291 1020 hoc
2319 965 2515 1022 fratres
2543 965 2908 1022 intentissima
2949 951 3236 1022 devotione
3284 977 3500 1040 satage-

1915 1063 2056 1120 rent,
2081 1063 2133 1111 et
2157 1072 2222 1112 ex
2245 1073 2340 1112 ara
2371 1067 2682 1113 sanctorum
2723 1065 3003 1127 pectorum
3019 1046 3288 1115 fraternae
3311 1060 3496 1114 chari-

1917 1145 2044 1202 tatis
2073 1145 2286 1202 ﬂamma
2313 1149 2604 1218 prosiliens
2639 1149 2836 1203 divina:
2865 1148 3168 1206 clementia
3196 1151 3498 1206 sacrarium

1913 1247 2246 1308 penetraret,
2270 1240 2383 1310 jam
2432 1241 2640 1311 prteﬂxi
2673 1241 2930 1310 temporis
2977 1243 3239 1298 terminus
3277 1243 3500 1316 propin-

1913 1331 2150 1400 quabat;
2185 1342 2237 1384 et
2263 1347 2390 1386 ecce
2432 1333 2650 1401 quidam
2679 1341 2880 1387 sanctae
2927 1335 3351 1392 conversationis
3389 1353 3502 1391 mo~

1913 1425 2139 1488 nacluts,
2171 1425 2530 1480 l‘lcldebcrtus
2575 1425 2813 1490 nomine,
2852 1427 2942 1496 qui
2973 1427 3220 1483 videlicet
3241 1429 3342 1484 hoc
3371 1429 3500 1484 obc-

1913 1515 2128 1570 dientim
2155 1515 2476 1586 fungebatur
2502 1515 2676 1572 oliicio
2723 1527 2782 1572 ut
2809 1517 2994 1588 inopes
3034 1517 3225 1586 aleret,
3261 1519 3500 1590 indigen-

1912 1607 2054 1661 tibus
2101 1608 2339 1662 subsitlia
2369 1609 2736 1674 ministraret;
2778 1609 2866 1664 hic
2891 1611 3072 1680 itaque
3108 1626 3204 1682 per
3246 1627 3499 1682 soporem

1911 1699 2046 1752 vidit
2075 1699 2217 1770 quod
2252 1700 2471 1769 quidam
2505 1701 2746 1770 pulcher,
2794 1715 2860 1756 ac
2905 1717 3132 1756 serenus
3162 1711 3406 1772 aspectu,
3435 1719 3503 1759 ar.

219 1808 280 1850 se
303 1795 512 1859 dilexit,
543 1806 854 1850 reverenter
876 1793 1132 1854 excoluit.
1157 1803 1211 1848 et
1231 1795 1594 1864 apostolorum
1619 1794 1804 1848 limina
1841 1773 1880 1830 Β
1911 1791 2138 1846 solemni
2179 1793 2414 1861 quodam
2442 1791 2603 1863 412
2633 1793 2807 1848 nitore
2843 1793 3171 1864 conspicuus
3198 1793 3500 1850 claustrum

221 1881 588 1954 frequentanti
619 1883 914 1938 necessarii
944 1893 1190 1954 sumptus
1219 1885 1423 1953 optima
1449 1900 1591 1953 saepe
1629 1884 1806 1938 subsi—

221 1972 312 2028 dia
339 1972 690 2028 ministravit.
727 1972 864 2028 Huic
910 1973 1068 2044 plane
1103 1991 1254 2038 mox,
1301 1985 1358 2029 ut
1396 1975 1552 2038 obiit,
1590 1992 1803 2046 germa-

224 2078 326 2118 nus
348 2063 464 2134 ejus
490 2062 730 2120 Joannes
773 2064 829 2119 in
873 2065 1166 2135 apostolica
1219 2065 1482 2134 dignitate
1523 2067 1803 2122 successit.

221 2149 340 2208 1am
385 2169 516 2210 vero
545 2165 832 2226 postquam
877 2156 1130 2210 humanis
1183 2157 1346 2210 rebus
1387 2167 1671 2225 exemptus
1703 2165 1804 2222 est,

224 2263 330 2306 non
379 2251 532 2320 parvi
581 2253 842 2322 temporis
890 2251 1107 2306 evoluto
1145 2251 1433 2318 curriculo,
1468 2250 1579 2320 jam
1634 2250 1810 2305 dictus

221 2356 360 2414 papa
401 2343 595 2399 Joanni
643 2344 930 2400 Portuensi
977 2344 1252 2414 episcopo,
1297 2353 1352 2399 et
1402 2343 1522 2398 aliis
1576 2345 1807 2408 duobus,

221 2447 456 2504 quorum
476 2437 696 2491 nomina
727 2436 884 2492 nobis
934 2447 1064 2492 nota
1117 2453 1220 2490 non
1251 2445 1398 2502 sunt,
1445 2451 1538 2506 per
1572 2437 1807 2507 speciem

223 2539 508 2584 nocturna:
541 2529 766 2584 visionis
813 2530 1084 2599 apparuit,
1119 2529 1310 2598 eisque
1351 2529 1476 2598 quia
1505 2529 1810 2599 poenalibus

223 2627 370 2674 esset
399 2619 732 2674 constitutus
755 2619 808 2674 in
838 2619 1098 2682 tenebris,
1137 2619 1395 2673 indicavit
1423 2638 1434 2672 :
1463 2619 1566 2674 hoc
1588 2621 1811 2689 insuper

221 2709 450 2776 addens,
481 2709 719 2782 qualiter
763 2709 825 2764 Β.
871 2709 1115 2765 Odilonis
1161 2709 1558 2766 vcnerabilihus
1603 2711 1810 2766 meritis

221 2817 344 2856 eum
369 2817 604 2872 superna
635 2815 864 2857 censura
909 2801 1140 2856 liberare
1168 2801 1470 2855 decreverit
1499 2817 1530 2854 a
1573 2811 1811 2860 tormen-

223 2889 314 2951 tis.
337 2895 602 2952 Obsecrat
651 2896 837 2966 itaque
881 2911 977 2966 per
1005 2910 1100 2949 eos
1139 2903 1194 2950 et
1223 2895 1494 2948 humiliter
1521 2893 1724 2966 ﬂagitat
1751 2903 1811 2951 ut

221 2985 394 3042 frater
413 2987 531 3056 ejus
557 2989 625 3042 ad
649 2987 932 3058 praefatum
960 2987 1132 3040 unica:
1157 2985 1374 3055 pietatis
1409 2987 1584 3042 virum
1615 2987 1818 3056 agilem

223 3079 546 3151 quantocius
572 3079 914 3135 veredarium
959 3078 1174 3148 dirigat,
1208 3093 1440 3148 eumque
1495 3078 1810 3149 suppliciter

221 3173 538 3235 Obsecrans,
595 3187 694 3242 pro
738 3186 984 3228 seorare
1038 3171 1316 3242 deposcat.-
1364 3171 1620 3228 Protinus
1669 3172 1808 3228 idem

221 3265 459 3321 Joannes
489 3265 804 3319 Portuensis
845 3265 1152 3335 episcopus,
1205 3265 1546 3322 auctoritatis
1594 3275 1811 3336 aposto-

224 3355 344 3411 lica:
370 3355 536 3410 fultus
585 3355 851 3424 epistolis,
907 3356 1120 3410 concito
1174 3355 1339 3424 gradu
1385 3353 1611 3424 Papiam
1639 3373 1811 3426 usque

223 3447 490 3517 pervenit.
521 3445 624 3500 Ubi
653 3446 811 3516 longo
833 3454 890 3500 et
924 3445 1281 3501 immoderate
1319 3445 1568 3503 iortassis
1605 3447 1812 3503 accele-

225 3543 346 3592 rato
370 3536 578 3592 fractus
613 3537 844 3602 itinere,
873 3551 970 3608 per
1007 3539 1298 3594 monachos
1339 3540 1571 3594 coenohii
1603 3541 1662 3594 Β.
1701 3541 1814 3596 Ma—

221 3627 322 3699 joli
353 3628 502 3700 (Ml)
543 3628 852 3698 apostolicae
886 3629 1170 3697 legationis
1194 3629 1426 3698 apochas
1456 3630 1667 3702 dirigit,
1701 3647 1817 3686 om-

225 3731 460 3790 nemque
483 3734 580 3788 per
605 3733 700 3774 eos
739 3727 932 3774 sancto
965 3719 1086 3774 viro
1115 3720 1313 3774 seriem
1345 3735 1376 3775 a
1406 3735 1464 3776 se
1511 3731 1817 3793 conspecta:

223 3811 452 3868 visionis
479 3813 722 3882 exponit.
751 3813 1041 3868 Enimvero
1071 3813 1254 3868 dirino
1279 3815 1478 3870 factum
1527 3832 1647 3872 esse
1693 3831 1816 3872 con-

221 3913 336 3961 stat
350 3905 581 3976 judicio,
625 3915 682 3960 ut
709 3921 832 3962 eum
861 3907 1000 3976 apud
1042 3906 1396 3962 Cluniacensc
1425 3909 1812 3965 monasterium

223 4003 540 4072 apostolicae
601 4004 888 4077 legationis
934 4004 1146 4074 bajulus
1208 4005 1494 4060 inveniret.
1550 4005 1815 4076 Praecepit

1837 3129 1884 3192 C

1913 1884 2228 1938 monasterii
2259 1900 2456 1954 magno
2487 1885 2897 1938 candidatorum
2926 1887 3139 1956 agmine
3162 1887 3500 1956 constipatus

1912 1977 2308 2049 ingrederetur.
2345 1977 2400 2031 ln
2437 1977 2729 2047 capitulum
2771 1978 2984 2044 deinde,
3027 1981 3116 2036 ubi
3145 1983 3312 2037 frater
3343 1983 3502 2038 Odilo

1911 2085 2034 2123 cum
2069 2068 2326 2124 fratribus
2363 2068 2653 2136 residebat,
2687 2071 2925 2134 intravit,
2961 2073 3026 2126 ad
3062 2069 3177 2140 ejus
3203 2089 3376 2145 genua
3409 2091 3504 2130 ca-

1912 2173 2008 2230 put
2037 2161 2314 2215 humiliter
2347 2159 2516 2224 ﬂexit,
2565 2161 2741 2230 eique,
2789 2161 2926 2217 sicut
2959 2163 3012 2216 in
3051 2171 3206 2232 gestu
3257 2167 3504 2234 corporis

1913 2252 2217 2315 videbatur,
2251 2252 2452 2322 gratias
2478 2251 2609 2321 egit.
2639 2252 2885 2322 Cumque
2928 2253 3100 2308 frater
3131 2255 3240 2320 ille,
3269 2257 3362 2326 qui
3397 2257 3505 2312 hoc

1915 2345 1965 2398 in
1999 2345 2203 2398 visione
2229 2343 2719 2413 contemplabatur,
2755 2344 3052 2415 inquireret
3089 2347 3337 2417 quisnam
3360 2359 3504 2405 esset

1915 2437 2002 2491 ille
2035 2447 2144 2493 tam
2177 2437 2402 2491 decorus
2436 2452 2498 2490 ac
2527 2436 2780 2508 fulgidus,
2822 2439 2914 2507 qui
2940 2447 3128 2494 sancto
3160 2441 3277 2496 viro
3301 2441 3502 2496 saluta-

1913 2529 2076 2584 tionis
2102 2529 2335 2584 oilicium
2358 2529 2663 2591 exhiberet,
2705 2544 3020 2598 responsum
3053 2539 3138 2586 est
3179 2532 3228 2586 ei
3260 2531 3384 2601 quia
3414 2531 3506 2588 ille

1911 2631 2051 2678 esset
2081 2621 2434 2684 Benedictus,
2464 2637 2687 2676 somnne
2727 2621 2870 2676 sedis
2899 2623 3196 2694 episcopus,
3228 2625 3318 2694 qui
3347 2624 3506 2704 nimi-

1915 2730 2034 2768 rum
2067 2715 2271 2770 idcirco
2299 2712 2418 2767 viro
2477 2711 2568 2766 Dei
2599 2713 2801 2783 gratias
2845 2721 3048 2782 ageret,
3095 2715 3224 2786 quia
3253 2714 3356 2784 piis
3387 2713 3504 2784 ejus

1915 2805 2334 2875 sanctorumque
2390 2801 2620 2858 fratrum
2669 2805 2919 2875 precibus
2971 2807 3196 2861 tartarei
3228 2807 3504 2862 cruciatus

1913 2897 2175 2950 evasisset
2199 2894 2500 2959 interitum,
2532 2903 2733 2950 etcum
2769 2895 2941 2950 beatis
2981 2895 3189 2952 civibus
3221 2899 3506 2968 quieturus

1913 3001 2158 3057 Superum
2203 2985 2540 3041 Hierusalem
2581 2986 2868 3041 meruisset
2895 2987 3214 3058 ingressum.

1983 3079 2040 3134 lu
2097 3079 2199 3134 hoc
2243 3079 2387 3134 valet
2443 3079 2646 3148 liquido
2677 3079 3002 3149 deprehendi
3035 3095 3157 3150 qua:
3200 3081 3266 3137 de
3299 3083 3507 3138 meritis

1917 3169 1976 3225 Β.
2006 3169 2252 3227 0dilonis
2279 3169 2465 3239 opinio
2488 3166 2609 3236 jure
2633 3168 2804 3238 possit
2859 3169 3070 3238 haberi,
3104 3185 3227 3226 cum
3273 3173 3320 3228 is
3346 3173 3508 3228 nimi-

1920 3280 2041 3318 rum
2093 3263 2208 3332 qui,
2262 3263 2416 3332 juxta
2467 3261 2808 3332 privilegium
2860 3263 3168 3332 apostolica:
3201 3263 3504 3334 dignitatis,

1920 3354 2101 3409 claves
2143 3353 2398 3409 Ecclesiae
2435 3368 2546 3422 pra:
2574 3354 2785 3407 cunctis
2833 3351 3152 3408 mortalibus
3185 3355 3375 3420 tenuit,
3413 3359 3508 3426 qui

1921 3444 2120 3515 ligandi
2158 3452 2319 3513 atque
2367 3439 2610 3496 solvendi
2657 3440 2802 3494 vires
2849 3441 3221 3509 praeeminenti
3270 3445 3506 3514 quodam

1913 3535 2038 3606 jure
2068 3533 2326 3606 possedit,
2379 3532 2433 3587 in
2472 3531 2560 3586 illo
2582 3531 2694 3601 jam
2727 3529 2979 3584 invisibili
3027 3532 3279 3588 examine
3303 3521 3508 3590 consti-

1923 3637 2088 3692 tutus,
2121 3642 2228 3680 non
2260 3624 2419 3679 aliter
2441 3637 2601 3692 quam
2629 3621 2880 3692 precibus
2912 3620 3068 3675 istius
3096 3620 3178 3677 vel
3212 3636 3244 3676 a
3265 3624 3506 3692 peccatis

1921 3719 2075 3784 solvi,
2103 3717 2185 3774 vel
2213 3719 2278 3772 dc
2302 3714 2502 3786 ptenali
2532 3713 2703 3784 potuit
2726 3711 2988 3784 supplicio
3023 3711 3266 3768 liberari.

1991 3817 2160 3871 Porro
2207 3822 2387 3868 autem
2432 3813 2559 3866 dum
2595 3810 2888 3880 aliquando
2935 3810 2988 3864 in
3027 3813 3360 3870 monasterio
3395 3830 3508 3870 mo-

1919 3918 2134 3970 raretur
2187 3904 2331 3976 quod
2377 3901 2754 3957 Paterniacum
2803 3899 2952 3972 (142)
2999 3900 3214 3966 dicitur,
3265 3913 3386 3958 erat
3432 3905 3508 3960 ibi

1917 4005 2138 4078 quidam
2194 3997 2448 4071 puerulus
2501 3995 2826 4060 monachus,
2886 3993 3106 4048 nomine
3156 3993 3505 4068 Rodulphus,

1190 4123 1497 4180 ANDREIE
1537 4123 1810 4189 CHESNII
1845 4133 1934 4192 ET
1973 4119 2282 4187 ANONYMI
2325 4113 2554 4172 ΝΟΤᾸΞ.

302 4218 448 4289 (I57)
479 4219 768 4274 Decretum
800 4219 905 4274 hoc
933 4213 1706 4289 Cluniacenses_§trrtutum_de
1733 4221 1821 4275 de-

225 4283 741 4358 functis'appellant,
768 4289 1106 4359 habeturque
1131 4301 1258 4356 pag.
1306 4283 1412 4339 550
1434 4285 1592 4356 hujus
1620 4286 1820 4346 Didio-

227 4361 416 4414 thecae.
451 4359 715 4416 Docnesa.

301 4429 446 4502 (15,87)
486 4431 664 4496 Ritus,
696 4431 809 4501 qui,
847 4439 904 4502 ut
935 4429 1250 4502 Sigebcrtus
1298 4426 1470 4502 addit,
1498 4443 1817 4502 emanaue-

229 4495 322 4555 riii
371 4495 733 4556 Cluniacensis
770 4495 968 4556 ordinis
999 4495 1088 4553 'ad
1123 4499 1312 4554 multa:
1345 4495 1610 4552 Ecclesiae
1633 4513 1811 4569 postea

227 4571 509 4644 transiens,
560 4571 798 4644 fidelium
846 4572 1214 4642 defunctorum
1263 4569 1568 4623 memoriam
1623 4573 1811 4644 ultique

225 4643 562 4696 solemnizari
581 4642 723 4711 fecit.
753 4643 829 4696 lo.

301 4711 450 4782 (159)
483 4709 833 4768 Benedictum
864 4711 976 4768 Vili
1005 4712 1221 4766 nomine
1271 4709 1538 4780 intelligit,
1564 4711 1655 4782 ide
1704 4727 1814 4782 quo

227 4791 282 4868 et
309 4781 787 4868 idemmDamiapus
819 4785 981 4868 epist.
1031 4783 1085 4846 9,
1120 4783 1213 4838 lib.
1242 4781 1812 4868 primmetrSigeber-

229 4861 316 4908 tus
345 4853 400 4907 in
442 4853 751 4918 Chronicis,
781 4850 870 4909 ubi
924 4864 1103 4906 tamen
1155 4850 1294 4922 male
1346 4850 1682 4920 Stephanum
1715 4868 1814 4922 pro

229 4923 520 4980 Benedicto
549 4924 802 4994 appellat.
832 4924 1068 4980 Joannes
1097 4924 1237 4977 cnim
1265 4921 1582 4994 Per-tuensis
1605 4921 1818 4993 episco-

227 5011 348 5066 pus.
373 4996 462 5066 cui
509 4991 633 5066 post
677 4995 1182 5066 obitumapparuit.
1227 5007 1333 5048 non
1363 4991 1464 5066 fuit
1493 4991 1658 5049 frater
1683 4995 1808 5066 Ste-_

229 5063 410 5136 pharii,
438 5063 532 5136 sed
565 5065 838 5136 Benedicti
881 5063 1011 5127 Vill,
1047 5065 1185 5118 sicut
1236 5065 1398 5117 docet
1446 5063 1711 5120 Barouius
1747 5064 1814 5122 ad

227 5135 428 5191 annum
457 5135 619 5190 1024.
651 5135 726 5188 In.

228 5207 446 5280 “(140)
476 5206 544 5280 1d-
554 5213 646 5280 est
669 5205 840 5278 papa,’
861 5203 973 5280 sive
1003 5206 1256 5280 pontifex_
1281 5200 1580 5280 Ronianus.
1613 5207 1818 5262 Auctor

1843 4537 1890 4597 D

1926 4225 1994 4279 Et
2047 4211 2364 4272 Guillelmus
2399 4206 2472 4279 _de
2509 4202 2804 4279 _Naug_iaco
2851 4200 2903 4256 in
2941 4201 3225 4260 Chronicis
3275 4205 3508 4279 :‘lr/mt

1926 4275 2042 4361 Fiet}
2062 4287 2126 4342 de
2157 4282 2365 4361 From-te
2389 4275 2554 4361 I’epirt
2580 4275 2805 4361 eliminat,
2846 4283 2892 4327 et
2913 4290 3184 4361 pou-renuo
3225 4275 3504 4361 primifm-

1926 4293 2042 4361 Roy
2062 4293 2126 4342 de
2157 4293 2365 4338 France
2389 4293 2464 4328 l'c
2507 4293 2554 4328 τη
2580 4293 2805 4338 enonm,
2846 4293 2892 4327 et
2916 4293 3184 4354 couronna
3225 4293 3504 4344 prtmtem-

1923 4369 2064 4420 ment
2101 4355 2284 4412 Sainct
2308 4293 2578 4420 Bonifiice
2591 4345 2870 4420 Nivesque
2891 4344 2955 4420 de
2979 4343 3230 4420 dlajance
3251 4361 3350 4420 par
3371 4345 3510 4400 l’au-

1921 4413 2114 4490 {libr—iu!
2137 4434 2200 4480 de
2228 4413 2508 4491 l‘ApostQIe
2534 4413 2810 4491 lac/carie.
2839 4413 2944 4491 sed
2975 4414 3079 4491 hoc
3115 4422 3220 4468 tam
3253 4413 3507 4491 frequens

1921 4483 2286 4560 iit-usitatum,
2309 4483 2502 4546 utalia
2528 4485 2849 4556 probatione
2895 4483 3138 4546 indicere
3172 4499 3279 4538 non
3327 4485 3508 4544 videa—

2008 4611 2023 4628 .
2049 4572 2126 4626 lo.

1919 4584 2138 4710 milia.)
2163 4628 2684 4710 Papiensisfnempc.
2712 4625 2854 4710 quod
2887 4625 3054 4710 ipsius
3077 4625 3318 4710 Odilonis
3351 4629 3506 4686 indu-

1916 4696 2050 4769 glria
2093 4696 2200 4764 non
2242 4696 2447 4772 parum
2481 4705 2834 4772 auctunres},
2879 4705 2941 4772 ut
2989 4696 3510 4772 asseritanonymus

1917 4765 2196 4840 'Silviniaci
2244 4765 2571 4833 monachus,
2620 4767 2714 4840 qui
2765 4765 2848 4840 S._
2884 4765 3078 4840 .‘llnjoli
3124 4765 3510 4828 nobilissimum

1916 4837 2310 4926 (iii-’deijfapinut
2345 4841 2516 4926 locum
2833 4837 2906 4926 [ος
3026 4907 3063 4926 ί,
3087 4905 3131 4926 ,ἡ
3171 4904 3182 4926 ε

1991 4905 2138 4998 (ξω)
2170 4905 2552 4998 monasterium
2581 4905 2685 4998 hoc
2715 4905 3526 4998 51',“‘ts‘éi‘JPlPelﬂl‘ic"

1918 4973 2194 5053 condit—tim
2245 4989 2294 5040 in
2325 4979 2666 5055 Lausanensi
2698 4978 2939 5055 dimccsi.
3000 4989 3058 5040 et
3083 4973 3272 5055 Maiolo
3300 4975 3528 5038 Clu-uia—

1917 5047 2296 5124 eéiis-ipabbati,
2325 5053 2544 5123 suisque
2600 5047 3035 5124 successoribus
3073 5047 3437 5124 eotuplztssutn,
3460 5059 3546 5110 mi

1921 5113 2258 5196 racia—idern
2285 5113 2399 5196 ipse
2423 5113 2582 5180 Udilo
2609 5123 2672 5196 in
2704 5120 2818 5196 vita
2849 5113 3100 5196 φιλέω
3119 5113 3435 5196 ,βάὲιὶὶιεῖίὲἓέ
3463 5124 3552 5196 his

1924 5183 2238 5267 Erl?"
2265 5183 2596 5280 pizlfifuvero,
2629 5189 2898 5280 Ii‘odﬁtlphi‘
2971 5183 3221 5258 {iidelicet
3242 5183 3556 5280 'uobilissliqjg
