3992 5322
525 247 634 303 959

1036 248 1093 305 5.
1139 249 1339 306 PETRI
1380 250 1661 307 DMIIANI
1700 250 1848 309 OPP.
1877 252 2057 310 PARS
2095 252 2223 310 εει]
2253 254 2568 313 TOMUSII.
2606 287 2671 297 —
2712 256 3130 320 SAKCTORUM
3177 265 3379 323 \'lT.-E.

3684 268 3784 327 αιο

520 375 682 429 quem
706 370 911 418 struma
933 362 1180 432 quiedam
1210 364 1445 436 gutturis
1472 365 1839 422 intumescens
1861 366 2112 435 deturpa-
2142 375 2189 432 Α
2220 364 2415 423 delicet
2435 382 2555 435 qua:
2589 368 2733 427 ablui
2767 370 3099 444 frequentius
3129 377 3389 451 indigent,
3420 382 3645 436 madere
3672 396 3788 453 per-

518 461 678 509 verat
731 468 902 525 usque
920 454 1065 510 adeo
1116 464 1177 510 ut
1215 455 1519 513 claritatem
1569 458 1717 513 vocis
1759 456 2019 526 auferret,
2052 468 2109 513 et

516 546 743 615 insuper
796 546 1197 615 quodammodo
1245 550 1549 604 minaretur
1600 550 1744 619 quod
1790 549 1893 605 sibi
1942 551 2105 606 etiam

514 634 803 705 aliquando
829 637 1074 692 auditum
1107 624 1474 710 interciperet.
1507 638 1676 705 Quem
1703 640 1770 694 ad
1800 654 1860 695 se
1891 641 1971 695 vir
2006 640 2102 697 Dei

507 738 637 780 vere
665 724 976 782 misericors
1001 728 1250 793 advocat,
1306 728 1558 800 palpantc
1611 746 1771 785 manu
1806 731 1983 787 locum
2020 742 2103 787 tn~

504 817 678 871 moris
706 826 985 883 attrectat,
1031 819 1225 875 deinde
1255 820 1465 892 signum
1520 823 1698 878 crucis
1723 823 1893 892 plaga:
1918 834 2101 895 guttu-

504 905 583 961 ris
605 905 893 977 imprimit,
938 918 993 963 et
1023 909 1203 964 divina
1246 912 1492 981 qutedam
1522 906 1689 968 verba
1726 914 1933 977 dicens,
1975 930 2100 969 mox

502 997 657 1053 abire
689 999 973 1069 permittit.
1013 1000 1216 1056 Deinde
1244 1003 1440 1058 mirqu
1488 1004 1541 1058 in
1587 1006 1827 1071 modum,
1866 992 2007 1062 sicut
2044 1009 2096 1063 in

502 1085 624 1144 aliis
651 1088 873 1145 morbus
916 1089 1024 1157 ille,
1055 1100 1339 1162 postquam
1381 1092 1549 1147 semel
1598 1094 1864 1161 oboritur,
1898 1096 1950 1150 in
1982 1098 2097 1153 dies

499 1178 639 1235 solet
669 1194 988 1236 excrescere
1010 1190 1292 1253 totumque
1322 1193 1507 1255 guttur
1529 1184 1912 1241 miserabiliter
1936 1203 2097 1243 occu-

496 1281 651 1336 pare,
706 1269 869 1325 sicin
923 1270 1028 1327 isto
1080 1287 1234 1327 versa
1285 1274 1400 1328 vice
1436 1274 1603 1343 empit
1643 1290 1707 1329 ex
1741 1285 1867 1329 tunc
1890 1278 2091 1333 sensim

497 1357 740 1423 quotidie
769 1359 1164 1425 detumescere,
1190 1360 1361 1415 donec
1385 1362 1551 1431 pestis
1583 1360 1665 1417 illa
1697 1362 1934 1417 funditus
1961 1380 2090 1419 eva-

495 1458 769 1515 nesceret,
804 1458 857 1503 et
884 1458 1070 1517 guttur
1092 1451 1244 1520 pueri
1279 1451 1345 1505 ad
1405 1456 1706 1507 naturalem
1738 1467 1797 1509 se
1850 1455 2087 1525 speciem

494 1551 594 1605 per
629 1539 810 1596 omnia
841 1541 1186 1598 reformaret.
1288 1600 1293 1605 ,

562 1628 685 1685 Alio
721 1646 936 1701 quoque
989 1637 1230 1703 tempore
1277 1634 1345 1691 de
1386 1637 1717 1694 monasterio
1760 1636 1909 1707 (I45)
1943 1638 2082 1708 quod

2211 456 2473 520 mitteret,
2511 474 2631 527 «pne
2661 475 2790 518 vero
2835 465 3108 521 inadeiieri
3147 468 3265 524 siue
3298 471 3498 524 damno
3532 488 3639 525 non
3671 488 3789 543 pos—

2209 558 2357 611 sunt,
2388 562 2416 600 a
2446 556 2696 604 contactu
2724 551 2976 609 llucttnuu
3003 555 3260 612 immunia
3291 562 3616 615 custodiret.

2278 634 2331 689 In
2362 638 2548 690 eodem
2603 655 2813 712 quoque
2839 640 3051 699 .lurensi
3104 651 3431 704 monasterio
3469 651 3555 704 vir
3581 653 3785 708 Domini

2205 722 2364 781 Odilo
2394 728 2687 799 aliquando
2712 736 3058 803 constitutus,
3090 740 3283 808 reperit
3308 756 3536 811 puerum
3571 746 3786 801 nomine

2205 816 2509 875 Gerardum
2560 823 2787 877 terribili
2840 827 3056 882 caducae
3108 830 3376 898 passionis
3420 831 3685 902 languore
3708 837 3789 889 de-

2205 912 2431 966 lentum.
2458 915 2558 981 Qui
2587 917 2883 985 szepissitne
2917 919 3068 988 quasi
3100 919 3368 976 lunaticus
3396 927 3716 989 corruebat.
3737 938 3788 983 ct

2201 1003 2279 1058 sic
2303 1022 2425 1085 eum
2482 1010 2693 1065 occidui
2739 1011 3012 1081 languoris
3049 1014 3277 1086 impetus
3301 1019 3535 1075 obruere
3566 1037 3788 1075 consuc-

2197 1104 2372 1159 verat,
2426 1096 2486 1151 ut
2534 1096 2584 1153 iit
2616 1114 2682 1154 eo
2724 1116 2896 1169 neque
2934 1116 3057 1166 vos,
3090 1120 3263 1173 neque
3292 1108 3585 1171 memoria,
3618 1125 3788 1179 neque

2196 1199 2421 1255 prorsus
2473 1189 2650 1260 aliqua
2696 1191 3056 1246 membrorum
3106 1195 3279 1250 ollicia
3326 1209 3788 1262 retnanerent,ac

2194 1276 2309 1365 fere
2346 1295 2376 1333 a
2399 1292 2612 1337 mortuo
2641 1283 2772 1337 nihil
2796 1284 3042 1339 distaret.
3090 1284 3227 1340 lluie
3260 1288 3423 1343 homo
3448 1289 3547 1344 Dei
3578 1290 3785 1343 miseri-

2193 1369 2435 1425 Corditcr
2461 1373 2924 1439 condescemlens,
2954 1372 3214 1431 fratribus
3239 1387 3295 1431 ut
3324 1388 3421 1448 pro
3450 1392 3519 1434 eo
3549 1377 3648 1433 Dei
3680 1378 3784 1434 cle-

2192 1461 2451 1514 mentiam
2512 1463 2869 1533 deprecentur
2920 1462 3165 1534 injungit,
3200 1467 3314 1536 ipsc
3346 1483 3479 1522 vero
3508 1469 3581 1521 ad
3604 1483 3781 1522 saero-

2189 1560 2436 1605 sauctum
2460 1552 2655 1618 altare,
2683 1554 2903 1609 missam
2935 1555 3324 1622 celebraturus;
3355 1558 3609 1620 accedit;
3644 1573 3780 1626 :I'gcr

2187 1642 2351 1696 etiam
2385 1651 2442 1697 ut
2474 1643 2758 1699 interesset
2807 1644 3105 1698 admonuit.
3149 1643 3246 1699 Cui
3287 1662 3413 1700 mox
3432 1646 3779 1701 eucharistize

491 1732 572 1815 est
601 1723 655 1815 in
712 1722 930 1781 Ju’rensi
978 1727 1253 1811 territorio
1303 1728 1683 1796 constitutum,
1743 1732 1827 1784 vir
1861 1742 2083 1786 Sanctus
2115 1756 2160 1815 Β
2190 1725 2444 1795 salutaris
2492 1756 2689 1795 munus
2743 1739 3004 1804 tradidit;
3040 1740 3252 1807 deinde,
3303 1740 3443 1795 sicut
3472 1740 3582 1794 sibi
3614 1740 3777 1795 moris

485 1812 649 1887 413
671 1817 898 1884 exierat,
920 1818 1055 1874 etad
1072 1808 1487 1876 'Gebenneusem
1520 1824 1565 1892 (ι
1584 1822 1668 1893 Μ)
1699 1824 1885 1877 urbem
1906 1822 2084 1893 empto

485 1906 684 1965 itinere
713 1912 1091 1968 contendebat.
1119 1912 1253 1968 Cum
1296 1925 1476 1970 autem
1515 1917 1583 1972 ad
1628 1918 1919 1988 quemdam
1949 1933 2049 1973 con

484 2010 633 2054 cavae
676 2000 1061 2071 profunditatis
1106 2005 1328 2059 ﬂuvium
1376 2005 1724 2073 devenisset,
1782 2001 1980 2064 accidit
2021 2017 2080 2062 ut

480 2088 661 2146 mulus
716 2093 807 2161 qui
843 2094 1077 2149 hominis
1121 2094 1214 2150 Dei
1266 2096 1678 2167 supellectilem,
1722 2097 1888 2154 libros
1933 2094 2075 2155 scili-

479 2192 569 2239 cet
597 2199 663 2241 ac
711 2183 985 2250 lectulum,
1028 2186 1324 2253 deferebat,
1367 2203 1397 2242 a
1447 2186 1660 2258 publico
1709 2191 1846 2245 vado
1885 2188 2074 2261 praeui

478 2276 762 2343 aberraus,
794 2277 845 2331 in
877 2277 1283 2347 profundiorem
1323 2280 1462 2337 alvei
1488 2276 1805 2355 'voraginem
1831 2286 2074 2354 caderet,

476 2369 664 2440 sicque
697 2380 940 2442 raptatus
988 2388 1017 2427 a
1070 2374 1301 2444 gurgite,
1356 2374 1505 2431 nullo
1541 2376 2070 2447 meinbrorum,,nisi

473 2464 591 2520 solo
620 2465 818 2536 capite,
868 2465 1120 2524 ﬂuetibus
1166 2470 1454 2526 emineret.
1480 2470 1582 2541 Qui
1632 2472 1845 2529 tandem
1876 2488 1906 2529 e
1935 2491 2070 2531 nau-

468 2552 648 2627 fragio
674 2552 985 2627 protractus
1006 2558 1277 2625 educitur,
1310 2561 1375 2615 ad
1406 2563 1853 2630 perscrutandum
1886 2574 2067 2622 utrum

467 2663 559 2704 res
594 2657 669 2719 et
701 2650 939 2707 maxime
987 2651 1113 2708 libri
1170 2653 1453 2724 perierint,
1514 2654 1880 2727 desagmatur.
1931 2657 2068 2713 Miro

467 2734 656 2809 itatjue
706 2755 959 2810 superna:
1006 2742 1429 2812 dispensationis
1474 2746 1685 2813 ordine,
1728 2746 1851 2803 libri
1904 2748 2065 2804 simul

468 2844 594 2885 cum
628 2830 827 2888 lectulo
856 2833 927 2887 ita
967 2849 998 2889 a
1043 2833 1294 2892 fluetibus
1348 2838 1688 2908 reperiuntur
1740 2839 1954 2907 intacti,
2006 2851 2065 2897 ιιι

464 2938 535 2977 ne
562 2924 706 2979 tenui
732 2920 948 2994 Quidem
979 2941 1134 2997 aqua:
1166 2928 1307 2983 stilla
1343 2930 1629 2987 videantur
1657 2934 1884 3001 aspersi.
1910 2933 2062 2990 Man-

465 3010 581 3067 tilia
610 3028 741 3069 vero
767 3014 929 3069 simul
963 3024 1020 3069 et
1055 3019 1394 3088 manutergia
1427 3036 1650 3090 prorsus
1686 3023 1922 3094 undique
1968 3040 2059 3080 re-

2185 1840 2326 1897 crat,
2356 1831 2751 1887 sanctiﬁcatum
2806 1844 3001 1900 aquam
3230 1846 3350 1885 eum
3383 1831 3446 1883 li.
3487 1830 3667 1900 Majoli
3691 1845 3777 1884 ca-

2186 1922 2290 1978 lire
2316 1920 2642 1991 propinavit.
2670 1921 2778 1976 Nec
2809 1936 2979 1986 mora,
3019 1922 3264 1991 protinus
3292 1937 3319 1975 a
3347 1936 3518 1991 puero
3550 1914 3777 1992 languor

2180 2015 2361 2070 omnis
2405 2014 2689 2079 abscessit,
2738 2014 2885 2069 salus
2936 2022 3120 2083 optata
3176 2015 3452 2080 succedit;
3491 2025 3549 2069 et
3578 2014 3773 2084 sicper

2181 2106 2373 2160 merita
2408 2105 2549 2160 beati
2598 2105 2695 2159 viri
2750 2105 2982 2160 restituti
3029 2098 3130 2159 Sibi
3190 2104 3389 2177 vigoris
3421 2105 3770 2161 incolumitas

2178 2198 2495 2268 permansit.

2246 2288 2549 2358 Aliquando
2574 2289 2656 2343 vir
2682 2288 2889 2344 Domini
2918 2304 3013 2359 per
3034 2299 3301 2360 prterupta
3332 2288 3649 2345 Jurcnsium
3676 2288 3766 2344 Al-

2174 2376 2321 2448 pium
2363 2379 2466 2433 iter
2514 2379 2768 2444 hahebat,
2802 2390 2853 2433 et
2890 2391 3108 2449 repente
3146 2380 3453 2451 Sagittarius
3492 2380 3764 2435 nonnullis

2171 2470 2436 2529 oneratus
2465 2474 2697 2528 sarcinis
2729 2488 2779 2543 p:
2800 2489 2824 2525 r
2857 2473 3056 2527 montis
3086 2472 3286 2527 devexa
3334 2472 3649 2536 collabitur,
3679 2481 3760 2525 at-

2171 2559 2277 2637 que
2313 2568 2415 2637 per
2466 2583 2657 2637 aspera
2704 2567 2915 2636 rupium
2964 2566 3417 2636 scapularumqnc
3464 2566 3758 2636 prmeipitia

2170 2674 2341 2729 usque
2371 2659 2438 2712 ad
2489 2657 2645 2713 vallis
2691 2659 2887 2714 iulium:
2929 2657 3192 2729 profunda
3222 2666 3488 2728 raptatur.
3529 2657 3758 2712 Ministri

2169 2752 2418 2820 protinus
2446 2750 2499 2806 itt
2536 2751 2664 2806 illud
2691 2751 2909 2806 lubrica!
2934 2751 3101 2806 rttinte
3133 2750 3494 2822 praecipitium
3526 2750 3751 2805 descen-

2168 2841 2377 2909 dentes,
2406 2843 2663 2899 nonnulla
2729 2844 2948 2914 quidem
2976 2844 3043 2899 de
3075 2832 3381 2907 sarcinulis,
3412 2857 3537 2912 qua:
3557 2842 3750 2914 passim

2167 2935 2410 3004 dispersa
2442 2934 2679 2999 fuerant,
2709 2934 2873 2988 illarsa
2900 2932 3193 3003 reperiunt.
3221 2934 3417 2987 librum
3442 2941 3626 2987 tamen
3653 2932 3749 2987 Sa-

2164 3032 2564 3080 cramentorum
2620 3024 2801 3078 aureis
2845 3024 3037 3079 litteris
3071 3035 3378 3089 exaratum,
3410 3038 3539 3080 cum
3568 3024 3749 3080 vitreis

460 3110 618 3173 perta
664 3114 791 3159 sunt
840 3107 1075 3163 madida.
1128 3106 1227 3163 Ubi
1280 3112 1572 3167 notandum
1624 3128 1786 3183 quam
1839 3116 2062 3187 pervigil
2089 3118 2141 3183 α
2169 3118 2490 3190 quibusdam
2521 3117 2755 3172 vasculis
2783 3114 3083 3187 anaglypha
3112 3114 3374 3169 fusilitate
3402 3115 3628 3180 czelatis,
3661 3116 3749 3171 dc-

458 3197 627 3256 fuerit
655 3214 784 3272 erga
814 3215 1030 3257 servom
1062 3216 1221 3257 suum
1254 3201 1433 3257 divina
1481 3204 1770 3274 protectio,
1807 3214 1865 3261 ut
1891 3220 1954 3261 ea
1982 3210 2061 3262 vi-

2162 3226 2284 3268 esse
2304 3209 2666 3281 perpenduut.
2690 3208 2899 3276 Quibus
2930 3207 3144 3263 interim
3174 3207 3499 3262 recedentes
3516 3205 3744 3269 omissis,

1384 3317 1689 3373 unum
1726 3318 1997 3376 CllESNll
2030 3320 2116 3377 ET
2154 3298 2471 3378 ANONYMI
2511 3304 2741 3378 NOTAE.

456 3428 611 3495 ddiit,
634 3429 770 3499 quod
795 3429 909 3498 ipsa
932 3428 1002 3483 ad
1033 3429 1283 3483 honorem
1322 3428 1417 3482 Dei
1440 3426 1721 3483 Genitricis
1763 3446 1856 3499 pro
1883 3446 2048 3485 reme-

453 3498 543 3553 dio
574 3498 766 3554 unione
792 3514 907 3569 sure
944 3501 1129 3554 matris
1176 3498 1247 3552 ibi
1277 3500 1664 3569 requiescentis,
1698 3498 1804 3553 tam
1839 3516 1905 3554 ea:
1929 3518 2046 3555 nta-

452 3569 615 3627 ternis
649 3570 815 3637 i‘ebus;
821 3568 1064 3623 nobiliter
1091 3568 1351 3624 condidit.
1380 3570 1488 3624 lmo
1519 3580 1574 3624 et
1608 3570 1853 3626 Odilouis
1881 3571 2048 3625 abba-

450 3639 524 3694 tis
573 3648 816 3709 tempore
867 3638 1218 3694 Paterniacus
1269 3639 1389 3702 iste.
1438 3641 1577 3696 sicut
1626 3642 1703 3695 ait
1752 3643 2047 3696 inooaehus

450 3709 827 3774 Silviaceusis,
863 3709 925 3763 ob
956 3709 1050 3764 Dei
1083 3726 1314 3763 antorem
1347 3710 1629 3765 Geuitrieis
1677 3711 1776 3764 sibi
1811 3712 2040 3766 delecta-

448 3778 567 3835 bilis
595 3779 844 3845 locusgin
888 3779 1151 3850 trdiﬁeiis,
1202 3780 1260 3834 in
1300 3782 1737 3850 possessionibus,
1786 3793 1836 3836 et
1882 3799 2045 3837 orna-

447 3850 637 3923 mentis
654 3851 988 3923 amplissime
1010 3849 1266 3904 dilatatus
1297 3849 1473 3923 crevit.
1502 3851 1768 3906 Doeuesx.

522 3920 672 4004 “43)
699 3920 999 4004 Rpmanum
1025 3921 1415 4004 ttionasterium
1438 3923 1618 4004 notari
1635 3922 1881 4004 suspicor
1896 3922 2046 4004 quod

445 4000 501 4046 et
533 3991 709 4057 ipsum
740 3991 1068 4046 Lausanensi
1099 3991 1317 4046 diwcesi
1352 3992 1513 4046 situm
1542 4002 1644 4057 est,
1684 3991 1739 4046 et
1788 3994 1856 4047 ab
1882 3991 2046 4046 Adal-

444 4061 608 4116 heide
633 4061 900 4129 Rodulphi
953 4062 1093 4129 regis
1141 4076 1328 4116 sorore
1366 4062 1593 4117 forsitan
1647 4064 1811 4117 etiam
1860 4062 2049 4117 Odilo-

443 4132 501 4186 ni
548 4130 768 4200 suisque
824 4134 874 4184 in
927 4130 1267 4185 Cluniacensi
1324 4133 1575 4188 eoenobio
1642 4133 2046 4189 successoribus

443 4202 820 4259 commissum.
855 4202 907 4254 lu
939 4202 1280 4257 Chartulario
1310 4217 1544 4273 namque
1578 4202 1919 4259 Cluniacensi
1949 4219 2035 4259 re-'

441 4273 564 4342 gale
593 4281 918 4342 pneeeptum
963 4282 1162 4339 exsutt,
1206 4286 1315 4341 quo
1364 4271 1678 4341 Rodulphus
1711 4288 1803 4328 rex
1845 4290 2035 4328 mona-

444 4344 671 4399 sterium
702 4342 803 4398 hoc
850 4342 1132 4397 Adalheidi
1162 4342 1336 4397 sorori
1376 4357 1485 4396 sua:
1520 4344 1784 4399 concessit
1828 4345 1881 4397 in
1923 4346 2029 4398 vita

438 4430 560 4478 sua,
593 4423 648 4470 et
679 4424 737 4468 ut
768 4413 995 4468 haberet
1032 4422 1155 4483 post
1202 4413 1480 4484 decessum
1514 4429 1668 4467 suum
1707 4423 2027 4484 potestatein

2151 3441 2199 3487 et
2246 3442 2301 3486 ut
2352 3431 2560 3485 haberet
2600 3440 2717 3501 post
2765 3431 3032 3486 decessum
3070 3439 3377 3501 potestatem
3419 3429 3742 3501 relinquendi

2152 3504 2442 3572 cuicunque
2459 3499 2675 3557 voluerit
2697 3502 2962 3556 ltwredum
2982 3516 3217 3573 suorum.
3250 3499 3423 3565 Quam
3443 3500 3565 3573 peti.
3578 3500 3743 3551 iuuene

2152 3570 2447 3627 iutimo‘ea:
2497 3573 2651 3626 corde
2710 3570 3064 3641 suscepimus,
3098 3580 3169 3641 ret
3198 3585 3291 3641 per
3340 3570 3739 3641 auctoritatem,

2188 3659 2307 3696 nam
2366 3643 2617 3695 habemus
2669 3639 3043 3711 principalem;
3078 3639 3448 3711 jumrlictmir
3478 3639 3740 3693 abbatum

2199 3728 2444 3767 omanam
2491 3709 2677 3765 eidem'
2703 3711 2961 3781 largimur
3006 3712 3132 3765 dum
3172 3710 3380 3781 vixerit.
3406 3709 3542 3763 Cum
3567 3719 3741 3781 autem

2153 3782 2292 3837 Dens
2320 3800 2437 3837 eam
2467 3799 2500 3836 a
2542 3798 2760 3851 corpore
2809 3798 2992 3836 vocare
3043 3782 3289 3851 dignatus
3332 3780 3521 3847 fuerit,
3552 3780 3739 3833 habent

2149 3851 2414 3906 licentium
2460 3862 2505 3906 et
2546 3868 2747 3905 onmem
2792 3852 3095 3919 {iaculmtem
3152 3851 3440 3918 relinquere
3480 3866 3601 3903 cum
3630 3851 3742 3901 cui-

2148 3925 2349 3993 cunque
2388 3921 2596 3993 elegerit
2641 3925 2706 3975 de
2732 3923 2841 3976 suis
2872 3923 3186 3975 Im'rerlibus.
3221 3922 3388 3988 Atque
3420 3931 3475 3973 ut
3501 3921 3617 3974 hac
3642 3935 3739 3993 uo-

2148 3991 2272 4046 stra‘
2302 3994 2514 4061 largitio
2561 3992 2766 4061 ﬁrmior
2808 3993 3084 4055 habentur,
3120 4002 3170 4045 et
3196 4006 3293 4059 per
3311 4001 3505 4044 cuncta
3539 3991 3741 4043 arcula

2146 4062 2449 4118 inconvuise
2500 4074 2746 4124 servetur,
2786 4079 2944 4116 manu
2989 4074 3168 4116 nostra
3202 4062 3735 4128 subter/imuwimus,

2143 4142 2192 4188 et
2213 4134 2277 4187 de
2301 4134 2484 4187 annuli
2507 4134 2671 4185 nostri
2700 4133 3035 4200 impressione
3056 4132 3281 4199 :igitluri
3302 4132 3662 4200 prazcipimus.

2216 4201 2437 4274 Signum
2470 4203 2733 4271 Rodulphi
2759 4204 2986 4271 piissimi
3012 4205 3164 4272 regis;

2213 4270 2561 4343 Be'rengurius
2608 4270 2844 4326 notarius
2889 4276 2959 4325 ad
3000 4270 3158 4327 vicem
3202 4270 3517 4326 Theoderici
3560 4271 3735 4324 archi-

2138 4346 2363 4414 episcopi
2383 4342 2438 4397 et
2465 4342 2766 4414 cancellarii
2806 4345 3094 4413 recognori.

2211 4409 2407 4467 Datum
2436 4430 2489 4468 tv
2530 4412 2662 4467 Idus
2693 4412 2885 4467 Junius
2924 4409 3067 4466 anno
3116 4412 3178 4466 l0
3209 4412 3437 4482 propitio
3464 4409 3731 4482 Rodulpbi

438 4463 1154 4556 si}.(mearelicinae;
1189 4463 2033 4554 adstringunt"(cuius
2064 4463 2112 4523 ι)
2138 4463 2885 4556 ps;.'.-';.;r..ej.,.-.‘1;"..assca
2913 4463 3288 4556 ίβιξέίνηξιηέεέε
3307 4463 3559 4556 manus

437 4564 521 4611 est
560 4574 573 4610 ;

863 4624 941 4679 De
986 4624 1221 4681 Romano
1260 4627 1599 4681 monasterio.

509 4697 580 4752 In
631 4699 837 4753 nomine
885 4707 1078 4750 sauctw
1135 4706 1180 4748 et
1227 4697 1513 4750 individua:
1568 4696 1882 4763 Trinitatis,
1926 4697 2029 4751 Ro-

438 4767 666 4837 dulpltus
690 4769 865 4821 divina
898 4767 1101 4835 furente
1126 4766 1399 4821 clementia
1436 4783 1547 4821 rex.
1577 4767 1709 4821 Cum
1752 4769 2025 4822 conueniat

439 4839 640 4908 regiam
674 4838 1009 4908 eminentiam
1040 4846 1093 4889 ut
1133 4853 1257 4904 erga
1291 4837 1552 4908 subjectos
1588 4838 1865 4907 benignum
1887 4855 2024 4908 pra:-

438 4907 555 4963 beat
588 4909 877 4981 auditum,
909 4917 956 4962 et
975 4907 1181 4986 justam
1211 4907 1511 4988 petitionem
1554 4923 1734 4989 eorum
1789 4908 1860 4989 ad_
1889 4907 2021 4989 ἐθε-

1538 4980 1591 5006 ..ἔ
1637 4980 1931 5018 ατε-ηκηιιίιςὶ
1941 4994 2023 5020 mn

2146 4555 2320 4609 'ttdict.
2346 4570 2418 4607 γι.
2446 4556 2629 4607 Actum
2672 4553 2859 4607 Vubra:
2904 4555 2957 4606 in
2993 4553 3085 4606 Dei
3120 4553 3345 4606 nomine.
3375 4555 3566 4604 Anien.

2207 4624 2477 4695 Quidquid
2510 4626 2601 4688 sit,
2644 4636 2700 4678 et
2737 4624 2859 4695 data
2882 4694 2887 4695 γ
2910 4626 3162 4693 praecepti
3195 4622 3504 4695 llonmuunt
3533 4635 3726 4695 mona-

2134 4691 2516 4751 sterium—alio
2561 4710 2723 4764 quam
2753 4691 3015 4764 Odilmiis
3066 4691 3305 4763 tempore
3348 4691 3726 4747 Cluniacensis

2133 4768 2368 4823 ρωποι)ἱί
2407 4763 2706 4820 membrum
2738 4763 2852 4817 fieri
2880 4781 2984 4818 non
3017 4765 3257 4834 potuisse
3283 4764 3727 4834 deruopstraget

2132 4852 2435 4909 anonymus
2462 4835 2742 4909 Silviuiaci
2774 4832 3089 4909 monachus
3118 4836 3186 4889 ab
3224 4834 3415 4909 eodem
3446 4833 3566 4899 ipso
3595 4832 3726 4886 0di-

2131 4907 2254 4963 lone
2280 4903 2668 4962 retudilieatum
2693 4922 2723 4958 a
2768 4903 2935 4960 fundo
2966 4915 3212 4960 testatur.
3247 4904 3322 4958 lu.

2200 4978 2351 5020 (MM
2393 4978 2447 5020 In
2495 4991 2601 5020 mm
2662 4976 2883 5020 militum
2929 4987 2980 5020 et
3030 4973 3223 5020 nobilis
3279 4971 3448 5020 sancti
3483 4970 3726 5020 Victoris
