3992 5322
291 165 391 236 9H

1603 173 1756 229 VITA
1795 173 1854 230 S.
1885 173 2218 232 ODILOMS.

3458 181 3566 240 942

293 289 587 360 hospitium
605 265 1092 359 subeunt,corpora
1119 287 1260 344 fessa
1287 287 1554 352 reficiunt,
1581 295 1635 342 et
1660 297 1876 342 uoctur-
1905 299 1954 353 Α
1983 287 2090 340 rire
2135 293 2436 340 creaturam
2483 299 2638 340 suam
2669 287 2770 342 sub
2799 285 2961 356 hujus
2989 287 3192 344 furoris
3218 289 3428 346 insania
3463 309 3566 348 non

291 395 364 436 no
391 379 632 452 soporati
673 379 894 436 silentio
923 381 1266 449 quieverunt.
1295 378 1451 432 Mane
1503 388 1684 433 autem
1709 378 1872 444 facto,

291 467 508 526 mature
531 475 837 540 surgentes,
871 473 938 526 ad
967 472 1145 525 locum
1175 471 1326 526 illum
1352 471 1602 526 celeriter
1631 471 1876 536 redeunt,

287 573 346 616 et
369 551 638 618 curiosius
663 563 890 630 quaeque
942 561 1262 616 ditierticula
1317 563 1728 632 perlustrantes,
1759 578 1876 617 om-

289 649 382 708 nia
409 669 536 724 quze
563 655 790 724 periisse
819 654 1239 723 suspicabantur
1269 654 1552 708 inveniunt
1577 673 1588 707 :
1626 671 1760 708 vasa
1791 654 1878 708 ni-

287 743 491 798 mirum
547 745 716 798 vitrea
769 745 1116 812 rcperiuntur
1145 743 1344 810 illaesa;
1397 745 1686 799 deauratus
1713 745 1877 799 etiam

287 831 450 900 liber,
491 849 614 888 cum
667 843 882 904 tempus
920 833 1132 889 scilicet
1173 835 1510 890 imbriferum
1543 836 1878 890 inhorresce-

287 930 392 986 ret,
431 937 466 976 a
495 923 640 978 nulla
669 939 896 992 prorsus
921 934 1004 980 est
1025 923 1332 994 pluviarum
1361 925 1714 980 inundatione
1743 943 1876 981 con-

287 1019 488 1067 tactus.
523 1011 814 1084 Sicitaque
839 1015 984 1070 beati
1023 1017 1126 1070 viri
1159 1017 1389 1082 meritis,
1418 1027 1470 1071 et
1497 1019 1696 1074 vitrum
1725 1019 1876 1073 fran-

283 1117 414 1172 gere
463 1111 707 1174 praeceps
737 1105 894 1160 ruina
938 1121 1044 1161 non
1073 1106 1264 1176 potuit,
1299 1113 1352 1162 e't
1377 1107 1706 1176 perfundere
1728 1109 1880 1164 codi-

283 1206 404 1247 cem
437 1192 814 1250 inundantium
835 1195 1088 1250 imbrium
1116 1197 1360 1252 densitas
1389 1198 1676 1268 ignoravit.

354 1279 564 1338 Nobilis
587 1283 804 1352 quidam
848 1285 952 1350 vir,
987 1287 1114 1339 dum
1133 1287 1340 1356 jaceret
1377 1288 1477 1342 sub
1514 1289 1728 1355 arbore,
1755 1305 1876 1359 par-

285 1370 452 1426 tieula
482 1373 708 1428 corticis
747 1374 800 1428 in
835 1373 950 1442 ejus
979 1375 1196 1430 oculum
1224 1377 1440 1442 cecidit,
1473 1378 1688 1434 cuinon
1718 1381 1876 1436 modo

281 1458 466 1516 lumen
494 1463 718 1518 omnino
751 1465 1008 1530 turbavit,
1031 1468 1126 1520 sed
1157 1477 1212 1522 et
1234 1467 1464 1522 aliarum
1495 1470 1872 1526 calamitatum

281 1549 564 1620 multiplex
593 1554 804 1621 pondus
843 1555 1067 1610 invexit.
1111 1556 1244 1610 Nam
1273 1573 1396 1612 cum
1441 1559 1494 1612 id
1527 1560 1672 1628 quod
1715 1561 1874 1614 oculo

1980 380 2280 448 permittat.
2313 379 2449 434 llinc
2477 379 2545 436 ab
2571 379 2816 436 oratione
2841 397 3195 448 consurgens,
3227 383 3294 436 ad
3325 401 3448 438 eum
3473 387 3566 456 qui

1980 472 2289 540 patiebatur
2311 473 2539 536 accedit,
2569 487 2707 542 aqua
2731 472 3182 530 sanctificationis
3205 477 3466 546 aspergit,
3489 487 3570 532 at-

1979 579 2112 631 que,
2157 573 2216 617 ut
2253 579 2318 617 ex
2370 579 2432 617 ea
2464 563 2636 628 bibat,
2677 563 2954 620 suadendo
2983 565 3274 634 compellit.
3315 567 3416 632 Qui
3461 583 3568 622 non

1979 651 2148 706 multo
2177 662 2300 722 post
2345 651 2410 706 ad
2434 653 2751 707 Cluniacnm
2797 669 2961 708 sanus
3001 663 3056 708 et
3081 655 3368 712 incolumis
3399 659 3570 724 venit,

1979 741 2140 794 xenia
2170 742 2400 810 piscium
2425 742 2639 807 detulit,
2675 751 2732 796 et
2759 744 2884 812 quia
2912 743 3014 798 sibi
3048 743 3358 813 plenissime
3383 748 3566 802 reddi-

1979 841 2066 888 tus
2095 843 2260 900 esset,
2301 834 2503 906 gratias
2529 833 2792 899 referens,
2831 835 3107 891 indicavit.

2048 925 2204 982 Alius
2241 942 2455 996 quoque
2508 928 2664 983 miles
2723 927 3018 984 efﬁcaciam
3063 930 3257 984 edendi
3297 931 3572 988 sermonis

1980 1017 2253 1071 amiserat.
2311 1017 2409 1074 Hic
2449 1033 2545 1088 per
2587 1019 2853 1074 visionem
2907 1020 3216 1075 admonitus
3265 1031 3464 1076 est'ut
3515 1023 3569 1078 si

1977 1123 2172 1176 aquam
2205 1123 2312 1178 qua
2335 1125 2530 1166 manus
2557 1111 2698 1166 beati
2735 1112 2978 1166 0dilonis
2999 1113 3356 1168 abluebantur
3385 1115 3570 1170 hauri-

1977 1209 2080 1265 ret,
2107 1201 2208 1254 hae
2227 1201 2330 1256 sibi
2355 1201 2608 1272 loquendi
2631 1203 2772 1257 vires
2797 1211 2848 1257 et
2873 1203 3086 1258 amissa:
3111 1204 3306 1276 lingua:
3329 1205 3566 1261 officium

1975 1291 2162 1360 procul
2193 1291 2356 1346 dubio
2383 1291 2728 1348 reformaret.
2758 1293 2912 1362 Aqua
2961 1294 3125 1363 igitur
3167 1309 3265 1364 per
3287 1297 3566 1352 ministros

1977 1380 2120 1434 fideli
2151 1379 2296 1437 furto
2322 1383 2642 1452 subripitur,
2679 1383 2848 1438 altera
2889 1383 3054 1436 etiam
3085 1399 3224 1453 aqua
3269 1403 3299 1438 a
3326 1387 3440 1440 viro
3461 1386 3567 1442 'Dci

1975 1470 2258 1526 benedicta
2281 1472 2348 1527 de
2372 1473 2541 1529 calice
2567 1475 2740 1529 sancti
2769 1475 2946 1530 Maioli
2973 1485 3122 1530 mutu
3159 1479 3564 1532 transmittitur.

1979 1563 2124 1631 Quas
2174 1566 2260 1620 ille
2310 1581 2433 1622 cum
2471 1568 2636 1622 nimia
2675 1567 2964 1623 devotione
2993 1570 3314 1638 suscipiens,
3345 1575 3568 1626 mutatis

283 1643 452 1698 semel
483 1645 764 1702 insederat
800 1648 948 1704 nullo
989 1649 1150 1706 modo
1188 1653 1455 1722 potuisset
1487 1654 1704 1724 expelli,
1736 1656 1870 1726 fugit
1903 1669 1946 1728 Β
1977 1658 2218 1713 vestibus
2250 1660 2528 1732 ingressus
2553 1660 2863 1724 ecclesiam,
2911 1662 3037 1732 quia
3069 1662 3382 1732 linguanon
3413 1675 3568 1734 pote-

279 1747 504 1792 sOmnus
531 1739 599 1794 ab
625 1731 836 1806 oculis;
898 1749 952 1795 et
974 1757 1082 1796 non
1113 1745 1270 1798 modo
1284 1743 1398 1812 jam
1429 1745 1590 1800 homo
1613 1761 1717 1800 non
1747 1749 1870 1800 dur-

279 1827 438 1892 mire,
490 1829 584 1884 Sed
625 1845 728 1886 nec
774 1830 936 1904 415
991 1833 1240 1890 ciborum
1279 1836 1496 1905 quidem
1527 1837 1741 1892 valebat
1771 1839 1869 1892 ali-

275 1925 460 1972 menta’
491 1920 794 1990 percipere.
851 1921 1022 1988 Quem
1069 1939 1313 1980 seorsum
1341 1926 1426 1979 vir
1447 1935 1668 1982 sanctus
1699 1911 1867 1982 addu-

272 2021 428 2074 cens,
451 2009 666 2080 signum
696 2011 798 2065 sibi
819 2027 999 2068 crucrs
1025 2013 1321 2084 impressit,
1349 2031 1413 2070 ac
1435 2031 1558 2070 mox
1585 2017 1863 2073 insulilans

272 2113 440 2172 super
465 2104 646 2160 locum
678 2107 880 2162 doloris
932 2109 1174 2174 halavit;
1209 2109 1406 2166 deinde
1442 2111 1766 2180 promittens
1804 2127 1865 2168 se

271 2193 544 2251 salutares
571 2213 666 2266 pro
701 2213 766 2252 co
811 2198 1062 2253 victimas
1110 2199 1443 2268 oblaturum,
1473 2202 1627 2258 abiit.
1660 2202 1866 2258 Absce-

271 2283 436 2341 deme
486 2286 670 2356 itaque
704 2289 820 2344 viro
870 2289 990 2356 Dei,
1023 2293 1272 2360 protinus
1299 2293 1460 2348 homo
1487 2295 1733 2350 suaviter
1767 2297 1863 2352 οὺ*

269 2377 572 2434 dormivit:
601 2381 862 2452 cvigilans
909 2391 1116 2448 autem,
1159 2384 1484 2454 particulam
1531 2387 1754 2442 corticis
1792 2389 1860 2444 ab

265 2471 428 2526 oculo
457 2488 565 2526 non
589 2474 710 2530 sine
741 2475 992 2545 lanugine
1021 2479 1256 2548 quadam
1285 2477 1536 2548 projeeit,
1562 2489 1618 2534 et
1639 2495 1670 2535 e
1693 2481 1860 2536 vesti-

268 2559 356 2628 gio
381 2561 562 2618 factus
589 2565 898 2632 incolumis,
927 2566 1128 2620 nullam
1153 2567 1220 2621 de
1255 2578 1452 2622 caetero
1481 2569 1680 2625 doloris
1700 2571 1862 2642 hujus

267 2653 574 2710 molestiam
605 2657 794 2712 sensit.

265 2781 274 2790 -
339 2745 570 2801 Cuidam
601 2748 938 2806 Turonensis
961 2749 1218 2806 Ecclesiae
1248 2751 1447 2808 clerico
1479 2753 1678 2812 lcthale
1701 2756 1858 2813 ulcus

264 2827 320 2890 in
347 2837 572 2894 brachio
618 2843 940 2910 pestilenter
989 2855 1332 2910 excreverat,
1367 2854 1424 2901 ut
1447 2847 1550 2902 sibi
1577 2847 1692 2916 jam
1745 2863 1857 2905 non

263 2926 548 3000 languoris
578 2933 978 3003 a'gritudinem,
1007 2935 1101 2990 sed
1130 2935 1299 3005 ipsam
1329 2937 1507 3006 potius
1535 2939 1857 2996 intermina-

1975 1757 2084 1812 rat,
2128 1763 2224 1802 ore
2271 1750 2450 1804 cordis
2500 1751 2716 1814 oravit;
2749 1761 2804 1804 et
2829 1752 2907 1806 sic
2949 1753 3140 1820 poculo
3171 1753 3565 1811 benedictionis

1973 1848 2220 1908 accepto,
2255 1849 2565 1910 reparatum
2590 1841 2694 1895 sibi
2723 1841 3014 1896 locutionis
3043 1841 3276 1898 officium
3301 1859 3564 1915 recogno~

1971 1931 2066 1984 vit.
2105 1931 2226 1986 Mox
2257 1933 2422 1988 etiam
2453 1935 2704 2004 expedite
2758 1934 3002 2005 loquens,
3038 1936 3238 1992 mirum
3267 1938 3336 1993 de
3360 1955 3418 1994 se
3440 1956 3566 2010 spe-

1966 2025 2237 2080 ctaculmn
2291 2029 2638 2082 cernentibus
2689 2027 2854 2100 516
2907 2029 3076 2094 dedit,
3133 2037 3188 2084 et
3212 2031 3342 2100 quid
3365 2033 3560 2090 beatus

1967 2117 2122 2174 Odilo
2151 2120 2289 2190 apud
2322 2119 2488 2174 Deum
2511 2129 2693 2190 posset
2713 2121 2996 2176 evidenter
3025 2122 3277 2176 innotuit.

2037 2209 2309 2266 Prmterea
2341 2226 2464 2265 cum
2495 2211 2582 2264 vir
2619 2211 2948 2266 venerabilis
2979 2213 3120 2282 apud
3149 2213 3442 2282 quamdam
3468 2225 3559 2266 ec—

1965 2301 2186 2358 clesiam
2219 2303 2536 2358 monasterii
2567 2303 2712 2372 quod
2738 2303 2940 2357 dicitur
2967 2301 3138 2358 Vallis
3161 2303 3342 2358 Aurea
3375 2303 3556 2358 cibum

1965 2403 2204 2462 caperet,
2233 2393 2328 2447 sed
2373 2392 2549 2448 locum
2575 2407 2768 2462 magna
2807 2392 2920 2445 vini
2949 2391 3202 2448 laborare
3230 2392 3455 2462 penuria
3477 2392 3561 2446 di-

1964 2483 2204 2550 dicisset,
2261 2498 2330 2537 ne
2387 2493 2640 2552 gravaret
2677 2483 2904 2539 fratrem
2929 2485 3022 2554 qui
3057 2497 3182 2538 eum
3211 2501 3334 2540 cum
3366 2483 3558 2538 alacri-

1965 2583 2074 2628 tate
2094 2583 2426 2646 susceperat,
2453 2575 2556 2628 boc
2579 2575 2634 2629 in
2656 2589 2946 2629 commune
2967 2573 3218 2643 praefixit,
3247 2583 3304 2627 ut
3323 2573 3556 2643 quisque

1962 2665 2404 2721 decumbentium
2455 2681 2563 2720 uno
2591 2673 2799 2720 tantum
2833 2665 3037 2735 scypho
3065 2673 3354 2721 contentus
3383 2675 3552 2726 esset,

1961 2757 2090 2812 solis
2127 2767 2307 2812 autem
2341 2757 2621 2812 monachis
2649 2758 2910 2826 pincerna
2951 2755 3202 2828 poculum
3225 2753 3550 2826 geminat-et.

1959 2847 2209 2902 Mensura
2267 2857 2446 2903 tamen
2497 2849 2800 2914 exceditur,
2853 2857 2908 2902 et
2951 2848 3132 2918 largus
3159 2848 3226 2902 ad
3260 2846 3554 2902 bibendum

1959 2950 2118 3008 poms
2147 2939 2358 2993 cunctis
2385 2939 2731 3008 epulantibus
2767 2939 3074 2994 exhibetur.
3109 2938 3404 2993 Enimvero
3425 2952 3548 2992 cum

267 3031 420 3076 retur
439 3032 494 3077 et
515 3035 768 3078 mortem.
790 3025 1034 3098 Cuntque
1055 3027 1136 3082 vir
1160 3027 1252 3082 Dei
1276 3027 1502 3086 Lucensi
1530 3032 1677 3106 (145)
1703 3041 1856 3088 tene-
1885 3034 1929 3095 C
1961 3046 2056 3086 vas
2091 3029 2222 3086 illud
2252 3031 2520 3085 vinarium
2585 3039 2640 3086 et
2669 3046 2834 3084 unum
2877 3031 3144 3086 duntaxat
3165 3039 3312 3085 esset
3355 3037 3410 3084 et
3437 3045 3548 3084 mo-

263 3123 414 3168 retur
464 3115 718 3186 hOSpitio,
775 3119 988 3172 accedit
1038 3119 1292 3184 clericus,
1334 3131 1388 3174 et
1419 3123 1715 3192 periculum
1744 3133 1856 3180 tam

260 3203 534 3272 pestifera:
561 3207 889 3264 calamitatis
909 3211 1166 3264 ostendit.
1196 3211 1348 3278 Quod
1375 3212 1463 3267 ille
1493 3215 1647 3283 quasi
1671 3215 1854 3270 videre

257 3291 628 3366 dissimulans,
660 3299 892 3354 latenter
913 3301 1196 3356 brachium
1224 3305 1600 3374 apprehendit,
1626 3307 1852 3363 vivificae

256 3387 442 3444 crucis
498 3389 835 3460 signaculum
881 3392 1167 3462 imprimit,
1208 3407 1442 3464 eumque
1467 3396 1763 3462 dimittens,
1793 3413 1854 3453 ut

256 3479 362 3534 sibi
417 3491 574 3538 caute
616 3485 898 3554 provideat
924 3487 1186 3556 prtecipit.
1224 3486 1326 3554 Qui
1373 3488 1530 3558 paulo
1555 3497 1696 3560 post,
1723 3491 1850 3546 dunt

253 3571 432 3627 locum
457 3573 658 3630 aloeris
684 3577 952 3634 curiosius
971 3580 1250 3633 attendere
1278 3581 1502 3645 studuit,
1525 3581 1672 3636 nulla
1691 3599 1850 3652 pror-

252 3682 345 3721 sus
367 3670 592 3738 vestigia
625 3671 1080 3742 deletilanguoris
1107 3674 1332 3727 invenit.
1371 3673 1722 3744 Stupefactus
1751 3679 1847 3748 igi-

253 3767 341 3813 tur
361 3761 604 3816 not'itatc
625 3764 898 3829 miraculi,
922 3763 988 3817 ad
1013 3764 1287 3821 hominem
1316 3766 1410 3822 Dei
1436 3780 1634 3836 praesto
1661 3785 1844 3841 regre-

247 3849 424 3918 ditur;
467 3855 597 3923 quid
629 3855 730 3910 sibi
761 3856 1073 3926 contigerit,
1117 3872 1222 3911 non
1258 3866 1364 3912 tam
1403 3858 1664 3913 relatione
1692 3861 1844 3916 verbi

247 3959 413 4012 quam
433 3946 746 4002 ostensione
765 3948 848 4002 sui
866 3949 1073 4004 brachii
1099 3949 1504 4005 cvidcntissime
1529 3953 1840 4010 confitetur.

245 4035 400 4100 Quod
425 4036 515 4091 ille
549 4039 684 4094 satis
711 4039 938 4094 moleste
993 4040 1134 4106 tulit,
1174 4055 1408 4109 eumque
1429 4055 1460 4096 a
1491 4057 1590 4096 suo
1618 4059 1843 4116 conspe-

245 4137 332 4180 ctu
365 4137 488 4182 cu‘m
533 4130 903 4201 indignatione
945 4131 1277 4188 exturbavit.
1312 4131 1446 4186 Nam
1473 4140 1728 4204 tanquam
1755 4151 1843 4192 ve-

243 4235 382 4276 nena
433 4224 784 4292 serpentium,
838 4225 917 4280 sic
960 4239 1206 4280 rumores
1263 4225 1542 4282 hominum
1576 4227 1836 4298 fugiebat.

241 4314 541 4370 Asserebat
589 4317 734 4371 enim
783 4317 911 4386 quia
961 4316 1358 4387 quantumlibet
1396 4317 1628 4374 sublime
1661 4321 1836 4376 sancti

1958 3125 2164 3190 dicunt,
2187 3138 2296 3178 non
2345 3123 2503 3178 modo
2535 3131 2613 3177 tot
2645 3123 2938 3178 indiscrete
2975 3121 3288 3178 bibentibus
3329 3137 3436 3176 non
3459 3121 3551 3176 de-

1957 3214 2104 3280 fecit,
2153 3214 2246 3269 sed
2286 3221 2340 3268 et
2386 3213 2492 3267 illis
2521 3213 2920 3276 recedentibus,
2951 3213 3156 3282 absque
3181 3211 3288 3265 ulla
3311 3209 3546 3264 diminu-

1955 3304 2106 3358 tione
2143 3311 2420 3374 repertum
2469 3310 2552 3357 est
2595 3302 2845 3370 plenum,
2867 3309 2924 3355 ut
2951 3317 3048 3371 per
3080 3301 3182 3354 hoc
3207 3299 3547 3354 evidentibus

1954 3395 2218 3450 clarescat
2263 3394 2477 3449 indiciis
2527 3395 2653 3464 quia
2715 3394 2800 3447 vir
2853 3391 3063 3446 Domini
3109 3407 3216 3445 non
3247 3399 3458 3446 tantum
3491 3391 3544 3444 id

1951 3487 2093 3555 apud
2119 3485 2288 3540 Deum
2313 3485 2488 3554 potuit
2512 3484 2806 3553 impetrare
2833 3484 2976 3552 quod
2997 3483 3176 3552 petiit,
3203 3482 3300 3536 sed
3323 3489 3379 3536 et
3405 3493 3542 3537 ncn-

1951 3575 2095 3632 nulla
2120 3591 2216 3645 per
2243 3591 2368 3630 eum
2401 3575 2658 3627 virtutum
2685 3574 2838 3644 signa
2867 3572 3128 3627 divinitus
3147 3581 3367 3628 ostensa
3389 3581 3536 3632 sunt.

1949 3679 2070 3736 quae
2099 3667 2344 3720 nescivit.
2377 3666 2444 3719 Et
2472 3666 2537 3720 de
2576 3665 2746 3734 signis
2795 3664 3016 3735 quidem
3053 3673 3216 3734 atque
3249 3663 3542 3718 virtutibus

1947 3775 2084 3832 quas
2107 3761 2192 3816 vir
2217 3769 2438 3815 sanctus
2473 3759 2649 3814 adhuc
2673 3759 2725 3812 in
2747 3771 2976 3827 corpore
2999 3758 3325 3812 constitutus
3349 3765 3536 3811 osten-

1945 3851 2028 3906 dit
2056 3853 2160 3907 ista
2186 3851 2485 3917 sufﬁciunt;
2517 3866 2662 3906 nunc
2689 3851 2758 3906 ad
2781 3849 3158 3921 explicandum
3182 3848 3396 3904 felicem
3419 3847 3538 3918 ejus

1943 3944 2172 4010 obitum,
2203 3943 2496 3998 auxiliante
2517 3943 2768 4009 Domino,
2799 3943 3244 4014 propinquemus.

2013 4038 2305 4094 Enimvero
2361 4053 2674 4110 quanquam
2729 4039 2890 4092 homo
2942 4037 3036 4093 Dei
3065 4036 3371 4092 sublimiter
3394 4037 3533 4091 sein

1942 4125 2308 4200 spiritualibus
2327 4129 2520 4184 studiis
2542 4136 2598 4184 et
2623 4129 2808 4184 divina
2831 4128 3290 4199 contemplatione
3307 4143 3533 4198 suspen-

1941 4221 2104 4288 derit,
2136 4222 2188 4276 in
2215 4237 2440 4292 corpore
2471 4229 2654 4276 tamen
2683 4221 2937 4275 utilitatis
2987 4220 3253 4274 industria
3277 4234 3384 4272 non
3417 4235 3533 4273 mc-

1941 4315 2203 4372 diocriter
2249 4315 2536 4370 laboravit.
2590 4313 2918 4369 Mouasteria
2967 4311 3175 4368 scilitet
3211 4310 3465 4365 nonnulla
3498 4327 3530 4363 a

242 4407 420 4476 operis
455 4406 746 4480 aedificium
791 4423 889 4478 per
911 4417 1066 4463 Vanze
1086 4409 1270 4479 gloriae
1304 4409 1486 4466 subito
1511 4411 1718 4466 corruit
1739 4427 1834 4482 ap-
1865 4405 1909 4463 ll
1939 4405 2304 4461 fundamentis
2331 4407 2540 4470 erexit;
2594 4404 2698 4458 alia
2732 4404 2815 4458 vel
2848 4404 2963 4472 jam
3002 4405 3285 4466 semiruta,
3313 4401 3400 4457 vel
3423 4403 3530 4456 rui-

241 4499 348 4566 peti
360 4508 468 4552 tum
479 4537 496 4552 .

308 4590 582 4648 Praeterea
625 4594 780 4650 miles
806 4593 1026 4667 quidam
1061 4606 1170 4650 tam
1203 4597 1400 4652 mentis
1429 4598 1584 4666 inops
1609 4605 1730 4651 erat
1757 4595 1834 4652 ef-

237 4683 434 4750 fectus,
489 4695 546 4740 ut
569 4689 868 4758 postposita
900 4689 1114 4760 penitus
1143 4691 1292 4744 omni
1323 4706 1452 4744 cura
1503 4691 1714 4760 privata
1749 4688 1834 4742 vel

235 4775 470 4847 publica,
523 4792 622 4848 per
670 4777 825 4834 devia
885 4781 1158 4850 solivagas
1203 4791 1258 4834 et
1287 4781 1462 4838 nudus
1482 4790 1715 4845 erraret,
1745 4781 1829 4834 in—

229 4869 482 4924 conditas
521 4884 681 4923 voces
719 4869 1010 4930 emitteret.
1043 4879 1098 4924 et
1141 4881 1401 4941 tanquam
1430 4873 1822 4929 daamoniacum

223 4975 282 5016 se
311 4975 413 5030 per
441 4958 734 5015 inordinati
774 4971 958 5032 gestus
995 4960 1266 5019 insaniam
1289 4963 1592 5020 exhiberet.
1616 4965 1712 5021 Cui
1742 4965 1826 5018 vir

221 5049 440 5105 Doruiui
475 5059 698 5118 paterna
727 5052 924 5120 pietate
959 5054 1323 5126 compatiens,
1367 5054 1528 5109 simul
1555 5073 1676 5111 cum
1709 5055 1822 5110 fro--

221 5145 402 5198 tribus
430 5152 556 5196 ante
587 5141 756 5199 altare
786 5143 955 5198 sancti
981 5142 1130 5205 Petri
1161 5147 1554 5217 prOSternitur,
1583 5150 1819 5226 divinata

217 5236 569 5293 clementiam
599 5250 717 5290 cum
745 5234 966 5308 psalmis
1003 5249 1060 5294 et
1091 5239 1307 5301 litaniis
1336 5239 1608 5310 implorat,
1636 5251 1695 5297 ut
1723 5255 1818 5310 pc-

1937 4515 2060 4552 nam
2089 4499 2226 4552 forte
2253 4497 2538 4562 minantia,
2565 4496 2856 4565 reparavit.
2886 4494 3140 4548 Dilatavit
3169 4493 3273 4547 illis
3294 4494 3524 4563 praedia,

1935 4590 2211 4648 nonnullis
2269 4589 2435 4643 etiam
2489 4588 2719 4658 insignia
2760 4586 2990 4642 contulit
3018 4597 3358 4641 ornamenta.
3393 4587 3527 4654 Qua:

1937 4700 2064 4740 vero
2113 4681 2444 4736 monasteria
2488 4695 2624 4736 nova
2664 4679 2990 4746 condiderit,
3032 4679 3226 4750 quibus
3252 4678 3531 4747 parietina

1938 4789 2167 4841 tantum,
2198 4785 2252 4830 et
2273 4781 2420 4827 sarta
2457 4783 2596 4831 tecta
2622 4773 2834 4826 collatis
2859 4773 3166 4843 sumptibus
3188 4771 3533 4828 instaurave-

1936 4873 2029 4938 rit,
2075 4881 2400 4926 enumerare
2457 4883 2550 4936 per
2597 4865 2841 4917 ordinem
2882 4863 3087 4918 idcirco
3125 4865 3535 4932 postponinms.

1935 4979 2004 5018 ne
2055 4959 2362 5033 prolixitate
2417 4958 2544 5029 styli
2601 4955 2823 5010 lacinias
2876 4967 3172 5011 contexere
3224 4952 3541 5018 videamur,

1934 5053 2233 5126 prtesertim
2289 5063 2416 5100 eum
2475 5051 2526 5102 in
2581 5047 2712 5114 ipsis
2757 5044 2893 5098 vivis
2947 5046 3202 5118 operibus
3249 5052 3552 5110 gesturum

1933 5146 2093 5202 ﬁdem
2151 5139 2318 5195 multo
2359 5139 2569 5194 clarius
2613 5135 2969 5206 experiantur
3015 5136 3178 5199 oculi,
3218 5147 3395 5202 quam
3447 5141 3556 5196 ullo

1931 5251 2184 5298 sermone
2211 5231 2435 5286 valeant
2467 5231 2705 5287 narrari.
2739 5229 3172 5298 Dispensationis
3198 5235 3440 5294 quoque
3469 5245 3560 5303 go-
