3992 5322
461 290 581 346 945⁷

461 506 579 549 ram
605 490 800 547 divinis
823 489 1099 545 obtutibus
1128 487 1298 554 fulsit,
1330 497 1386 544 et
1417 487 1470 542 in
1505 487 1700 545 terreni
1728 485 1928 542 laboris
1948 484 2028 538 in-

460 582 669 638 dustria
696 595 806 635 non
828 579 1174 636 mediocriter
1207 578 1405 633 ﬂoruit.

530 672 703 727 Porro
716 685 846 726 cum
876 669 961 725 vir
980 668 1189 725 Demini
1210 669 1320 739 jam
1342 670 1396 724 in
1418 667 1675 731 extremis
1697 676 1900 739 ageret,
1935 683 2030 737 per

460 761 885 834 quinquennium
925 759 1041 815 fere
1099 758 1409 830 compulsus
1455 767 1538 814 est
1586 757 1886 829 gravissimi
1914 755 2030 810 'lzll-

459 853 653 925 guoris.
678 850 924 907 molestia
954 849 1206 905 cruciari.
1232 849 1354 904 Mox
1379 849 1561 918 itaque
1594 848 1874 904 beatorum
1899 863 2027 916 apo-

460 943 723 1001 stolorum
778 940 961 995 limina
1019 939 1239 997 festinat
1278 940 1531 1005 invisere,
1564 950 1623 994 ut
1649 939 1799 1009 quasi
1824 939 1922 993 sub
1945 953 2030 992 co-

460 1049 585 1090 rum
608 1030 867 1103 pedibus,
901 1030 948 1085 si
993 1029 1095 1085 sibi
1138 1030 1359 1084 daretur
1400 1029 1541 1099 quod
1572 1042 1786 1098 semper
1814 1027 2030 1081 iuvetis

460 1127 744 1191 habuerat,
768 1127 949 1194 posset
985 1116 1052 1179 ex
1082 1123 1184 1179 hoc
1233 1124 1432 1178 mundo
1462 1122 1714 1179 transire.
1749 1121 2030 1175 Verumta-

458 1231 583 1272 men
614 1216 741 1286 quia
769 1224 973 1269 nonest
1019 1215 1073 1267 in
1104 1214 1313 1282 nomine
1338 1213 1419 1268 uia
1444 1212 1560 1283 ejus
1585 1210 1802 1281 (Jerem.
1825 1210 1906 1281 ι),
1933 1210 2031 1265 ali-

457 1315 546 1364 ter
572 1307 674 1364 sibi
716 1305 945 1376 contigit
985 1320 1145 1374 quam
1192 1304 1444 1373 speravit.
1478 1303 1580 1359 Per
1615 1312 1848 1373 quatuor
1872 1304 2030 1373 plane

457 1413 674 1457 menses
693 1396 804 1454 illic
831 1396 1152 1468 aegritudine
1177 1394 1427 1451 detentus
1470 1394 1705 1465 elanguit
1731 1412 1746 1459 ;
1778 1394 2030 1463 deinceps

444 1499 649 1567 “contra
687 1504 837 1559 spem
863 1486 1251 1559 aliquantulum
1279 1485 1683 1551 convalescens,
1714 1484 1782 1539 ad
1811 1486 2028 1555 propria

457 1580 739 1636 remeavit.
767 1577 1083 1634 Cluniacum
1122 1577 1300 1647 itaque
1325 1575 1637 1641 deveniens,
1680 1590 1777 1644 per
1829 1590 2026 1629 annum

450 1673 572 1730 fere
596 1683 739 1729 totus
771 1672 832 1726 in
857 1672 1103 1727 oratione
1141 1670 1458 1739 permansit.
1496 1684 1742 1742 seseque,
1768 1682 2028 1742 quantum

920 285 984 342 S.
1025 273 1531 341 PETRIDAMIANI
1560 278 1707 337 OPP.
1734 277 1910 353 PARS
1953 277 2080 333 SEU
2122 277 2355 335 TOMUS
2392 278 2453 333 H.
2487 307 2555 320 ——
2580 269 2998 335 SANCTOHUM
3040 266 3245 336 ὟΙΤῶ.

462 403 625 459 mina:
655 398 971 457 moderator
1010 398 1259 468 insignis,
1294 405 1349 454 et
1383 399 1438 453 in
1467 394 1694 468 spiritali
1733 393 1913 449 studio
1943 408 2035 445 ρο·
2065 398 2105 455 Α
2139 406 2268 447 vece
2322 392 2720 462 promptissima
2768 409 2779 445 :

3603 280 3705 339 9M

2829 391 3002 459 Quid,
3042 392 3248 462 inquit,
3293 393 3446 464 agis,
3495 394 3709 449 domine

2130 484 2323 539 Pater?
2339 485 2401 538 Et
2428 484 2549 539 ille:
2576 483 2738 549 Bene,
2770 483 2961 550 frater,
2979 492 3033 537 et
3051 484 3270 554 optime.
3295 483 3707 540 Dominusenim

2130 592 2281 630 meus
2323 575 2480 631 Jcsus
2510 590 2667 631 servo
2709 590 2809 629 suo
2850 590 2946 644 per
2974 575 3317 643 semetipsum
3349 574 3603 644 dignatus
3629 586 3711 630 est

2134 667 2342 731 adesse,
2369 678 2423 721 ct
2467 667 2549 721 sui
2574 666 2923 737 praesentiam
2969 664 3396 719 misericorditer
3428 665 3704 720 exhibere.

2134 757 2242 814 Sed
2290 760 2343 814 in
2375 760 2489 831 ipsa
2534 774 2668 814 mea:
2700 757 3032 814 decessionis
3082 757 3237 819 hora,
3265 757 3316 810 in
3365 756 3459 810 illo
3505 758 3712 812 scilicet

2132 849 2329 920 angulo
2377 849 2721 921 (ostendebat
2754 850 2897 902 enim
2953 848 3106 917 quasi
3139 846 3307 916 digito
3354 846 3555 919 locum)
3601 849 3709 904 vidi

2131 940 2358 1011 figuram
2406 940 2698 1010 quamdam
2742 948 2952 994 trucem
2992 939 3156 994 nimis
3191 948 3355 1009 atque
3389 940 3708 1007 terribilem,

2131 1044 2251 1100 qua:
2298 1031 2430 1086 mihi
2473 1032 2768 1087 teterrima:
2808 1046 2917 1086 sua:
2958 1030 3183 1086 visionis
3216 1031 3500 1087 horrorem
3552 1042 3713 1101 atque

2132 1124 2481 1182 formidinem
2523 1125 2755 1181 tentavit
2813 1126 3084 1193 incutere;
3140 1125 3235 1181 sed
3264 1125 3471 1181 Christi
3502 1127 3714 1181 confor-

2133 1225 2281 1272 taute
2315 1217 2539 1283 virtute,
2573 1216 2716 1271 nulla
2746 1216 2879 1271 mihi
2910 1217 3089 1287 potuit
3112 1215 3463 1273 infestatione
3491 1232 3712 1274 nocere.

2201 1308 2452 1363 Proxima
2467 1318 2683 1379 quoque
2703 1307 3127 1379 Quadragesima
3150 1309 3496 1377 succedente,
3515 1321 3718 1366 saneta:

2134 1415 2198 1454 ac
2246 1400 2571 1455 veneranda:
2620 1399 2894 1455 memoriae
2925 1399 3254 1456 Laurentius
3288 1400 3459 1473 (148),
3495 1402 3719 1458 Αωειιίο

2134 1505 2272 1549 tame
2301 1493 2445 1547 sedis
2465 1492 2927 1563 archiepiscopus,
2963 1492 3076 1562 qui,
3109 1501 3300 1563 potens
3341 1495 3395 1548 in
3428 1493 3628 1549 litteris
3655 1509 3717 1548 ac

2131 1584 2419 1655 biglossus,
2445 1584 2631 1640 Graece
2670 1593 2894 1638 noverat
2915 1593 2971 1639 et
3003 1583 3222 1649 Latine,
3255 1593 3331 1654 et,
3373 1586 3519 1656 quod
3562 1584 3717 1659 longe

2135 1676 2487 1749 praestantius
2536 1684 2641 1741 est,
2671 1674 2957 1731 laudabilis
2974 1676 3099 1731 vitae
3136 1676 3385 1732 claritate
3425 1676 3711 1746 pollebat;

447 1765 718 1836 aegritudo
752 1763 1022 1835 permisit,
1063 1761 1285 1832 jejnniis
1337 1778 1400 1818 ac
1451 1763 1648 1835 vigiliis
1687 1765 2034 1819 vehementer
2064 1755 2107 1814 Β
2134 1770 2224 1824 hic
2266 1769 2453 1838 itaque
2499 1775 2628 1822 tunc
2673 1766 2859 1822 Romae
2885 1768 3249 1834 constitutus,
3291 1768 3628 1824 obdormivit
3663 1768 3715 1821 in

442 1852 664 1909 \aMixit.
680 1853 930 1909 Decrevit
953 1863 1130 1907 autem
1161 1861 1240 1919 ut,
1270 1863 1555 1924 antequam
1580 1854 1817 1910 debitum
1845 1857 2033 1911 condi—

452 1947 623 2002 tionis
657 1946 910 2003 humanas
938 1944 1289 2017 persolveret,
1318 1961 1545 2015 quaeque
1576 1947 1905 2003 monasteria
1935 1962 2032 2002 sua

456 2040 779 2099 circumiens
802 2049 1003 2097 sanctae
1021 2039 1406 2095 admonitionis
1435 2040 1616 2095 studio
1639 2040 1901 2095 visitaret.
1928 2040 2034 2094 Ex-

460 2132 731 2202 peditione
765 2132 929 2204 igitur
974 2139 1178 2188 sancta:
1201 2131 1363 2202 hujus
1389 2131 1764 2187 mdificationis
1795 2133 2030 2202 incepta,

458 2220 807 2278 Silviniacum
850 2222 1012 2294 417
1045 2222 1297 2288 devenit;
1349 2221 1531 2293 ibique
1559 2237 1618 2277 se
1655 2224 1798 2278 circa
1829 2222 2033 2277 festivi-

460 2323 623 2372 tatem
672 2316 969 2372 Dominicae
1003 2314 1443 2372 Circumcisionis
1492 2331 1557 2371 ex
1578 2315 1776 2371 saeculo
1801 2318 1904 2372 hoc
1926 2317 2028 2372 mi-

453 2415 739 2479 graturum
785 2402 1069 2463 manifeste
1092 2406 1248 2463 dixit.
1282 2407 1451 2463 Porro
1483 2415 1664 2464 autem
1695 2422 1818 2463 cum
1842 2407 1954 2478 jam
1977 2408 2033 2463 in

456 2499 647 2569 agonis
670 2507 813 2555 esset
850 2498 1094 2569 angustia
1136 2497 1487 2564 constitutus,
1537 2496 1808 2553 diabolum
1851 2506 2029 2553 astare

454 2588 757 2659 conspexit,
787 2602 1022 2657 eumque.
1061 2600 1161 2657 per
1186 2601 1380 2643 nomen
1426 2587 1690 2642 tremendi
1716 2584 1941 2653 Judicis,
1975 2594 2034 2643 ut

457 2677 790 2742 abscederet,
832 2676 1146 2734 terribiliter
1170 2676 1489 2747 increpavit.

524 2769 682 2826 Anno
733 2769 915 2840 itaque
943 2768 1235 2825 Dominicre
1269 2767 1665 2824 lncarnationis
1698 2766 1833 2823 1018
1859 2767 2031 2839 (146),

455 2863 632 2919 aetatis
692 2871 873 2918 autem
919 2877 1031 2918 sum
1074 2863 1173 2929 87,
1234 2860 1591 2918 ordinationis
1648 2862 1810 2916 etiam
1841 2859 1934 2927 56,
1967 2874 2032 2915 ea

455 2961 616 3009 nocte
656 2969 779 3023 quae
806 2953 1100 3009 Dominicac
1136 2952 1564 3008 circumcisionis
1601 2951 1861 3008 solemnia
1896 2967 2036 3022 prae-

456 3043 977 3108 cedebat,salutaris
1013 3043 1355 3098 eucharistia:
1404 3049 1742 3097 sacramenta
1772 3042 2032 3112 percepit,

456 3137 644 3206 sicque
670 3136 886 3191 beatum
936 3135 1042 3191 Deo
1076 3135 1324 3204 spiritum
1370 3134 1619 3189 reddidit.
1649 3109 1819 3189 Paulo
1851 3109 2033 3190 autem
2063 3109 2106 3172 Ο

456 3236 601 3299 post,
633 3228 822 3283 eadem
867 3227 1075 3284 scilicet
1121 3236 1300 3293 nocte,
1344 3242 1468 3283 cum
1501 3227 1645 3283 beati
1692 3227 1796 3283 viri
1840 3242 2036 3298 corpus

455 3319 827 3377 in‘ecclesiam
869 3320 981 3390 jam
1027 3319 1216 3376 fuisset
1251 3318 1487 3375 delatum
1511 3359 1528 3386 ,
1580 3319 1754 3375 frater
1779 3319 2032 3389 quidam,

455 3411 750 3483 Gregorius
791 3411 1030 3477 nomine,
1069 3410 1330 3467 Juveueta
1383 3411 1539 3484 [forte
1579 3410 1839 3485 Venetus]
1883 3412 2037 3483 (M7)

456 3503 695 3568 natione,
741 3510 950 3584 natura:
977 3503 1240 3573 simplicis
1271 3511 1325 3557 ct
1359 3503 1665 3558 innocentis
1692 3503 1845 3570 vitae,
1878 3518 2036 3559 exse-

455 3592 707 3664 quiarum
754 3591 1059 3647 funebrium
1139 3592 1452 3651 lassitudine
1525 3604 1929 3665 praegravatus,
1978 3594 2033 3649 in

456 3684 645 3739 eadem
702 3682 837 3738 cella
887 3683 941 3737 in
995 3700 1103 3754 qua
1171 3694 1390 3741 sanctus
1455 3686 1698 3752 obierat,
1755 3686 2033 3756 proprium

386 3770 393 3781 ’
457 3782 688 3829 stratum
732 3774 909 3843 petiit,
936 3775 987 3828 in
1011 3790 1118 3845 quo
1151 3791 1210 3830 se
1245 3776 1576 3847 projiciens,
1632 3775 1870 3831 dormire
1916 3784 2035 3832 ten-

461 3863 611 3917 tavit.
637 3863 743 3919 Sed
782 3863 1010 3918 necdum
1035 3865 1192 3935 plane
1224 3866 1490 3922 resolutus
1520 3866 1575 3921 in
1601 3882 1875 3934 somnum,
1905 3868 2034 3924 bea-

461 3960 573 4007 tum
609 3951 888 4009 Odilonem
925 3954 1027 4009 sibi
1049 3955 1209 4025 .videt
1241 3964 1531 4011 astantem.
1581 3956 1665 4011 Ad
1706 3972 1866 4027 quem
1907 3972 2035 4012 mox

2134 1863 2382 1918 Domino.
2412 1863 2657 1932 Cumque
2701 1861 2931 1916 cadaver
2956 1860 3072 1930 ejus
3102 1861 3295 1917 fuisset
3340 1861 3393 1915 in
3426 1859 3717 1917 ceclesiam

2135 1954 2364 2018 illatum,
2413 1955 2672 2008 honestus
2696 1951 2915 2022 quidam
2957 1951 3213 2017 clericus,
3244 1951 3444 2006 Albcro
3475 1951 3719 2013 nomine,

2135 2046 2188 2099 in
2220 2043 2458 2113 ejusdem
2482 2043 2725 2100 ecclesiae
2767 2042 2965 2115 angulo
2997 2041 3322 2097 lassabunda
3353 2041 3505 2097 dedit
3544 2055 3721 2095 mem~

2134 2136 2230 2191 bra
2254 2137 2468 2205 sopori;
2508 2150 2740 2206 cumque
2770 2135 2951 2191 subito
2973 2134 3150 2191 adhuc
3196 2148 3333 2205 pone
3364 2133 3612 2205 vigilanti
3640 2132 3722 2187 vir

2134 2228 2325 2283 beatus
2359 2226 2644 2296 apparuit,
2675 2226 2726 2280 ei
2770 2241 2896 2280 mox
2938 2226 3170 2282 clericus
3224 2223 3446 2280 intulit:
3494 2223 3723 2279 Domine

2134 2320 2229 2384 mi,
2261 2319 2478 2387 quando
2506 2318 2642 2383 huc,
2696 2327 2751 2371 et
2800 2333 2897 2373 cur
2924 2318 3187 2373 advenisti
3215 2318 3238 2370 ?
3266 2316 3348 2371 Ad
3388 2312 3720 2378 eharissimi,

2133 2411 2331 2481 inquit,
2369 2411 2498 2466 olim
2544 2411 2702 2465 amici
2752 2411 2853 2465 mei
2890 2411 3094 2467 domini
3125 2409 3406 2465 Laurentii
3442 2406 3727 2477 pontiﬁcis

2131 2498 2420 2566 exsequias
2452 2497 2605 2562 veni;
2637 2497 2833 2565 quibus
2866 2496 3115 2567 expletis,
3145 2505 3436 2565 antequam
3470 2503 3525 2549 te
3566 2493 3719 2548 vidc-

2131 2600 2248 2643 rem
2282 2586 2539 2641 recedere
2568 2586 2736 2641 nolui.
2776 2586 2838 2640 Et
2875 2586 2957 2639 his
2988 2586 3172 2651 dictis,
3203 2584 3415 2654 species
3443 2581 3725 2655 loquentis

2131 2681 2371 2737 evanuit.
2418 2677 2585 2753 418
2625 2679 2719 2733 Vir
2751 2679 2929 2748 itaque
2959 2677 3191 2742 Domini,
3221 2676 3348 2747 quia
3378 2684 3529 2731 recte
3559 2675 3718 2739 vixit,

2132 2768 2365 2826 feliciter
2391 2770 2558 2835 obiit;
2593 2778 2647 2825 et
2672 2770 2799 2839 quia
2834 2770 2996 2822 vitam
3040 2766 3344 2822 mirabilem
3376 2766 3556 2831 duxit,
3597 2764 3719 2834 jure

2132 2861 2412 2920 miraculis
2451 2862 2782 2917 eoruseavit.
2839 2858 2955 2914 Vita
2987 2859 3185 2929 quippe
3225 2858 3369 2913 beati
3421 2856 3588 2926 hujus
3616 2856 3719 2910 viri

2132 2952 2281 3010 velut
2303 2967 2466 3008 aurea
2514 2952 2695 3007 tabula
2741 2959 2843 3014 est,
2882 2952 2967 3006 cui
3014 2950 3169 3020 quasi
3207 2949 3535 3020 margaritas
3557 2962 3722 3019 quas-

2138 3049 2263 3105 dam
2296 3064 2361 3103 ac
2388 3064 2631 3119 gemmas
2669 3047 2962 3117 infigimus,
2995 3046 3120 3099 dum
3144 3043 3310 3115 ges1is
3341 3041 3459 3110 ejus
3488 3041 3721 3097 interlu-

2138 3140 2315 3195 centia
2346 3139 2605 3193 virtutum
2635 3137 2893 3191 miracula
2918 3135 3332 3205 permiscemus.
3367 3133 3527 3202 Apud
3567 3132 3723 3201 cujus

2139 3229 2505 3286 venerabilem
2559 3228 2825 3283 tumulum
2881 3227 3234 3283 nihilominus
3286 3227 3466 3281 adhuc
3498 3225 3723 3280 rutilant

2136 3338 2273 3378 nova
2298 3322 2449 3393 signa
2482 3320 2764 3378 virtutum.
2802 3336 2920 3390 qua:
2951 3304 3207 3373 nimirum
3234 3333 3333 3372 nos
3361 3317 3449 3373 his
3473 3317 3721 3373 inserere

2137 3416 2466 3487 superﬂuum
2491 3415 2759 3478 ducimus,
2786 3429 2907 3469 cum
2935 3428 3031 3482 per
3059 3410 3194 3466 alios
3227 3411 3472 3481 apicibus
3494 3418 3721 3465 exarata

2138 3522 2449 3566 cernamus.
2489 3506 2810 3577 Legentium
2842 3505 3009 3574 igitur
3048 3504 3205 3558 taedio
3228 3500 3597 3565 consulentes,
3639 3498 3723 3552 his

2136 3599 2377 3656 contenti
2422 3613 2630 3662 sumus,
2671 3612 2790 3666 quae
2826 3580 3104 3650 succincta
3150 3593 3419 3648 brevitate
3454 3590 3722 3661 perstrin-

2134 3690 2335 3755 ximus,
2372 3688 2440 3744 ad
2485 3689 2747 3742 honorem
2789 3694 2843 3739 ct
2870 3684 3097 3755 gloriam
3138 3682 3520 3753 Redemptoris
3547 3680 3721 3736 nostri

2132 3780 2257 3836 Jesu
2287 3780 2505 3842 Christi,
2547 3778 2638 3848 qui
2668 3794 2791 3832 cum
2840 3777 2948 3831 Deo
2985 3775 3146 3829 Patre
3201 3787 3255 3827 et
3287 3773 3495 3843 Spiritu
3532 3781 3724 3828 sancto

2133 3871 2268 3926 vivit
2297 3877 2353 3925 et
2385 3867 2716 3941 gloriaturin
2745 3865 2939 3921 sarcula
2969 3864 3312 3920 saeculorum.
3340 3864 3520 3918 Amen
3546 3860 3721 3935 (M9).

1385 4069 1695 4127 ANDREE
1731 4069 2003 4128 CﬂESNll
2040 4071 2127 4126 ET
2164 4070 2476 4127 ANONYMI
2516 4067 2749 4125 NOTZE.

532 4183 681 4256 (116)
700 4184 791 4257 _A_b
818 4180 1054 4257 Jotsaldo
1079 4182 1139 4239 S.
1166 4182 1407 4257 Odilonis
1434 4185 1705 4255 obitus..ad
1726 4194 2040 4257 sequentem

462 4253 672 4323 annum
692 4253 801 4309 949
825 4254 1155 4323 producitur.
1187 4255 1435 4310 Anonvu.

534 4320 684 4407 (147)
716 4320 1082 4407 Mabillpnius“
1105 4325 1159 4407 in
1180 4326 1308 4407 .Yita
1435 4324 1677 4407 0dilo_nis
1705 4325 1774 4380 ab
1796 4324 2038 4407 Jotsaldo

2217 4185 2364 4257 (M9)
2386 4184 2665 4240 Fusiorem
2686 4183 2747 4239 S.
2776 4179 3309 4257 Otlilonis__Vi_tam_ah
3327 4176 3573 4257 Jotsaldo
3593 4178 3722 4257 (non

2143 4249 2372 4312 Loialdo
2402 4265 2459 4310 ut
2485 4271 2765 4325 perperam
2791 4253 3051 4325 nonnulli)
3079 4249 3422 4325 Cluniacensi
3452 4251 3728 4325 monacho

2144 4342 2209 4398 ac
2231 4319 2531 4398 ipsiusme'tr
2553 4319 3474 4398 Oililonis_discipulo_conscriptam
3501 4319 3721 4398 videant

461 4388 994 4477 conscriptg'profert
1008 4393 1248 4450 Ninivita
1270 4396 1634 4477 natione,e‘ti‘n
1650 4397 2035 4477 manuscriptis
2063 4418 2112 4477 ι)
2141 4396 2196 4477 hi
2247 4388 2363 4477 qui“
2384 4397 2620 4477 ejusdem
2650 4395 2819 4477 sancti
2843 4388 2991 4476 gesta
3011 4392 3258 4477 ediscere
3273 4388 3537 4477 Ι(Ξέιιήιιιιι.
3562 4388 3723 4477 ,Ιξθιξσ

460 4464 1009 4538 legitur—Nicaeus,
1054 4480 1389 4538 quanquam
1430 4464 2037 4538 ga__Bollando___legatur

459 4534 732 4592 Juvene'ta.
759 4536 839 4590 An
885 4553 916 4589 a
948 4534 1189 4599 Niniv’ia,
1221 4537 1297 4590 ait
1341 4534 1707 4600 Mabillonius,
1759 4534 2038 4590 Flandria:

463 4605 652 4676 oppido
707 4605 876 4660 medio
922 4606 1059 4660 inter
1130 4605 1411 4663 Brmllas
1466 4616 1514 4661 et
1566 4605 1925 4662 Aldeuardum
1979 4608 2036 4661 in

463 4675 715 4730 comitatu
746 4675 1003 4729 Alostensi
1028 4676 1051 4729 ?
1074 4676 1150 4732 In.

531 4744 581 4870 Si
591 4744 1172 4870 LSLArchiepiSCOpum
1193 4746 1257 4800 de
1277 4745 1484 4800 Habitu
1503 4755 1662 4801 vocat
1680 4745 2037 4805 Martinianus

566 4830 630 4869 ex
702 4815 748 4870 is
783 4815 1006 4870 verbis:
1059 4815 1326 4870 Frequens
1372 4817 1530 4870 etiam
1568 4820 1942 4870 monachorum
1985 4828 2035 4870 et

463 4815 630 4886 codex
661 4815 748 4870 his
783 4815 1006 4870 verbis:
1047 4815 1326 4886 Frequens
1372 4817 1530 4870 etiam
1568 4820 1942 4871 monachorum
1985 4828 2035 4871 et

465 4884 773 4956 clericorum
819 4896 969 4955 grata
1020 4884 1277 4956 eiulatio,
1330 4887 1465 4940 inter
1513 4903 1641 4954 quos
1669 4888 1861 4956 swpius
1915 4902 2035 4956 eum

465 4953 715 5034 revisebat
749 4953 977 5037 domnus.
1011 4955 1326 5037 Laurentius
1354 4953 1859 5037 archiepiscopus-de
1888 4955 2036 5037 al-

2137 4458 2366 4537 Jotsaldi
2396 4458 2452 4521 S.
2494 4466 2686 4520 Petrus
2718 4458 2983 4537 Damiani,
3009 4464 3258 4517 hortante
3273 4458 3501 4537 litigone

2137 4547 2194 4593 et
2222 4538 2281 4592 S.
2310 4536 2553 4609 Qdilonis
2581 4551 2917 4609 successore,
2955 4535 3008 4609 in
3056 4529 3437 4609 compendium
3483 4529 3719 4609 reddidit

2137 4606 2421 4679 superﬂuis
2454 4606 2699 4679 resectis.
2741 4596 3100 4679 Duchésnius,
3127 4596 3606 4679 in'appendic‘emad
3635 4596 3717 4679 bi-

2138 4667 2463 4733 bliothecam
2532 4675 2942 4731 Cluniacensem
2996 4667 3094 4727 sub
3145 4667 3400 4740 ano'n'ymi
3449 4667 3720 4740 Silvinia-

2136 4748 2315 4803 censis
2366 4748 2601 4809 nomine,
2655 4754 2710 4801 et
2755 4744 3041 4798 Bollandus
3092 4742 3193 4796 sub
3227 4737 3405 4794 altero
3448 4737 3717 4809 Lotsaldi,

2139 4817 2362 4886 hujusce
2395 4817 2527 4872 Vita:
2571 4808 2930 4886 fragmentum
2967 4812 3206 4886 edidere.
3240 4809 3438 4864 Verum
3467 4808 3718 4886 Mabillo-

2137 4877 2260 4944 nius
2309 4903 2427 4943 eam
2473 4877 2736 4956 integram
2781 4884 3022 4956 vulgavit
3059 4897 3177 4956 par.
3222 4896 3292 4945 It,
3337 4894 3464 4956 saec.
3502 4894 3556 4956 γι
3596 4877 3712 4956 Aer.

2138 4956 2330 5038 οἶφε.
2358 4956 2554 5010 Bened.
2585 4946 2832 5038 fictisque
2854 4946 3170 5038 illustravit,
3202 4946 3716 5038 aqspeﬂciatti‘n‘tﬂeln:
