3992 5322
1591 310 1745 365 ΥΙΤΑ
1788 312 1844 364 S.
1883 309 1973 364 MA
1986 310 2117 365 liBl‘.

3372 303 3470 357 946

1128 674 1474 789 VITA
1559 676 2018 789 SANCT
2031 681 2075 791 Ι
2161 677 2608 794 MAURI

596 910 862 960 ενιιςοιη
907 911 1259 956 εεδεκλτη
1305 915 1382 956 ιτ
1424 914 1823 961 CONFESSORIS

1928 919 1981 960 EX
2030 919 2266 962 ORDL'IE
2311 921 2365 964 ε.
2411 921 2745 965 Βεηοιοτι
2792 922 3113 966 Αεδυιιντι.

1693 1063 1793 1138 ('20
1819 1063 1983 1139 Jan.)

1289 1224 1440 1284 Cum
1476 1227 1648 1286 notis
1678 1225 1948 1285 Joannis
1986 1223 2282 1287 Bollandi
2308 1229 2375 1288 S.
2410 1228 2474 1290 Ι.

1613 1412 2078 1436 Ἥ

833 1535 1214 1593 PROLOGUS.

306 1633 598 1704 Cupientes
629 1627 828 1699 aliquid
857 1630 1097 1684 scribere
1145 1630 1211 1685 ad
1244 1630 1469 1698 gloriam
1507 1630 1600 1686 Dei
1635 1629 1807 1685 nostri

235 1728 303 1781 de
350 1724 411 1777 Β.
474 1720 658 1776 Mauro
701 1719 986 1790 pontifice,
1032 1720 1108 1775 sic
1167 1720 1472 1775 auditorum
1541 1719 1810 1776 desiderio

233 1816 553 1872 satisfacere
606 1812 886 1882 cupimus,
940 1819 1000 1866 ut
1042 1810 1198 1880 juxta
1265 1813 1488 1883 digesta:
1530 1813 1810 1868 relationis

233 1907 480 1970 modttm,
519 1903 734 1959 veritati
781 1918 879 1974 per
905 1901 1085 1958 omnia
1137 1903 1504 1959 consulamus.
1555 1902 1812 1958 Contem-

232 1999 446 2054 nendus
476 1997 673 2067 quippe
701 1995 959 2064 pincerna
987 2002 1070 2049 est
1110 1994 1225 2063 qui,
1270 1994 1397 2048 dum
1440 1994 1547 2048 vini
1602 1995 1812 2062 copiam

225 2090 426 2159 jactat,
464 2087 647 2142 faecem
677 2101 888 2156 quoque
912 2087 1182 2156 punienda
1209 2085 1512 2141 temeritate
1541 2087 1810 2156 propinat.

232 2178 517 2248 Improbus
562 2176 809 2247 cpipator
851 2185 954 2241 est,
1014 2177 1106 2246 qui
1160 2186 1307 2232 tanta
1353 2176 1645 2232 ambitione
1695 2177 1814 2231 aliis

231 2270 550 2325 convivium
601 2279 906 2338 pratparat,
948 2277 1006 2322 ut
1055 2269 1107 2323 in
1149 2267 1496 2338 semetipsum
1542 2270 1816 2324 aestuantis

235 2362 402 2416 famis
429 2361 734 2416 incendium
758 2360 948 2414 saevire
978 2359 1273 2429 permittat.
1307 2359 1652 2415 Temerarius
1675 2361 1816 2415 nihi-

232 2453 478 2508 lominus
526 2458 776 2504 narrator
804 2458 888 2504 est
935 2451 1046 2520 qui,
1090 2451 1212 2504 dum
1266 2450 1482 2507 laudum
1535 2453 1816 2520 pratconiis

232 2544 376 2597 alios
403 2542 660 2597 extollere
701 2542 910 2606 nititur,
960 2543 1072 2612 ipse
1101 2542 1266 2610 mergi
1297 2543 1348 2596 in
1383 2542 1635 2598 falsitatis
1659 2544 1817 2597 bara-

236 2634 426 2688 thrum
475 2647 578 2687 non
632 2641 867 2686 veretur.
896 2631 1145 2686 Nonnulli
1178 2631 1318 2685 enim
1369 2630 1476 2686 Deo
1515 2647 1573 2686 se
1607 2633 1816 2690 deferre

237 2727 574 2791 existimant,
626 2727 692 2791 si,
727 2727 793 2780 ad
850 2725 1136 2781 deferenda
1178 2725 1354 2780 laudis
1404 2727 1520 2796 ejus
1560 2726 1814 2794 insignia,

238 2817 494 2871 falsitatis
545 2823 854 2886 argumenta
901 2825 1260 2885 componant;
1319 2815 1408 2884 qui
1471 2815 1722 2868 nimirum
1771 2815 1816 2867 si

1836 1541 1888 1600 Α
1913 1539 2155 1595 materia:
2199 1539 2528 1595 abundantia
2577 1542 2831 1611 suppetit,
2871 1545 2984 1613 ipsa
3037 1543 3161 1616 styli
3203 1546 3500 1615 prolixius.

1911 1629 2158 1698 prohibet
2207 1629 2260 1684 in
2320 1630 2516 1686 talibus
2567 1631 2861 1688 immorari.
2912 1633 3009 1688 Hie
3061 1644 3260 1703 autem,
3289 1637 3381 1693 ubi
3419 1639 3487 1694 da

1911 1720 2053 1776 beati
2104 1721 2209 1777 viri
2257 1722 2545 1778 virtutibus
2624 1739 2791 1793 pauca
2854 1741 2975 1797 quae
3023 1728 3189 1784 scribi
3243 1729 3482 1787 debeant

1910 1820 2108 1882 pracsto
2156 1823 2300 1880 sunt,
2335 1813 2520 1869 utilius
2568 1815 2898 1870 arbitramur
2953 1817 3020 1872 ad
3067 1819 3484 1876 aedificationem

1913 1904 2240 1959 audientium
2267 1945 2281 1970 ,
2331 1905 2398 1959 ad
2451 1920 2610 1975 quam
2640 1907 2814 1962 omnis
2841 1907 3204 1964 ecclesiastica
3260 1910 3499 1966 intendit.

1914 1993 2213 2065 Scriptura,
2267 1996 2319 2050 in
2365 1997 2628 2066 prommio
2661 2006 2850 2053 contra
2867 2001 3198 2056 mendacium
3227 2002 3504 2072 scribere,

1914 2101 2075 2156 quam
2105 2101 2206 2158 pro
2228 2087 2552 2142 narrationis
2571 2089 2749 2158 inopia
2765 2089 2936 2161 ipsam
2959 2092 3239 2148 historiam
3262 2093 3487 2150 utenda-

1915 2177 2125 2231 ciorum
2154 2176 2352 2233 ﬁnibus
2382 2178 2669 2248 protelare.

1988 2269 2169 2340 Igitur,
2199 2282 2318 2338 quae
2346 2269 2410 2324 de
2451 2269 2556 2324 vita
2585 2269 2670 2325 vel
2699 2270 2970 2326 miraculis
2998 2271 3057 2326 Β.
3090 2271 3259 2327 Mauri
3288 2273 3356 2326 ad
3388 2288 3481 2327 no-

1917 2371 2084 2417 stram
2097 2361 2342 2416 notitiam
2369 2362 2652 2431 pervenire
2681 2371 2990 2431 potuerunt,
3009 2362 3162 2431 juxta
3182 2364 3325 2433 quod
3350 2378 3489 2434 quo-

1919 2454 2162 2508 rumdam
2190 2453 2580 2507 monachorum
2613 2468 2718 2508 non
2747 2454 2967 2508 omnino
3002 2451 3485 2523 contemptibilium

1917 2547 2182 2614 conjicere
2212 2545 2524 2600 narratione
2553 2545 2845 2614 potuimus,
2879 2543 3121 2600 fidelibus
3140 2543 3340 2599 Christi
3363 2541 3514 2598 ﬁde-7

1916 2637 2038 2693 liter
2075 2637 2401 2692 intlmamus.

2426 2724 2654 2782 CAPUT
2692 2724 2980 2781 PRIMUM;

2199 2817 2255 2872 8.
2286 2817 2463 2871 Mauri
2489 2819 2832 2886 episcopatus.
2870 2815 2934 2869 In
2962 2831 3024 2871 eo
3054 2824 3218 2884 gesta.

237 2908 447 2978 egregii
488 2910 860 2978 praedicatoris
912 2909 1074 2963 verba
1115 2907 1405 2978 diligenter
1447 2907 1814 2969 attenderem,
1855 2891 1894 2949 Β
1993 2911 2069 2965 Eo
2096 2911 2280 2980 itaque
2312 2918 2553 2979 tempore
2603 2924 2726 2963 cum
2770 2908 2950 2963 adhuc
2978 2909 3224 2963 Romana
3255 2904 3499 2961 Ecclesia

241 3000 370 3051 talia
406 3014 510 3054 non
550 3000 831 3053 sentirent.
878 2999 968 3052 Ait
1013 2998 1157 3054 enim
1186 2998 1480 3053 Corinthiis
1511 3014 1524 3050 :
1555 2997 1616 3052 Si
1645 3007 1818 3049 autent

240 3088 484 3141 Christus
529 3106 632 3142 non
682 3091 984 3157 resurrexit,
1033 3091 1206 3144 inanis
1253 3107 1374 3159 ergo
1404 3099 1476 3142 est
1516 3089 1819 3156 pra'dicatt‘o

243 3187 446 3241 nostra,
469 3194 601 3231 vana
627 3190 698 3231 est
727 3179 856 3246 ﬁdes
879 3190 1078 3244 vestra;
1106 3180 1397 3233 invenimur
1421 3189 1594 3232 autem
1629 3189 1673 3231 et
1699 3177 1821 3244 falsi

243 3278 396 3322 testes
453 3267 565 3333 Dei,
616 3272 864 3339 quoniam
908 3271 1257 3324 testimonium
1310 3270 1538 3323 diximus
1577 3269 1822 3322 adversus

247 3359 436 3422 Deum,
466 3361 604 3428 quod
647 3361 973 3414 susritarerit
1012 3359 1296 3423 Christum,
1341 3375 1490 3429 quem
1521 3357 1686 3429 419
1722 3375 1824 3411 non

244 3452 516 3506 suscitavit
543 3450 592 3522 (Ι
625 3452 746 3506 Cor.
777 3453 881 3521 ιιι).
916 3451 1223 3506 Secundum
1254 3452 1367 3506 haec
1384 3467 1512 3522 ergo
1532 3451 1822 3520 ap0stolica

247 3543 416 3596 verba
444 3540 611 3595 falsus
637 3544 790 3601 testis
814 3545 923 3597 Deo
948 3543 1140 3596 merito
1167 3542 1364 3597 dicitur
1391 3543 1502 3611 qui,
1538 3543 1828 3596 indiscrete

249 3647 376 3686 eum
408 3633 632 3702 cupiens
672 3633 912 3697 laudare,
961 3634 1246 3696 mentitur;
1277 3642 1329 3686 et
1374 3633 1629 3686 adversus
1663 3633 1825 3684 Deum

249 3722 439 3793 procul
473 3723 635 3777 dubio
664 3724 912 3792 perhibet
965 3723 1328 3778 testimonium
1360 3722 1604 3792 quisquis
1629 3722 1678 3775 in
1715 3722 1830 3790 ejus

251 3813 410 3868 laude
444 3829 701 3884 perversa
732 3815 950 3870 molitur
988 3824 1102 3870 arte
1143 3823 1525 3869 commentum.
1560 3813 1827 3884 Propheta

252 3919 470 3974 quoque
518 3907 831 3961 terribiliter
882 3908 1109 3971 intonat,
1165 3906 1391 3960 dicens:
1442 3906 1612 3959 Odisti
1658 3922 1830 3959 omnes

250 3998 340 4066 qui
375 4009 657 4067 operantur
683 3999 1024 4068 iniquitatem,
1071 4000 1254 4067 perdes
1295 4015 1381 4051 eos
1409 3999 1497 4068 qui
1549 3997 1832 4067 loquuntur

253 4088 586 4141 mendacium
614 4085 785 4155 (Psal,
821 4089 892 4158 v).
929 4087 1187 4140 Nimirum
1234 4087 1517 4141 manifeste
1551 4086 1832 4140 declarans

255 4181 403 4246 quia,
437 4179 577 4233 sicut
606 4179 777 4234 levius
813 4189 897 4234 est
920 4181 1071 4233 odire
1091 4195 1251 4249 quam
1282 4179 1529 4248 perdere,
1560 4177 1634 4231 ita
1669 4179 1830 4231 etiattt

1921 3002 2212 3069 spatiosius
2240 3001 2410 3054 multo
2439 3015 2599 3069 quam
2634 3014 2777 3054 nunc
2804 2998 3204 3068 possessionum
3233 2998 3356 3068 jura
3380 3012 3502 3066 pro-

1924 3095 2187 3155 tenderet,
2238 3102 2293 3148 et
2344 3094 2485 3146 inter
2542 3100 2736 3146 ctetera
2809 3091 3088 3146 Caesenate
3131 3089 3296 3144 etiarn
3346 3088 3500 3157 oppi-

1923 3187 2046 3240 dum
2079 3187 2224 3254 (150)
2252 3185 2573 3254 possideret,
2601 3181 2828 3252 contigit
2859 3191 2917 3236 ut
2937 3180 3124 3236 eadem
3152 3179 3370 3234 Caesena
3399 3193 3500 3231 suo

1924 3279 2224 3348 privaretur
2245 3277 2517 3345 episcopo.
2544 3275 2783 3342 Cumque
2801 3273 3075 3327 Romanus
3095 3269 3336 3340 pontifex
3353 3266 3501 3337 (151)

1925 3375 2169 3421 cerneret
2194 3375 2441 3433 nepotem
2495 3379 2680 3426 suum,
2709 3364 2923 3417 beatum
2955 3359 3201 3414 videlicet
3236 3357 3521 3423 Maurum,

1925 3457 2186 3512 virtututn
2228 3455 2482 3524 gradibus
2510 3454 2572 3506 ad
2603 3452 2710 3505 alta
2759 3451 3156 3514 conscendere,
3206 3459 3260 3503 et
3293 3448 3344 3501 itt
3374 3462 3503 3503 san.-

1927 3556 2026 3599 ctzc
2050 3545 2476 3599 conversationis
2494 3543 2672 3597 studio
2694 3559 2798 3596 nou
2824 3541 3062 3612 segniter
3083 3539 3302 3610 vigilare
3322 3537 3502 3608 (152),

1928 3650 2220 3705 congruum
2247 3633 2400 3688 duxit
2429 3641 2484 3685 ut
2515 3631 2672 3687 talem
2703 3632 2876 3685 virum
2911 3631 2979 3684 ad
3011 3627 3364 3685 sacerdotalis
3386 3626 3504 3682 oili»-

1928 3725 1996 3778 cii
2034 3725 2240 3793 apicem
2285 3731 2666 3794 promoveret,
2701 3730 2966 3790 quatenus
3019 3720 3236 3774 lucerna
3271 3717 3506 3786 Spiritus

1930 3815 2101 3868 sancti
2131 3829 2235 3868 non
2265 3812 2364 3868 sub
2388 3813 2566 3867 modio
2595 3812 2952 3876 delitescet-et,
2982 3810 3100 3877 sed,
3123 3825 3286 3879 super
3313 3807 3507 3863 cande-

1931 3907 2140 3961 labrum
2173 3905 2374 3976 posita,
2402 3919 2591 3960 omnes
2630 3904 2720 3972 qui
2769 3903 2821 3956 iu
2861 3903 3020 3957 domo
3058 3901 3150 3956 Dei
3182 3909 3311 3955 sunt
3339 3914 3510 3954 sacra

1931 3999 2189 4054 doctrina:
2212 3997 2382 4051 radiis
2403 3995 2707 4049 illustraret.
2742 3993 2878 4060 Quid
2895 3993 3043 4062 plura
3065 3993 3088 4046 ?
3112 3991 3350 4046 Tandem
3381 3989 3505 4046 bea-

1936 4100 2019 4145 tus
2051 4089 2265 4144 Maurus
2298 4088 2591 4143 Caesenatis
2634 4085 2886 4141 Ecclesia:
2927 4084 3237 4138 cathedram
3267 4124 3279 4147 ,
3329 4082 3514 4137 divina

1936 4180 2268 4252 providentia
2295 4179 2609 4249 disponente
2629 4218 2642 4242 ,
2679 4177 2935 4246 suscepit.
2988 4175 3188 4229 Idcirco
3220 4181 3397 4227 autem
3430 4172 3513 4226 vel

258 4269 593 4323 tolerabilius
640 4277 723 4323 est
753 4271 1088 4339 iniquitatem
1109 4239 1186 4323 lex
1219 4239 1529 4323 infirmitate
1552 4267 1830 4337 perficere,
1860 4239 1905 4299 C
1939 4239 2081 4342 regis
2108 4274 2199 4343 qui
2224 4282 2348 4327 tunc
2379 4239 2698 4342 imperabat,
2721 4280 2811 4324 aut
2834 4270 3002 4337 ipsius
3037 4265 3315 4336 apostolici
3345 4263 3513 4334 420

259 4373 420 4426 quam
448 4375 517 4413 ex
549 4359 728 4414 studio
752 4361 1028 4415 mendacia
1061 4358 1348 4419 fabricare.

314 4450 701 4521 Hincestquod
729 4466 824 4519 per
845 4449 1572 4530 Jererniamdemendacibus
1598 4450 1830 4506 dicitur:

262 4541 564 4597 Docuerunt
595 4542 801 4612 linguas
829 4560 952 4596 suas
992 4543 1134 4613 loqui
1168 4543 1532 4606 mendacium;
1571 4549 1625 4596 ut
1665 4543 1838 4611 inique

262 4645 472 4703 agerent
524 4635 889 4688 laboraverunt
938 4634 1071 4704 (Jer.
1102 4635 1198 4705 Ix).
1231 4633 1332 4702 Qui
1369 4635 1513 4689 enim
1536 4635 1834 4703 simplicem

263 4729 549 4783 veritatem
585 4727 728 4782 ultro
786 4727 1017 4782 oblatam
1063 4728 1306 4798 proferre
1350 4726 1506 4782 facile
1550 4734 1836 4794 poterant,

266 4828 539 4889 satagunt,
567 4827 627 4873 ιιι
656 4820 933 4873 mendacia
983 4835 1104 4873 cum
1145 4819 1327 4874 labore
1348 4818 1678 4888 confingant.
1719 4816 1837 4880 llic,

263 4914 307 4964 si
346 4914 465 4980 quis
497 4927 593 4966 nos
626 4912 795 4980 longae
829 4910 1156 4980 praefationis
1185 4911 1322 4967 forte
1350 4909 1654 4981 redargttat,
1682 4918 1841 4978 atque

266 5005 316 5056 id
356 5004 496 5071 quod
537 5004 587 5056 in
624 5002 1052 5056 Machalueornm
1082 5002 1216 5056 libro
1255 5000 1518 5070 scriptum
1558 5008 1642 5056 est
1669 5012 1843 5054 auste-

263 5108 350 5114 κη-
401 5109 583 5114 --_-,...
639 5103 856 5114 -_.....--..t
911 5108 924 5114 -
982 5092 1197 5114 paulo---“
1253 5101 1314 5114 ,κη

1557 5107 1644 5114 -.ιι-

1937 4363 2180 4435 praesulis
2227 4363 2313 4418 hic
2365 4363 2710 4432 interponere
2773 4361 2988 4414 nomina
3045 4353 3508 4425 praetermisimus,

1938 4455 2060 4524 quia
2087 4469 2208 4509 cum
2235 4453 2366 4523 ipsis
2388 4453 2479 4521 qui
2510 4451 2664 4506 nobis
2700 4449 2907 4518 reliqua
2929 4447 3158 4508 dictant,
3176 4445 3288 4499 haec
3308 4443 3512 4512 pariter

1940 4549 2268 4616 ignoramus.
2322 4543 2520 4596 Eorum
2573 4556 2805 4609 namque
2853 4537 3111 4593 vocabula
3163 4537 3214 4590 itt
3270 4534 3513 4602 antiquis

1939 4636 2154 4706 quidem
2193 4633 2350 4687 tomis
2388 4632 2535 4702 (155)
2575 4647 2634 4685 se
2670 4631 2872 4685 vidisse
2918 4633 3368 4687 commemorant,
3423 4627 3522 4682 sed

1941 4741 2060 4781 cum
2088 4724 2279 4779 civitas
2309 4732 2434 4776 ante
2463 4723 2575 4778 haec
2598 4721 2830 4775 ﬂammis
2851 4717 3039 4773 fuisset
3063 4725 3276 4780 exusta,
3323 4728 3521 4772 monu-

1942 4828 2123 4873 menta
2148 4829 2361 4886 quoque
2391 4817 2675 4883 perhibent
2698 4814 2858 4868 simul
2883 4810 3051 4867 fuisse
3082 4816 3417 4878 consumpta.

2013 4908 2146 4964 Cum
2175 4908 2338 4976 igitur
2382 4906 2467 4959 vir
2511 4904 2720 4962 Domini
2768 4905 2986 4959 Maurus
3036 4911 3145 4958 tam
3173 4898 3352 4954 ardua:
3377 4914 3556 4967 cura;

1945 5001 2044 5056 sibi
2099 4999 2472 5068 conspexisset
2513 5013 2649 5054 onus
2691 4995 3004 5069 impositum
3032 5037 3046 5062 ,
3086 4993 3228 5050 sicut
3262 4989 3328 5046 de
3371 4991 3578 5065 beam

1951 5093 2074 5114 ndA.
2149 5092 2187 5110 ι-
2235 5091 2266 5108 ι,
2379 5083 2439 5104 ’Π
2492 5091 2503 5102 ι
