3992 5322
454 207 557 263 947

906 205 964 261 S.
1007 204 1210 261 PETRI
1248 203 1531 260 DAMIANI
1566 200 1716 257 OPP.
1755 196 1936 256 PARS
1972 196 2105 254 SEU
2145 193 2382 253 TOMUS
2417 193 2480 250 ll.
2512 224 2581 235 ——
2618 188 3041 277 SANCTORUbl
3081 188 3288 279 VITE.

3619 187 3723 242 9-18

453 319 792 376 subditorum
820 318 1120 374 custodiam
1166 318 1468 373 imminere.
1501 315 1850 387 Perpendens
1882 328 2032 369 nam-
2058 317 2106 375 Α
2135 312 2231 367 sed
2260 310 2336 365 ita
2381 317 2498 364 erat
2546 321 2785 375 congruo
2829 313 3019 369 tenore
3060 303 3113 357 in
3156 302 3390 373 quodam
3429 299 3726 356 meditullio

451 427 556 482 que
591 410 719 480 quia
768 424 878 482 ars.
894 417 979 465 est
1032 409 1231 463 artium
1256 408 1499 478 regimen
1534 408 1840 462 animarum
1862 448 1876 470 ,
1908 422 2038 461 con-

451 514 646 573 gruum
676 500 957 570 judicabat
985 514 1086 555 nec
1112 499 1446 554 internorum
1481 513 1669 553 curam
1708 496 2037 552 exteriorum

449 595 807 675 occupatione
831 594 1079 647 minuere
1101 632 1114 655 ,
1150 606 1249 645 nec
1286 605 1475 645 rursus
1503 589 1834 645 exteriorum
1867 587 2041 656 provi-

451 688 692 742 dentiam
725 687 1062 740 internorum
1082 683 1448 738 sollicitudine
1470 681 1709 737 funditus
1732 680 2037 735 declinare:

450 794 519 834 ne
548 777 799 833 videlicet
819 786 915 831 aut
943 774 1305 831 exterioribus
1336 773 1572 836 deditus,
1591 772 1657 827 ab
1676 771 1889 826 intimis
1917 785 2037 825 om-

451 869 582 924 izino
626 874 927 932 corrueret,
980 876 1072 921 aut
1116 866 1244 921 Solis
1293 865 1642 921 interioribus
1705 870 2038 933 occupatus,

451 974 573 1029 quae
605 956 740 1013 foris
766 957 996 1013 debebat
1033 957 1316 1027 prox-imis,
1349 955 1709 1028 negligentius
1737 955 2040 1009 exhiberet.

523 1050 678 1121 Saepe
705 1064 939 1120 namque
974 1049 1238 1115 nonnulli,
1268 1047 1413 1103 velut
1440 1049 1591 1103 obliti
1620 1048 1760 1120 quod
1786 1046 2041 1101 fratribus

452 1141 757 1196 animarum
790 1156 953 1195 causa
979 1139 1183 1210 praelati
1231 1147 1379 1205 sunt,
1421 1148 1569 1193 tanto
1624 1128 1803 1194 cordis
1847 1138 2040 1192 annisu

450 1235 802 1291 saecularibus
821 1233 1327 1296 curis‘inserviunt,
1350 1232 1492 1303 quod
1519 1231 1640 1297 bas,
1670 1247 1792 1286 cum
1822 1232 2040 1296 adsunt,

451 1342 510 1381 se
540 1340 702 1397 agere
731 1324 1004 1381 exsultant
1029 1342 1042 1377 :
1070 1324 1136 1378 ad
1177 1324 1273 1378 has
1297 1324 1486 1387 etiam,
1526 1339 1648 1378 cum
1680 1324 1894 1387 desunt,
1932 1332 2045 1376 tur-

450 1419 687 1475 bnlentis
713 1418 1100 1488 cogitationum
1129 1416 1351 1471 aestibus
1380 1415 1653 1475 anhelant.
1686 1414 1931 1485 Cumque
1974 1414 2043 1469 ab

450 1512 819 1577 his,cessante
840 1509 1067 1566 forsitan
1094 1509 1519 1579 opportunitate,
1543 1498 1710 1577 quieti
1738 1518 1883 1572 sunt,
1927 1507 2042 1577 ipsa

448 1603 687 1661 deterius
710 1619 806 1659 sua
852 1604 1033 1674 quiete
1071 1601 1385 1673 fatigantur.
1418 1600 1762 1671 Voluptatem
1809 1615 2043 1670 namque

2139 402 2486 465 constitutus,
2527 406 2582 452 ut
2628 406 2684 452 et
2728 410 2893 466 super
2921 410 2979 449 se
3016 393 3203 464 positis
3234 392 3460 447 liberam
3489 391 3726 447 visenda:

2143 494 2305 555 totius
2333 504 2469 563 pene
2496 488 2747 563 dimcesis
2783 484 3095 543 facultatem
3134 483 3420 547 tribueret,
3456 496 3517 536 se
3546 491 3723 535 autem

2140 584 2496 641 ascendentes
2523 592 2867 650 nequaquam
2896 575 3164 631 excelsior
3202 573 3425 629 declivis
3455 572 3727 643 processi-

2141 677 2240 731 bus
2264 675 2539 746 fatigaret.
2580 671 2712 726 Erat
2743 669 2886 725 enim
2914 684 3070 723 mons
3110 666 3200 720 ille
3237 679 3528 720 nemorosa
3555 664 3729 717 diver-

2141 783 2325 825 sarum
2354 766 2609 820 arborum
2652 761 2922 819 densitate
2952 758 3201 814 vestitus.
3235 751 3336 811 Hic
3363 755 3550 825 itaque
3576 768 3729 812 mons

2142 861 2214 929 ita
2241 860 2383 914 beati
2415 856 2852 931 viriaspectibus
2891 852 3115 924 placuit,
3150 866 3214 906 ac
3248 849 3294 907 si
3345 856 3588 909 montem
3622 844 3733 902 Oli-

2141 951 2247 1005 veti
2288 948 2538 1018 adjaccre
2566 930 2685 1003 urbi
2718 944 3055 1000 Hierusalem
3088 936 3355 1006 cerneret,
3392 949 3562 1010 atque
3591 940 3731 994 hunc

2142 1043 2405 1115 psalmum
2439 1057 2545 1095 non
2580 1039 2850 1118 immerito
2875 1053 2996 1092 cum
3024 1035 3291 1105 Propheta
3319 1033 3611 1087 concinere
3639 1046 3732 1099 po-

2145 1135 2335 1188 tu'sset
2364 1150 2376 1184 :
2410 1130 2635 1193 Memor,
2673 1128 2867 1197 inquit,
2909 1143 2996 1180 ero
3046 1126 3146 1190 tui,
3191 1123 3435 1189 Domine,
3490 1123 3557 1175 de
3595 1131 3733 1189 terra

2142 1223 2395 1288 Iordanis
2425 1232 2471 1276 et
2507 1219 2858 1283 Hermoniim,
2899 1234 2931 1271 a
2968 1212 3143 1270 monte
3174 1215 3379 1267 modico
3407 1211 3585 1283 (Psal.
3623 1226 3732 1277 xu,

2141 1312 2227 1382 7);
2259 1326 2419 1380 quem
2456 1309 2706 1363 videlicet
2746 1316 2981 1362 montem
3027 1306 3176 1375 prius
3204 1321 3234 1358 a
3266 1303 3515 1359 Romano
3561 1299 3736 1370 ponti-

2147 1401 2266 1466 fice,
2299 1400 2399 1456 sub
2428 1398 2722 1471 cujusjure
2751 1383 3115 1461 detinebatur,
3145 1397 3319 1466 petiit,
3352 1394 3551 1449 deinde
3575 1392 3737 1469 cella-_

2146 1492 2250 1548 iam
2288 1490 2392 1545 sibi
2446 1490 2556 1545 illic
2600 1505 2722 1544 cum
2780 1489 2976 1559 exigua
3017 1485 3246 1543 ecclesia
3298 1484 3617 1546 fabricavit,
3647 1481 3735 1537 ubi

2144 1582 2608 1658 Quadragesimali
2672 1571 2911 1651 tempore
2967 1591 3352 1653 perseverans,
3406 1574 3634 1647 jejuniis
3670 1580 3737 1629 et

447 1697 768 1763 decernunt,
800 1697 846 1751 si
869 1665 1200 1750 uactionibus
1239 1665 1629 1765 deprimantur.
1662 1692 1901 1747 laborem
1943 1665 2041 1761 pu-
2073 1692 2116 1750 Β
2143 1675 2478 1731 mulionibus
2530 1689 2749 1765 090ml“
2796 1673 2985 1765 ἀίψθίέ
3023 1680 3077 1726 ει
3120 1670 3164 1724 3i
3195 1666 3523 1765 libatum!“
3565 1665 3740 1765 ecﬁle‘

446 1798 583 1855 tant,
611 1789 657 1844 si
689 1788 744 1843 in
772 1788 1000 1844 terrenis
1028 1786 1257 1858 negotiis
1294 1800 1403 1840 non
1431 1784 1701 1843 laborant.
1731 1782 1803 1837 At
1825 1792 2037 1848 contra,

445 1881 690 1937 nonnulli
734 1881 915 1952 gregis
956 1880 1173 1951 quidem
1211 1895 1397 1935 curam
1447 1877 1769 1948 suscipiunt,
1819 1875 1912 1930 sed
1961 1870 2042 1929 sic

445 1974 663 2030 sibimet
689 1990 884 2029 vacare
910 1974 975 2029 ad
998 1972 1299 2043 spiritualia
1329 1980 1610 2042 appetunt,
1627 1980 1687 2024 ut
1712 1970 1868 2024 rebus
1887 1975 2038 2021 exte-

446 2065 683 2121 rioribus
707 2064 1014 2119 nullatenus
1042 2070 1393 2131 occupentur.
1423 2061 1522 2128 Qui
1549 2076 1671 2115 cum
1702 2075 1895 2114 curare
1921 2074 2041 2112 cor—

446 2155 652 2224 poralia
676 2155 920 2211 funditus
945 2154 1243 2226 uegiigunt,
1267 2153 1606 2209 subditorum
1632 2150 2041 2207 necessitatibus

450 2246 675 2319 minime
729 2253 1062 2311 occurrunt;
1121 2260 1351 2315 quorum
1411 2243 1669 2303 nimirum
1726 2241 2042 2312 prmdicatio

454 2336 774 2421 plerumque
824 2335 1137 2408 despicitur,
1217 2335 1365 2406 quia,
1432 2334 1559 2391 dum
1613 2333 2040 2402 delinquentium

447 2430 588 2497 facta
611 2430 935 2500 corripiunt,
973 2430 1067 2485 sed
1101 2437 1278 2484 tamen
1308 2428 1388 2484 eis
1423 2427 1729 2483 necessaria
1756 2426 2041 2496 praesentis

446 2525 572 2578 vita:
598 2538 705 2578 non
744 2524 1006 2588 tribuunt,
1055 2536 1395 2593 nequaquam
1444 2520 1676 2575 libenter
1725 2519 2038 2574 audiuntur.

446 2612 669 2684 Egentis
721 2613 919 2669 etenim
959 2620 1196 2677 mentem
1227 2611 1490 2667 doctrinae
1526 2624 1706 2665 sermo
1734 2623 1838 2663 non
1870 2623 2038 2678 pene-

444 2713 574 2769 trat,
598 2704 643 2760 si
672 2704 816 2771 hunc
846 2704 987 2774 apud
1015 2703 1134 2772 ejus
1161 2702 1402 2764 animum
1430 2716 1622 2756 manus
1656 2701 2041 2757 misericordiae

451 2810 557 2852 non
607 2794 968 2850 commendat.
1025 2793 1179 2862 Tunc
1218 2802 1398 2849 autem
1443 2793 1594 2851 verbi
1642 2807 1826 2847 semen
1880 2790 2041 2847 facile

448 2886 739 2954 germinat,
771 2886 988 2956 quando
1035 2886 1137 2941 hoc
1185 2886 1240 2945 in
1286 2885 1557 2942 audientis
1598 2893 1818 2953 pectore
1864 2885 2042 2954 pietas

449 2975 801 3044 pzzedicantis
852 2975 1011 3046 rigat.
1061 2974 1188 3043 llaec
1235 2983 1414 3036 autem
1449 2974 1656 3031 idcirco
1696 2974 1763 3027 de
1812 2973 2041 3029 diversis

2145 1765 2379 1821 siasticis
2423 1764 2654 1833 negotiis
2696 1762 2867 1817 furari
2908 1768 3143 1832 poterat,
3184 1760 3255 1818 ad
3288 1758 3545 1813 eamdem
3570 1755 3740 1811 cellu-

2144 1857 2272 1931 lam,
2301 1855 2446 1933 velut
2479 1854 2547 1909 ad
2575 1853 2815 1909 dulcium
2872 1851 3155 1922 epularum
3180 1850 3514 1928 convivium,
3546 1864 3737 1919 recur-

2144 1951 2319 2005 rebat.
2366 1949 2480 2012 Illic
2517 1948 2752 2017 denique
2792 1945 3051 2002 fluentum
3083 1945 3279 2000 divina:
3323 1941 3741 2012 contemplatio-

2142 2042 2229 2097 nis
2254 2041 2427 2095 avidis
2454 2041 2651 2096 mentis
2678 2051 2789 2092 sua:
2818 2030 3065 2092 faucibus
3092 2035 3398 2098 hauriebat,
3425 2033 3572 2088 unde
3595 2040 3740 2102 post-

2143 2136 2362 2192 modum
2394 2134 2604 2189 arentia
2632 2126 3003 2205 proximorum
3042 2120 3261 2201 pectora
3299 2137 3505 2183 sancte
3542 2125 3735 2197 praui;

2143 2229 2375 2285 eatiouis
2408 2226 2604 2299 poculo
2640 2222 2942 2281 recreabat.
2986 2222 3080 2278 Illo
3112 2221 3269 2293 plane
3297 2220 3419 2275 loco
3452 2218 3612 2288 quasi
3642 2231 3736 2288 pro

2141 2319 2336 2375 balneo
2372 2319 2643 2374 utebatur.
2676 2316 2751 2372 lbi
2791 2304 2937 2372 enim
2961 2314 3191 2384 curabat
3225 2313 3471 2374 abluere,
3496 2312 3543 2366 si
3572 2326 3734 2382 quam

2141 2426 2209 2467 ex
2236 2410 2580 2465 saecularium
2611 2409 2891 2464 hominum
2915 2406 3300 2469 collocatione,
3323 2412 3415 2458 aut
3439 2403 3620 2467 verbi,
3644 2409 3737 2456 aut

2142 2489 2488 2574 cogitationis
2505 2486 2769 2557 maculam
2791 2499 3186 2579 contraxisset;
3204 2506 3259 2551 et
3282 2496 3566 2566 pulverem
3586 2483 3737 2559 muni

2141 2598 2297 2653 dante
2330 2576 2930 2660 conversationis,‘sine
2962 2576 3074 2664 quo
3106 2593 3221 2647 hmc
3249 2578 3511 2667 humana;
3535 2597 3738 2659 morta-

2141 2691 2310 2747 litatis
2355 2691 2441 2746 via
2486 2705 2591 2744 non
2639 2688 2913 2764 carpitur,
2961 2684 3170 2763 crebris
3211 2683 3320 2738 illic
3369 2664 3735 2753 laervmarum

2140 2780 2383 2837 fontibus
2407 2782 2678 2851 expiabat.
2709 2762 2801 2834 Ille
2840 2762 3002 2850 igitur
3045 2767 3219 2851 locus,
3268 2774 3361 2846 qui
3402 2766 3601 2827 sancto
3622 2768 3743 2824 viro

2141 2876 2197 2931 in
2226 2876 2335 2928 vita
2367 2884 2475 2928 tam
2507 2873 2733 2928 dilectus
2762 2880 2816 2927 et
2843 2864 3128 2925 familiaris
3165 2852 3411 2931 exstitit,
3431 2874 3558 2936 post
3598 2879 3737 2919 mor-

2145 2977 2251 3022 tem
2286 2981 2503 3037 quoque
2539 2965 2657 3035 ejus
2698 2966 2973 3035 sepultura
3023 2963 3219 3018 meruit
3270 2960 3547 3032 insigniri.
3606 2957 3747 3043 Nam

449 3075 727 3135 pastorum
747 3067 986 3121 moribus
1016 3066 1304 3135 loquimur,
1327 3075 1565 3134 utquam
1595 3067 1854 3134 prudens,
1874 3080 2035 3132 quam
2064 3059 2108 3121 C
2140 3075 2338 3130 corpus
2384 3060 2520 3129 ejus,
2552 3058 2606 3112 in
2658 3074 2819 3113 saxea
2870 3072 2996 3112 arca
3028 3055 3389 3115 reconditum,
3419 3051 3580 3121 juxta
3618 3066 3749 3127 par-_

450 3156 729 3211 moderata
768 3156 820 3209 in
866 3156 1029 3213 beato
1070 3155 1256 3210 Mauro
1300 3154 1462 3209 fuerit
1510 3155 1785 3215 discretio,
1820 3155 2073 3209 demon-'
2146 3169 2268 3208 vam
2300 3152 2581 3208 basilicam
2618 3168 2781 3223 quam
2824 3150 2940 3223 ipse
2963 3155 3347 3205 construxerat
3383 3153 3470 3201 est
3505 3143 3746 3202 collau-

448 3258 702 3303 stremus.
750 3246 849 3313 Qui
901 3244 1176 3309 nimirum,
1203 3244 1329 3299 dum
1384 3260 1560 3315 neque
1609 3243 2044 3313 contemplativa:

448 3338 575 3393 vitae
619 3335 791 3394 Otium
853 3332 1157 3397 sectando,
1208 3334 1439 3387 activam
1511 3335 1732 3388 omnino
1780 3333 2041 3400 deseruit,

449 3440 626 3495 neque
687 3440 783 3495 per
842 3424 1033 3479 activa:
1088 3422 1461 3477 lassitudinem
1518 3422 1667 3493 (154)
1715 3420 1886 3477 libere
1934 3422 2041 3476 dis-

449 3515 742 3581 currendo,
790 3530 818 3568 a
851 3513 1313 3584 contemplatione
1343 3513 1591 3575 recessit,
1616 3521 1686 3574 et,
1707 3520 1765 3565 ut
1791 3512 1864 3566 ita
1892 3511 2043 3566 dixe-

449 3610 705 3677 rim..per
740 3622 959 3661 amcam
994 3607 1139 3659 viam
1186 3605 1428 3670 caelestis
1475 3604 1625 3675 regni
1666 3603 2041 3659 celsitudinem

452 3697 777 3767 penetravit.

520 3789 763 3858 Denique
829 3789 954 3843 dum
1025 3789 1078 3843 in
1146 3788 1422 3858 episcopio
1491 3803 1589 3842 suo
1653 3787 1916 3859 degeret,
1989 3797 2042 3842 et

366 3930 379 3939 η
451 3881 798 3935 commissam
861 3881 961 3935 sibi
1030 3870 1325 3945 Ecclesium
1393 3888 1612 3935 strenue
1670 3880 2039 3952 gubernaret,

449 3973 617 4040 erepit
674 3972 834 4027 talem
897 3973 1072 4026 locum
1135 3973 1363 4027 sollicita
1430 3974 1627 4027 mentis
1699 3974 2046 4043 indagatione

448 4063 788 4132 perquirere,
838 4064 928 4118 ubi
971 4064 1037 4117 ad
1089 4073 1296 4133 tempus
1344 4074 1397 4118 et
1432 4079 1463 4118 a
1516 4064 1855 4119 saecularium
1924 4074 2042 4119 tur-

451 4170 515 4205 na
574 4152 830 4208 secedere
875 4160 930 4208 et
985 4153 1083 4208 soli
1129 4154 1240 4207 Deo
1292 4162 1478 4222 posset
1529 4154 1818 4223 specialius
1865 4155 2044 4209 adhic-

451 4261 615 4310 rcre;
676 4244 892 4299 Domini
948 4245 1031 4301 sui
1081 4244 1289 4309 scilicet
1348 4259 1452 4305 non
1511 4245 1692 4314 segnis
1761 4246 2042 4311 imitator,

447 4336 607 4408 421
641 4338 731 4406 qui
771 4352 868 4407 per
905 4336 1048 4392 diem
1098 4337 1151 4391 in
1197 4336 1420 4397 urbibus
1470 4335 1825 4406 praedicabat,
1880 4346 2041 4391 noctu

2146 3252 2285 3299 tum.

2768 3332 2999 3398 CAPUT
3036 3332 3101 3387 11.

2470 3443 2767 3515 Translatio
2799 3443 3030 3510 corporis
3047 3458 3065 3506 ;
3102 3438 3381 3495 miracula.

2215 3555 2341 3611 Hcce
2370 3555 2549 3626 igitur,
2579 3570 2698 3624 qua:
2732 3554 2798 3609 de
2828 3554 2934 3608 vita
2963 3550 3103 3607 beati
3132 3551 3233 3606 viri
3270 3551 3337 3604 ad
3368 3555 3622 3605 nostram
3646 3561 3745 3618 po-

2147 3653 2364 3700 tuerunt
2382 3645 2663 3714 pervenire
2685 3643 2953 3707 notitiam,
2972 3658 3078 3697 non
3102 3641 3316 3710 quidem
3334 3649 3465 3694 sunt
3479 3654 3512 3692 a
3536 3639 3745 3707 nostris

2146 3737 2470 3791 relatoribus
2520 3738 2669 3810 visa,
2723 3736 2819 3791 sed
2863 3734 3270 3801 succedentium
3316 3732 3744 3804 generationem

2144 3831 2344 3889 celebri
2371 3830 2635 3887 memoria
2667 3829 2962 3897 divulgata.

2163 3939 2166 3943 ’
2214 3946 2445 4014 Quidam
2481 3953 2662 3999 autem
2690 3943 2947 4013 antiquus
2975 3940 3266 3996 admodum
3302 3952 3495 4002 senex,
3526 3945 3587 3992 et
3619 3950 3745 3992 eor-

2143 4055 2275 4109 pore
2312 4046 2684 4093 marcescente
2712 4035 2825 4106 iam
2857 4035 3137 4099 tremulus,
3170 4035 3372 4089 nostris
3400 4047 3583 4101 nuper
3604 4039 3746 4085 tem-

2145 4126 2369 4205 poribus
2413 4118 2656 4195 exstitit,
2701 4130 2797 4198 qui
2856 4143 2916 4183 se
2967 4127 3170 4182 vidisse
3224 4114 3387 4194 hujus
3447 4124 3511 4178 Β.
3567 4122 3741 4177 Mauri

2147 4234 2416 4294 nepotem,
2448 4221 2824 4280 Constantium
2854 4218 3106 4276 videlicet
3141 4217 3385 4279 nomine,
3419 4217 3739 4286 episcopum

2144 4316 2442 4372 Caesenatis
2489 4313 2745 4368 Ecclesiae
2792 4312 3110 4376 testabatur.
3134 4309 3297 4382 £22
3327 4306 3434 4363 Sed
3479 4306 3741 4375 quoniam

448 4445 580 4483 vero
629 4430 683 4484 in
740 4437 922 4484 monte
977 4429 1313 4489 orationibus
1363 4426 1650 4485 insistebat
1682 4426 1713 4499 ¹(
1732 4426 1859 4481 Luc.
1888 4426 2034 4495 xxi).

2147 4409 2210 4462 de
2246 4408 2358 4462 vita
2383 4407 2445 4460 Β.
2469 4405 2641 4460 Mauri
2665 4421 2727 4459 ea
2759 4419 2879 4476 quae
2905 4404 3058 4457 nobis
3086 4402 3274 4455 audire
3324 4397 3556 4469 contigit
3600 4394 3741 4467 style

450 4521 696 4591 Dumque
719 4520 772 4574 in
796 4520 913 4575 dies
942 4519 1100 4588 hujus
1122 4520 1410 4573 anxietatis
1438 4519 1608 4590 magis
1637 4533 1700 4573 ac
1716 4518 1886 4589 magis
1913 4533 2042 4573 cura

451 4622 844 4679 succresceret,
883 4614 1099 4669 tandem
1129 4614 1325 4683 adjecit
1347 4612 1559 4669 oculum
1588 4613 1656 4668 ad
1684 4613 1848 4668 breve
1874 4614 2042 4683 quod-

450 4707 573 4760 dam
607 4707 1060 4776 promuntorium,
1099 4708 1335 4777 qitatuor
1373 4706 1484 4761 fere
1526 4706 1720 4761 stadiis
1749 4705 1817 4761 ab
1845 4707 2042 4777 exigua

454 4799 589 4859 urbe
637 4807 925 4853 semotum.
977 4799 1287 4854 Vocabatur
1335 4807 1514 4853 autem
1561 4798 1732 4853 saltus
1769 4796 2037 4866 Spatiani,

450 4890 603 4944 locus
645 4888 854 4945 scilicet
894 4879 991 4946 nec
1027 4891 1314 4960 praeruptis
1356 4889 1729 4944 cacuminibus
1754 4888 2040 4943 sublimius

451 4978 518 5031 ad
549 4978 656 5033 alta
687 4988 992 5048 porrectus,
1030 4996 1129 5035 nec
1155 4980 1376 5036 omnino
1416 4979 1703 5047 depressus
1735 4978 1785 5031 in
1817 4978 1939 5041 ima,
1975 4979 2042 5033 ad

453 5070 657 5126 arvalis
681 5070 838 5127 lautae
867 5072 1014 5148 (155)
1048 5073 1329 5129 videbatur
1351 5062 1666 5142 planitatem
1699 5078 2040 5139 coaequalus;

2147 4508 2405 4554 currente
2431 4497 2776 4569 digessimus,
2805 4509 2951 4550 nunc
2975 4492 3208 4563 qualiter
3230 4489 3579 4559 omnipotens
3599 4487 3741 4541 Dens

2145 4594 2216 4647 ad
2264 4592 2493 4663 gloriam
2540 4592 2624 4647 sui
2682 4589 2921 4645 nominis
2975 4587 3095 4657 ejus
3146 4583 3343 4639 merita
3408 4578 3739 4635 revelaverit

2144 4683 2389 4739 breviter
2415 4684 2785 4755 eXplieemusJ

2215 4782 2362 4866 (156)
2399 4797 2496 4851 Est
2547 4804 2727 4851 autem
2764 4807 2912 4849 nunc
2969 4790 3183 4847 celebre
3234 4785 3627 4842 monasterium
3680 4781 3732 4836 in

2145 4877 2621 4958 praedictoimonte
2675 4887 2729 4941 in
2771 4899 2876 4954 quo
2909 4883 2997 4937 vir
3024 4881 3117 4936 Dei
3154 4892 3319 4934 orare
3354 4880 3729 4935 consueverat,

2152 4979 2218 5032 ad
2252 4979 2514 5034 honorem
2556 4978 2615 5033 Β.
2659 4977 2754 5032 Dei
2787 4958 3081 5031 Genitricis
3115 4980 3168 5025 et
3201 4967 3440 5039 Virginis
3473 4962 3735 5019 constitu-

2152 5080 2286 5136 tmn,
2314 5072 2405 5126 ubi
2429 5087 2583 5127 mons
2605 5071 2773 5125 Mauri
2800 5085 2868 5125 ex
2895 5067 3118 5138 antiqua
3142 5062 3318 5138 populi
3345 5054 3735 5117 consuetudine

1734 5181 1785 5237 J.
1824 5183 2162 5240 BOLLANDI
2205 5185 2437 5244 NOTAE.

526 5296 674 5322 llHl\
700 5294 805 5322 Ε...-
882 5295 1208 5322 1,.11,...Ιέ..-.--

2154 5298 2229 5322 Lr-
2274 5299 2311 5322 η
2382 5299 2599 5322 η-μς----
2664 5298 2965 5322 ιι-.-.-.--..-
3017 5301 3321 5322 ...ωμηυηηι
3380 5305 3532 5322 ηιμ-η
3606 5285 3734 5322 tam
