3992 5322
211 252 315 310 949

1571 255 1728 316 VlTA
1783 261 1822 320 5
1841 297 1844 300 ~
1891 261 2132 319 MAURI.

3380 262 3484 319 950

210 343 432 436 dicitur,
477 369 604 438 quia
651 371 804 423 locus
851 367 938 434 ille
988 383 1093 424 non
1147 373 1422 429 immerito
1467 376 1641 454 sancti
1695 375 1798 454 viri
1824 383 1876 440 Α
1903 381 2165 446 biberent,
2195 383 2281 435 vel
2321 379 2462 437 beati
2511 379 2841 437 confessoris
2885 381 3314 436 misericordiam
3347 379 3485 438 fusis

207 459 472 516 vocabulo
502 460 810 514 decoratur.

273 549 414 606 Cum
455 549 618 620 igitur
656 567 784 606 arca
835 551 922 606 illa
965 553 1058 608 ubi
1093 554 1234 609 beati
1271 555 1372 610 viri
1417 557 1796 628 corpusculum

207 641 579 704 claudebatur.
600 639 755 708 juxta
785 641 1064 710 prmfatam
1097 644 1382 700 ecclesiam
1401 687 1416 710 ,
1447 655 1606 701 terrae
1638 646 1791 702 undi-

207 748 310 804 que
361 741 644 788 crescente
693 735 966 802 congerie,
1032 734 1396 800 delitesceret,
1455 745 1514 791 et
1553 738 1640 792 vix
1678 738 1794 792 saxi

207 823 378 893 ipsius
438 823 726 878 summitas
773 824 888 878 solo
919 833 1074 880 tenus
1125 827 1424 892 emineret,
1457 829 1682 899 contigit
1736 838 1796 884 ut

205 916 366 972 homo
399 917 620 985 quidam
658 931 782 970 cum
813 916 1016 972 litaniis
1053 917 1377 986 adveniens,
1408 919 1582 974 soluta
1611 921 1796 991 caligae

203 1010 390 1080 ligula,
415 1017 640 1078 repente
661 1008 770 1066 illic
799 1011 988 1080 pedem
1013 1019 1257 1080 poneret,
1285 1020 1358 1078 et,
1385 1011 1458 1066 nil
1482 1012 1584 1068 tale
1609 1014 1795 1067 existi-

202 1116 391 1166 mans,
433 1115 626 1156 secure
671 1101 886 1171 ligaret.
929 1101 1122 1156 Vincto
1163 1102 1326 1172 igitur
1363 1104 1494 1168 talo,
1534 1119 1654 1158 cum
1679 1102 1792 1172 jam

200 1207 244 1240 ν»
265 1190 710 1254 llet-abscedere,
735 1191 928 1260 pedem
959 1191 1105 1244 nullo
1129 1193 1288 1246 modo
1315 1193 1486 1262 potuit
1517 1191 1789 1249 amovere.

204 1281 446 1352 Cumque
473 1283 564 1338 diu
587 1293 900 1349 conaretur,
931 1291 1008 1348 et,
1027 1284 1212 1338 omnia
1243 1293 1482 1350 tentans,
1504 1286 1607 1339 huc
1636 1285 1792 1340 illuc-

205 1388 306 1442 que
347 1388 407 1428 se
453 1383 712 1439 verteret,
765 1389 862 1444 pes
915 1375 1270 1430 nihilominus
1319 1376 1498 1432 stabat
1537 1377 1794 1431 immotus

206 1473 256 1517 et
285 1463 610 1532 quibusdam
655 1465 824 1520 clavis
861 1481 992 1522 saxo
1031 1467 1317 1522 tenebatur
1359 1467 1568 1522 aﬂixus.
1603 1467 1793 1522 Stabat

205 1553 366 1609 miser
409 1555 582 1624 ignoti
627 1556 871 1612 criminis
905 1572 1061 1622 reus,
1117 1565 1172 1610 et
1217 1561 1306 1626 qui
1353 1559 1453 1613 sibi
1500 1559 1790 1629 corrigiam

207 1645 366 1716 ligare
395 1643 664 1714 voluerat,
698 1646 1050 1716 semetipsum
1089 1647 1268 1716 potius
1295 1663 1428 1704 saxo
1467 1649 1662 1720 ligasse
1698 1650 1791 1703 do-

1895 461 2274 526 tantummodo
2323 471 2577 542 precibus
2633 471 3024 542 implorarent,
3071 471 3188 526 sani
3240 480 3294 526 et
3335 470 3486 526 inco-

1899 559 2070 616 lumes
2113 563 2180 616 ad
2219 561 2436 632 pr0pria
2477 569 2603 616 sunt
2633 563 2864 628 reversi,
2903 575 3224 634 quocunque
3255 561 3488 634 fuissent

1897 653 2112 708 vinculo
2161 654 2496 724 aegritudinis
2543 653 2788 724 obligati.
2827 653 3048 710 Videres
3092 650 3486 708 miserabilium

1895 743 2268 814 languidorum
2307 745 2483 800 soluta
2536 747 2802 800 cadavera
2863 727 3040 822 alieno
3071 744 3222 816 prius
3254 742 3492 812 admini-

1897 835 2017 892 culo
2053 845 2391 908 sustentante
2421 835 2642 900 deferri,
2667 835 2760 904 qui
2793 851 2914 890 mox
2945 851 3068 890 cum
3093 849 3286 906 magna
3307 831 3492 890 exsul-

1898 930 2100 1000 talione
2147 935 2308 998 atque
2365 927 2598 998 tripudio
2629 929 2972 996 remeabant
3021 927 3190 998 saluti.
3237 925 3488 998 pristina:

1899 1019 2154 1090 reparati.

1967 1109 2209 1184 Cumque
2251 1117 2332 1163 tot
2373 1109 2648 1166 miraculis
2700 1111 3111 1168 coruscantibus
3151 1107 3320 1180 magis
3347 1121 3488 1179 ιπωτ

1895 1201 2040 1258 clara
2079 1201 2138 1254 B.
2177 1201 2346 1266 1Mauri
2378 1201 2520 1254 fama
2562 1203 2952 1268 crebresceret,
2995 1210 3048 1256 ct
3092 1201 3322 1256 virtutes
3349 1213 3486 1270 quas

1895 1308 1994 1362 per
2027 1306 2148 1346 eum
2181 1291 2443 1348 Dominus
2471 1293 2811 1358 ostendebat,
2867 1309 2973 1348 non
3011 1293 3185 1348 solum
3229 1290 3482 1360 contigua

1895 1375 2145 1458 quasque,
2179 1383 2270 1437 sed
2301 1393 2356 1437 et
2388 1383 2678 1437 remotiora
2718 1383 2958 1438 locorum
3011 1381 3185 1451 spatia
3207 1393 3488 1450 personas

1897 1481 2040 1538 rent,
2059 1473 2299 1537 tandem,
2315 1473 2628 1528 convocatis
2652 1472 2921 1542 episcopis
2941 1471 3244 1526 vicinarum
3269 1469 3484 1524 urbium

1895 1565 2186 1634 multisque
2213 1564 2534 1634 pepulerum
2580 1563 2750 1618 turbis
2791 1563 3028 1632 undique
3065 1559 3486 1624 conﬂuentibus,

1895 1657 2146 1722 certatim
2188 1671 2310 1710 arca
2339 1656 2424 1709 illa
2455 1655 2506 1710 in
2535 1671 2638 1726 qua
2669 1655 2812 1711 beati
2833 1655 2938 1712 .viri
2967 1655 3268 1724 patrocinia
3299 1667 3490 1718 recon;

205 1737 360 1793 lebat.
401 1737 632 1800 Volebat
672 1750 852 1805 stare,
903 1739 1002 1794 sed
1035 1733 1142 1794 una
1187 1739 1407 1796 innixus
1447 1741 1634 1811 planta
1683 1757 1790 1796 non
1819 1733 1868 1793 Β
1897 1752 2118 1818 duntur,
2173 1750 2443 1818 ell‘oditur,
2503 1759 2580 1816 et,
2630 1750 2903 1804 terebrato
2951 1748 3158 1820 pariete
3218 1745 3486 1810 ecclesiae,

204 1839 445 1902 poterat;
496 1829 720 1900 optabat
761 1831 964 1900 jacere,
1006 1830 1102 1886 sed
1151 1845 1182 1886 a
1213 1847 1311 1885 suo
1352 1831 1488 1900 pede
1533 1846 1792 1887 corruere

206 1939 304 1978 non
344 1923 582 1978 valebat.
633 1925 894 1990 Tandem,
941 1925 1224 1994 repentino
1251 1923 1432 1994 populi
1464 1924 1792 1979 adventante

206 2029 504 2082 concursu,
563 2014 654 2068 alii
705 2015 950 2082 malleis,
997 2015 1086 2069 alii
1137 2015 1422 2069 securibus
1497 2017 1790 2083 gestientes

205 2119 402 2178 partem
429 2107 630 2178 lapidis
659 2109 1044 2178 praeciderunt,
1077 2117 1130 2162 et
1161 2117 1280 2176 post
1304 2107 1470 2163 multa
1497 2109 1586 2162 vix
1617 2109 1790 2164 homi—

207 2213 319 2254 nem
362 2200 428 2254 de
483 2214 618 2252 saxo
671 2199 963 2268 exculpere
1021 2207 1332 2270 potuerunt.
1386 2199 1504 2254 Mox
1557 2199 1790 2256 laetantis

207 2292 366 2346 turba:
388 2291 598 2346 clamor
627 2293 892 2358 exoritur,
921 2291 1058 2346 mira
1091 2291 1184 2346 Dei
1217 2293 1388 2346 virtus
1420 2292 1708 2362 attollitur,
1735 2301 1792 2349 et

205 2383 259 2437 B.
285 2383 452 2439 Mauri
490 2384 726 2439 tumulus
753 2385 946 2456 dignus
975 2386 1279 2440 reverentia
1298 2385 1595 2455 judicatur.

270 2473 410 2528 idem
425 2475 668 2544 prmdicti
693 2476 920 2532 ccenobii
947 2477 1263 2540 monachus,
1280 2477 1459 2532 Teuzo
1474 2479 1520 2544 (ιι
1532 2477 1624 2548 57)
1641 2477 1790 2534 vide-

207 2563 320 2620 licet
345 2566 585 2630 nomine,
611 2567 928 2637 grandaevus
951 2567 1062 2638 jam
1089 2577 1143 2622 et
1165 2569 1277 2637 ipsa
1298 2569 1496 2624 canitie
1521 2585 1786 2624 veneran-

208 2658 320 2721 dus,
359 2656 514 2726 cujns
555 2658 670 2712 haec
711 2657 974 2712 relatione
1018 2659 1325 2726 didicimus,
1373 2661 1513 2716 aliud
1549 2664 1784 2717 miracu-

210 2748 314 2801 lum
355 2743 540 2804 retulit
587 2737 1120 2820 quodnequaquam
1162 2753 1379 2808 silentio
1423 2757 1810 2825 praeterimus."

205 2840 496 2910 Aliquando
523 2843 636 2912 ipse
661 2843 955 2911 praedictus
982 2843 1151 2898 frater
1177 2847 1444 2900 acerrima
1471 2847 1518 2902 vi
1547 2847 1784 2904 febrium
1807 2859 1810 2862 ‘

207 2931 507 3000 urgebatur.
561 2933 806 3002 Cumque
862 2935 1006 2990 nulla
1070 2937 1378 2991 medieinall
1426 2953 1586 3004 cura,
1639 2925 1784 2994 n‘ullo

206 3035 418 3090 prorsus
443 3023 682 3077 humano
712 3024 890 3078 studio
925 3027 993 3079 ad
1037 3025 1423 3084 incolumitatis
1462 3039 1660 3084 statum
1694 3047 1782 3086 re-

209 3110 312 3164 dire
353 3112 654 3182 potuisset,
701 3115 916 3168 cuidam
963 3131 1076 3170 suae
1121 3127 1426 3173 matertera:
1477 3120 1777 3190 religiosae,
1809 3100 1854 3160 (ἶ

207 3201 442 3258 videlicet
480 3204 900 3271 sanctimoniali,
931 3217 1196 3263 nocturno
1226 3209 1442 3264 silentio
1471 3210 1533 3263 Β.
1565 3211 1781 3267 Maurus

208 3294 466 3360 apparuit,
500 3295 662 3364 eique
693 3297 828 3350 dixit
856 3314 870 3350 :
905 3297 964 3352 Si
992 3299 1096 3366 vis,
1121 3301 1316 3369 inquit,
1352 3311 1599 3372 nepotem
1631 3312 1782 3357 tuum

207 3399 266 3438 ex
292 3403 352 3441 ea
375 3377 540 3458 quam
565 3391 769 3458 patitur
793 3392 1111 3462 aegritudine
1138 3387 1538 3458 convalescere,
1569 3396 1781 3450 denun-
1807 3397 1810 3400 ⁴

208 3479 272 3532 tia
315 3481 362 3535 ei
409 3491 468 3538 ut
511 3499 676 3553 super
718 3485 1053 3556 sepulturam
1097 3502 1272 3552 meam
1316 3487 1529 3559 signum
1583 3497 1784 3545 sancta:

207 3575 372 3630 crucis
418 3576 633 3654 inﬁgat,
665 3587 888 3648 totoque
927 3593 1072 3632 anno
1106 3578 1508 3634 solemnitatem
1549 3580 1680 3633 mihi
1727 3595 1784 3636 se

206 3663 468 3724 celebrare
491 3663 774 3724 devoveat.
805 3669 1050 3740 Cumque
1071 3670 1160 3725 ille
1182 3671 1326 3725 beati
1351 3671 1453 3726 viri
1477 3670 1780 3738 oraculum,

206 3757 336 3822 quod
388 3761 788 3816 sanctimoniali
845 3761 1116 3818 referente
1161 3763 1448 3834 cognovit,
1503 3773 1784 3834 gratanter

207 3851 460 3921 impleret,
507 3871 636 3910 mox
674 3866 732 3910 ut
765 3855 1000 3911 ferream
1045 3871 1260 3912 crucem
1304 3873 1466 3928 super
1517 3859 1781 3925 mundum

206 3939 352 4011 fixit;
408 3945 604 4000 deinde
665 3948 952 4002 commotis
1012 3949 1316 4004 visceribus
1383 3949 1785 4020 praecipitanter

204 4036 448 4100 evomuit,
480 4045 644 4106 atque
687 4037 761 4090 ita
807 4038 1053 4106 protinus
1089 4051 1304 4092 omnem
1340 4038 1479 4107 ignei
1507 4037 1799 4109 languoris

205 4123 526 4193 molestiam,
577 4127 724 4182 velut
769 4129 886 4199 ipso
931 4129 1136 4184 vomitu
1184 4140 1466 4200 egerente,
1524 4131 1777 4202 projecit;

201 4211 671 4290 jamque-pristiam
706 4221 924 4278 sanitati
949 4221 1230 4293 integriter
1259 4223 1563 4288 restitutus,
1589 4224 1781 4294 dignas

206 4307 458 4368 Salvatori
485 4315 595 4369 Deo
619 4315 821 4386 gratias
847 4316 1052 4381 retulit,
1075 4325 1130 4370 et
1153 4315 1214 4368 Β.
1241 4315 1409 4370 Mauri
1438 4319 1776 4385 miraculum,

203 4404 334 4468 quod
359 4405 415 4460 in
452 4423 512 4462 se
538 4419 798 4476 expertus
837 4407 1034 4475 fuerat,
1070 4408 1136 4464 ad
1166 4409 1392 4480 gloriam
1417 4412 1654 4467 llOlliilllS
1683 4412 1778 4466 Dei

205 4493 374 4549 multis
403 4495 646 4552 indicare
677 4501 908 4554 curavit.

265 4583 418 4658 423
445 4587 564 4643 Iam
594 4590 756 4660 igitur
796 4592 994 4647 celebri
1025 4593 1306 4662 utriusque
1338 4591 1476 4662 signi
1515 4593 1656 4647 fama
1685 4609 1777 4647 vo—

205 4672 380 4734 litante
406 4697 504 4751 per
527 4684 802 4753 populum,
836 4692 1118 4752 cmperunt
1144 4683 1296 4738 multi
1323 4685 1390 4737 ad
1415 4699 1600 4738 sacras
1629 4673 1772 4738 beati

205 4767 297 4823 viri
323 4773 574 4844 reliquias
600 4778 794 4833 devote
814 4791 1162 4845 concurrere,
1189 4779 1400 4848 piisque
1420 4777 1535 4845 ejus
1564 4779 1774 4842 meritis

206 4873 322 4917 suas
346 4868 554 4924 animas
591 4871 852 4924 attentius
888 4873 1302 4932 commendare;
1335 4869 1578 4924 nonnulli
1603 4870 1770 4924 etiam

209 4951 416 5014 diversis
461 4961 825 5020 valetudinum
869 4961 1398 5022 incommoditatibus
1437 4962 1768 5026 laborantes,

208 5044 322 5105 dum
358 5051 442 5107 vel
480 5055 732 5112 detritam
774 5058 1088 5128 sepulcralis
1130 5057 1422 5113 marmoris
1459 5057 1769 5116 limaturam

273 5294 411 5322 IIEH\
451 5297 554 5322 οη..
627 5301 690 5322 ην.
747 5320 750 5322 .

1468 5189 1520 5247 J.
1553 5195 1906 5266 BOLLANDI
1941 5200 2169 5261 NOTAE.

1894 1843 2036 1898 inter
2085 1841 2325 1896 absidam
2380 1849 2433 1896 et
2481 1841 2651 1904 altare
2701 1856 2834 1898 cum.
2875 1839 3088 1911 hymnis
3132 1847 3187 1892 et
3236 1837 3486 1892 laudibus

1893 1950 2100 1988 summa
2149 1934 2422 2004 diligentia
2475 1933 2788 1988 collocatur.
2841 1933 3101 1986 l‘roccssu
3165 1943 3294 1983 vero
3347 1935 3486 1983 tem-

1893 2009 2040 2096 potis
2064 2026 2253 2080 eadem
2289 2025 2508 2080 basilica
2560 2023 2731 2092 major
2777 2023 2918 2078 facta
2965 2033 3067 2088 est,
3119 2027 3382 2092 atque,ut
3426 2019 3484 2074 in

1893 2115 2300 2186 praiscntiarum
2337 2099 2599 2178 cernitur,
2651 2113 2896 2168 festivius
2945 2113 3218 2175 decorata,
3271 2110 3382 2176 ubi,
3413 2109 3484 2164 ad

1891 2207 2214 2264 declaranda
2247 2205 2304 2258 Β.
2352 2204 2678 2259 confessoris
2705 2204 2916 2266 merita,
2951 2203 3118 2256 multa
3157 2199 3292 2254 fiunt
3313 2212 3484 2268 usque

1892 2299 1944 2352 in
1993 2307 2315 2368 praesentem
2367 2297 2530 2360 diem,
2583 2295 2692 2349 Deo
2743 2303 3023 2366 operante,
3077 2289 3363 2355 miracula,
3412 2303 3482 2344 ex

1891 2391 2084 2461 quibus
2115 2406 2214 2445 nos
2263 2403 2430 2459 pauca
2479 2388 2918 2459 perstringimus,
2970 2401 3091 2456 quae
3138 2383 3394 2440 nimirum
3424 2381 3482 2437 hi

1889 2486 1982 2554 qui
2014 2483 2169 2540 nobis
2209 2481 2457 2539 referunt
2484 2497 2540 2537 se
2564 2481 2766 2536 vidisse
2796 2489 3084 2536 testantur.

2513 2571 2742 2630 CAPUT
2783 2571 2868 2626 lll.

2267 2663 2434 2720 Varia
2466 2664 2534 2718 ad
2563 2663 2809 2735 reliquias
2839 2662 3122 2720 miracula.

1957 2761 2102 2833 Papa
2132 2759 2427 2818 Gerbertus
2456 2759 2603 2830 (158)
2626 2760 2782 2830 juxta
2816 2757 3094 2814 Caesenam
3127 2765 3498 2816 castrameta-a.

1889 2863 1974 2909 tus
2004 2865 2139 2920 erat,
2169 2853 2392 2924 ejusque
2422 2849 3012 2932 oppidunrcircumfusi
3038 2851 3314 2906 exercitus
3335 2849 3479 2906 obsi-

1886 2947 2046 3002 dione
2073 2945 2342 3000 vallahant
2365 2944 2534 3016 (159).
2561 2943 2714 3000 Tunc
2731 2943 2989 3013 temporis
3014 2941 3080 2999 ad
3103 2941 3163 2997 Β.
3190 2943 3361 2998 Mauri
3391 2952 3478 2998 tu-

1885 3037 2098 3114 nmium
2124 3041 2336 3094 delatus
2365 3047 2450 3094 est
2475 3039 2695 3110 quidam
2751 3041 3008 3106 rusticus,
3057 3041 3273 3110 gemina
3327 3053 3476 3094 mor-

1887 3135 2076 3188 borum
2132 3133 2382 3203 passione
2413 3135 2720 3202 depressus,
2766 3141 3080 3188 contractus
3121 3132 3374 3192 videlicet
3415 3148 3507 3187 ac.

1886 3239 2060 3280 curtus
2084 3243 2097 3288 ;
2123 3223 2214 3279 sed
2248 3233 2534 3294 postquam
2559 3234 2644 3280 est
2688 3234 2924 3290 oratum,
2970 3235 3026 3280 et
3050 3223 3144 3278 lux
3175 3224 3374 3278 amissa
3410 3224 3480 3278 ad

1885 3318 2070 3371 OC';lns
2107 3317 2286 3382 rediit,
2312 3326 2366 3372 et
2395 3316 2567 3387 rigida
2605 3317 2844 3370 membra
2879 3316 3096 3385 fugatus
3125 3315 3355 3382 languor
3381 3313 3496 3368 ab-.

1887 3407 2063 3461 solvit.
2093 3406 2347 3462 Protinus
2396 3406 2584 3460 videns
2627 3422 2686 3460 se
2716 3406 2875 3460 homo
2899 3404 3120 3460 sanitati
3153 3413 3258 3458 tam
3311 3404 3478 3457 mira-

1886 3501 2067 3556 hil.:er
2091 3500 2387 3566 redditum,
2413 3509 2601 3568 utpote
2641 3514 2776 3567 quas
2810 3497 3020 3551 valebat
3045 3497 3248 3566 gratias
3287 3510 3474 3566 agens,

1887 3593 2047 3646 beato
2096 3606 2155 3646 se
2195 3590 2382 3645 Mauro
2413 3606 2630 3646 servum
2681 3599 2940 3660 perpetuo
2978 3589 3102 3659 jure
3123 3587 3473 3654 contradidit,

1887 3695 2311 3750 mansurumque
2359 3695 2418 3736 se
2455 3681 2507 3734 in
2563 3677 2678 3747 ejus
2724 3677 3004 3746 obsequio,
3036 3676 3208 3732 donec
3259 3676 3476 3732 advive-

1886 3784 1990 3840 ret,
2023 3774 2313 3830 devolavit.
2367 3772 2492 3846 Qui,
2523 3781 2792 3842 percepta:
2837 3770 3030 3826 salutis
3059 3784 3285 3824 munere
3334 3783 3474 3838 pene

1884 3883 1981 3938 per
2004 3867 2324 3934 decennium
2349 3865 2556 3930 fruens,
2590 3863 2928 3934 postmodum
2975 3861 3256 3932 fragilitati
3288 3859 3474 3915 carnis

1883 3960 2160 4016 encrvitcr
2211 3959 2396 4021 cessit,
2428 3969 2762 4024 uxoremque
2801 3953 2900 4006 sibi
2953 3969 3059 4008 non
3109 3950 3286 4006 fausto
3337 3953 3496 4006 con-'

1879 4049 2029 4122 jugio
2079 4049 2376 4120 c0pulavit.
2429 4047 2552 4102 Mox
2599 4048 2740 4101 enim
2775 4055 2832 4099 ut
2865 4043 3170 4098 luxuriandi
3203 4043 3475 4112 voluptate

1883 4143 2084 4211 petitus
2130 4149 2236 4204 est,
2277 4137 2556 4196 oculorum
2608 4136 2784 4190 lumen
2835 4136 3074 4190 funditus
3117 4134 3368 4205 perdidit,
3419 4143 3476 4188 et

1881 4233 2048 4307 424
2097 4233 2338 4306 quandiu
2374 4232 2533 4296 vixit,
2569 4231 2618 4283 in
2653 4229 2840 4283 eadem
2874 4228 3118 4282 cmcitale
3151 4225 3469 4295 permansit.

1885 4327 1950 4380 Et
1989 4337 2136 4380 certe
2180 4323 2400 4395 dignum
2437 4321 2616 4377 fuerat
2663 4331 2722 4375 ut
2770 4321 2892 4390 qui,
2945 4335 2973 4372 a
3018 4319 3139 4386 jure
3162 4317 3222 4370 B.
3270 4315 3466 4378 Mauri,

1883 4416 1970 4470 cui
2005 4431 2062 4477 se
2108 4416 2532 4482 mancipaverat,
2564 4427 2622 4465 se
2668 4411 2993 4464 subtrahens
3017 4405 3184 4478 (160),
3223 4403 3465 4461 libidinis

1875 4509 2003 4580 jugo
2046 4508 2276 4576 turpiter
2326 4504 2464 4558 colla
2523 4502 2821 4572 supposuit,
2873 4501 3071 4554 donum
3123 4511 3233 4566 quo
3263 4513 3294 4551 a
3326 4497 3486 4552 bono.

1881 4601 2114 4655 Domino
2151 4597 2333 4651 fuerat
2377 4596 2583 4649 ditatus
2633 4593 2942 4647 amitteret:
2976 4599 3030 4646 et
3080 4589 3170 4658 qui
3221 4589 3273 4642 in
3325 4589 3469 4644 inte-

1880 4692 2049 4746 riores
2073 4698 2262 4760 sponte
2295 4687 2590 4750 ceciderat,
2638 4685 2838 4739 invitus
2883 4683 3184 4738 exteriores
3215 4683 3471 4746 tenebras

1879 4782 2219 4838 incurrisset.

1947 4876 2065 4931 Alio
2086 4887 2301 4944 quoque
2323 4880 2567 4944 tempore
2589 4868 2918 4925 daemoniaca
2945 4864 3194 4938 quaedam
3216 4862 3282 4916 ad
3305 4863 3477 4918 altare

1879 4975 2018 5032 beati
2053 4973 2154 5027 viri
2186 4969 2419 5024 deducta
2470 4982 2572 5034 est,
2602 4979 2762 5038 quam
2806 4974 2956 5020 tanto
2983 4955 3210 5036 pestifer
3252 4958 3481 5026 Spiritus
3535 5029 3538 5037 Ι

1883 5067 2063 5124 lurore
2095 5062 2404 5133 repleverat
2435 5073 2514 5129 ut,
2546 5076 2667 5116 eam
2719 5055 2824 5110 sibi
2873 5057 3030 5128 quasi
3082 5063 3354 5117 organum
3407 5051 3488 5104 εθ-

3034 5298 3288 5322 σει..ι..ιη..
3339 5295 3482 5322 Ιτ..ι.-
