3992 5322
437 203 535 260 951

906 188 963 256 ε.
1006 200 1513 258 PETRIDAMIAN!
1541 197 1699 257 OPP.
1737 195 1917 254 PAns
1956 198 2089 256 SEU
2125 197 2359 275 TOMUS
2397 198 2462 256 tt.
2495 229 2567 241 —
2604 198 3028 282 SANCTORUu
3069 199 3275 281 vim.

3590 203 3688 260 953

436 314 607 381 ciens,
637 316 798 370 multa
828 330 922 385 per
962 330 1025 370 os
1044 317 1158 387 ejus
1186 316 1444 385 sacrilega
1477 322 1533 370 ct
1568 313 1759 371 insana
1806 314 2018 379 profer:
2045 324 2091 381 Α
2120 309 2244 369 inde
2273 313 2570 376 recederet,
2596 311 2697 368 nisi
2728 328 2829 384 per
2852 313 2914 368 Β.
2941 312 3110 368 Mauri
3134 313 3325 370 merita
3346 312 3529 371 lumen
3557 318 3691 386 quod

430 416 539 471 vet,
567 409 710 463 diras
729 421 887 462 voces
915 408 1209 474 emitteret,
1240 418 1293 463 et
1340 408 1483 462 velut
1507 408 1659 462 cauis
1690 406 1871 460 rabida
1903 423 2017 463 ere.

435 499 552 553 bris
579 498 901 552 banbatibus
933 497 1081 569 (161)
1111 499 1385 553 elatraret.
1424 497 1626 552 Triduo
1662 507 1841 552 autem
1872 508 2018 568 post:-

436 604 598 660 quam
637 589 762 644 illuc
788 591 1043 659 perducta
1072 600 1175 655 est,
1210 591 1514 645 vehementi
1550 591 1781 661 quodam
1814 592 2011 668 impetu

435 680 751 751 sanguinem
778 680 1004 748 vomuit,
1055 689 1110 735 et
1149 682 1219 735 ita
1253 681 1544 753 malignum
1589 682 1838 751 spiritum
1862 699 1888 734 a
1913 697 2020 755 quo

434 772 729 826 tenebatur
755 768 931 839 eiecit.

505 861 883 942 Aliaqumdam
909 862 1122 928 mulier,
1150 863 1461 918 necessitati
1486 864 1559 917 rei
1581 864 1862 921 familiaris
1885 860 2022 933 plus-

436 969 599 1023 qaam
632 951 854 1008 t-icberet
892 956 1129 1018 intenta,
1175 956 1226 1009 in
1259 955 1553 1025 festivitate
1584 956 1757 1010 sancti
1798 955 2018 1026 Euphil-

436 1043 472 1097 li
506 1042 652 1114 (162)
687 1044 923 1098 triticum
950 1061 1176 1115 purgare
1208 1061 1311 1099 non
1351 1045 1558 1111 timuit;
1585 1047 1686 1100 sed
1713 1045 1837 1100 dum
1862 1047 2023 1099 beato

439 1131 741 1187 confessori
777 1132 922 1204 digni
953 1134 1175 1188 honoris
1206 1134 1565 1190 reverentiam
1618 1150 1725 1190 non
1754 1135 2018 1199 exhibuit,

440 1220 616 1292 dignae
652 1222 1137 1279 animadversionis
1165 1227 1486 1280 sententiam
1527 1242 1634 1285 non
1670 1227 1861 1282 evasit.
1885 1211 2019 1290 Nam

440 1310 608 1379 illico,
633 1314 817 1371 divino
846 1330 1101 1385 percussa
1127 1315 1352 1384 judicio,
1380 1317 1617 1371 brachiis
1652 1302 1901 1372 attractis
1925 1318 2024 1373 ob-

440 1405 626 1472 riguit,
654 1410 729 1471 et,
753 1407 940 1479 eodem
974 1407 1129 1462 modo
1152 1421 1217 1463 ac
1236 1408 1279 1462 si
1302 1408 1647 1478 capisterium
1681 1408 1825 1480 (165)
1850 1409 2026 1464 adhuc

445 1493 711 1548 ventilare
745 1493 1040 1561 videretur,
1072 1505 1304 1551 tremere
1360 1489 1648 1552 infeliciter
1686 1498 1868 1568 culpit.
1900 1496 2025 1552 Haec

444 1587 631 1658 itaque
656 1597 781 1642 ante
808 1587 950 1644 beati
985 1587 1156 1643 Mauri
1183 1588 1354 1643 altare
1381 1578 1681 1655 deducitur,
1730 1592 1862 1648 ct.iu
1889 1606 2025 1660 prae-

2118 407 2374 463 amiserat
2406 406 2719 476 recepisset.
2745 405 2942 475 Sicque
2962 423 3156 478 magno
3179 407 3300 462 fidei
3335 405 3551 462 fervore
3580 424 3692 463 suc-

2118 512 2278 553 censa
2334 496 2498 554 breve
2531 492 2880 568 "tuguriolum
2927 496 3085 565 juxta
3142 496 3384 565 eccfesize
3442 500 3693 573 parietem

2119 591 2472 661 compilavit,
2532 599 2594 645 ut
2650 591 3045 661 quodammodo
3091 592 3273 661 potius
3334 580 3697 647 habitaculum

2119 697 2278 751 quam
2308 666 2612 753 praeparare
2641 682 2914 737 videretur
2952 683 3267 753 hospitium.
3311 682 3566 753 Cumque
3610 698 3700 753 per

2118 781 2244 827 octo
2273 772 2390 827 dies
2416 771 2802 843 instantissime
2843 771 3033 826 fuisset
3060 781 3296 837 oratum,
3337 772 3523 828 lumen
3564 774 3702 842 quod

2120 863 2399 933 quaerebat
2435 861 2618 935 divina
2667 861 2840 933 gratia
2874 860 3137 930 largiente
3165 862 3391 932 recepit,
3419 872 3479 917 et
3520 862 3706 933 dignas

2123 952 2468 1033 illuminatori
2498 965 2596 1006 suo
2639 951 2748 1006 Deo
2782 958 2836 1005 et
2870 949 3055 1005 Mauro
3087 949 3205 1020 ejus
3246 950 3452 1007 famulo
3497 947 3706 1023 gratias

2126 1047 2325 1103 retulit.

2190 1138 2511 1210 Popiliensis
2537 1138 2686 1212 (161)
2740 1138 3038 1204 dioeceseos
3088 1138 3242 1196 turba
3273 1138 3339 1211 ad
3390 1138 3457 1199 Β.
3509 1139 3710 1194 Ardui-

2124 1233 2177 1288 ni
2204 1232 2351 1309 (165)
2378 1232 2563 1289 limina
2585 1232 2850 1288 orationis
2871 1247 3034 1291 causa
3057 1231 3338 1298 tendebat;
3364 1245 3606 1301 cumque
3618 1246 3713 1307 per

2124 1324 2422 1381 oratorium
2453 1323 2513 1378 Β.
2559 1322 2728 1378 Mauri
2767 1324 3054 1389 transitum
3081 1321 3383 1387 habuisset,
3407 1322 3640 1393 contigit
3660 1330 3709 1382 u!

2124 1416 2368 1491 quaedam
2409 1430 2478 1489 et;
2531 1414 2637 1470 illis
2669 1414 2894 1494 femina,
2939 1429 3077 1492 genu
3121 1412 3335 1470 abbatis
3378 1412 3555 1482 ipsius
3597 1427 3712 1467 mo-

2127 1505 2348 1565 nasterii
2398 1509 2681 1576 humiliter
2723 1508 2991 1573 osculata,
3043 1499 3710 1581 commeandi‘licentiam

2126 1607 2356 1670 peteret,
2384 1614 2522 1671 quae,
2550 1600 2637 1654 vix
2665 1599 2824 1654 unius
2853 1599 3062 1669 sagittre
3085 1598 3379 1653 emissione
3403 1612 3714 1670 progressa,

445 1680 588 1734 dicta
662 1680 1003 1737 solemnitate
1052 1696 1327 1752 nunquam
1372 1697 1431 1737 se
1478 1681 1705 1736 ulterius
1749 1682 2022 1753 quippiam
2054 1688 2099 1747 Β
2127 1703 2342 1762 arrepta
2378 1706 2504 1747 mox
2533 1706 2562 1745 a
2592 1691 2879 1756 daemonio,
2910 1690 2965 1749 in
2994 1700 3192 1746 terram
3241 1687 3550 1758 projicitur,
3582 1702 3717 1742 con.

446 1770 553 1825 tale
591 1770 853 1825 facturam
900 1771 1290 1829 instantissime
1314 1772 1638 1842 pollicetur;
1683 1788 1802 1827 mox
1835 1774 2024 1842 largis-

448 1860 583 1913 sima
612 1862 1023 1930 omnipotentis"
1052 1861 1149 1917 Dei
1196 1862 1566 1918 misericordia
1596 1864 1889 1919 clementer
1925 1865 2022 1918 ad-

443 1951 567 2018 fuit,
605 1961 657 2006 et
687 1953 899 2021 stupida
932 1953 1176 2009 mulieris
1204 1955 1423 2009 brachia
1473 1955 1539 2010 ad
1566 1955 1869 2010 libertatem
1895 1971 2024 2025 pro-

443 2049 550 2118 prii
581 2049 778 2119 vigoris
806 2048 1038 2118 pleuiter
1073 2048 1417 2129 reformavit.

518 2139 729 2195 Rursus
758 2140 861 2194 alia
892 2139 1084 2196 mulier
1124 2140 1440 2210 proﬂuvium
1474 2144 1751 2217 sanguinis
1780 2145 2025 2215 patieba-

450 2240 573 2295 tur;
605 2246 725 2301 qua:
755 2247 875 2284 cum
903 2231 1186 2286 insanabili
1216 2232 1369 2303 plaga
1404 2230 1606 2305 jugiter
1629 2244 1943 2301 vexaretur,
1974 2246 2028 2290 et

451 2324 569 2378 luce
596 2332 759 2394 atque
808 2322 897 2375 illa
949 2331 1162 2378 tentans
1191 2323 1395 2378 nullum
1428 2324 1619 2379 salutis
1650 2326 1912 2395 potuisset
1940 2327 2026 2381 in-

450 2413 635 2469 venire
662 2415 976 2477 remedium,
1011 2414 1224 2468 tandem
1256 2415 1307 2467 in
1330 2416 1587 2469 extremis
1610 2417 1872 2485 angustiis
1901 2433 2029 2473 con-

449 2506 637 2559 stituta
660 2506 857 2576 reperit
879 2505 1171 2561 necessitas
1192 2506 1304 2575 ipsa
1325 2507 1627 2575 consilium.
1649 2507 1825 2564 Nitido
1849 2510 2031 2580 itaque

445 2596 600 2663 juxta
625 2599 1033 2667 possibilitatem
1065 2615 1218 2653 suam
1274 2599 1442 2656 linteo
1487 2601 1548 2654 Β.
1591 2584 1759 2655 Μέιυτί
1816 2619 2032 2660 mauso-

452 2688 593 2742 leum
608 2689 904 2758 cooperuit,
931 2697 985 2741 ct
1006 2688 1077 2743 ita
1108 2689 1364 2745 divinitus
1387 2690 1613 2746 liberata
1644 2708 1857 2753 omnem
1881 2708 2033 2763 pror-

453 2791 547 2830 szzs
598 2776 898 2832 molestiam
953 2777 1116 2832 luridi
1167 2778 1444 2851 languoris
1499 2781 1687 2836 evasit.
1744 2781 2034 2840 Enitnvero

457 2883 581 2922 cum
617 2869 906 2937 Apostolus
953 2870 1133 2923 dicat:
1169 2869 1303 2925 Fide
1336 2872 1597 2927 nmudaus
1641 2876 1801 2929 corda
1854 2893 2032 2930 eorum

457 2956 707 3024 (Act.xv,
727 2958 804 3028 9),
855 2960 980 3027 quia
1008 2960 1205 3015 mundo
1244 2963 1427 3027 corde,
1475 2971 1658 3033 utpote
1706 2966 1866 3035 plena
1910 2969 2032 3033 fide,

2127 1785 2349 1849 emitur,
2379 1783 2670 1844 volutatur.
2698 1792 2752 1837 et
2773 1780 2941 1838 multa
2982 1781 3227 1837 convicia
3256 1780 3523 1835 adversus
3566 1794 3717 1861 eunt-

2128 1876 2248 1930 dem
2304 1874 2554 1930 abbatem
2603 1873 2931 1949 mordaciter
2990 1872 3293 1951 evomebat.
3347 1869 3476 1927 Haec
3533 1870 3718 1939 itaque

2129 1976 2254 2024 ante
2280 1968 2339 2022 B.
2370 1965 2542 2022 Mauri
2567 1966 2740 2040 altare
2768 1966 3020 2031 deducta,
3041 1979 3147 2019 non
3181 1962 3349 2018 multo
3371 1971 3498 2032 post
3521 1961 3718 2022 divina:

2131 2062 2350 2115 virtutis
2374 2068 2459 2115 est
2479 2059 2707 2130 imperio
2737 2058 2984 2123 liberata,
3027 2057 3101 2111 ita
3138 2064 3216 2121 ut,
3246 2054 3606 2110 redeuntibus
3633 2068 3719 2122 so:

2131 2155 2254 2219 ciis,
2277 2153 2389 2221 jam
2416 2152 2634 2215 sibimet
2678 2150 2905 2217 reddita,
2953 2147 3115 2215 simul
3139 2163 3261 2204 cum
3287 2146 3368 2203 eis
3392 2161 3527 2202 sana
3554 2155 3612 2201 et
3636 2145 3718 2213 im

2132 2242 2360 2298 colurnis
2392 2247 2759 2296 reverteretur
2787 2239 2853 2294 ad
2880 2238 3119 2309 propria.

2203 2333 2329 2387 llaec
2374 2332 2577 2403 itaque,
2638 2330 2832 2384 fratres
2885 2326 3215 2390 cbarissimi,
3299 2325 3368 2382 de
3423 2322 3722 2381 virtutibus

2134 2439 2269 2495 quas
2294 2423 2635 2497 omnipotens
2660 2420 2916 2491 Dominus
2944 2432 3040 2488 per
3080 2417 3298 2473 beatum
3343 2414 3718 2488 confessorem

2134 2532 2288 2573 suum
2307 2514 2547 2587 Maurum
2575 2510 2786 2585 operari
2814 2509 3063 2586 dignatus
3078 2515 3183 2571 est,
3206 2519 3376 2576 pauca
3398 2500 3719 2572 perscripsi-

2135 2622 2277 2671 mus,
2308 2614 2368 2659 ut
2407 2604 2473 2658 ad
2519 2601 2926 2674 glorificandam
2957 2600 3152 2655 divina:
3181 2594 3483 2664 maiestatis
3526 2603 3717 2663 potcua-

2138 2699 2272 2753 tiam
2300 2705 2493 2751 vestra:
2526 2693 2808 2749 cbaritatis
2834 2692 3071 2746 studium
3104 2690 3409 2747 incitemus.
3433 2686 3566 2753 Qui,
3596 2685 3718 2745 dum

2137 2778 2295 2845 nubis
2326 2787 2498 2842 adhuc
2526 2784 2577 2839 in
2604 2785 2690 2845 via
2737 2784 2926 2855 positis
2972 2780 3357 2857 miraculorum
3386 2792 3616 2847 suorum
3641 2774 3721 2845 di;-

2139 2890 2333 2951 gnatur
2357 2878 2613 2933 exhibere
2640 2877 2917 2940 virtutem,
2946 2890 3044 2945 per
3066 2874 3183 2930 haec
3211 2887 3309 2929 nos
3334 2871 3403 2926 ad
3432 2882 3723 2941 capessen-

2140 2970 2261 3024 dam
2296 2964 2532 3022 rtelestis
2557 2966 2745 3036 patriae
2788 2964 2982 3019 invitat
3027 2972 3083 3019 et
3122 2969 3381 3033 provocat
3432 2958 3724 3027 haeredita:

460 3047 607 3102 beati
652 3049 752 3104 viri
785 3050 1045 3105 tumulum
1077 3052 1271 3123 tetigit,
1303 3054 1462 3124 digne
1506 3059 1804 3125 promeruit
1847 3075 1877 3113 a
1912 3076 2035 3129 pro-
2063 3038 2106 3100 C
2147 3069 2285 3117 tem:
2316 3066 2543 3113 :estante
2571 3055 2879 3123 Psalmista,
2910 3054 3000 3126 qui
3044 3054 3121 3109 ait
3154 3071 3168 3109 :
3206 3051 3485 3115 Virtutem,
3528 3047 3724 3119 inquii.

457 3136 676 3195 ﬂuentis
700 3142 978 3211 sanguinis
1009 3143 1342 3198 immunditia
1379 3146 1618 3201 liberari.

529 3229 664 3286 item
688 3231 794 3287 alia
839 3233 1031 3288 mulier
1078 3235 1151 3289 ita
1201 3247 1317 3290 erat
1346 3237 1714 3295 violentissimi
1769 3239 2039 3315 languoris

460 3325 800 3381 immanitate
829 3336 1094 3393 contorta,
1138 3337 1216 3393 ut,
1250 3330 1425 3385 soluto
1453 3341 1658 3389 natura:
1687 3335 1893 3397 ordine.
1942 3353 2037 3393 ora

465 3427 675 3475 teneret
700 3428 818 3489 post
848 3436 925 3486 se,
951 3422 1217 3477 cervicem
1258 3422 1423 3478 ferret
1449 3434 1576 3480 ante
1602 3440 1679 3482 se.
1720 3428 1851 3495 Quae
1884 3411 2037 3485 sinsi?

461 3509 590 3565 liter
638 3525 798 3580 super
831 3509 892 3563 Β.
928 3510 1098 3565 Mauri
1125 3515 1441 3569 memoriam
1490 3515 1712 3571 linteum
1760 3520 1960 3589 posuit,
1988 3529 2045 3575 et

464 3601 737 3670 protinus,
773 3602 1005 3658 sanitate
1036 3613 1273 3674 recepta,
1302 3605 1603 3679 quibusque
1650 3609 1909 3663 membris
1956 3609 2045 3677 jus

464 3706 622 3746 suum
646 3699 841 3745 natura
882 3695 1139 3760 restituit,
1168 3705 1221 3749 et
1246 3695 1312 3750 ad
1343 3697 1628 3752 tenendum
1658 3698 1899 3769 vigorem
1925 3716 2043 3769 pro-

464 3781 643 3852 prium
672 3783 991 3838 arteriarum
1017 3799 1217 3854 organa
1245 3788 1583 3856 temperavit.

508 3872 656 3929 .Alia
686 3891 901 3947 quoque
932 3877 1130 3933 mulier
1167 3879 1368 3934 amisso
1407 3880 1607 3935 lumine
1651 3881 1718 3935 de
1743 3881 2047 3951 Aquitaniae

466 3962 631 4036 525
655 3966 847 4023 ﬁnibus
874 3969 1098 4024 deducta
1125 3980 1234 4033 est,
1268 3986 1409 4041 quae,
1433 3971 1650 4027 Gallicae
1694 3974 2049 4029 animositatis

469 4053 686 4119 genium
729 4070 984 4121 servans,
1013 4066 1063 4109 et
1093 4072 1159 4112 ex
1192 4074 1342 4115 more
1368 4061 1558 4129 patria:
1591 4061 1755 4115 verba
1787 4062 2049 4117 violenter

470 4142 793 4215 infringens,
825 4149 1246 4206 obstinatissime
1278 4153 1572 4209 testabatur
1600 4154 1742 4223 quod
1773 4170 2047 4223 nunquam

2147 3167 2359 3220 operum
2387 3161 2599 3200 suorum
2648 3144 2978 3215 annuntiabt’t
3014 3130 3206 3215 populo
3246 3158 3362 3218 suo,
3394 3150 3449 3194 ut
3502 3138 3591 3193 det

2146 3240 2502 3295 Ita'reditatem
2531 3235 2946 3312 gentium(Psal.
2975 3222 3062 3303 cit,
3094 3234 3146 3299 6,
3171 3233 3258 3305 7);
3286 3240 3579 3302 quatenus,
3603 3228 3727 3284 dum

2148 3331 2264 3400 ipsa
2296 3335 2606 3383 sanctorum
2651 3325 2895 3397 sepulcra
2941 3334 3021 3379 tot
3051 3323 3327 3378 miraculis
3357 3320 3576 3375 radiare
3599 3333 3733 3385 con:

2147 3420 2425 3490 spicimus,
2457 3418 2524 3473 de
2567 3418 2828 3471 immensa
2873 3430 3060 3471 eorum
3107 3413 3299 3486 gloria,
3331 3428 3436 3487 qua
3460 3409 3576 3478 iam
3607 3422 3731 3464 cum

2145 3509 2365 3565 Christo
2411 3517 2659 3578 regnant,
2704 3507 2924 3583 minime
2966 3505 3304 3568 dubitemus,
3335 3511 3417 3566 ut,
3462 3498 3729 3569 despecti:

2149 3602 2403 3670 terrenis,
2436 3600 2561 3655 illuc
2590 3616 2648 3667 se
2676 3606 2860 3655 noster
2884 3598 3097 3653 animus
3119 3597 3231 3668 jam
3266 3609 3363 3666 per
3396 3591 3731 3649 desiderium
3818 3652 3827 3663 _

2147 3691 2437 3747 transferat
2488 3689 2577 3744 ubi
2623 3703 2683 3744 se
2732 3688 2969 3761 gaudere
3031 3686 3086 3741 in
3136 3672 3455 3756 perpetuum
3513 3688 3732 3763 sperat,

2151 3785 2278 3840 illuc
2324 3799 2382 3838 se
2416 3782 2584 3838 libere
2632 3781 2854 3852 spiritus
2892 3780 3090 3851 dirigat
3138 3778 3227 3832 ubi
3264 3778 3562 3847 imperator
3610 3771 3731 3829 ccl‘

2155 3876 2403 3931 Christus
2430 3889 2551 3929 cum
2588 3887 2835 3943 superna:
2869 3871 3034 3944 curiae
3071 3870 3411 3949 senatoribus
3447 3862 3731 3941 ineffabili-

2160 3977 2239 4023 ter
2267 3974 2473 4038 regnat,
2503 3965 2589 4022 cui
2617 3965 2687 4019 sit
2714 3963 2880 4034 gloria
2914 3972 2970 4018 et
3000 3962 3287 4035 imperium
3312 3974 3433 4032 cum
3463 3964 3735 4033 cuaeterno

2154 4061 2316 4115 P.21re
2359 4066 2415 4112 et
2459 4056 2662 4126 Spiritu
2714 4065 2902 4131 sancto
2928 4069 3025 4124 per
3066 4051 3248 4130 omnia
3279 4048 3477 4129 saecula
3508 4043 3738 4115 saeculo:

2155 4168 2295 4210 rum.
2328 4151 2518 4205 Amen.

1755 4263 1803 4318 Ι.
1843 4263 2181 4322 BOLLANDI
2215 4264 2419 4321 VITIE.

545 4369 941 4446 (16.1).Editum
984 4383 1104 4446 erat
1154 4376 1205 4429 in
1252 4375 1431 4442 Surio,
1480 4375 1816 4446 naubatibus,
1842 4373 2051 4429 librarii
2080 4380 2131 4438 D
2159 4374 2532 4446 Forlipiccolo.
2566 4375 2619 4431 id
2666 4385 2749 4429 est
2776 4372 2974 4446 Eorum
3004 4369 3138 4446 Liris“
3163 4369 3367 4446 minus;
3402 4377 3504 4420 nec
3544 4363 3741 4446 innuis:

473 4441 666 4511 culpa;
687 4441 937 4509 baubant,
954 4445 1067 4499 sive
1088 4446 1401 4511 baubantur,
1416 4441 1666 4518 βαύξουσι
1713 4452 1768 4501 et
1785 4445 2065 4520 βαύνξουσι

470 4526 649 4564 σαηεδ.

546 4580 696 4656 (ίϋᾷ)
738 4581 945 4656 Colitur
1001 4583 1061 4639 S.
1111 4583 1386 4656 Rophilus,
1438 4587 1552 4642 sive
1595 4584 1820 4656 Roﬁlus,
1849 4596 1959 4649 attt,
2000 4593 2061 4638 ut

475 4649 725 4725 Leandet‘
746 4652 1001 4725 élbertus
1026 4649 1238 4719 scribit,
1263 4649 1522 4725 'lloﬁllus,
1551 4655 1617 4711 18
1638 4649 1809 4710 Juliif

555 4720 704 4795 (165)
746 4720 912 4779 Vezus
943 4740 1045 4780 ms.
1079 4720 1412 4782 Glossarium
1443 4745 1454 4779 :
1488 4725 1832 4795 Capisterium
1861 4734 1936 4779 est
1964 4740 2052 4795 pus

475 4784 740 4866 quoddam
783 4810 883 4859 quo
928 4796 1188 4866 {rumenm
1241 4784 1576 4866 purgantur:
1607 4793 1723 4863 Vox
1753 4796 1914 4850 etiam
1954 4784 2059 4849 Ct)-

478 4858 708 4954 luntlell'a?
733 4858 1196 4954 thurpa'ta'lib..'tr,
1222 4858 1418 4954 ἀφεῖς).
1556 4943 1567 4954 ⁸
1600 4934 1613 4946 .

1720 4935 1757 4954 Β..
1820 4932 2029 4954 nmen“

2168 4426 2471 4511 rudium,
2485 4426 2544 4499 ut
2566 4426 2759 4498 auctor
2776 4442 3038 4511 Leander,
3057 4430 3308 4511 funditus
3321 4426 3463 4511 circa
3477 4426 3743 4511 ἕπε-1570

2168 4502 2612 4579 θχνίἐιιηι,’ςιηιιίε
2640 4513 2710 4567 20
2742 4502 3247 4583 post,AaSinibaldo
3275 4503 3542 4562 0rdelaffo
3572 4502 3748 4558 Foro-

2166 4586 2471 4641 liviensium
2494 4579 2754 4655 principe
2772 4579 3270 4655 retudilimtumsit,
3301 4591 3404 4646 qua
3451 4588 3597 4628 nunc
3623 4587 3745 4628 cer—

2166 4658 2313 4711 nitur
2344 4648 2534 4711 forma.
2575 4648 2744 4707 Distat
2773 4652 2987 4707 Ca'sena
3018 4649 3053 4705 6
3079 4648 3315 4703 millibus
3343 4659 3617 4714 passuum,
3652 4657 3744 4695 se-

2161 4727 2255 4796 des
2284 4724 2603 4796 episcopalis
2626 4723 2766 4795 Foro
2786 4721 2972 4796 [jopilii
2999 4712 3372 4796 brituioriuml,
3395 4716 3512 4771 sive
3536 4712 3738 4792 Forum

2159 4788 2592 4859 Fruentinorunt,
2633 4791 2745 4846 aut
2787 4788 3220 4855 Druentinorum,
3279 4788 3464 4840 urbem
3516 4788 3738 4854 propin-

2159 4882 2340 4937 quam,
2382 4864 2658 4919 translata.
3014 4860 3017 4863 ’

2236 4936 2376 4954 ,Ιιὶνι
2422 4935 2488 4954 n-
2549 4932 2586 4954 η
2664 4932 2881 4954 A..J--2.--
2924 4945 3016 4954 ..-Α

2664 4933 2684 4954 Δ
2700 4932 2881 4954 ...1-ιέ.--
2924 4929 3236 4954 --Α-1.-ΙΑ“Α
3275 4925 3299 4954 Α
3317 4922 3593 4954 *ἶβιιῖιιοοιοῖ
3617 4936 3734 4954 an“.
