3992 5322
213 243 330 297 953

1521 243 1678 302 VITA
1721 245 1780 302 S.
1821 243 2223 308 ROMUALDI.’

3387 257 3498 315 954

279 449 2954 478 mmm—

957 601 1308 728 VITA'
1393 613 1912 728 SANCTI
2003 559 2736 734 ROMUALDI

215 880 486 949 ᾼΒΒΔΤΙδ
515 883 595 926 ΒΤ
629 881 1074 936 εοπιηεεδοιυε,
1107 881 1543 928 INSTITUTORIS
1587 885 1813 928 CONGRI

1918 885 2135 928 .TION'IS
2171 885 2720 942 CAMALDULENSIS,
2753 885 3010 932 ORDINIS
3040 891 3092 934 S.
3131 888 3493 936 BEN‘EDICTI.

1415 1051 1560 1128 (An.
1599 1052 1750 1115 Chr.
1785 1053 1968 1126 1027,
2001 1055 2078 1116 19
2111 1054 2295 1133 Jun.)

1338 1240 1489 1304 Cum
1515 1242 1810 1320 ano-nymi
1837 1239 2376 1310 adnotationibus.

715 1581 882 1655 426
919 1577 1308 1636 PROLOGUS.

289 1675 592 1731 Adversum
619 1682 669 1729 te
690 1689 910 1743 prorsus
936 1672 1106 1742 (166),
1129 1673 1252 1726 innn
1263 1671 1404 1726 unde
1429 1669 1650 1734 munde,
1672 1684 1808 1724 con-

211 1769 524 1840 querimur,
555 1767 682 1837 quia
729 1765 896 1820 habes
943 1763 1344 1819 intolerabilem
1391 1762 1678 1817 stultorum
1716 1777 1809 1816 sa-

213 1860 486 1930 pientium
521 1858 732 1935 turbam
763 1857 859 1911 tibi
885 1855 1192 1920 facundam,
1218 1856 1329 1910 Deo
1362 1863 1584 1908 mutam.
1611 1851 1810 1920 Habes,

213 1941 308 2024 qui
341 1969 438 2024 per
465 1967 661 2006 vanam
697 1948 1062 2018 eloquentiam
1093 1955 1148 2003 et
1173 1947 1388 2002 inanem
1413 1946 1812 2016 philosophiam

215 2063 276 2118 se
305 2047 486 2102 sciunt
513 2045 568 2100 in
595 2044 864 2114 superbia:
892 2042 1150 2096 cornibus
1177 2049 1500 2110 arroganter
1527 2038 1808 2106 extollere,

215 2153 328 2196 non
360 2137 530 2192 habes
552 2135 644 2206 qui
680 2132 1020 2204 profuturum
1040 2131 1240 2200 aliquid
1263 2130 1602 2186 tedificationi
1629 2131 1814 2199 prosi-

217 2217 434 2284 moram
457 2243 521 2283 ac
539 2235 880 2297 posterorum
907 2222 1038 2278 velit
1063 2221 1380 2276 memoriam
1419 2219 1565 2292 (167)
1583 2220 1812 2276 schcdu-

217 2324 288 2394 lis
326 2322 610 2377 adnotare.
643 2319 841 2382 llabes,
877 2317 1120 2388 inquam,
1155 2315 1246 2384 qui
1299 2313 1351 2368 in
1383 2311 1812 2384 prmtoriisjudi-

217 2432 344 2470 cum
373 2413 714 2484 negotiorum
744 2409 1085 2466 saecularium
1113 2408 1238 2463 lites
1279 2415 1334 2462 et
1379 2421 1666 2464 causarum
1688 2404 1810 2473 jur-

215 2505 308 2573 gia
341 2502 622 2560 continuis
665 2501 844 2558 valeat
873 2497 1364 2554 declamationibus
1390 2511 1670 2565 perorare,
1703 2510 1809 2548 non
1839 2549 1846 2556 ,

217 2605 400 2652 autem
425 2595 617 2654 habes,
651 2593 744 2662 qui
773 2590 944 2661 possit
963 2589 1018 2644 in
1045 2595 1234 2643 sancta
1259 2585 1505 2642 Ecclesia
1546 2587 1630 2640 vel
1654 2585 1812 2639 unius

169 2721 172 2725 -
219 2697 538 2744 sanctorum
574 2686 806 2746 virtutes
859 2693 910 2738 et
941 2681 1090 2738 clara
1133 2689 1288 2751 gesta
1337 2679 1668 2734 describere.
1707 2678 1811 2732 Sa-

217 2780 434 2850 pientes
461 2777 730 2848 siquidem
760 2783 892 2830 sunt
943 2781 1004 2828 ut
1037 2772 1246 2828 faciant
1275 2771 1435 2836 mala,
1463 2772 1604 2824 bona
1631 2779 1812 2828 autem

218 2873 400 2940 facere
435 2871 684 2926 nesciunt
706 2866 890 2940 (Joan.
921 2865 1018 2937 tv).
1047 2864 1186 2920 Ecce
1217 2863 1363 2918 enim
1394 2862 1542 2933 (l68)
1575 2861 1674 2916 tria
1693 2858 1808 2926 jam

1837 1579 1888 1641 Α
1912 1591 2008 1632 ore
2035 1575 2392 1648 depromitur,
2425 1575 2644 1634 labente
2672 1581 2946 1637 curriculo
2973 1583 3138 1656 427
3169 1593 3500 1659 temporum,

1914 1669 1982 1724 de
2010 1671 2274 1725 memoria
2303 1671 2582 1726 hominum
2623 1673 2839 1743 penitus
2865 1675 3125 1731 deleatur.

1983 1760 2347 1830 Quapropter,
2377 1761 2480 1816 hoc
2523 1763 2716 1819 timore
2742 1766 3072 1836 compulsus,
3101 1768 3504 1843 multorumque

1913 1847 2142 1903 fratrum
2193 1850 2444 1920 precibus
2489 1860 2544 1906 et
2593 1869 2849 1922 germana
2889 1856 3156 1913 charitate
3189 1860 3502 1924 devinctus,

1913 1941 2056 2010 quod
2087 1942 2153 1996 de
2183 1943 2444 2011 praedicto
2471 1944 2704 2000 mirabili
2733 1947 2850 2002 viro
2881 1949 2950 2004 ab
2975 1949 3208 2022 egregiis
3237 1951 3352 2020 ejus
3390 1956 3503 2010 dis-

1912 2031 2106 2100 cipulis
2150 2033 2338 2099 didici,
2386 2037 2690 2106 aggrediar,
2743 2039 2854 2094 Deo
2885 2051 3126 2108 auctore,
3171 2043 3506 2116 describere,

1911 2123 2143 2194 vitaeque
2171 2123 2287 2194 ejus
2315 2126 2549 2192 initium,
2581 2145 2802 2184 cursum
2830 2139 2883 2185 et
2907 2131 3092 2198 finem,
3118 2135 3375 2190 nimirum
3406 2140 3506 2193 im-

1911 2215 2122 2282 peritus
2149 2217 2332 2282 homo,
2365 2233 2470 2272 non
2515 2218 2800 2274 historiam
2850 2229 3057 2290 texens,
3104 2227 3198 2280 sed
3236 2229 3504 2296 quoddam

1913 2305 2066 2374 quasi
2098 2306 2262 2360 breve
2304 2309 2782 2365 commonitorium
2833 2311 3061 2380 faciens,
3093 2315 3509 2386 quibuscunquo

1915 2397 2136 2450 lcntabo
2185 2397 2492 2452 litterarum
2545 2400 2792 2470 apicibus
2846 2417 3100 2460 exarare.
3157 2405 3271 2460 lloc
3327 2417 3507 2462 autem

1913 2503 2078 2542 unum
2103 2489 2156 2542 iu
2187 2489 2378 2558 primis
2399 2490 2660 2547 lectorem
2693 2509 2871 2548 meum
2891 2511 3054 2552 nosse
3079 2497 3352 2566 desidero,
3379 2499 3508 2572 quia

1912 2594 2018 2632 non
2042 2580 2210 2634 multa
2233 2596 2330 2650 per
2348 2596 2472 2636 eum
2499 2582 2642 2638 facta
2663 2586 2925 2642 miracula
2957 2589 3010 2643 in
3037 2590 3138 2645 hac
3163 2607 3264 2662 ego
3300 2593 3506 2647 descri-

1911 2673 2188 2742 ptiuncula
2205 2676 2474 2747 colligam,
2497 2679 2590 2734 sed
2615 2682 2817 2750 potius,
2845 2685 2987 2753 quod
3002 2685 3068 2740 ad
3088 2687 3508 2743 :cdificationem

1911 2766 2236 2822 omnimodis
2266 2769 2486 2830 attinet.
2520 2773 2956 2829 conversationis
2988 2775 3108 2844 ejus
3145 2777 3391 2832 ordinem
3425 2793 3512 2833 rc-

1913 2855 2056 2913 ferre
2098 2861 2442 2914 contendam.
2489 2861 2686 2918 Beatus
2715 2863 2986 2934 siquidem
3017 2866 3104 2920 vir
3131 2865 3182 2921 in
3213 2874 3421 2921 tantum
3452 2882 3512 2924 se

219 2938 334 3034 fere
363 2961 536 3016 lustra
570 2938 846 3013 transacta
873 2963 1022 3020 stmt,
1049 2969 1118 3009 ex
1139 2968 1246 3024 quo
1271 2954 1463 3007 beatus
1485 2950 1816 3004 Rmunaldns
1846 2938 1888 2996 Β
1917 2950 2240 3006 humilitatis
2268 2952 2502 3022 tegmine
2531 2968 2561 3006 a
2589 2964 2750 3009 vento
2791 2969 2946 3010 vana:
2974 2955 3160 3026 gloriae
3191 2957 3507 3024 custodivit,

221 3042 467 3124 deposito
495 3049 676 3105 carnis
704 3062 872 3106 onere
899 3046 964 3100 ad
985 3045 1224 3114 retherea
1256 3059 1422 3114 regna
1453 3041 1724 3112 migravit,
1755 3047 1814 3096 et

219 3159 382 3197 nemo
412 3143 592 3196 adhuc
631 3152 698 3192 ex
745 3135 1052 3206 hujusntodi
1085 3133 1425 3206 sapientibus
1453 3131 1684 3196 exstitit,
1720 3129 1813 3200 qui

213 3233 282 3302 de
335 3237 418 3287 tot
463 3228 729 3285 mirabilis
776 3227 902 3282 vitm
932 3224 1049 3296 ejus
1095 3223 1382 3296 praeconiis
1425 3237 1594 3293 pauca
1621 3221 1812 3284 saltem

215 3327 484 3390 historico
509 3323 652 3396 stylo
698 3321 988 3394 digereret,
1037 3327 1112 3384 et,
1163 3315 1492 3372 avidissima:
1539 3312 1813 3369 devotioni

215 3405 460 3476 fidelium
489 3416 860 3480 satisfaciens,
909 3411 977 3468 ad
1027 3424 1372 3467 communem
1404 3407 1696 3462 utilitatem
1731 3421 1814 3460 re-

213 3509 464 3574 citando,
510 3508 685 3578 legivo
738 3514 942 3561 sancta:
989 3500 1247 3558 Ecclesia:
1297 3498 1612 3562 tradidisset
1639 3495 1810 3564 (169).

211 3600 388 3656 Nobis
416 3607 602 3654 autem
629 3597 683 3650 in
714 3603 944 3666 angusto
969 3592 1176 3648 cellula:
1207 3589 1406 3660 angulo
1451 3587 1814 3644 residentibus

212 3683 408 3747 utilius
441 3697 580 3754 erat,
609 3688 752 3742 sicut
795 3683 1196 3755 proposuimus,
1233 3679 1455 3750 propria
1495 3688 1716 3748 peccata
1746 3675 1814 3734 ad

209 3781 417 3836 mentis
441 3777 630 3833 oculos
657 3777 873 3832 assidue
899 3786 1178 3838 revocare,
1194 3787 1358 3842 quam
1381 3769 1572 3824 alienae
1597 3767 1813 3822 virtutis

210 3872 508 3930 historiam
567 3879 782 3936 texere;
841 3867 1014 3938 magis
1054 3864 1310 3935 expedire
1345 3862 1492 3934 (170)
1533 3858 1812 3916 commissi

210 3973 403 4032 reatus
429 3961 688 4026 tenebras
708 3958 985 4030 plangere,
1016 3971 1179 4026 quam
1205 3953 1484 4023 splendida
1510 3949 1814 4004 sanctitatis

211 4054 456 4125 insignia
506 4051 770 4121 imperitis
819 4047 1162 4104 sermonibus
1206 4043 1492 4100 oﬂ‘uscare.
1527 4041 1810 4110 Verumta-

211 4163 364 4213 men,
393 4160 519 4200 cum
547 4143 616 4198 ad
645 4133 957 4212 sepulcrum
987 4137 1178 4212 ejusett
1205 4134 1514 4206 longinquis
1543 4142 1812 4188 terrarum

210 4237 468 4309 partibus
513 4245 624 4292 toto
670 4248 814 4289 anno
857 4232 1202 4300 maximeque
1259 4228 1312 4282 in
1353 4225 1473 4294 ejus
1519 4224 1812 4280 festivitate

212 4295 462 4385 iidclium
493 4326 783 4382 multitudo
813 4323 1120 4386 conveniat,
1157 4318 1415 4375 miracula
1459 4333 1555 4388 per
1583 4331 1704 4370 eum
1729 4314 1810 4369 di-
1839 4295 1885 4356 (ἶ

211 4421 318 4474 vini
338 4433 428 4476 tus
455 4419 596 4475 facta
638 4417 958 4488 conspiciat,
991 4413 1181 4469 audite
1231 4412 1354 4465 vitae
1389 4408 1502 4478 ejus
1533 4408 1814 4464 historiam

210 4511 661 4568 desiderabiliter
678 4518 908 4580 quaerat,
943 4508 1060 4586 sed,
1093 4513 1280 4574 utpote
1309 4518 1430 4574 qua:
1457 4517 1564 4558 non
1597 4502 1688 4566 sit,
1717 4516 1814 4554 au-

209 4605 341 4662 dire
367 4622 474 4660 non
507 4605 715 4670 valeat;
751 4619 857 4658 non
889 4599 1338 4656 irrationabiliter
1381 4596 1816 4667 pertimescimus

211 4711 281 4752 ne
330 4697 688 4754 celeberrima
719 4681 834 4766 ejus
857 4693 1023 4770 fama,
1066 4708 1185 4763 qua:
1215 4691 1392 4769 adhuc
1437 4690 1616 4760 populi
1651 4690 1814 4744 totius

295 4856 440 4927 (166)
465 4855 648 4927 Editio
668 4852 964 4927 factaanno
991 4849 1126 4927 1515
1147 4847 1432 4927 Florentia:
1453 4848 1591 4927 apud
1601 4847 1818 4927 Philip-

217 4919 370 4996 pain
394 4919 464 4982 de
510 4925 736 4996 Giuknta,
762 4925 918 4996 sicut
938 4931 992 4977 et
1021 4921 1124 4974 alia
1159 4919 1577 4996 inptpnasterio
1601 4919 1817 4996 Fontis-

223 4989 348 5051 boni
384 5012 560 5098 prepe
592 4989 967 5049 Can't'aldultlnt
999 5006 1142 5046 anno
1175 4990 1312 5045 1520
1355 4989 1494 5061 typis
1535 4989 1818 5044 Bartholo-

223 5069 338 5098 num:
367 5088 378 5098 ι
403 5083 433 5098 ο
455 5065 699 5098 Ἰηπιοιιῖα
727 5063 1021 5098 nni-donni:
1075 5077 1177 5098 nnn
1215 5059 1412 5098 Ιιειιιοιιι
1447 5061 1812 5098 nlnnhnlin-nnl

221 5069 340 5122 ιιιεεί
365 5059 434 5122 de
455 5059 702 5122 Zanettis
727 5063 1041 5127 Brixiensis,
1073 5077 1178 5116 non
1213 5059 1416 5116 habent
1447 5061 1812 5131 emphaticam

217 5138 548 5208 particulam
581 5152 814 5210 prorsus.

1263 5199 1404 5210 —-l\-
1658 5203 1784 5210 ---κ

1917 3041 2060 3108 quod
2107 3040 2464 3111 undecunque
2505 3043 2761 3099 humanis
2810 3045 2982 3100 oculis
3029 3045 3200 3102 videri
3244 3047 3510 3102 mirabilis

1918 3131 2111 3200 potuit,
2162 3131 2562 3188 studiosissima
2611 3134 2976 3196 occultatione
3021 3137 3340 3206 suppressit.
3379 3135 3510 3204 Quae

1917 3231 2100 3278 tamen
2131 3223 2394 3286 miracula
2423 3227 2636 3282 etiamsi
2675 3227 2900 3284 minime
2926 3223 3167 3292 fecisset,
3201 3227 3507 3282 mirabilem

1913 3314 2078 3368 vitam
2103 3315 2332 3380 ducens,
2359 3315 2554 3370 minori
2585 3317 2938 3371 veneratione
2965 3317 3162 3384 dignus
3208 3333 3316 3371 non
3345 3325 3509 3372 esset.

1914 3404 2100 3476 Neque
2123 3406 2268 3460 enim
2295 3407 2610 3471 Prateursor
2637 3407 2852 3462 Domini
2907 3407 3102 3464 fecisse
3137 3409 3400 3464 miracula
3431 3408 3507 3464 le-

1914 3497 2077 3566 gitur,
2129 3511 2235 3565 quo
2269 3495 2532 3566 majorem
2573 3497 2774 3550 nullum
2829 3498 2969 3552 inter
3017 3507 3177 3553 natos
3223 3499 3512 3554 mulierum

1917 3587 2220 3644 surrexisse
2247 3587 2463 3658 (Manli.
2509 3587 2610 3658 xu)
2668 3587 2878 3644 Veritas
2925 3589 3040 3660 ipsa
3091 3597 3339 3644 testatur.
3368 3588 3514 3644 Non-

1915 3680 2044 3734 nulli
2077 3679 2222 3732 enim
2255 3679 2366 3734 Deo
2389 3695 2448 3746 se
2475 3679 2690 3734 deferre
2711 3681 3055 3745 existimant,
3087 3679 3134 3734 si
3165 3680 3218 3733 in
3246 3679 3508 3735 extollen-

1915 3771 1998 3826 dis
2043 3779 2353 3824 smtctorum
2405 3769 2698 3826 virtutibus
2761 3771 3107 3826 mendacium
3167 3771 3391 3840 fingant.
3444 3771 3512 3826 Hi

1914 3866 2196 3939 nimirum,
2243 3866 2558 3940 ignorantes
2601 3868 2768 3930 Deum
2797 3877 2985 3928 nostro
3018 3884 3122 3934 non
3165 3882 3324 3938 cgere
3355 3881 3512 3922 men-

1916 3959 2090 4024 dacio,
2125 3957 2310 4013 relicta
2339 3958 2586 4023 veritate,
2617 3975 2736 4030 quae
2769 3959 2884 4030 ipse
2908 3969 3014 4024 est,
3057 3958 3312 4014 falsitatis
3335 3959 3384 4012 ei
3414 3972 3515 4028 pu-

1918 4060 2032 4106 tant
2067 4067 2126 4106 se
2165 4051 2380 4122 placere
2417 4067 2576 4123 posse
2619 4062 2946 4108 commento.
2997 4051 3145 4120 Quos
3183 4054 3320 4108 bene
3357 4049 3511 4106 Jerc-

1915 4143 2052 4198 naias
2081 4144 2373 4214 redarguit,
2428 4144 2652 4199 dicens:
2679 4142 2982 4198 Docuernn:
3030 4144 3240 4215 linguas
3275 4159 3402 4197 snas
3428 4141 3512 4196 Io-

1914 4235 2004 4306 qui
2032 4235 2384 4306 mendacium,
2419 4245 2473 4288 ut
2505 4235 2680 4307 inique
2711 4247 2920 4306 agerent
2968 4235 3336 4290 laboraverunt
3370 4232 3508 4304 (Jer.

1917 4327 2016 4400 ix).
2042 4327 2142 4395 Qui
2168 4329 2316 4384 enim
2343 4329 2484 4385 ultro
2507 4327 2743 4384 oblatam
2766 4329 3068 4399 simplicem
3103 4327 3390 4380 veritatem
3419 4339 3512 4378 re-

1915 4421 2058 4478 ferre
2093 4422 2250 4478 facile
2283 4431 2564 4492 poterant,
2597 4421 2650 4474 in
2683 4421 3072 4490 componendis
3109 4433 3230 4489 qua:
3264 4417 3516 4472 nesciunt

1916 4530 2071 4589 casso
2101 4515 2286 4568 labore
2313 4514 2597 4578 desudant,
2622 4522 2674 4568 et
2701 4529 2808 4582 quo
2829 4528 2887 4568 se
2915 4529 3018 4584 pro
3044 4515 3153 4569 Deo
3175 4520 3324 4568 stare
3355 4511 3513 4578 quasi

1915 4606 2190 4676 adjutores
2219 4613 2520 4668 autumant,
2549 4620 2615 4660 eo
2641 4613 2700 4659 ut
2735 4619 2928 4660 revera
2975 4606 3098 4662 falsi
3131 4610 3298 4657 testes
3321 4611 3516 4656 contra

1915 4699 2084 4770 Deum
2109 4698 2459 4769 pertinaciter
2500 4707 2760 4768 pugnant,
2810 4699 3086 4767 Apostolo
3111 4692 3409 4751 Corinthiis
3438 4704 3522 4746 at-

1915 4857 2056 4928 latos
2107 4865 2273 4914 testes
2322 4856 2614 4912 recentiori
2663 4855 2930 4912 memoria
3005 4869 3212 4928 rerum“
3241 4849 3538 4928 ipstrurtos

1915 4921 2697 5021 haltere‘potueritzutfrevera
2727 4927 2924 4984 habuit
2962 4917 3165 5021 ῖύξὶυε.
3181 4919 3242 4974 S.
3263 4917 3544 4970 immunis“

1916 4997 2238 5076 discipulos,
2265 4999 2408 5076 sicut
2433 4997 3070 5076 infra__ipse_testatu;.
3169 5067 3180 5076 _
3247 5055 3275 5076 υ
3331 5053 3515 5076 vuln:

1988 5053 2141 5152 (te?)
2175 5053 2902 5152 Fictisbent.sdiiio'hslbet
2940 5053 3564 5152 ELitegi°_§-..E£i‘.tffﬁ

1916 5131 2250 5205 tradidisset,
2275 5140 2326 5194 id
2356 5150 2438 5192 est
2483 5138 2722 5196 fidelium
2766 5141 2820 5194 in
2869 5131 3574 5210 tui'coufcmentium
