3992 5322
154 209 257 265 961

1446 199 1601 254 ἨΤΑ
1633 201 1688 253 S.
1723 199 2104 256 ROMUALDI.

3329 203 3436 259 962

151 315 363 381 snitum
391 321 657 394 prmberet
682 326 906 377 enactus
927 329 1028 372 est.
1087 314 1380 371 Aceersitis
1403 313 1567 384 igitur
1591 313 1746 367 Mari-
1775 323 1826 382 Α
1852 313 2008 368 annis
2038 313 2153 383 ipse
2176 320 2232 368 et
2267 310 2506 368 Joannes
2541 312 2939 378 Grandenicus,
2967 313 3196 370 sareulis
3232 325 3434 372 terram

158 433 232 472 no
269 425 328 471 et
356 413 682 476 Romualdo,
716 412 819 466 hoc
844 410 946 465 sibi
977 409 1250 464 communi
1278 405 1500 474 jubetur
1521 413 1740 459 senten-

161 509 262 573 tia,
292 516 352 561 ut
374 505 628 562 saeculum
651 501 812 557 simul
840 516 964 556 cum
989 500 1105 570 ipso
1130 539 1145 564 ,
1182 513 1340 568 quem
1369 512 1464 566 per
1486 496 1638 550 nefas
1665 495 1746 548 in-

157 605 416 660 vaserat,
477 594 674 647 ducatu
726 590 1090 659 relinqueret,
1147 596 1222 653 et,
1262 587 1387 657 quia
1439 587 1504 640 ad
1555 586 1746 640 alienae

160 684 554 741 dominationis
577 697 756 737 arcem
805 680 1000 750 injuste
1026 687 1366 750 proruperat,
1391 679 1506 748 ipse
1531 695 1590 734 se
1619 679 1747 734 alie-

160 791 250 829 na:
278 773 563 844 potestatis
585 771 824 826 dominio
853 769 1187 841 subjugaret.
1225 770 1318 824 ille
1345 779 1527 823 autem
1579 769 1741 824 homo

163 865 431 920 nimirum
483 864 535 918 in
590 868 855 932 potestate
883 862 1108 931 positus,
1163 861 1288 930 quia
1337 860 1748 915 conversionem

165 971 328 1012 suam
354 953 640 1009 manifeste
660 951 838 1008 facere
863 968 1026 1006 ausus
1046 967 1152 1005 non
1176 961 1277 1014 est,
1315 959 1487 1004 tutmn
1543 950 1752 1019 putavit

165 1048 273 1103 hoc
298 1046 558 1101 utendum
605 1059 725 1101 esse
769 1043 1016 1099 consilio.
1069 1042 1384 1096 [inminente
1416 1041 1578 1112 igitur
1605 1039 1754 1094 festi-

165 1139 342 1193 vitate
368 1137 542 1192 sancti
586 1136 868 1204 cujusdam
911 1135 1189 1205 martyris,
1222 1150 1286 1188 ex
1312 1133 1465 1203 cujus
1496 1132 1754 1187 vocabulo

166 1229 457 1285 basilicam
487 1228 539 1282 in
563 1227 780 1298 propria
811 1226 1152 1297 possessione
1180 1225 1354 1279 adhuc
1387 1224 1627 1292 privatus
1658 1224 1756 1276 ha-

167 1319 395 1383 buerat,
416 1317 524 1374 illic
544 1317 716 1387 pridie
736 1332 957 1372 uxorem
983 1315 1127 1388 (196)
1162 1331 1314 1369 suam
1345 1316 1622 1384 prmmisit,
1647 1315 1760 1383 ipse

169 1411 331 1480 Quasi
360 1426 486 1465 mox
519 1419 804 1465 secuturus
829 1427 844 1476 ;
871 1411 974 1464 hoc
999 1410 1047 1464 ei
1071 1408 1411 1478 praecipiens,
1443 1416 1571 1460 utet
1596 1405 1760 1477 434

171 1514 434 1560 ornatum
485 1504 727 1559 ecclesiae
784 1502 1259 1558 accuratissinnnn
1303 1501 1654 1569 provideret,
1704 1508 1761 1552 et

170 1609 362 1649 secum
395 1593 736 1649 venientibus
759 1601 1101 1662 sumptuosas
1141 1592 1420 1660 epularum
1450 1589 1669 1644 delicias
1705 1590 1758 1643 in

1843 402 2179 473 frangentes,
2229 413 2286 460 et
2346 406 2583 460 triticum
2632 408 2988 473 setninantcs,
3049 423 3117 462 ex
3174 422 3437 462 manuum

1848 520 2069 560 suarum
2159 503 2343 560 labore
2402 505 2677 559 vixerunt.
2767 504 2868 572 Qui
2935 504 3240 571 nimirum,
3303 505 3430 559 dum

1848 598 2234 669 agriculturam
2285 597 2641 662 exercebant,
2705 598 2917 666 pondus
2943 595 3132 666 jejunii
3195 597 3439 668 duplica-

1851 689 2004 746 bant'
2341 757 2502 830 535
2537 756 2766 812 CAPUT
2827 755 2934 811 vn.

2029 851 2106 905 De
2127 851 2329 906 diversa
2358 868 2533 922 pugna
2557 852 2775 917 diaboli,
2809 867 2965 922 quant
2994 851 3261 904 sustinuit.

1925 960 2284 1031 Impugnabat
2333 970 2511 1014 tamen
2557 960 2805 1014 diabolus
2846 959 3204 1012 Romualdum
3256 956 3445 1012 multis

1855 1059 1910 1104 et
1930 1050 2098 1104 variis
2129 1052 2487 1104 tentationum
2517 1050 2963 1114 immissionibus,
3011 1049 3243 1103 maxime
3286 1048 3444 1102 initio

1859 1142 2251 1208 conversionis,
2290 1150 2636 1210 mentemque
2685 1142 2804 1210 ejus
2844 1156 2941 1211 per
2971 1141 3139 1195 multa
3190 1141 3446 1194 vitiorum

1859 1234 2128 1289 incentiva
2148 1234 2416 1303 raptabat,
2446 1233 2605 1286 modo
2627 1231 2701 1286 illi
2736 1233 2788 1285 in
2839 1233 3154 1287 memoriam
3188 1244 3451 1285 revocans

1859 1341 1980 1396 qua:
2021 1337 2074 1380 ct
2101 1333 2328 1396 quanta,
2359 1334 2420 1380 ut
2442 1333 2573 1395 puta
2603 1324 2687 1378 vir
2714 1333 2989 1390 strenuus,
3035 1325 3088 1378 in
3133 1323 3330 1379 sacculo
3359 1339 3452 1378 ae-

1861 1419 2078 1488 quircre
2107 1420 2315 1488 potuit;
2370 1418 2528 1472 modo
2557 1433 2681 1486 qua:
2713 1417 2944 1488 ingratis
2976 1417 3292 1487 propinquis
3325 1431 3451 1470 uec-

1863 1511 1986 1564 dmn
2024 1519 2142 1578 post
2174 1508 2743 1578 sceoncupiscibiliter
2781 1507 3150 1567 haereditanda
3192 1507 3448 1576 reliquit;

1866 1604 2024 1656 modo
2057 1619 2221 1671 parva
2253 1602 2418 1656 nimis
2459 1611 2514 1655 et
2549 1601 2745 1656 nullius
2780 1601 2959 1654 meriti
3007 1615 3127 1655 esse
3162 1615 3280 1668 qua:
3311 1598 3454 1652 face-

173 1686 476 1742 crastinum
537 1695 886 1757 prtepararct.
934 1685 1052 1754 Ipse
1097 1693 1276 1738 autem
1330 1691 1448 1751 post
1477 1680 1757 1752 conjugem

1882 1704 1966 1759 'Cl,
2011 1695 2334 1758 accusabat;
2369 1694 2552 1760 modo,
2593 1694 2726 1746 tanti
2773 1692 2970 1747 laboris
2999 1693 3256 1746 honorem
3282 1691 3451 1763 ,ineu-

176 1793 488 1839 remanens,
521 1778 604 1831 his
641 1777 708 1832 de
734 1777 847 1830 suis
881 1777 1182 1838 thesauris,
1218 1790 1339 1842 qua:
1371 1773 1473 1826 sibi
1505 1773 1764 1826 videban-

176 1877 288 1932 tur,
318 1866 535 1931 ablatis,
573 1881 694 1920 cum
723 1865 954 1934 quodam
991 1881 1088 1920 suo
1115 1863 1392 1927 familiari,
1421 1861 1627 1916 Joanne
1657 1862 1765 1915 sei-

175 1957 660 2014 licetGrandenico
684 1957 850 2026 (197),
865 1957 954 2026 qui
970 1955 1205 2026 praefata:
1222 1954 1610 2023 conjurationis
1636 1967 1766 2006 con-

178 2052 332 2106 scius
356 2045 549 2114 luerat,
582 2058 778 2105 etcum
803 2050 971 2103 tribus
997 2048 1100 2101 illis
1120 2046 1265 2118 (198)
1292 2045 1463 2101 beatis
1482 2045 1610 2099 viris
1631 2060 1767 2114 quos

177 2153 574 2210 prmposuunus
609 2154 799 2192 navem
826 2137 1097 2200 aStendit,
1131 2137 1324 2190 deinde
1355 2137 1406 2190 in
1435 2135 1666 2190 Galliam
1699 2133 1768 2188 ad

182 2232 572 2286 monasterium
604 2230 750 2303 (l99)
797 2230 1005 2284 abbatis
1035 2227 1258 2283 Guarini
1291 2241 1518 2298 magnus
1546 2240 1772 2280 conver-

183 2341 279 2379 sus
304 2324 532 2396 aufugit.
559 2324 722 2379 Petro
771 2323 935 2393 igitur
961 2331 1014 2376 et
1051 2321 1262 2377 Joanne
1295 2319 1575 2375 monachis
1610 2319 1661 2373 in
1708 2316 1766 2372 S.

183 2414 471 2470 Michaelis
522 2416 768 2470 coenobio
795 2413 990 2478 factis,
1046 2413 1286 2467 Marinus
1324 2421 1378 2467 et
1419 2410 1768 2475 Romualdus,

183 2525 294 2564 non
342 2508 504 2580 longe
550 2524 580 2564 a
632 2509 960 2563 monasterio
998 2509 1275 2578 degentes,
1326 2506 1392 2559 ad
1441 2503 1771 2574 singulamm

186 2599 382 2663 vitam,
426 2599 513 2652 cui
567 2599 768 2654 assueti
829 2597 1078 2661 fuerant,
1130 2605 1496 2652 revertuntur.
1570 2593 1774 2660 Quibus

185 2691 356 2744 etiam
405 2691 503 2760 ipsi
526 2690 636 2760 jam
677 2690 806 2744 dicti
838 2688 1054 2750 fratres,
1085 2696 1307 2760 peracto
1336 2688 1425 2746 vix
1453 2703 1635 2740 annuo
1654 2703 1778 2754 spa-

201 2783 300 2842 tio,
327 2781 394 2834 ad
423 2779 800 2850 perferendam
843 2779 1085 2849 ejusdem
1127 2777 1432 2834 solitudinis
1487 2776 1778 2831 districtio-

193 2885 320 2926 nem
356 2870 806 2943 aggregathunt.

810 2983 1037 3039 CAPUT
1069 2981 1159 3037 Vl.

196 3093 440 3158 Qualiter
488 3093 814 3150 Romualdus
878 3111 980 3148 uno
1029 3109 1169 3147 atauo
1223 3093 1287 3146 de
1339 3092 1536 3163 pugillo
1593 3093 1775 3147 ciceris
1806 3079 1848 3137 ε

265 3181 377 3247 per.
418 3167 576 3232 diem,
639 3175 686 3218 et
741 3165 906 3218 tribus
965 3166 1118 3218 aiinis
1180 3164 1244 3217 de
1296 3181 1392 3218 sua
1453 3165 1774 3234 agricultura

267 3245 420 3289 vixit.

268 3347 478 3399 Interea
534 3344 886 3410 Romualdus,
938 3361 1170 3402 accenso
1219 3345 1418 3401 mentis
1464 3344 1776 3408 desiderio,

197 3439 368 3508 cmpit
393 3440 457 3492 de
486 3438 780 3494 virtutibus
810 3440 862 3493 in
899 3441 1123 3494 virtutes
1155 3439 1477 3494 mirabilizer
1502 3454 1776 3494 crescere:

198 3539 253 3584 ct
283 3530 520 3600 reliquos
549 3530 748 3585 fratres
778 3540 980 3584 sancta:
1030 3531 1464 3586 conversationis
1508 3531 1782 3599 gressibus

200 3623 416 3693 longius
444 3622 650 3676 anteire
678 3641 690 3675 :
718 3631 775 3675 ut
809 3623 946 3691 jam,
967 3621 1229 3692 quidquid
1271 3621 1409 3674 inter
1440 3619 1636 3674 fratres
1670 3620 1784 3673 sive

201 3713 269 3768 de
332 3712 702 3782 spiritualibus
770 3712 886 3768 sive
927 3714 1092 3768 etiam
1138 3713 1204 3767 de
1251 3712 1625 3782 corporalibus
1669 3711 1785 3781 ipse

203 3806 542 3868 decerneret,
584 3805 796 3860 cunctis
822 3804 1148 3867 volentibus,
1177 3803 1293 3874 ejus
1320 3805 1541 3858 omnino
1570 3811 1786 3858 sentenu

205 3895 280 3949 tia
302 3896 639 3966 prmvaleret.
673 3896 789 3966 Ipse
828 3910 1044 3966 quoque
1092 3894 1332 3949 Marinus
1375 3895 1639 3966 gaudebat
1677 3893 1787 3947 Ro-

206 3987 425 4042 mualdo
445 4002 567 4042 esse
588 3987 837 4052 devotus,
865 3987 951 4042 cui
972 4001 1142 4056 nuper
1167 3987 1343 4041 fuerat
1371 3987 1486 4056 ipse
1510 3985 1783 4055 praalatus.

205 4080 314 4135 Per
340 4080 656 4134 continuum
679 4081 878 4149 qu'ppe
907 4093 1105 4133 annum
1131 4077 1465 4132 Romualdus
1485 4076 1617 4130 nihil
1643 4075 1787 4130 aliud

206 4172 264 4226 in
315 4171 494 4225 cibum
547 4170 756 4235 habuit,
801 4169 902 4224 nisi
968 4176 1175 4222 tantum
1239 4183 1334 4238 per
1382 4167 1622 4237 singulos
1671 4166 1787 4220 dies

209 4277 276 4317 ex
323 4277 431 4317 uno
477 4261 680 4332 pugillo
736 4261 862 4318 elixi
917 4259 1112 4316 ciceris
1165 4259 1317 4312 vix-it.
1392 4258 1589 4313 Tribus
1659 4273 1790 4313 vero

1868 1783 2241 1853 tiens,longte
2300 1782 2422 1836 vita:
2470 1781 2703 1851 spatium
2763 1781 3132 1850 promittebat.
3191 1778 3234 1834 Ο
3291 1794 3452 1848 quam

1865 1889 2024 1942 smpe,
2055 1873 2300 1928 cellulam
2332 1871 2450 1941 ejus
2475 1872 2800 1942 percutiens,
2829 1886 2974 1936 eum,
3004 1888 3127 1926 cum
3164 1870 3339 1924 adhuc
3368 1870 3456 1922 vix

1867 1964 2315 2028 obdormisceret,
2334 1963 2611 2028 excitavit,
2639 1971 2689 2018 et
2716 1961 2869 2030 quasi
2893 1959 3117 2031 jamjam
3143 1959 3456 2014 imminente

1868 2053 2209 2124 crepusculo,
2240 2068 2336 2122 per
2365 2060 2528 2106 totam
2551 2060 2766 2106 noctem
2789 2049 3059 2118 vigilando
3085 2048 3331 2103 deduxit!
3356 2047 3460 2100 Per

1872 2144 2190 2200 cantionum
2233 2141 2406 2195 ferme
2449 2140 2908 2210 quinquennium,
2951 2153 3114 2208 super
3150 2137 3314 2206 pedes
3345 2136 3462 2205 ejus

1872 2247 1928 2292 et
1973 2251 2134 2291 crura
2193 2234 2440 2289 diabolus
2478 2243 2744 2288 nocturno
2772 2230 3230 2301 temporejacuit;
3280 2241 3359 2294 et,
3392 2246 3462 2284 ne

1875 2330 1978 2383 huc
2023 2329 2252 2396 illucque
2306 2342 2365 2382 se
2423 2325 2576 2380 facile
2632 2333 2906 2389 verteret,
2958 2332 3087 2394 typo
3133 2321 3457 2391 phantastici

1875 2419 2129 2489 ponderis
2180 2418 2512 2489 aggravavit.
2566 2417 2698 2483 Quis
2764 2416 3038 2487 explicare
3094 2414 3272 2468 vah-at
3324 2423 3458 2483 quot

1878 2509 2168 2564 frementes
2224 2509 2474 2562 vitiorum
2535 2508 2739 2563 bestias
2805 2507 3064 2578 pertulit?
3122 2521 3284 2575 quam
3325 2521 3466 2575 sa-pe

1878 2609 2172 2670 praesentes
2226 2600 2440 2667 iniquos
2484 2600 2711 2669 spiritus
2748 2598 3050 2652 durissimis
3083 2597 3466 2667 increpationi-

1877 2691 1976 2746 bus
2005 2690 2296 2761 eliugavit?
2329 2691 2478 2752 Unde
2501 2692 2687 2759 etiam,
2714 2691 2760 2744 si
2801 2689 3026 2744 fratrum
3060 2689 3254 2759 aliquis
3292 2688 3460 2742 silen—

1881 2784 1938 2838 tii
1977 2794 2217 2854 tempore
2252 2783 2437 2838 cellam
2478 2784 2594 2852 ejus
2629 2784 2820 2852 quavis
2869 2781 3195 2836 necessitate
3221 2779 3462 2848 compul-

1878 2895 1972 2933 sus
1998 2879 2190 2943 adiret,
2215 2878 2398 2932 statim
2426 2877 2580 2930 miles
2610 2875 2814 2930 Christi
2846 2885 3074 2944 paratus
3099 2875 3165 2928 ad
3187 2874 3456 2942 prmlium,

1880 2967 2039 3026 solito
2064 2982 2236 3034 more,
2279 2969 2451 3038 ipsum
2481 2982 2603 3022 esse
2630 2967 2948 3021 existimans
2981 2965 3274 3030 diabolum,
3306 2963 3468 3017 claris

1881 3062 2101 3115 vocibus
2129 3060 2460 3129 increpabat,
2509 3059 2694 3113 dicens
2721 3078 2731 3111 :
2762 3058 2879 3124 Quo
2931 3058 3106 3111 tendis
3136 3058 3314 3120 modo,
3350 3065 3463 3109 tur-

1883 3151 2100 3221 pissime
2117 3153 2138 3205 Ἰ
2153 3151 2290 3218 Quid
2305 3151 2398 3204 tibi
2417 3151 2471 3203 in
2493 3165 2695 3212 eremo,
2718 3151 2782 3203 de
2804 3148 2942 3204 casio
2964 3147 3202 3216 dejecte?
3229 3147 3462 3210 Recede,

1881 3242 2030 3295 canis
2057 3241 2657 3305 imniunde;evanesce,
2679 3239 2898 3292 coluler
2925 3248 3222 3290 veternose.
3252 3236 3345 3289 llis
3371 3236 3467 3305 igi-

1883 3340 1970 3384 tur
2013 3341 2068 3385 et
2099 3329 2402 3400 huiusmodi
2433 3329 2610 3384 verbis
2639 3329 2948 3382 declarabat
2974 3343 3031 3380 se
3066 3343 3188 3380 cum
3216 3326 3464 3394 malignis

1884 3423 2165 3491 spiritibus
2193 3423 2246 3475 in
2285 3421 2400 3476 acie
2429 3435 2644 3488 semper
2668 3420 2944 3482 aSsistere,
2973 3427 3028 3472 et
3057 3417 3177 3470 fidei
3211 3432 3268 3470 se
3305 3415 3473 3469 ai'mis

1884 3514 2185 3568 accinctum
2225 3511 2644 3581 provocantibus
2671 3509 2917 3564 hostibus
2943 3509 2995 3562 in
3023 3524 3272 3577 campum
3302 3505 3473 3576 proti-

1885 3618 1984 3657 nus
2013 3602 2254 3657 obviare.

2481 3688 2706 3745 CAPUT
2740 3688 2872 3743 Vill.

1925 3803 2099 3860 Unum
2119 3821 2280 3876 genus
2310 3805 2427 3858 vita:
2451 3803 2731 3857 Romualdi
2753 3819 2772 3867 ;
2796 3813 2844 3876 et
2868 3803 2930 3855 de
2948 3799 3256 3876 pauitantia
3288 3797 3435 3853 Patri

2321 3876 2493 3939 ducis,
2525 3885 2570 3927 et
2599 3875 2870 3943 prop/retia
2907 3874 3041 3940 ejus.
3441 3899 3443 3902 ‹

1958 3987 2194 4059 Contigit
2224 3995 2403 4041 autem
2442 3995 2501 4039 ut
2536 3985 2845 4054 aliquando,
2885 3983 3085 4038 librum
3137 3983 3204 4038 de
3243 3983 3353 4036 vita
3376 3981 3478 4036 Pa.

1890 4093 2034 4138 trum
2089 4083 2292 4149 legens,
2343 4082 2392 4135 in
2448 4081 2594 4135 illum
2645 4080 2822 4136 locum
2877 4080 3138 4134 incideret
3173 4079 3337 4151 536
3386 4079 3475 4134 tibi

1892 4175 2200 4230 continetur
2221 4173 2364 4243 quod
2392 4172 2608 4243 quidam
2637 4171 2858 4236 fratres,
2888 4187 2984 4241 per
3006 4171 3315 4224 continuam
3348 4171 3476 4223 heli-

1894 4267 2173 4321 domadam
2214 4263 2556 4334 singulariter
2579 4260 2884 4334 jejunantes
2909 4260 3078 4331 (200),
3115 4259 3476 4315 Sabbatorum

285 4442 437 4513 (196)
464 4440 664 4494 Felicia
683 4457 710 4494 a
737 4440 980 4513 Dandulo
1004 4452 1058 4498 et
1083 4441 1249 4512 alere
1274 4439 1522 4513 omnibus
1549 4439 1798 4513 nomina-
1828 4433 1876 4492 D
1905 4443 2366 4513 conversationem
2393 4439 2660 4513 Venetias
2684 4435 2864 4513 rediit,
2901 4442 2954 4513 et
2993 4429 3381 4513 monasterium
3414 4428 3474 4482 S.

214 4511 340 4579 tur;
373 4530 405 4566 a
446 4513 746 4584 Sausovino
793 4511 1209 4584 Felicitatq’uae
1253 4512 1573 4584 inﬂantiqua
1604 4511 1792 4564 altaris

216 4584 396 4638 tabula
429 4584 497 4636 ad
531 4582 588 4636 S.
617 4581 876 4637 Joannem
930 4584 994 4638 de
1043 4581 1266 4637 thdaica
1312 4582 1658 4636 Venetiarum
1703 4596 1796 4633 eo-

213 4664 506 4725 gnomento
564 4651 851 4725 Maripetra
889 4654 1242 4725 inscribitur,
1295 4649 1446 4719 cujus
1497 4651 1790 4725 etiamnum

216 4720 552 4778 nobilissima
597 4720 752 4792 vulgo
784 4723 1059 4791 Malipiero
1082 4723 1283 4778 familia
1314 4729 1514 4775 exstat.
1544 4720 1790 4774 Piissima

218 4797 332 4849 haec
399 4795 601 4848 femina
661 4793 802 4856 fuit,
859 4809 978 4863 qua:
1023 4795 1183 4850 unico
1245 4793 1392 4846 edito
1441 4792 1550 4845 lilio
1580 4792 1793 4863 (nempe

213 4865 377 4919 Petro
435 4863 660 4918 Urseolo
705 4863 747 4916 11
782 4861 958 4989 duc—ej)
992 4880 1096 4918 una
1125 4881 1248 4920 cum
1296 4877 1494 4931 Sponso
1527 4861 1794 4915 caszitatis

215 4944 490 4989 perpetua:
514 4944 696 4987 votum
729 4937 876 4988 vovit
960 4951 1061 4989 eo:
1089 4945 1168 4989 et.
1189 4935 1406 4989 calcatis
1433 4933 1582 4984 rebus
1605 4932 1794 4984 Imma-

215 4944 490 5004 perpetua:
514 4944 696 4987 votum
729 4937 876 4988 vovit
915 4932 1061 5001 Deo;
1089 4945 1168 5004 et,
1189 4935 1406 4990 calcatis
1433 4933 1582 4984 rebus
1605 4932 1794 4984 Imma-

217 5003 300 5059 nis
318 5003 523 5087 animo,
557 5005 842 5058 caelestium
867 5007 1113 5059 bonorum
1138 5003 1344 5088 tanta":
1364 5003 1796 5082 contemplatione

1897 4513 2113 4581 Georgii
2143 4511 2484 4565 Venetiarum
2508 4506 2776 4581 condidit,
2809 4503 2950 4581 quod
2995 4501 3479 4581 imprmsentiarft‘nn

1899 4570 2146 4635 monachi
2195 4581 2625 4648 congregationis
2667 4574 2724 4629 S.
2750 4570 2976 4628 Justina:
3012 4587 3106 4625 seu
3152 4570 3346 4624 Montis
3369 4570 3478 4624 Ca-

1897 4652 2001 4706 sini
2031 4651 2291 4705 incolunt.

1968 4722 2113 4792 (199)
2171 4718 2564 4792 Monasterium"
2607 4729 2818 4792 nempe
2855 4710 3088 4792 quani,
3116 4709 3201 4792 cui
3250 4717 3484 4792 praeerat

1896 4783 2168 4848 Guarinus
2195 4793 2385 4854 abbas,
2431 4790 2483 4842 in
2518 4785 2738 4846 dicecesi
2776 4783 3062 4854 Helenensi
3109 4783 3296 4854 situm,
3339 4783 3482 4850 quod

1901 4863 2195 4921 Damianus
2221 4849 2385 4930 supra
2415 4860 2467 4911 in
2516 4855 2781 4913 ulterioris
2810 4851 3003 4930 Gallia;
3028 4849 3488 4930 ﬁ_r_iib_us_lneatt_lm

1905 4919 2071 4987 fuisse
2096 4919 2313 4995 statuit';
2345 4943 2442 4998 nec
2469 4938 2922 4998 perpera_m,__nam
2942 4919 3116 4998 γ,
3143 4919 3488 4998 Mahillonius

1903 5004 1958 5088 ἱέδ
1985 5003 2251 5061 05mm"-
2275 4992 2346 5088 ἑά
2383 4992 2641 5088 Yffi?”
2672 4993 2986 5088 Ρςκίζῖῗξῗίὶ
3005 5012 3058 5049 η·
3084 4992 3487 5088 ἔτηῖίῖῗίῖίὲνίξὲ

2883 5064 2893 5074 ι

2735 5064 2986 5088 “ua-Loca...
3084 5077 3377 5088 _--n---.-ua
3439 5066 3495 5088 :—
