3992 5322
555 282 662 340 933

1010 282 1066 335 S.
1104 283 1307 339 PETRl
1351 281 1635 339 DAMIANI
1674 281 1829 340 OPP.
1869 281 2049 338 PARS
2091 282 2223 339 SEU
2260 282 2493 339 TOMUS
2531 274 2593 339 il.
2634 314 2705 326 -
2742 284 3161 375 SANCTORUM
3199 285 3404 343 VITE.

3716 286 3813 345 96$

555 395 643 451 die
676 392 881 464 pariter
930 393 1312 457 convenirent;
1362 392 1586 461 ipsoque
1644 401 1699 447 et
1745 393 2027 447 Dominieo
2056 392 2142 448 die
2170 403 2217 459 Α
2245 394 2423 465 gulam
2457 398 2666 451 cunctis
2692 400 3051 454 sectatoribus
3072 401 3361 471 singularis
3380 403 3816 475 vitmprzeﬁgens,

549 489 739 561 jejunii
770 488 999 556 rigorem
1026 489 1474 557 interponerent,
1512 499 1564 542 et
1603 489 1880 544 remissius
1925 478 2141 544 vietitaQ

552 588 699 636 rent;
719 578 889 646 Quem
912 580 1122 634 vivendi
1150 580 1393 634 ordinem
1434 580 1616 634 statim
1644 574 1971 635 llomualdus
1999 579 2139 633 arri-

553 671 690 741 puit,
743 678 800 724 et
853 670 904 723 in
934 685 998 724 eo
1021 669 1328 740 quindecim
1360 670 1474 724 fere
1510 670 1667 725 a‘n‘nis
1706 671 1786 725 vel
1819 687 1884 725 eo
1906 669 2139 739 amp‘lius

551 762 810 817 continua
860 762 1177 816 austeritate
1210 763 1524 831 permansit.
1573 760 1768 818 Petrus
1805 772 1983 816 autem
2008 758 2139 827 dux,

551 862 680 932 quia
738 860 922 915 multis
974 860 1192 916 educari
1228 859 1436 915 deliciis
1464 859 1654 914 solitus
1688 856 1887 920 fuerat,
1913 856 2138 926 jamjam

553 953 675 1006 θυι)-
712 956 822 1006 tam
888 950 1118 1006 districti
1180 949 1373 1020 jejunii
1433 948 1669 1019 pondere
1732 949 2136 1003 succumbebat.

556 1040 711 1096 Unde
725 1047 781 1095 ae
808 1042 873 1094 ad
898 1042 1059 1110 pedes
1073 1040 1130 1093 Β.
1153 1039 1433 1094 Romualdi
1449 1039 1726 1094 lnnniliter
1753 1039 1944 1094 stravit
1967 1038 2136 1112 (201).

551 1133 743 1187 Jussus
792 1146 920 1186 vero
946 1139 1001 1186 ut
1061 1142 1328 1202 surgeret,
1379 1132 1756 1186 necessitatem
1810 1146 1963 1186 suam
2016 1147 2138 1186 cum

552 1223 877 1277 verecundia
912 1232 1131 1277 coactus
1160 1223 1390 1292 aperuit.
1422 1219 1835 1292 Pater,.inquit,
1867 1223 1991 1291 quia
2021 1220 2138 1276 ma-

553 1328 715 1381 gnum
745 1327 941 1383 corpus
981 1313 1176 1378 habeo,
1209 1328 1307 1383 pro
1334 1314 1570 1385 peccatis
1597 1314 1731 1367 meis
1762 1328 1825 1367 ex
1866 1310 1965 1367 hac
1992 1308 2142 1382 paxi-

557 1402 709 1456 matii
734 1402 1188 1475 medietate(202)
1200 1408 1505 1457 sustentare
1526 1398 1614 1457 me
1638 1412 1742 1457 non
1766 1401 2004 1473 poss‘um.
2032 1400 2141 1457 R04

557 1493 809 1547 mualdus
844 1493 1026 1565 igitur,
1062 1494 1342 1565 fragilitati
1372 1496 1457 1564 pie
1484 1495 1832 1565 compaticns,
1868 1504 2141 1551 consuetae

556 1599 827 1639 mensura:
857 1585 1117 1656 quadram
1149 1588 1425 1656 paximatii
1459 1587 1607 1657 (205)
1633 1603 1797 1657 super
1831 1587 2063 1654 addidit,
2086 1595 2144 1643 et

554 1674 633 1728 sic
652 1673 853 1728 labenti
900 1675 1011 1745 jam
1059 1675 1233 1742 fratri,
1263 1686 1332 1731 ne
1362 1678 1583 1730 omnino
1611 1678 1885 1743 deficeret,
1928 1675 2142 1731 miseri-4

2246 496 2305 539 ut
2325 495 2452 540 tunc
2481 501 2538 541 se
2568 488 2937 557 unusquisque
2962 492 3253 545 ercmltica:
3294 492 3417 546 vitm
3451 490 3723 562 jejunium
3748 506 3815 548 tc-

2244 593 2371 632 nere
2395 588 2700 649 cognoscat.
2720 581 2762 634 si
2796 596 2893 649 per
2916 582 3303 637 hebdomadam
3336 586 3643 647 triduanas,
3667 587 3816 658 437

2242 679 2295 726 et
2326 671 2589 726 biduanas
2638 671 2784 743 (ξοδ)
2817 671 3128 742 jejunando,
3161 675 3346 745 quinta
3394 675 3531 731 feria
3563 686 3620 732 et
3651 680 3820 732 Dani-

2243 756 2378 816 niris
2421 763 2609 838 diebus
2636 763 2782 817 olera
2832 764 2925 839 vel
2962 766 3321 835 quodcunqtte
3367 766 3651 835 liquainen
3685 767 3819 839 (9.07)

2242 842 2364 905 cum
2396 853 2688 921 gratiarum
2738 837 2951 908 actione
2980 854 3263 923 percipiat,
3306 857 3556 924 exceptis
3583 837 3825 913 videlicet

2242 936 2450 996 duabus
2495 943 2621 996 anni
2666 944 3140 1016 Quiadragesimis;
3192 946 3245 999 in
3277 947 3475 1017 quibus
3522 964 3634 1001 non
3662 949 3823 1004 solum

2246 1032 2359 1101 ipse
2410 1034 2503 1087 sed
2538 1043 2592 1088 et
2620 1034 2864 1103 plerique
2891 1037 2971 1099 sui
3006 1035 3249 1107 diScipuii
3282 1038 3449 1092 totius
3483 1037 3826 1094 hebdomade

2242 1125 2385 1179 soliti
2416 1133 2573 1179 erant
2607 1127 2928 1182 continuare
2954 1128 3237 1199 jejunium.
3269 1129 3334 1183 Et
3359 1139 3513 1185 certe
3538 1133 3680 1185 satis
3703 1146 3825 1185 coa-

2242 1213 2434 1287 gruum
2463 1227 2583 1270 erat
2631 1226 2688 1270 ut
2720 1219 2812 1287 qui
2864 1218 3029 1272 Deum
3063 1219 3116 1273 in
3164 1221 3329 1275 choro
3368 1221 3602 1279 laudare
3622 1239 3827 1292 semper

2242 1304 2489 1359 studebat
2542 1314 2597 1361 et
2640 1315 2914 1380 tympano,
2949 1308 3247 1379 przecipuas
3276 1312 3675 1367 modulationis
3705 1314 3824 1366 bar-

2242 1394 2471 1448 monicze
2522 1397 2940 1463 consonantias,
2983 1397 3241 1469 diapason
3299 1399 3555 1456 videlicet
3609 1411 3665 1456 et
3718 1403 3825 1454 dia-

2242 1494 2405 1555 pente
2440 1496 2604 1556 atque
2632 1487 3007 1555 diatessaron,
3055 1490 3207 1562 (208)
3231 1490 3435 1562 jugitcr
3466 1491 3522 1545 in
3556 1507 3721 1546 aures
3750 1492 3823 1546 in-

2242 1579 2639 1649 circumscripti
2689 1579 2907 1635 luminis
2966 1594 3305 1653 personaret.
3354 1583 3622 1654 Jejunare
3653 1597 3824 1641 autem

2242 1665 2494 1736 Olltltilto,
2530 1672 2634 1727 hoc
2662 1680 2746 1727 est
2782 1671 2925 1727 diem
2976 1673 3180 1744 absque
3208 1674 3315 1729 ullo
3343 1676 3468 1731 cibo
3501 1680 3824 1748 transigere.

552 1766 749 1819 cordia:
787 1782 1005 1821 manum
1054 1769 1297 1834 tetendit,
1340 1775 1395 1822 et
1426 1768 1491 1822 ad
1519 1767 1877 1838 peragendum
1904 1768 2042 1823 bene
2061 1766 2143 1822 vi-
2173 1759 2216 1817 Β
2246 1762 2373 1817 licet
2400 1765 2513 1832 ipse
2563 1765 2859 1834 Saepissime
2889 1765 3099 1831 fecerit,
3134 1766 3255 1821 aliis
3279 1769 3601 1823 omnimodo
3645 1772 3825 1840 prohi-

551 1858 713 1911 vendi
768 1858 873 1911 iter
911 1859 1054 1928 quod
1113 1866 1355 1929 coeperat
1394 1858 1756 1913 continuavit.
1812 1856 1963 1912 Hunc
2000 1857 2139 1912 filius

550 1949 668 2018 ejus
693 1949 794 2003 sibi
842 1950 1172 2018 teqoivocus,
1220 1950 1303 2004 vir
1324 1949 1481 2004 valde
1529 1949 1826 2005 secundum
1882 1947 2145 2003 smeulunr

549 2041 805 2109 prudens,
864 2040 1152 2108 aliquando
1211 2041 1469 2095 visitavit.
1524 2039 1623 2096 Cui
1697 2034 1886 2106 Pater,
1955 2039 2139 2094 nescio

553 2139 733 2182 utrum
785 2130 1080 2198 prophetia:
1130 2130 1322 2200 spiritu
1376 2146 1469 2185 seu
1524 2130 1894 2184 revelationne
1937 2129 2141 2198 aliqua;

549 2233 884 2286 qumcunque
913 2221 1014 2274 sibi
1048 2229 1229 2274 essent
1271 2231 1531 2275 eventura
1564 2221 1829 2290 prtedixit.
1866 2218 2019 2285 Novi,
2054 2221 2139 2273 in-

552 2309 688 2379 quit,
722 2309 795 2363 fili
826 2312 921 2376 nti,
956 2312 1142 2381 procul
1186 2312 1380 2377 dubio,
1439 2312 1563 2381 quia
1594 2314 1784 2367 ducem
1837 2321 1889 2366 te
1940 2310 2140 2366 consti-

559 2408 710 2455 tuent
733 2400 903 2474 (204),
933 2412 987 2457 et
1010 2402 1435 2472 prosperaberis.
1462 2403 1539 2456 'l‘u
1561 2402 1931 2458 tantummodo
1957 2398 2141 2473 satage

553 2498 616 2545 ut
639 2498 696 2545 et
744 2491 1004 2546 Ecclesiis
1046 2493 1247 2547 Christi
1282 2508 1379 2548 sua
1423 2492 1546 2562 jura
1583 2508 1893 2559 conserves,
1926 2502 1981 2549 et
2008 2502 2137 2565 erga

554 2580 826 2649 subditos,
859 2582 1086 2652 alicujus
1117 2598 1303 2639 amore
1325 2584 1412 2638 vel
1440 2585 1585 2651 odio,
1611 2600 1642 2639 a
1664 2584 1875 2653 justitia
1903 2599 2012 2639 non
2049 2586 2142 2638 de-

551 2673 744 2730 clines.

1167 2770 1395 2827 CAPUT
1427 2770 1521 2825 IX.

880 2861 1040 2914 Aliud
1066 2862 1271 2916 vivendi
1298 2877 1461 2931 genus
1509 2860 1813 2916 Romualdi.

623 2973 751 3028 Post
784 2973 899 3028 hac
948 2982 1130 3028 autem
1180 2973 1513 3030 Romualdus
1545 2974 1737 3027 iterum
1795 2972 1977 3045 legens
2012 2970 2138 3043 quia

552 3076 773 3120 sanctus
800 3065 1058 3119 Silvester
1080 3065 1230 3119 urbis
1262 3066 1444 3118 Romae
1465 3065 1750 3134 episcopus
1776 3064 2133 3119 Sabbatorum

551 3158 693 3211 diem
723 3156 1073 3233 jejunaudum
1117 3166 1257 3222 esse,
1298 3166 1356 3210 ut
1396 3171 1584 3210 revera
1623 3158 1799 3211 saneti
1853 3158 2131 3213 Paschalis

547 3250 791 3321 vigilias,
829 3247 1123 3303 instituerit
1146 3248 1318 3319 (205),
1346 3264 1471 3303 mox
1506 3248 1876 3304 remissionem
1913 3248 2133 3304 Sabbati

547 3344 603 3397 in
628 3342 867 3410 quintam
899 3338 1089 3394 feriant
1138 3342 1513 3406 connuutavit,
1558 3355 1612 3395 et
1652 3341 1750 3407 sic,
1792 3341 2132 3395 infirmorum

548 3433 902 3490 imbecillitati
934 3432 1243 3498 consulens,
1272 3433 1488 3503 longum
1506 3434 1769 3504 jejunium
1802 3433 2134 3488 discretione

547 3528 729 3583 habita
764 3526 973 3582 facilius
1022 3524 1272 3581 reddidit.
1310 3524 1459 3581 Hauc
1501 3526 1756 3579 nimirum
1801 3524 2012 3578 vivendi
2050 3540 2135 3578 re-

626 3705 906 3779 (201)Hoc
934 3705 1211 3779 indubium
1242 3703 1635 3779 monimentum
1660 3701 1823 3779 est_S._
1850 3700 2132 3779 liomnaldi

550 3772 873 3847 discipulum
922 3777 1145 3845 ejusque
1175 3775 1519 3847 spiritttalem
1546 3774 1729 3847 lilium
1750 3772 2131 3847 fuissedivutu

547 3842 764 3904 Petrum
806 3842 1107 3908 Urseolum,
1157 3842 1352 3915 quippe
1375 3846 1464 3914 qui
1511 3854 1639 3898 ante
1685 3843 1803 3910 ejus
1839 3844 2020 3911 pedes,
2055 3842 2130 3896 uti

548 3919 793 3989 magistri
817 3919 920 3982 sui,
957 3916 1232 3989 humiliter
1264 3932 1457 3989 rogans
1485 3915 1881 3989 sc‘pt'nsternit.

619 3983 766 4059 (id?)
822 3989 876 4042 In
914 3986 1117 4057 Regula
1164 3983 1513 4059 eremiiiraa
1540 3984 1605 4059 lt.»
1632 3984 1794 4059 Paulo
1829 3983 2133 4059 Justiniano

546 4055 689 4116 edita
747 4055 903 4125 1520,
958 4055 1020 4112 in
1070 4058 1398 4111 monasterio
1457 4055 1770 4125 Fontisboui
1802 4069 1975 4124 prope
2031 4055 2135 4125 (la-7

548 4129 864 4195 ntalilulutn,
892 4123 1042 4197 cap.
1066 4127 1157 4190 28,
1205 4127 1462 4197 scribitur
1490 4141 1505 4177 :
1542 4124 1671 4197 Erat
1700 4123 1806 4178 illis
1836 4123 2133 4197 queridiani

546 4200 647 4253 cibi
669 4193 914 4251 mensura
944 4193 1035 4264 pér
1059 4196 1291 4267 singulos
1322 4214 1443 4264 pars
1483 4196 1701 4249 dimidia
1735 4193 2035 4267 paximatii,
2078 4195 2130 4267 id

546 4279 621 4323 est
644 4268 785 4328 sicci,
811 4277 901 4321 aut
940 4263 1159 4319 biscocti'
1185 4263 1337 4336 panis
1379 4267 1677 4336 dimidium.
1701 4266 1855 4336 Apud
1903 4263 2132 4336 nonnul-

546 4341 629 4394 los
681 4337 1028 4408 pdximatium
1080 4348 1161 4390 est
1186 4334 1355 4406 panis
1402 4335 1813 4403 subeinerieius,
1866 4334 1953 4386 vel
2006 4334 2132 4387 hor-

550 4414 806 4465 deaceus.

2241 1854 2421 1909 bebat.
2456 1853 2677 1909 Dicebat
2706 1857 2849 1910 enim
2902 1857 2968 1910 ad
3023 1848 3410 1927 perfectionem
3461 1862 3704 1916 tendenti
3733 1861 3825 1915 hoc

2242 1962 2451 2002 summe
2485 1962 2805 2017 congruere,
2838 1950 3163 2019 utquotidie
3206 1952 3459 2007 comedat
3510 1956 3566 2008 et
3617 1968 3827 2025 semper

2239 2038 2464 2105 esuriat,
2489 2049 2753 2108 quatenus
2786 2040 2885 2095 hoc
2920 2057 3047 2095 caro
3075 2057 3172 2113 per
3217 2044 3671 2098 consuetudinem
3698 2045 3826 2099 levi-

2240 2137 2351 2201 get,
2382 2131 2523 2199 quod
2552 2138 2718 2200 grave
2762 2131 2979 2185 novitiis
3000 2132 3153 2187 initio
3186 2135 3559 2189 conversionis
3581 2138 3822 2207 apparet.

2239 2220 2672 2292 Parvipeudeba’t
2719 2233 2898 2277 autem
2951 2224 2994 2277 si
3030 2226 3151 2295 quis
3195 2226 3264 2280 ad
3312 2230 3527 2296 tempus
3573 2244 3821 2297 magnum

2241 2312 2369 2382 quid
2420 2314 2707 2384 inciperet,
2758 2315 2807 2369 si
2858 2330 2966 2369 non
3010 2316 3172 2370 etiam
3223 2317 3283 2371 in‘
3329 2331 3395 2371 eo
3441 2317 3825 2389 longanimiter

2240 2408 2528 2474 persevera
2538 2415 2639 2462 ret.

2312 2518 2534 2589 Vigilias
2564 2533 2689 2574 vero
2721 2527 3018 2590 temperate
3047 2506 3102 2575 et
3132 2534 3253 2575 cum
3282 2536 3478 2592 magna
3502 2522 3822 2577 discretione

2240 2608 2519 2666 faciendas
2552 2612 2795 2667 maxime
2824 2613 3107 2679 suadebat,
3138 2628 3205 2667 ne
3231 2613 3315 2668 cui
3348 2613 3589 2669 fortasse
3619 2618 3823 2670 contin-

2241 2711 2392 2774 geret
2414 2704 2472 2756 ut
2521 2703 2722 2772 50pori,
2763 2698 2998 2771 peractis
3048 2705 3328 2758 nocturnis
3356 2703 3576 2769 ciliciis,
3604 2719 3829 2763 conseia

2242 2793 2385 2846 tiret.
2429 2788 2574 2847 Sane
2608 2781 2914 2860 hojosmodi
2964 2807 3215 2848 somnum
3248 2794 3329 2848 vir
3357 2806 3589 2850 sanctus
3629 2796 3683 2850 in
3709 2806 3821 2850 tan-

2240 2894 2354 2939 tum
2388 2885 2621 2957 habebat
2644 2901 2889 2950 exosum,
2927 2895 2986 2938 ut
3012 2886 3056 2939 si
3082 2886 3203 2955 quis
3232 2885 3280 2940 ei
3309 2885 3689 2953 confiteretur,
3709 2897 3821 2957 past

2239 2974 2520 3030 duodecim
2571 2975 2903 3046 psalmorum
2953 2974 3187 3046 vigilias,
3247 2974 3333 3030 vel
3391 2972 3636 3031 tuaiime
3683 2979 3817 3031 circa

2239 3067 2534 3121 diluculum
2586 3067 2948 3132 obdormisse,
3003 3074 3341 3137 nequaquam
3399 3078 3590 3136 posset
3638 3085 3701 3123 eo
3736 3068 3820 3123 die

2240 3172 2360 3211 cum
2384 3155 2500 3223 ejus
2531 3156 2746 3209 licentia
2795 3171 2953 3210 sacra
2980 3148 3567 3211 missarum-solemnia
3597 3159 3821 3213 celebra:

2238 3261 2316 3301 re.
2345 3246 2565 3301 Dicebat
2596 3248 2761 3300 etiam
2798 3246 2989 3301 melius
3014 3263 3153 3314 esse,
3182 3249 3225 3302 si
3258 3250 3520 3319 possibile
3548 3251 3645 3317 sit,
3665 3267 3818 3304 unum

2235 3337 2499 3409 psalmum
2516 3352 2579 3390 ex
2604 3337 2766 3392 corde
2787 3347 2841 3391 et
2856 3354 2977 3392 cum
2993 3340 3407 3407 compunctione
3422 3351 3652 3397 cantare
3670 3357 3825 3413 quam

2235 3438 2452 3483 centum
2502 3441 2623 3482 cum
2677 3428 2872 3482 mentis
2932 3428 3263 3485 fabulatione
3331 3436 3683 3500 percurrere.
3732 3431 3825 3489 Cui

2235 3529 2415 3574 autem
2461 3518 2575 3573 haec
2604 3519 2777 3589 gratia
2810 3517 3050 3590 perfecte
3106 3520 3230 3573 data
3279 3534 3387 3574 non
3441 3532 3612 3589 esset,
3650 3524 3828 3578 horta-

2238 3696 2554 3770 in_pauc__ct
2604 3709 2742 3764 aqua
2781 3693 3161 3770 jejunabatur,
3217 3706 3276 3752 ut
3324 3699 3573 3770 priorum
3625 3702 3830 3757 scilict

2239 3768 2399 3820 trium
2452 3767 2661 3820 dierum
2719 3769 2992 3831 triduana,
3043 3767 3384 3837 sequentium
3412 3785 3545 3824 vero
3601 3774 3828 3826 duorum

2236 3838 2465 3891 biduuua
2493 3837 2767 3908 diceretur
2806 3837 3133 3892 abstinentia
3160 3855 3175 3903 ;
3223 3848 3381 3908 prout
3405 3839 3464 3893 Β.
3497 3840 3704 3896 Paulus
3734 3842 3829 3896 Ja-

2235 3908 2501 3980 stinianus
2533 3906 2756 3980 innlieg.
2802 3908 3078 3980 eremitiea
3124 3906 3245 3979 cap.
3292 3910 3392 3974 27,
3427 3914 3709 3980 exposuit.
3760 3915 3830 3967 De

2236 3978 2384 4032 hisce
2427 3975 2661 4046 jejuniisq
2699 3977 2907 4046 legatur
2959 3979 3123 4032 etiam
3171 3975 3353 4034 noster
3408 3975 3605 4036 Petrus
3676 3984 3825 4039 Dam.

2235 4044 2630 4122 opusc.sv,_e.
2651 4044 2727 4117 I6],
2756 4044 2806 4100 ct
2835 4062 3018 4122 opqse.
3064 4064 3184 4115 XIV,
3220 4051 3272 4103 in
3315 4052 3513 4120 quibus
3538 4054 3619 4106 ait
3644 4055 3715 4107 de
3748 4055 3829 4122 ῥί-

2226 4116 2371 4187 jum'i
2430 4120 2865 4188 significatione:
2905 4116 3163 4187 Jejunare
3212 4116 3384 4174 autem
3438 4122 3559 4175 illo:
3603 4116 3830 4177 licinius

2236 4189 2327 4259 qui
2366 4187 2552 4257 panem
2601 4204 2725 4261 cunt
2776 4187 2885 4261 sale
2915 4199 2968 4261 et
3023 4207 3159 4260 aqua
3208 4193 3523 4261 percipiunt,
3556 4204 3614 4245 ιιι
3653 4208 3830 4248 dum

2234 4257 2425 4327 printer
2451 4266 2561 4311 qu'c
2583 4257 2729 4310 aliud
2759 4257 2960 4327 aliquid
2988 4257 3223 4325 additur,
3255 4257 3825 4332 perfectum'jejumum

2237 4345 2338 4381 ηοιι
2365 4343 2600 4381 vocatur.

2309 4417 2456 4492 (ξω-ι)
2485 4419 2843 4491 Quodcunque
2874 4419 3110 4491 legumen
3143 4420 3273 4492 legit
3293 4421 3356 4476 Β.
3382 4421 3587 4479 Paulus
3627 4423 3823 4480 Justin.

619 4479 772 4559 (205)
920 4477 1125 4559 Paulus
1166 4475 1365 4532 Justiti.
1395 4475 1451 4559 in
1504 4474 1722 4559 laudata
1752 4471 1958 4559 Regula
2010 4488 2131 4559 ere:

2243 4490 2291 4544 in
2309 4468 2455 4559 ’Περί
2472 4468 2762 4544 εἷ·εωὶιὸσῶ

546 4544 862 4631 mitica’ait
907 4566 922 4603 :
977 4549 1032 4602 id
1092 4559 1208 4614 est,
1270 4556 1513 4617 quartam
1564 4558 1765 4617 partem
1820 4544 2128 4614 hujusmodi

548 4638 766 4761 milia)
816 4689 1096 4761 lnipletum
1152 4698 1263 4761 est_
1287 4684 1391 4742 hoc
1419 4686 1736 4761 vaticinium
1773 4692 1896 4755 post
1938 4684 2129 4739 V'italis

545 4757 807 4816 Candiani
853 4757 908 4815 et
946 4760 1168 4815 Tribuni
1216 4757 1432 4813 Memmi
1480 4757 1763 4821 ducatum,
1812 4771 1934 4810 cum
1986 4770 2129 4807 anno

549 4832 677 4893 991,
711 4832 871 4900 juxta
918 4831 1242 4901 prophetiam
1275 4828 1448 4901 sancti
1470 4826 1720 4901 genitoris
1765 4825 2128 4901 sttitricesiino

547 4895 727 4954 letalis
755 4895 892 4955 anno
918 4895 1031 4953 dua}
1055 4908 1259 4952 creatus
1287 4896 1390 4951 fuit
1416 4895 1607 4952 Petrus
1645 4895 1903 4951 Urseolus
1932 4895 1997 4961 11,
2023 4895 2132 4948 sic-

549 4982 609 5024 ut
632 4969 1162 5048 seribithpandulusi,
1190 4969 1485 5048 Πιλλικηρ.ἶ
1508 4969 1556 5021 1.
1588 5037 1599 5048 ⁹
1682 5034 1694 5046 ο
1737 5038 1741 5042 ι
1778 5034 1793 5048 1

2310 4560 2456 4631 (9.08)
2486 4559 2579 4614 Har.
2609 4576 2769 4635 voces
2797 4578 2826 4616 a
2857 4561 3078 4617 musicis
3114 4563 3180 4618 ad
3207 4563 3594 4633 significandas
3639 4567 3826 4635 praei.

2236 4646 2371 4701 pnas
2399 4646 2494 4685 seu
2520 4631 2804 4701 perfectas,
2850 4643 2910 4686 ut
2944 4641 3171 4698 vocant,
3216 4631 3546 4689 harmoniae
3579 4631 3823 4690 modula-

2240 4703 2403 4757 tionis
2432 4703 2812 4774 consonantias
2860 4713 3129 4774 usurpatae
3180 4712 3344 4765 sunt;
3401 4721 3528 4760 nam
3567 4709 3824 4773 diapason

2238 4783 2428 4827 octava
2472 4780 2574 4833 est,
2608 4773 2847 4841 diapente
2899 4773 3163 4842 significat
3213 4775 3480 4842 quintam,
3532 4785 3591 4830 et
3625 4778 3822 4829 diates-

2238 4852 2688 4915 sarott‘quartam.
2719 4842 2852 4915 Cum
2900 4858 3031 4915 ergo
3064 4843 3121 4898 in
3168 4844 3601 4915 quadragesimis
3628 4847 3690 4900 Β.
3722 4847 3826 4900 lio-

2241 4911 2486 4965 ruualdus
2527 4912 2752 4980 ejusque
2790 4911 3038 4982 discipuli
3088 4931 3118 4966 a
3154 4911 3430 4968 Dominiéa
3480 4919 3537 4971 in
3584 4915 3825 4970 Domini-

2239 4997 2358 5036 cani
2391 4982 2737 5036 refectionem
2784 4998 2936 5037 suam
2967 4982 3267 5042 differrent.
3300 4996 3444 5039 recte
3492 5003 3594 5040 per
3617 4996 3823 5040 octava
