3992 5322
177 185 292 242 965
1455 183 1610 240 \‘l'l'A
1653 187 1712 242 S.
1753 191 1892 248 ιιΟΜ
1905 191 2132 249 UALDl.
3360 201 3472 258 966

177 307 356 362 batur
389 313 568 360 tamen
601 317 948 378 nequaquam
975 304 1286 375 desperare,
1313 319 1654 378 nequaquam
1693 307 1774 362 vel
1801 315 1848 373 Α
1879 309 2154 374 nentibus,
2187 308 2331 364 solus
2381 325 2502 366 eum
2533 309 2648 364 solo
2693 321 2967 380 gestorum
3021 325 3242 366 suorum
3275 315 3472 370 seriem

177 400 252 454 ab
281 401 398 469 ipsa
435 397 703 466 corporali
737 399 1126 454 exercitatione
1149 409 1444 468 tepescere,
1474 401 1644 456 donec
1667 401 1779 468 ipse
1882 414 2108 452 narrare
2135 399 2290 470 quasi
2321 415 2418 470 per
2443 401 2840 456 confessionem
2883 401 3068 470 cmpit.
3101 401 3198 456 Cui
3243 405 3330 456 vir
3377 421 3471 459 ve-

175 490 278 560 qui
313 489 644 544 voluntatem
694 491 842 544 dedit
867 490 1066 544 tribuat
1093 491 1256 544 etiam
1299 489 1588 560 aliquando
1614 491 1779 544 faeni-
1881 491 2162 556 ncrabilis,
2227 493 2314 545 his
2343 507 2463 560 qua:
2500 491 2568 544 ab
2603 509 2668 546 eo
2717 493 3094 547 referebantur
3139 495 3358 562 auditis,
3389 511 3472 550 re-

179 589 374 634 tatcm.
409 581 804 636 Tantummodo
827 581 1092 634 orationis
1143 581 1422 636 incensum
1478 584 1672 636 mentis
1697 583 1780 636 in-
1881 581 2098 652 spondit
2131 581 2285 636 aliter
2311 597 2432 636 eum
2471 583 2666 638 salvari
2701 585 2922 638 minime
2975 600 3153 653 posse,
3191 587 3290 639 uiri
3323 604 3475 640 mun-

176 671 362 727 tentio
389 672 443 726 ia
485 671 650 726 Deum
677 672 845 727 semel
869 672 974 726 lixa
1011 673 1302 738 custodiat,
1351 675 1492 742 quod
1533 675 1776 728 exterius

173 763 412 820 veniens
441 764 830 834 cogitationum
875 780 1006 818 aura
1053 767 1352 836 perturbat.
1387 765 1486 820 Ubi
1519 769 1661 820 enim
1695 777 1777 822 est

180 853 424 908 intentio
459 865 630 916 recta,
659 865 850 909 contra
901 855 1235 912 voluntatem
1264 857 1524 928 cogitatio
1553 859 1776 914 veniens

177 960 292 1000 non
316 955 404 1000 est
427 945 654 999 nimium
682 945 1042 1004 formidanda.

715 1056 881 1129 433
915 1057 1142 1114 CAPUT
1183 1058 1250 1112 χ.

173 1145 254 1204 De
285 1148 478 1203 comite
505 1149 593 1220 qui
615 1165 826 1202 vaccam
863 1150 1060 1217 rapuit,
1097 1161 1143 1203 et
1171 1167 1286 1205 eam
1331 1151 1648 1205 comedenda
1678 1167 1768 1206 ne-

847 1236 996 1272 catus
1021 1229 1114 1274 est.

245 1309 500 1377 Quodam
555 1327 686 1366 vero
717 1321 980 1382 tempore,
1011 1313 1138 1368 dum
1169 1314 1348 1368 adhuc
1393 1315 1448 1368 in
1479 1313 1664 1370 Galliae
1710 1313 1774 1370 ll-

175 1407 340 1460 nibus
367 1407 518 1477 (209)
571 1417 898 1472 moraretur,
951 1405 1272 1462 familiarem
1326 1406 1430 1462 sibi
1483 1407 1770 1476 quemdam

177 1496 418 1552 habebat
444 1499 757 1568 agricolam,
805 1499 896 1568 qui
949 1499 1048 1554 sibi
1079 1509 1130 1553 et
1182 1499 1434 1554 utensilia
1478 1501 1675 1570 quibus
1715 1501 1769 1554 in

175 1575 310 1642 cella
345 1605 486 1658 opus
517 1597 599 1644 est
632 1589 920 1660 aliquando
961 1590 1212 1656 faciebat,
1245 1601 1300 1644 et
1351 1592 1392 1644 si
1424 1593 1552 1660 quid
1581 1593 1626 1644 ei
1668 1609 1766 1660 op-

174 1689 470 1749 portunum
496 1690 659 1746 esset,
689 1681 852 1734 ditior
879 1683 1144 1736 charitate
1173 1697 1332 1751 quam
1357 1681 1542 1746 rebus,
1574 1683 1640 1736 de
1663 1699 1774 1738 sua:

173 1773 517 1843 paupertatis
566 1773 744 1844 inopia
775 1773 1024 1828 hilariter
1052 1775 1413 1830 ministrabat.
1439 1773 1610 1842 Ilujus
1641 1791 1772 1830 vac-

173 1878 292 1916 cam
353 1879 540 1918 comes
593 1865 810 1932 quidam
866 1865 1132 1934 superbus
1181 1875 1236 1918 et
1285 1866 1540 1930 tumidus,
1591 1867 1772 1921 missis

173 1947 455 2020 parasitis,
507 1955 708 2024 impetu
741 1955 1026 2009 barbarico
1079 1957 1276 2026 rapuit,
1309 1956 1532 2026 ejusque
1575 1973 1772 2012 carnes

175 2047 466 2114 praeparari
483 2047 664 2100 sibiad
690 2048 972 2116 prandium
995 2063 1118 2102 cum
1145 2063 1334 2117 magna
1359 2049 1496 2118 gulzc
1513 2049 1770 2102 aviditate

174 2138 450 2208 przecepit.
507 2137 644 2192 Ecce
697 2147 876 2190 autem
933 2139 1173 2192 rusticus
1223 2137 1416 2192 cellam
1473 2137 1764 2194 Romualdi

175 2224 406 2281 iestinus
455 2227 787 2297 aggreditur,
835 2227 1064 2297 jactura:
1119 2243 1230 2282 sua:
1281 2245 1466 2282 casmn
1516 2229 1768 2284 clamosis

177 2319 470 2374 ululatibus
525 2317 874 2384 vociferatur,
925 2333 1076 2388 spem
1127 2329 1368 2372 suamet
1418 2335 1528 2374 suze
1577 2321 1768 2374 domus

175 2413 416 2488 ablatam
447 2427 569 2466 esse
613 2411 980 2480 conqueritur.
1017 2411 1248 2466 Sanctus
1285 2412 1466 2480 itaque
1507 2411 1768 2464 l’unnual-

177 2505 269 2558 dus
299 2505 370 2558 ad
429 2503 676 2558 eumdem
726 2504 980 2558 comitem
1035 2505 1254 2556 concito
1301 2505 1472 2570 gradu
1519 2503 1764 2556 nomium

177 2595 375 2666 dirigit,
415 2603 472 2650 et
513 2603 572 2648 ut
611 2595 834 2664 pauperi
889 2594 1090 2648 animal
1139 2609 1295 2648 suum
1342 2593 1532 2648 reddat
1567 2595 1764 2648 humil-

176 2685 298 2740 lima
333 2685 726 2755 supplicatione
771 2685 1012 2754 deposcit
1054 2685 1224 2754 (210).
1268 2683 1432 2754 Cujus
1470 2698 1658 2754 preces
1685 2683 1766 2736 luo

175 2765 354 2832 bricus
381 2793 568 2832 comes
600 2787 854 2846 protervo
904 2778 1096 2846 spiritu
1141 2777 1364 2846 respuit,
1397 2785 1452 2831 et
1480 2793 1640 2846 quem
1677 2793 1769 2832 sa-

175 2881 358 2936 porem
389 2881 592 2922 crassa?
639 2881 816 2922 vacca:
853 2868 1018 2920 lumbi
1049 2867 1346 2937 potuissent
1385 2867 1608 2932 habere,
1641 2869 1764 2936 quia

175 2957 286 3026 ipso
323 2959 410 3012 die
443 2967 588 3013 esset
627 2969 961 3028 gustaturus,
997 2959 1246 3012 asseruit.
1287 2957 1624 3014 Adveniente
1673 2973 1766 3011 au-

179 3059 284 3104 tem
331 3051 468 3104 hora
505 3051 738 3122 prandii,
788 3053 1032 3122 apposita
1081 3065 1290 3114 mensa,
1336 3066 1516 3106 vacca:
1566 3067 1760 3106 carnes

179 3137 344 3194 aliaue
373 3149 523 3203 sunt,
549 3149 624 3204 et,
657 3139 852 3192 divinae
889 3139 1110 3192 ultionis
1146 3139 1260 3208 jam
1289 3137 1606 3192 imminente
1633 3154 1758 3192 sea—

183 3231 362 3296 tentia,
391 3232 448 3286 in
475 3233 590 3302 ipso
611 3227 1009 3286 edendi'initio
1058 3245 1244 3288 comes
1288 3231 1520 3286 frustum
1577 3233 1756 3288 bovini

179 3324 314 3378 renis
345 3323 499 3396 (2U)
551 3324 894 3390 abscindens,
949 3323 1048 3378 sibi
1105 3324 1160 3376 in
1187 3339 1250 3377 os
1297 3323 1464 3378 misit.
1496 3323 1648 3388 Quod
1677 3339 1758 3376 re-

178 3425 330 3484 pente
351 3417 408 3472 in
439 3417 582 3472 illius
608 3427 823 3486 gutture
856 3427 963 3470 tam
997 3415 1347 3472 immobiliter
1377 3417 1548 3482 htesit,
1579 3426 1637 3470 ut
1659 3433 1758 3472 nec

179 3509 240 3562 ad
287 3508 548 3564 interiora
602 3508 933 3564 descendere
973 3523 1072 3562 nec
1102 3507 1251 3560 foras
1288 3505 1411 3574 ejici
1448 3507 1568 3562 ullis
1597 3523 1760 3562 cona-

176 3598 309 3653 tibus
351 3599 641 3669 potuisset.
677 3598 876 3670 Sicque
925 3600 1066 3654 inter
1097 3614 1317 3652 suorum
1370 3613 1564 3652 manus
1593 3598 1756 3652 inter-

181 3687 324 3744 cluso
350 3691 668 3761 spiraminis
715 3692 866 3746 aditu
917 3691 1144 3746 terribili
1193 3698 1367 3746 morte
1397 3701 1622 3746 necatus
1651 3701 1753 3756 est,

176 3788 226 3833 et
245 3785 386 3837 unde
414 3791 604 3838 contra
653 3783 746 3837 Dei
779 3799 996 3838 servum
1051 3783 1546 3852 concupiscentiam
1575 3785 1754 3838 carnis

175 3875 383 3944 explere
443 3879 514 3934 ad
580 3881 928 3934 saturitatem
980 3879 1176 3943 voluit,
1203 3879 1327 3933 inde
1364 3879 1512 3948 justo
1545 3877 1638 3934 Dei
1669 3879 1756 3950 ju-

177 3963 308 4022 dicio
325 3969 604 4024 carnalem
633 3971 798 4024 vitam
831 3968 1239 4038 adhucjejunus
1267 3969 1466 4024 amisit.

779 4063 1006 4118 CAPUT
1049 4063 1138 4120 Xl.

397 4153 475 4208 De
508 4154 732 4208 Oltbano
761 4155 1142 4209 conversionem
1170 4157 1517 4226 promittente.

238 4239 386 4296 Alius
428 4245 648 4312 quidam
691 4260 876 4300 comes
907 4245 1080 4315 (ΞΗ),
1129 4245 1388 4301 Olibanus
1425 4247 1662 4314 nomine,
1695 4247 1748 4302 in

1878 665 2006 724 dum
2047 670 2358 740 relinquens
2394 673 2460 724 ad
2489 673 2878 726 monasterium
2907 675 3242 728 convolaret.
3275 675 3472 730 Conn-s

1879 772 2084 828 autem,
2115 779 2238 818 mox
2285 774 2466 820 mente
2517 767 2786 831 turbatus,
2811 767 2887 820 ait
2927 769 3050 837 quia
3102 771 3358 824 videlicet
3387 771 3468 825 sui

1875 851 2184 920 spirituales
2213 853 2337 920 viri,
2376 855 2470 924 qui
2521 853 2636 922 ejus
2667 865 2786 910 acta
2820 863 3229 925 cognoscerent,
3259 874 3462 928 nequa-

1877 960 2036 1014 quam
2073 947 2144 1000 ita
2171 948 2430 1002 sentirent
2453 963 2628 1018 neque
2659 958 2763 1002 tam
2794 949 3184 1004 intolerabilem
3219 967 3330 1004 rem
3366 949 3470 1005 sibi

1877 1035 2169 1104 aliquando
2191 1039 2504 1091 suaderent.
2538 1039 2738 1093 Ascitis
2770 1039 2954 1108 itaque
2986 1039 3251 1110 episcopis
3283 1047 3336 1094 et
3370 1039 3468 1094 ab-

1877 1127 2102 1181 latibus
2127 1130 2216 1195 qui
2251 1145 2434 1182 secum
2461 1139 2742 1196 venerant,
2771 1133 2934 1200 cmpit
2957 1131 3008 1184 in
3035 1147 3321 1185 commune
3346 1149 3469 1202 per-

1879 1217 2229 1290 quirere[an]
2247 1221 2320 1272 ita
2347 1235 2432 1274 res
2459 1222 2600 1274 sicut
2631 1221 2721 1276 Dei
2749 1237 2938 1277 servus
2965 1226 3260 1278 testabatur
3283 1241 3340 1280 se
3368 1227 3465 1278 ha-

1874 1309 2046 1365 beret.
2075 1311 2150 1364 llli
2175 1321 2352 1365 autem
2389 1311 2447 1365 Β.
2481 1311 2760 1366 lionmaldi
2793 1317 3113 1370 sententiam
3143 1333 3333 1372 omnes
3356 1333 3462 1371 tina

1877 1419 2005 1458 voce
2045 1405 2387 1470 conﬁrmant,
2421 1423 2478 1460 se
2540 1418 2718 1460 autem
2771 1409 2820 1460 id
2853 1409 3040 1462 comiti
3092 1419 3318 1464 eatenus
3363 1427 3469 1466 non

1874 1489 2094 1553 dixisse,
2143 1501 2350 1544 terrore
2386 1497 2740 1558 constrictos,
2765 1503 3048 1548 excusant.
3085 1493 3236 1548 Tunc
3261 1511 3466 1558 comes,

1875 1585 2102 1636 semotis
2153 1585 2424 1648 omnibus,
2481 1585 2582 1638 hoc
2629 1601 2752 1640 eum
2791 1586 2852 1640 B.
2903 1585 3202 1642 liomualdo
3255 1599 3469 1643 secreto

1805 1669 1850 1728 Β
1879 1675 2036 1730 valde
2089 1677 2315 1730 consilio
2353 1677 2574 1748 pepigit,
2605 1687 2663 1730 ut
2695 1679 2760 1731 ad
2790 1677 3043 1732 Casinum
3077 1691 3312 1734 montem
3365 1683 3463 1736 sub

1877 1777 2143 1836 praetextu
2204 1769 2468 1823 orationis
2509 1779 2780 1840 pergeret,
2835 1780 2886 1824 et
2933 1773 2984 1822 in
3031 1773 3360 1826 numasterio
3407 1773 3464 1826 δ.

1875 1864 2148 1920 Benedicti
2194 1865 2376 1920 divino
2421 1879 2480 1920 se
2511 1865 2732 1920 servitio
2781 1866 3208 1922 irrevocabiliter
3253 1868 3463 1922 manci-

1873 1965 2043 2024 paret.

2460 2047 2686 2104 CAPUT
2729 2049 2842 2104 Xll.

2111 2135 2186 2192 De
2213 2135 2394 2208 Sergia
2427 2137 2496 2192 ad
2519 2139 2772 2194 sa’culum
2811 2144 2994 2194 reverti
3026 2142 3243 2198 rolente.

1937 2227 2148 2283 Interea
2179 2228 2403 2300 Sergius
2437 2240 2590 2300 pater
2635 2229 2922 2285 Romualdi
2959 2236 3254 2288 monachus
3291 2233 3461 2290 effici»

1871 2327 1982 2386 tur,
2037 2321 2132 2374 sed
2182 2321 2460 2390 aliquanto
2514 2331 2654 2391 post,
2705 2324 2968 2378 suadente
3019 2325 3252 2390 diabolo,
3307 2326 3461 2382 facta:

1869 2415 2240 2468 conversionis
2263 2415 2560 2484 ptenitens,
2594 2415 2645 2470 in
2681 2415 2974 2486 Egyptum
3003 2419 3178 2472 redire
3210 2430 3459 2474 conatur.

1869 2503 2020 2572 Quod
2071 2507 2318 2576 protinus
2371 2507 2642 2571 monachi,
2703 2511 2936 2564 etnnobii
2983 2509 3232 2564 videlicet
3279 2511 3456 2566 sancti

1869 2595 2056 2652 Severi
2081 2597 2254 2668 (215),
2279 2599 2420 2666 quod
2451 2615 2557 2652 non
2595 2597 2804 2668 longius
2830 2589 2896 2654 ab
2933 2601 3065 2654 urbe
3095 2600 3350 2655 Ravenna
3377 2608 3461 2656 est

1869 2688 2124 2756 positum,
2160 2689 2246 2742 ubi
2276 2703 2524 2758 corpore,
2551 2705 2656 2744 non
2697 2689 2860 2744 corde
2898 2691 3122 2760 Sergius
3150 2691 3455 2764 habitabat,

1867 2775 1928 2830 Β.
1961 2777 2262 2832 Romualdo
2293 2779 2534 2834 indicare
2563 2797 2660 2849 per
2691 2781 2938 2834 nuntium
2967 2781 3310 2836 studuerunt.
3343 2779 3456 2836 llac

1871 2867 1958 2920 ille
2007 2869 2228 2924 sinistra
2280 2869 2544 2924 relatione
2593 2871 2875 2938 perculsus
2929 2871 3295 2924 necessarium
3339 2886 3457 2926 esse

1871 2959 2110 3012 decrevit
2141 2968 2198 3013 ut
2233 2958 2505 3014 Guarinus
2537 2959 2704 3014 abbas
2735 2969 2786 3014 et
2815 2960 3050 3014 Joannes
3081 2961 3458 3016 Grandenieus

1870 3067 1974 3104 una
2011 3068 2134 3106 cum
2195 3054 2394 3108 comite
2447 3051 2516 3106 ad
2570 3051 2688 3120 ejus
2745 3053 3212 3108 conversationem
3269 3041 3458 3124 perge-

1865 3153 2006 3208 rent,
2034 3145 2148 3212 ipse
2175 3160 2302 3198 vero
2333 3146 2578 3214 pereunti
2613 3147 2750 3215 patri
2775 3147 3097 3216 quantocius
3120 3147 3454 3202 subveniret.

1861 3234 2053 3288 Petrus
2105 3243 2286 3288 autem
2333 3236 2442 3288 dux
2497 3245 2801 3288 extremum
2850 3235 2962 3302 jam
3009 3238 3150 3288 diem
3213 3235 3450 3290 feliciter

1862 3325 2150 3380 clauserat.
2180 3325 2273 3378 llis
2305 3325 2484 3394 itaque
2508 3325 2719 3378 duobus
2755 3323 3006 3378 comitem
3044 3326 3094 3378 in
3122 3341 3308 3380 eorum
3343 3325 3447 3388 fide

1863 3415 2155 3478 commisit,
2189 3413 2402 3482 utrique
2430 3414 2669 3483 quidem,
2706 3415 2800 3468 sed
2825 3413 3014 3467 Joanni
3039 3416 3328 3484 praecipue,
3360 3413 3450 3484 qui

1859 3505 1904 3558 ci
1943 3505 2194 3558 subditus
2246 3513 2386 3568 erat,
2421 3519 2514 3572 per
2543 3503 2907 3557 obedientiam
2942 3505 3254 3573 specialiter
3284 3521 3444 3560 man-

1859 3599 1994 3652 dans
2033 3607 2112 3662 ut,
2143 3597 2354 3651 etiamsi
2387 3595 2660 3652 Guarinus
2709 3596 3047 3664 abscederet,
3077 3599 3191 3668 ipse
3231 3614 3288 3654 se
3314 3613 3452 3653 nun-

1857 3703 2018 3758 quam
2049 3704 2080 3742 a
2111 3689 2310 3742 comite
2337 3699 2638 3760 separaret.

2453 3803 2684 3858 CAPUT
2716 3804 2852 3859 xm.
2909 3769 2912 3776 ⁵

1853 3893 1934 3948 De
1959 3895 2242 3964 prudentia
2285 3894 2588 3960 Romualdi,
2637 3908 2684 3950 et
2717 3897 2896 3951 labore
2937 3898 3164 3964 itineris,
3209 3909 3258 3954 et
3287 3899 3448 3956 disci-

2417 3969 2560 4035 plina
2591 3969 2646 4020 in
2671 3981 2898 4036 patrem.

1919 4057 2217 4114 Audientes
2243 4065 2424 4112 autem
2473 4057 2614 4112 illius
2665 4060 2902 4128 regionis
2943 4060 3130 4114 incola:
3181 4061 3306 4132 quia
3337 4061 3448 4120 Ro-

1852 4151 2102 4206 mualdus
2164 4151 2316 4206 abire
2365 4152 2700 4223 disponeret,
2741 4155 2906 4210 nitnio
2961 4170 3194 4210 ωαξιόιέ
3242 4155 3442 4210 turbati

1851 4254 1995 4310 sunt,
2029 4255 2103 4312 et,
2129 4253 2422 4302 tractantes
2468 4246 2610 4300 intra
2660 4262 2718 4300 se
2758 4248 2988 4316 qualiter
3037 4247 3103 4300 ab
3151 4249 3252 4300 hac
3294 4247 3441 4300 illntn

180 4327 370 4386 eisdem
400 4333 696 4390 Galliarum
725 4336 974 4406 partibus
1001 4345 1140 4400 erat,
1169 4339 1268 4390 sub
1292 4340 1443 4404 cujus
1484 4339 1604 4407 jure
1633 4355 1748 4394 llto-
1779 4375 1824 4434 Β
1853 4336 2144 4390 intentione
2183 4337 2554 4404 reprimerent,
2585 4335 2688 4390 hoc
2723 4336 2826 4388 ibis
2856 4339 3064 4388 tandem
3100 4334 3438 4402 poti~sinnnn

179 4428 462 4482 nasterium
511 4445 724 4498 quoque
765 4431 1008 4500 praedicti
1050 4430 1276 4484 Guarini
1313 4433 1523 4486 abbatis
1573 4432 1750 4486 fuerat

179 4517 427 4582 positum.
472 4519 574 4586 Qui
606 4519 823 4574 sublimi
863 4521 1078 4590 quidem
1108 4520 1344 4574 culmine
1381 4531 1610 4576 terrena:
1657 4539 1752 4591 po-

181 4611 378 4664 testatis
407 4623 646 4676 erectus,
681 4611 774 4666 sed
819 4611 985 4682 439
1032 4613 1214 4668 multis
1259 4621 1746 4682 eratpeceatorum

179 4699 396 4754 molibus
421 4713 764 4773 aggravatus.
795 4701 894 4756 llic
916 4703 1206 4771 aliquando
1235 4701 1595 4756 ltomualdum
1625 4719 1748 4772 gra-

181 4785 244 4839 tia
267 4791 584 4848 visitationis
615 4793 763 4860 adiit,
809 4801 888 4860 et,
918 4794 1130 4848 caeteris
1169 4803 1324 4846 extra
1356 4793 1604 4847 cellulam
1631 4809 1746 4848 ma-

243 4982 382 5062 go?)
419 4989 476 5062 in
507 4989 793 5062 splitudine
829 5006 1021 5062 nempg
1043 4988 1380 5046 Cttxancnsis
1417 4991 1668 5046 emnobii.

211 5053 482 5156 l(_2l0)ﬂli.
528 5061 889 5156 Ilielrnnyipps'
917 5053 970 5114 θ’
997 5061 1166 5127 Pt‘agtt
1219 5063 1511 5114 sanctitate
1549 5075 1609 5156 Cll
1645 5063 1746 5116 dO‘

231 5139 336 5156 I'Inn
371 5129 381 5156 ἶ
435 5147 457 5156 ,ι
479 5132 590 5156 .ι..ἷ..
641 5131 774 5156 ⁷ου...
811 5149 820 5156 .
843 5149 870 5156 ι.
900 5134 1038 5156 καλε*
1089 5137 1268 5156 .-.ιιλ-ΛΙσι
1329 5131 1418 5156 ιιι-ἶ
1453 5147 1588 5156 una-..
1625 5151 1644 5156 .-
1675 5150 1746 5156 -.--

664 5131 1038 5156 -.....I.l..l-....!-

180 5135 204 5156 Ιὶ

1855 4425 2029 4480 visum
2055 4435 2133 4482 est
2167 4435 2222 4477 nt
2263 4443 2383 4480 eum
2415 4426 2596 4480 missis
2641 4427 3079 4480 interfectoribus
3131 4425 3290 4500 impia
3323 4427 3426 4494 pic-

1856 4527 1966 4572 tate
2005 4518 2354 4586 perimeran
2394 4526 2682 4586 quatenus,
2709 4519 2832 4585 quia
2878 4533 2997 4569 eum
3041 4533 3144 4568 ll::l|
3193 4535 3238 4584 ρι
3265 4526 3450 4578 terant

1851 4609 2088 4662 retinere
2138 4607 2432 4672 viventem,
2484 4607 2750 4660 haberent
2799 4622 2894 4673 pro
2939 4606 3240 4675 patt'tninio
3285 4616 3461 4674 terrm

1853 4701 1939 4754 vel
1987 4699 2152 4772 m
2189 4700 2425 4752 cadaver
2464 4700 2732 4754 exanime.
2771 4699 2865 4754 llis
2909 4715 3038 4752 vero
3078 4699 3312 4764 cgnilgs
3351 4705 3484 4772 “0.

1853 4793 2098 4850 mualu’us
2129 4799 2290 4860 caput
2335 4807 2496 4849 suum
2549 4793 2786 4860 undique
2816 4788 3139 4850 dccalvavit,
3173 4797 3252 4851 et,
3291 4792 3514 4884 huius

1928 4989 2084 5071 (212)
2115 4987 2322 5076 Urscoli
2370 4985 2962 5076 encomiastesmperjes
3537 5029 3601 5076 κν

1853 5045 2132 5134 18\putr'itc
2167 5045 2498 5154 apudnam,‘
2535 5066 2592 5112 et
2635 5075 2691 5112 η.
2735 5045 2816 5114 iii,
2843 5057 3052 5137 d_ucent
3105 5045 3376 5152 ii'l‘i‘us‘yr

2001 5137 2150 5154 νη-.
3277 5139 3368 5152 _.-

2780 5091 2794 5104 Γ
2843 5091 2880 5106 ιι
3003 5091 3052 5106 ΙΙ.
3108 5091 3240 5098 ““’“⁷”*
3333 5091 3354 5106 -’
3557 5103 3565 5112 ι
3613 5093 3634 5108 θ

2780 5091 3024 5154 ιέ--ιέῗῖἶα
3123 5115 3206 5152 ηιιῖ
3250 5091 3368 5152 ἅς-
3397 5091 3615 5152 εθἱὶὶῦ
3649 5149 3654 5151 .
