3992 5322
480 200 589 278 961

952 195 1010 271 ς.
1055 195 1260 270 rem
1299 207 1584 283 nautam
1608 206 1767 263 ore.»
1803 203 1984 261 rans
2018 201 2154 259 seu
2197 177 2433 257 Iones
2462 173 2525 253 η.
2567 229 2637 240 --
2676 196 3104 255 SANCTORUM
3143 195 3348 255 vum.

3635 203 3731 259 968

482 331 565 393 rei
595 328 1007 389 eisccutoribus
1065 327 1271 383 cellula:
1320 324 1438 395 ejus
1474 323 1584 393 iam
1635 321 2069 393 apprOpinquan-
2094 306 2143 383 Α
2172 313 2338 369 Recte
2359 313 2523 382 igitur
2544 312 2787 384 Sergius,‘
2807 314 3088 384 postquam
3116 322 3373 369 aeternam
3405 314 3594 381 vitam,
3625 332 3736 385 qua:

484 425 652 489 tibus,
684 421 859 496 primo
897 418 1012 473 fere
1058 415 1296 473 diluculo
1340 414 1624 471 comedere
1654 409 1808 483 quasi
1839 425 1935 479 per
1965 405 2072 480 avi-

483 519 708 574 ditatem
736 514 901 586 erepit
930 512 1099 586 (214).
1123 506 1204 565 illi
1242 517 1422 564 autem
1450 507 1555 563 hoc
1581 506 1824 560 videntes
1850 501 2072 556 demen-

483 610 616 665 tiam
641 605 942 672 credidere,
989 611 1061 667 et,
1094 601 1425 656 arbitrantes
1454 605 1689 652 mentem
1718 592 1900 648 laesam
1928 603 2071 654 esse,

488 711 690 769 corpus
750 694 946 750 laedere
1007 688 1280 762 dedignati
1331 694 1476 744 sunt.
1529 684 1621 741 Sic
1670 681 1942 745 videlicet,
1994 678 2073 733 sic

488 790 725 862 prudens
760 785 1059 859 spiritualis
1090 781 1256 838 David
1289 776 1501 835 insania
1530 775 1748 832 stultam
1778 769 2066 862 carnaliter

486 861 815 952 sapientium
840 875 1116 949 superavit
1164 871 1425 928 astutiam
1455 867 1507 940 (1
1535 866 1661 936 Reg.
1689 863 1824 934 xm).
1858 861 1993 916 Nam
2018 867 2074 914 et

487 963 733 1027 volentes
762 982 987 1039 peccare
1017 964 1283 1031 cohibuit,
1313 970 1369 1017 et
1398 961 1464 1015 a‘d
1496 958 1812 1013 meritorum
1850 966 2072 1008 suorum

492 1061 769 1119 cumulum
820 1059 939 1115 sine
984 1056 1175 1113 mortis
1210 1052 1503 1110 formidine
1539 1050 1730 1105 mortis
1775 1045 2072 1117 periculum

492 1153 800 1210 declinavit.
826 1149 1029 1205 Deinde
1043 1148 1154 1218 jam
1183 1144 1356 1202 libera
1378 1144 1456 1199 uti
1480 1140 1733 1198 facultate
1757 1136 2073 1210 permissus,-

491 1260 600 1301 nou
625 1260 766 1315 equo
801 1242 988 1308 fultus,
1018 1255 1125 1295 non
1156 1237 1402 1295 vehiculo
1430 1236 1764 1305 deportatus,
1787 1230 1879 1286 sed
1900 1227 2073 1283 solum

492 1337 546 1393 in
578 1351 740 1391 manu
768 1333 949 1390 ferens
972 1329 1243 1395 baculum,
1296 1326 1459 1381 nudis
1481 1323 1706 1395 plantis,
1750 1335 1817 1374 ex
1870 1315 2074 1371 intimis

495 1425 794 1483 Galliarum
823 1424 1019 1480 finibus
1036 1420 1356 1476 Ravennam
1384 1431 1555 1486 usque
1602 1412 1866 1484 pervenit,
1890 1409 2076 1478 ibique

494 1510 709 1586 patrem
740 1515 808 1570 ad
861 1512 1116 1569 sacculum
1157 1509 1355 1565 reverti
1385 1507 1655 1561 volentem
1688 1501 1991 1573 reperiens,
2019 1497 2074 1551 in

494 1606 642 1678 ligno
686 1606 848 1678 pedes
902 1603 1018 1672 ejus
1074 1601 1288 1658 fortiter
1343 1597 1582 1662 strinxit,
1643 1592 1899 1665 gravibus
1950 1603 2076 1644 eum

498 1661 730 1753 vinculis
776 1661 1037 1767 alliga-vit,
1075 1690 1396 1749 verberibus
1441 1688 1590 1742 duris
1616 1661 1821 1747 afflixit,
1864 1688 1918 1735 et
1952 1688 2064 1733 tan-
2105 1661 2151 1721 Β

501 1787 594 1843 diu
643 1800 839 1857 corpus
888 1783 1008 1857 ejus
1060 1783 1146 1855 pia
1192 1779 1487 1837 severitate
1535 1772 1860 1846 perdomuit,
1907 1770 2079 1825 donec

499 1878 620 1949 eius
666 1886 905 1934 mentem
953 1876 1020 1931 ad
1067 1872 1258 1931 salutis
1293 1878 1497 1926 statum
1540 1866 1651 1922 Deo
1690 1863 1960 1927 medentc,
1991 1874 2080 1915 re-

500 1968 676 2026 duxit.

1092 2055 1322 2114 CAPUT
1357 2052 1502 2109 XIV.

668 2149 942 2217 Quomodo
969 2147 1188 2218 Sergius
1223 2146 1351 2201 sidit
1381 2142 1640 2212 Spiritum
1665 2146 1923 2192 sanctum.

573 2240 794 2310 Sergius
821 2240 985 2310 igitur
1012 2238 1226 2291 tande’m
1263 2247 1409 2289 same
1454 2230 1658 2285 mentis
1700 2236 1917 2296 recepto
1949 2237 2083 2277 ron-

505 2332 649 2398 silio,
682 2329 943 2403 quidquid
994 2329 1145 2400 prius
1184 2312 1507 2395 retrograda‘
1539 2322 1815 2375 voluntate
1839 2317 2085 2386 deliquit,

511 2419 885 2491 multipliciter
936 2417 1277 2489 postmodum
1332 2414 1495 2469 rectis
1546 2421 1748 2467 sancta:
1798 2412 2090 2463 conversa—1

513 2510 679 2567 lienis
704 2508 978 2581 gressibus
1001 2505 1330 2563 emendavit.
1378 2504 1627 2559 Habebat
1674 2500 1908 2568 denique
1950 2498 2092 2552 inter

511 2608 711 2660 extera
769 2599 1212 2657 consuetudinem
1272 2605 1399 2652 ante
1456 2593 1742 2665 quamdam
1795 2588 2091 2645 Salvatoris

510 2692 802 2764 imaginem
847 2689 1161 2760 frequenter
1220 2688 1494 2747 assistere.
1533 2685 1714 2753 ibique
1767 2679 2097 2752 peculiarius

505 2794 691 2849 orans,
729 2780 992 2836 uberibus
1019 2778 1275 2848 lacrymis
1323 2785 1378 2832 et
1431 2773 1599 2829 multa
1653 2787 1713 2827 se
1747 2771 1929 2827 cordis
1964 2780 2090 2824 cou-

510 2872 731 2928 tritione
758 2883 1016 2926 mactare.
1044 2869 1288 2937 Quadam
1318 2866 1483 2939 igitur
1511 2866 1625 2930 die,
1643 2864 1771 2920 dum
1801 2862 1877 2917 ibi
1920 2869 2095 2914 atten-

511 2961 685 3016 tiusin
708 2961 954 3015 oratione
981 2959 1319 3030 persisterct,
1343 2956 1505 3029 (nova
1520 2970 1628 3019 res,
1653 2965 1708 3009 et
1727 2952 1930 3008 nostris
1959 2958 2094 3005 tem-

515 3048 737 3119 poribus
770 3047 1010 3101 iuaudita
1039 3046 1078 3117 l)
1117 3055 1339 3115 repente
1386 3044 1487 3099 sibi
1527 3042 1711 3098 nescio
1756 3057 1861 3110 qua
1915 3038 2095 3108 specie

519 3135 755 3208 Spiritus
803 3144 1025 3191 sanctus
1070 3134 1338 3205 apparuit.
1383 3132 1487 3200 Qui
1535 3132 1783 3203 protinus
1837 3145 1867 3184 a
1905 3129 2095 3200 Sergio

520 3229 646 3301 quis
673 3236 818 3283 esset
861 3228 1244 3297 interrogatus,
1299 3223 1585 3279 manifeste
1633 3221 1758 3292 quia
1790 3222 1904 3291 ipse
1950 3227 2098 3275 esset

515 3318 754 3391 Spiritus
792 3327 1011 3373 sanctus
1039 3315 1292 3379 asseruit,
1338 3323 1394 3370 et
1418 3314 1597 3369 subito
1641 3312 1792 3382 quasi
1824 3320 2099 3380 pertrans-

517 3412 637 3469 iens
685 3411 754 3465 ab
786 3409 960 3465 oculis
1001 3423 1060 3463 se
1100 3406 1414 3477 aspicientis
1442 3405 1634 3461 evasit.
1676 3403 1871 3458 Statim
1920 3403 2008 3458 ille
2044 3402 2097 3456 in

518 3505 780 3561 cxstasim
819 3512 1028 3573 raptus,-
1054 3509 1215 3570 atque
1242 3498 1358 3567 ejus
1386 3513 1546 3568 quem
1580 3497 1795 3551 viderat
1837 3497 1958 3564 igne
1978 3509 2099 3549 suc-

521 3611 740 3660 census,-
768 3593 933 3663 cmpit
962 3607 1057 3663 per
1093 3590 1393 3646 claustrum
1440 3586 1763 3642 monasterii
1809 3592 1930 3655 post
1974 3598 2097 3637 eum

519 3686 779 3743 velociter
815 3699 1057 3749 currere,
1108 3680 1411 3749 fratresque
1438 3678 1528 3748 qui
1566 3677 1675 3732 illic
1703 3677 1951 3740 aderant,
1984 3688 2098 3728 ma-

531 3793 642 3851 gno
681 3776 915 3833 fervoris
959 3774 1186 3843 impetu,
1212 3785 1320 3842 quo
1349 3768 1587 3841 Spiritus
1615 3775 1837 3822 sanctus
1877 3766 2104 3831 abisset,-

523 3871 881 3941 intcrrogare.
910 3867 1021 3922 illis
1066 3875 1247 3921 autem
1276 3864 1335 3918 in
1379 3861 1644 3916 insaniam
1690 3874 1812 3913 emn
1842 3858 2104 3913 cecidisse

525 3961 845 4033 putantibus
876 3969 1037 4028 atque
1080 3958 1231 4012 illum
1278 3955 1414 4010 dure
1460 3951 1900 4022 corripientibus,
1956 3963 2104 4005 asse-‘

523 4052 682 4109 rebat
709 4050 930 4121 Sergius
968 4064 1029 4104 se
1063 4047 1326 4118 Spiritum
1352 4053 1604 4099 sanetum
1644 4044 1850 4113 absque
1872 4040 1979 4095 ulla
2007 4040 2107 4095 du-

524 4143 729 4200 bietate
755 4141 975 4203 vidisse,
1024 4148 1079 4193 et
1106 4146 1231 4193 ante
1252 4149 1408 4192 suum
1430 4143 1777 4205 conspectum
1821 4130 2107 4187 visibiliter

531 4235 911 4310 pertransisse.
961 4232 1063 4301 Qui
1112 4232 1299 4288 statim
1341 4231 1602 4300 languore
1654 4237 1939 4298 correptus
1966 4228 2107 4284 lecto

525 4329 802 4393 decubuit,
828 4335 885 4382 et
911 4326 1054 4381 intra
1100 4336 1304 4395 paucos
1332 4323 1447 4379 dies
1471 4321 1615 4378 felici
1645 4320 2108 4377 consummatione

527 4420 720 4477 finivit.
776 4418 914 4474 Hinc
959 4431 1091 4474 sane
1138 4415 1401 4488 probatur
1441 4416 1584 4485 quod
1635 4414 1817 4470 divina
1865 4428 2001 4469 voce
2040 4415 2108 4470 ad

527 4497 748 4583 Moysen
788 4506 992 4566 dicitur
1026 4526 1041 4563 :
1092 4506 1217 4563 Non
1244 4508 1383 4563 enim
1425 4507 1612 4563 videbit
1644 4522 1725 4562 me
1764 4506 1919 4561 hamo
1971 4514 2018 4561 et
2047 4507 2113 4562 υἱέ

529 4612 607 4656 vet
637 4601 837 4672 (Exod.
863 4600 1077 4671 sunt).
1106 4597 1246 4655 Hinc
1274 4598 1463 4654 Daniel
1488 4614 1611 4653 cum
1655 4612 1765 4654 non
1794 4596 1986 4661 Deum.
2017 4598 2109 4653 sed

530 4691 793 4746 visionem
817 4690 909 4746 Dei
940 4705 998 4746 se
1031 4688 1376 4760 conspexisse
1398 4687 1624 4755 diceret,
1654 4688 1802 4744 addit
1828 4709 1843 4745 :
1880 4686 2113 4757 Elangui

524 4788 573 4832 et
628 4780 875 4850 trgrotaoi
935 4795 1028 4849 per
1080 4778 1191 4833 dies
1248 4777 1502 4848 plurimos
1551 4776 1699 4850 (215)
1759 4778 1920 4842 (Dan.
1968 4779 2108 4849 vni).

606 4909 756 4981 (2M)
795 4911 949 4966 Haud
979 4909 1239 4968 dissimile
1267 4909 1574 4980 exemplum
1602 4911 1655 4966 in
1681 4911 1819 4968 libro
1846 4913 2113 4970 Doctriute

536 4976 783 5046 Patrum,
807 4998 862 5035 η.
887 4981 942 5036 8.

607 5049 755 5120 (2l5)
795 5049 1021 5120 Vulgata
1041 5061 1191 5106 caret
1214 5051 1318 5105 hac
1338 5049 1570 5120 dictione
1589 5049 1861 5120 plurimos.

605 5118 754 5190 (216)
800 5118 1002 5191 Nempe
1056 5120 1220 5174 Olibm
1268 5135 1369 5191 seu
1411 5118 1596 5182 Olim,
1623 5122 1763 5190 quod
1812 5123 1951 5178 idem
1998 5134 2111 5191 est,

537 5187 759 5272 (nomen
805 5189 862 5272 in
893 5187 980 5272 iis
1007 5187 1744 5272 rggiouibuswfreque‘us).qui
1776 5187 2113 5272 et_ipse_moL

537 5258 746 5314 naclnts
801 5258 1002 5319 factus,
1035 5258 1369 5314 conuulsis
1408 5270 1462 5313 et
1510 5258 1893 5322 Rivipullensis
1946 5265 2113 5322 abbas

2174 403 2315 459 Deus
2339 400 2443 470 est,
2468 414 2691 460 cernere
2716 395 2934 473 meruit,
2976 421 3006 458 a
3037 395 3319 475 temporali
3346 417 3479 461 max
3505 406 3614 461 vita
3652 406 3739 462 de-

2170 492 2317 549 fecit.

2709 563 2868 636 441
2909 563 3135 620 CAPUT
3172 564 3288 620 xv.

2242 672 2321 728 De
2343 689 2494 728 crure
2522 671 2558 727 J
2563 670 2746 728 adnuis
2791 684 3002 746 propter
3032 676 3437 733 inobedientiam
3477 679 3670 748 fracto.

2242 765 2501 822 Olibanus
2545 764 2693 838 (216)
2725 778 2903 822 autem
2927 782 3136 834 comes;
3170 784 3266 823 sua
3295 769 3610 840 relinquens
3642 771 3744 827 tilio

2173 866 2294 915 cum
2349 859 2516 913 multa
2572 859 2883 914 divitiarum
2931 860 3108 930 copia,
3171 861 3482 931 quindecim
3548 862 3750 919 scilicet

2172 952 2383 1027 onustis
2407 953 2664 1006 thesauro
2691 952 2980 1021 sagmariis
3010 934 3183 1023 (217),
3214 953 3604 1008 comitantibus
3630 969 3747 1009 eum

2173 1041 2415 1099 Guari:.o
2436 1055 2490 1099 et
2515 1042 2743 1109 Joanne,
2772 1045 2887 1114 ipso
2913 1059 3129 1115 quoque
3156 1044 3385 1111 Marino,
3406 1047 3478 1101 ad
3504 1045 3569 1099 Β.
3595 1046 3752 1102 Bene-

2174 1135 2301 1191 dicti
2354 1149 2413 1189 se
2452 1134 2840 1190 monasterium
2891 1134 3139 1200 contulit,
3174 1145 3231 1191 et
3278 1136 3395 1191 vale
3427 1136 3624 1191 dicens
3673 1137 3754 1191 his

2174 1224 2264 1294 qui
2291 1219 2477 1280 secum
2501 1234 2782 1291 venerant,
2816 1225 2890 1281 nil
2914 1225 3019 1282 tale
3039 1226 3106 1282 de
3127 1241 3193 1282 eo
3219 1243 3390 1298 usque
3422 1236 3557 1283 tunc
3588 1229 3758 1297 suspi-

2176 1322 2386 1381 cantes,
2433 1314 2620 1371 multis
2656 1316 2945 1387 gemitibus
2973 1326 3028 1372 et
3050 1318 3248 1373 amaris
3278 1334 3334 1374 se
3364 1317 3591 1374 ﬂetibus
3633 1318 3755 1372 aflli-

2176 1413 2364 1476 gentes
2394 1404 2459 1459 ad
2504 1406 2724 1476 propria
2750 1421 2995 1461 remeare
3047 1407 3243 1478 coegit.
3291 1407 3535 1463 Marinus
3586 1418 3757 1464 autem

2177 1496 2345 1568 paulo‘
2361 1505 2483 1567 post
2527 1495 2778 1567 Apuliam
2806 1513 2998 1554 versus
3021 1498 3175 1564 abiit,
3207 1499 3391 1568 ibique
3416 1500 3758 1570 postmodum

2181 1588 2234 1642 in
2258 1587 2548 1642 solitudine
2597 1587 2848 1643 habitans
2902 1588 2971 1642 ab
3024 1587 3286 1659 Agareuis
3328 1599 3412 1644 est
3440 1588 3759 1646 latrunculis

2180 1676 2496 1731 interfectus
2527 1676 2697 1749 (‘2l8).
2732 1676 2889 1732 Brevi
2917 1686 3037 1748 post
3066 1686 3305 1749 tempore
3333 1678 3616 1735 Guarinus
3643 1696 3761 1735 ora-

2182 1768 2344 1824 tionis
2368 1784 2533 1824 causa
2555 1762 2863 1824 discurrere
2898 1769 3109 1834 solitus,
3140 1768 3377 1827 Joannes
3410 1787 3539 1826 vero
3582 1771 3763 1826 fratris

2180 1859 2424 1929 exemplo
2477 1862 2545 1914 ad
2593 1861 2734 1916 idem
2799 1861 3077 1931 religionis
3127 1862 3360 1918 oflicium
3418 1861 3765 1934 provocatus,

2184 1950 2614 2022 Hierosolymam
2641 1966 2948 2007 commeare
2984 1953 3099 2020 pari
3130 1952 3358 2008 consilio
3381 1953 3763 2010 decreverunt.

2185 2041 2297 2097 Hoc
2350 2043 2513 2114 igitur
2549 2039 2809 2099 Dlibanus
2857 2044 3103 2116 cognito,
3125 2042 3299 2100 tristis
3348 2055 3406 2102 et
3429 2046 3571 2103 flens
3617 2049 3768 2103 obse-

2185 2150 2339 2190 crare
2374 2137 2720 2192 devotissime
2768 2137 2932 2206 ctepit
2983 2152 3050 2191 ne
3074 2152 3133 2192 se
3171 2137 3370 2192 violata
3420 2136 3530 2193 fide
3555 2138 3770 2194 desere-

2187 2234 2322 2289 rcut,
2355 2226 2466 2288 sed.
2531 2228 2670 2282 sicut
2708 2228 2768 2282 Β.
2802 2227 3137 2284 Romualdus
3191 2237 3547 2301 prteceperat,
3584 2231 3645 2286 in
3680 2231 3768 2285 Dei

2189 2315 2335 2370 illum
2366 2317 2587 2372 servitio
2632 2317 2992 2384 custodirent,
3020 2316 3225 2373 addens
3252 2318 3454 2374 etiam:
3497 2318 3773 2374 Memento

2192 2418 2245 2464 tu
2275 2395 2488 2476 saltem,
2518 2409 2775 2477 Joannes,
2813 2411 2939 2481 quia
2981 2411 3242 2483 magister
3299 2420 3423 2468 tuus
3459 2413 3521 2467 in
3569 2422 3658 2467 tua
3688 2424 3775 2467 me

2190 2501 2511 2571 propensius
2532 2500 2952 2568 fldeco‘mmisit,
2985 2511 3053 2558 et-
3074 2502 3285 2557 titulum
3329 2502 3437 2557 tibi
3454 2501 3779 2557 inobedien-i

2191 2595 2302 2661 tiae,
2359 2595 2402 2650 si
2431 2596 2692 2663 discedis,
2726 2596 2995 2667 opposuit.
3049 2595 3127 2651 Illi
3158 2602 3343 2651 autem
3386 2596 3666 2651 obstinata
3692 2597 3773 2650 in-

2192 2686 2430 2740 tentione
2474 2685 2529 2740 in
2573 2687 2849 2756 proposito
2894 2687 3277 2756 persistentes,
3327 2687 3523 2744 relicto
3563 2688 3779 2742 tandem

2192 2776 2441 2843 Olibano,
2469 2777 2919 2847 peregrinationis
2943 2778 3048 2832 iter
3079 2778 3370 2849 arripiunt.
3400 2779 3651 2849 Cumque
3681 2779 3772 2833 de-

2193 2867 2515 2923 scendentes
2569 2867 2637 2922 de
2661 2876 2843 2921 monte
2876 2868 2991 2938 jam
3021 2869 3075 2923 in
3125 2869 3451 2938 campestria
3508 2869 3777 2924 declinas-t

2197 2966 2337 3022 sent,
2390 2957 2614 3027 figentes
2669 2972 2729 3012 se
2760 2957 2875 3013 loco
2915 2958 3287 3014 necessarium
3321 2959 3531 3029 aliquid
3564 2959 3779 3014 interse'

2202 3056 2435 3103 tractare
2463 3056 2764 3117 cmperuut.
2790 3048 2876 3115 Et,
2908 3049 3050 3103 inter
3075 3049 3360 3120 agendum,
3390 3049 3777 3105 subitoGuari-'

2197 3140 2253 3194 ni
2280 3150 2450 3207 equus
2488 3137 2691 3194 furioso
2714 3147 2924 3194 rotatus
2951 3139 3152 3210 impetu
3176 3140 3231 3194 in
3259 3141 3423 3194 aliam
3456 3149 3674 3209 partem
3703 3141 3777 3193 iu-

2198 3231 2308 3286 vito
2339 3245 2551 3286 sessore
2580 3230 2821 3295 divertit,
2849 3238 2905 3286 et
2931 3230 3156 3287 Joannis
3178 3231 3366 3286 tibiam
3394 3232 3602 3287 ferrato
3635 3232 3777 3287 calce

2200 3323 2508 3394 percutiens
2534 3321 2716 3394 fregit.
2743 3321 2844 3389 Qui
2885 3321 3029 3378 illico
3058 3324 3127 3377 ad
3170 3331 3373 3377 terram
3400 3322 3575 3379 nimio
3601 3323 3780 3379 dolore

2201 3422 2524 3483 prostratus,
2555 3412 2667 3481 jam
2700 3428 2824 3467 sero
2853 3429 3087 3477 memor,
3131 3412 3372 3484 magistri
3412 3413 3691 3486 praecepta
3718 3416 3782 3468 ad

2200 3514 2434 3559 mentem
2490 3515 2726 3567 revocat,
2770 3513 2824 3558 et
2865 3519 2923 3558 se
2952 3506 3241 3574 perﬁdum,-
3282 3519 3343 3559 se
3401 3504 3783 3561 inobedientic

2203 3603 2351 3649 reum
2383 3593 2816 3664 verbis'publit-te
2845 3594 3202 3651 con-fessionis
3236 3604 3480 3651 accusat.
3522 3597 3581 3651 in
3614 3596 3789 3651 fracto

2204 3698 2436 3753 namque
2456 3698 2615 3739 crure
2644 3684 2833 3740 didicit
2863 3686 2988 3756 quia
3025 3686 3183 3741 fidem
3213 3684 3465 3756 frangere
3500 3694 3785 3758 peccatum

2206 3779 2326 3835 fuit.
2355 3780 2578 3850 Et,‘quia
2605 3781 2718 3851 ipse
2741 3780 2966 3838 rationis
2988 3796 3161 3852 capax
3185 3783 3443 3853 magistro
3471 3780 3788 3837 inobediens

2204 3872 2434 3934 exstitit,
2462 3871 2527 3926 ad
2573 3870 2960 3928 incolumitatis
2987 3887 3099 3927 sure
3138 3859 3437 3927 custodiam
3470 3866 3793 3928 irratiOnale

2205 3962 2407 4017 animal
2433 3961 2636 4017 sessuri
2666 3961 2887 4018 obedire
2918 3962 3167 4017 nescivit.
3218 3961 3442 4028 Deinde,
3477 3963 3612 4018 illuc
3648 3963 3786 4017 unde

2206 4055 2392 4110 venite
2430 4061 2669 4124 cmperat
2706 4053 2942 4119 rediens,
2984 4053 3173 4109 cellam
3209 4054 3309 4109 sibi
3332 4053 3597 4108 aedificari
3625 4067 3789 4124 prepe

2206 4143 2597 4199 monasterium
2636 4144 2811 4213 petiit,
2846 4128 3026 4213 ibique
3052 4157 3150 4214 per
3181 4143 3400 4213 triginta
3448 4145 3568 4199 fere
3597 4159 3789 4207 annos,

2208 4232 2445 4304 quandiu
2473 4234 2624 4300 vixit,
2658 4244 2844 4288 sancta
2867 4234 3278 4289 conversatione
3298 4235 3623 4304 permansit.
3659 4232 3791 4287 Mul-

2137 4349 2189 4415 η
2214 4332 2266 4379 ta
2302 4319 2465 4397 “2
2495 4324 2547 4378 iu
2578 4338 2642 4378 eo
2670 4325 2930 4392 charitas,
2956 4324 3093 4380 mira
3135 4324 3433 4389 lmmilitas,
3459 4323 3791 4379 abstinentia

2212 4429 2342 4470 vero
2372 4414 2613 4469 districta
2641 4415 2804 4470 nimis
2829 4423 2884 4469 et
2909 4424 3089 4480 cauta,
3119 4415 3193 4470 ita
3235 4424 3293 4470 ut
3335 4429 3437 4470 nee
3466 4416 3610 4469 intra
3651 4413 3794 4469 ωηο

2214 4515 2383 4561 strmu
2409 4506 2724 4560 monasterii
2763 4506 3045 4576 quisquam
3071 4506 3236 4561 sciret
3259 4506 3409 4577 (2l9)
3443 4506 3529 4560 vir
3572 4517 3793 4561 sanctus

2215 4595 2446 4666 qualiter
2489 4595 2779 4664 jejunarct.
2842 4596 2987 4652 Inter
3041 4597 3247 4667 reliqua
3294 4601 3478 4651 autem
3532 4598 3792 4651 virtutum

2215 4688 2377 4754 dona,
2403 4688 2475 4742 ita
2501 4703 2723 4743 exosum
2750 4689 2985 4744 habebat
3005 4688 3357 4744 detractionis
3377 4689 3573 4744 vitium
3600 4697 3796 4759 quate-

2216 4795 2338 4845 nus,
2373 4795 2497 4834 mox
2527 4788 2587 4833 ut
2615 4780 2736 4849 quis
2757 4782 2825 4836 ad
2855 4781 3245 4837 detrahendum
3267 4795 3329 4836 os
3357 4781 3620 4852 aperiret,
3650 4782 3797 4837 velut

2282 4912 2427 4981 (218)
2463 4913 2518 4985 In
2570 4912 2752 4969 codice
2802 4930 2905 4971 ms.
2952 4914 3086 4970 Vitae
3118 4914 3178 4968 Β.
3215 4910 3403 4969 Marini
3450 4914 3654 4985 legitur
3681 4933 3697 4970 :
3728 4914 3795 4968 ab

2212 4983 2466 5056 Agargnis
2489 4983 2823 5056 latrunculis,
2842 5001 3060 5050 quorum
3090 4986 3214 5039 vitia
3244 4985 3434 5038 acriter
3452 4983 3796 5056 corripiebat,

2212 5052 2307 5124 pro
2338 5052 2531 5126 Christi
2576 5056 2779 5108 nomine
2808 5054 2914 5123 ipse
2951 5065 3214 5126 correptus
3243 5063 3291 5126 et
3334 5055 3491 5124 impie
3509 5052 3794 5126 jug'ulatu

2216 5123 2456 5193 martyrii
2487 5139 2731 5177 coronam
2763 5125 2947 5177 meruit
2976 5123 3219 5178 obtinere.
3257 5123 3673 5193 Agareni‘eirca
3707 5139 3798 5178 an-

2217 5208 2342 5246 num
2360 5192 2714 5264 millesimum
2760 5193 2812 5264 in
2842 5195 2994 5262 apice
3027 5192 3256 5264 Gargani
3299 5192 3503 5249 montis
3542 5196 3632 5250 ubi
3681 5209 3801 5264 ere-

2217 5278 2362 5316 nnnu
2391 5263 2452 5316 B.
2486 5263 2722 5316 Marinus
2749 5262 2849 5317 sibi
2873 5262 3183 5319 condiderat
3210 5272 3389 5318 castra
3429 5275 3700 5319 metantes
3728 5263 3803 5318 fe-
