3992 5322
210 223 318 282 969

1519 208 1682 264 VITA
1721 206 1781 263 S.
1813 203 2190 263 ιιοΜυΑιῡι.
3053 217 3078 228 -

3383 199 3488 256 970

210 340 412 413 sagina
441 338 624 409 vigore
646 333 841 405 lapidis
869 343 1188 402 repercussa
1219 327 1272 382 in
1301 325 1623 397 dirigentem
1675 335 1805 392 pro-
1837 321 1882 381 Λ
1911 320 2160 413 studebat
2182 316 2422 389 quotidie
2451 317 2520 371 ad
2549 314 2754 387 majora
2782 315 3068 413 proficere,
3109 316 3175 372 de
3213 317 3420 373 viribus
3447 318 3500 372 in

211 435 362 488 tinus
407 429 759 491 redundaret.
783 426 856 480 ita
885 425 953 479 ab
992 438 1059 478 eo
1104 421 1244 476 illius
1273 419 1598 476 obtrectatio
1629 416 1804 484 repri«

1910 410 2051 465 vires
2079 425 2348 475 crescere,
2373 417 2446 475 et,
2502 424 2716 479 semper
2740 409 3030 480 semetipso
3066 410 3258 464 fortior
3277 451 3291 474 ,
3324 409 3500 464 nullas

211 534 457 580 meretur
485 522 656 593 (220).
703 519 830 574 Post
879 517 997 588 ejus
1027 530 1154 571 vero
1179 513 1384 569 obitum
1425 510 1683 568 nonnulla
1709 523 1806 580 per
1901 503 2014 576 jam
2041 514 2255 577 poterat
2278 505 2521 560 enervati
2547 504 2720 560 hostis
2742 504 2969 560 insidias
2998 503 3311 558 formidare.
3345 502 3504 574 Saepe

211 630 337 670 eum
364 610 628 668 miracula
660 609 921 664 divinitus
947 608 1087 662 facta
1115 613 1238 660 sunt

815 695 1046 752 CAPUT
1085 693 1222 748 XVI.

437 791 512 847 De
561 789 857 845 Romualdo
897 807 929 842 a
956 787 1282 842 daemonibus
1330 801 1594 856 percusso.

292 884 631 941 Romualdus
661 890 862 944 autem,
914 889 1038 950 post
1064 881 1236 950 patris
1291 877 1714 947 correptionem,
1757 874 1810 928 in

218 979 414 1050 palude
457 976 658 1031 Classis
704 973 953 1029 cellulam
1011 971 1210 1044 figens,
1268 971 1321 1024 in
1382 970 1500 1024 loco
1531 968 1620 1039 qui
1671 967 1813 1022 Pons

213 1067 372 1123 Petri
427 1067 627 1123 dicitur
655 1065 937 1121 habitavit.
969 1063 1320 1118 Postmodum
1351 1075 1501 1128 vero,
1557 1075 1662 1114 non
1693 1073 1816 1114 cor-

221 1158 371 1228 poris
425 1155 799 1228 aagritudinem
845 1163 1123 1218 metuens,
1158 1167 1264 1206 non
1318 1150 1505 1205 fetoris
1555 1163 1815 1203 nauseam

223 1250 668 1319 perhorrescens,
699 1247 790 1302 sed
827 1263 895 1302 ne
924 1243 1311 1300 imbecillitatis
1334 1242 1622 1297 occasione
1639 1255 1815 1310 quan-

226 1341 478 1396 tumlibet
522 1356 581 1395 se
627 1340 696 1394 ab
746 1339 1087 1393 abstinentiae
1131 1337 1311 1409 rigore
1347 1335 1692 1396 remitteret,
1753 1329 1820 1385 ad

226 1433 431 1490 Classis
459 1433 645 1488 itidem
677 1432 968 1502 praedium,
1005 1429 1097 1484 ubi
1131 1440 1214 1484 est
1237 1428 1463 1483 ecclesia
1515 1427 1575 1480 Β.
1602 1421 1818 1478 Martini

227 1538 350 1593 qua:
390 1522 590 1578 dicitur
622 1522 676 1575 in
726 1519 886 1592 Sylva
920 1519 1090 1590 (221),
1123 1517 1395 1586 migravit.
1428 1515 1503 1570 lbi
1533 1529 1660 1569 vero
1690 1528 1822 1582 qua-

229 1614 356 1668 dam
402 1613 528 1680 die,
578 1613 704 1668 dum
759 1610 1174 1681 completorium
1219 1607 1369 1680 (222)
1402 1614 1657 1668 caneret,
1698 1604 1822 1673 quia

1910 601 2054 656 enim
2083 600 2184 654 sibi
2215 599 2268 654 in
2300 599 2435 653 cella
2462 597 2742 663 residenti,
2776 595 2921 652 velut
2951 596 3210 651 teterrimi
3240 595 3390 653 corvi
3417 595 3508 650 vel

1909 693 2153 748 vultures
2179 733 2194 757 ,
2254 690 2423 761 iniqui
2476 690 2699 759 Spiritus
2734 689 3054 744 videbantur
3097 687 3394 753 assistere,
3453 695 3507 742 et

1911 783 2065 854 quasi
2123 783 2191 838 ad
2246 782 2578 838 custoditum
2630 780 2879 836 animalis
2928 781 3193 845 cadaver,
3227 780 3352 851 quia
3400 795 3506 834 non

1915 876 2187 932 audebant
2233 876 2532 938 accedere,
2572 875 2907 946 cogebantur
2947 877 3158 930 eminus
3202 885 3508 944 aspectare.

1917 967 2070 1038 Saepe
2097 983 2155 1022 se
2195 967 2248 1021 in
2281 968 2467 1037 ﬁguris
2490 966 2808 1037 Ethiopum
2833 1007 2848 1030 ,
2882 981 3023 1036 saepe
3053 981 3110 1020 se
3137 981 3234 1035 per
3264 967 3510 1021 diverso-

1917 1058 2036 1113 ru‘m
2069 1059 2382 1113 animalium
2431 1059 2640 1129 Species
2669 1057 3047 1113 ostendebant.
3085 1057 3293 1124 Quibus
3333 1057 3512 1114 clarus

1917 1151 2118 1207 Christi
2151 1151 2514 1220 triumphator
2539 1150 2847 1214 insultabat,
2878 1150 3099 1206 dicens:
3124 1150 3263 1206 Ecce
3289 1161 3514 1221 paratus

1919 1265 2060 1313 sum,
2098 1248 2310 1312 venite;
2351 1255 2406 1302 et
2443 1245 2488 1300 si
2537 1261 2657 1314 qua:
2709 1245 2762 1298 in
2803 1244 2954 1299 vobis
2993 1254 3078 1300 est
3125 1245 3273 1315 (224)
3317 1247 3513 1311 virtus,

1921 1340 2207 1395 ostendite.
2261 1336 2514 1408 Nunquid
2559 1337 2672 1407 jam
2706 1336 2926 1390 omnino
2981 1335 3242 1392 deficitis?
3275 1338 3518 1407 nunquid

1917 1435 2029 1504 jam
2062 1432 2190 1487 victi
2222 1432 2380 1496 estis,
2406 1439 2462 1486 et
2497 1430 2705 1500 aliquas
2733 1439 2922 1484 contra
2960 1429 3056 1483 Dei
3092 1429 3364 1484 servulum
3396 1445 3519 1485 cer-

1927 1523 2076 1578 tandi
2105 1521 2388 1577 machinas
2422 1534 2526 1574 non
2557 1519 2807 1574 habetis?
2857 1518 2952 1574 llis
2988 1519 3221 1590 denique
3251 1529 3306 1574 et
3335 1519 3522 1590 hujus-

1926 1613 2073 1670 modi
2102 1613 2281 1668 verbis
2312 1611 2650 1667 confundens
2684 1611 2898 1680 iniquos
2926 1611 3180 1680 spiritus,
3229 1611 3521 1668 confestim

231 1678 520 1772 antiquum
561 1701 670 1756 illic
698 1678 1069 1757 cosmeterium
1123 1678 1323 1763 fuerat,
1347 1678 1406 1751 ut
1446 1711 1587 1767 saepe
1614 1695 1704 1758 fit,
1738 1709 1823 1747 su-
1857 1679 1863 1736 Ῑ

1939 1726 2042 1774 eos,
2068 1710 2216 1764 velut
2243 1709 2425 1766 missis
2454 1710 2679 1764 totidem
2717 1707 2944 1777 jaculis,
2981 1708 3270 1780 elfugabat.
3323 1710 3523 1766 Videns

232 1791 347 1846 bito
387 1791 462 1846 illi
504 1806 571 1845 ex
620 1789 929 1858 hujusmodi
971 1787 1292 1857 recogitatio
1339 1785 1556 1850 incidit,
1591 1796 1825 1852 moxque

232 1883 351 1953 ejus
393 1883 633 1936 animum
670 1897 900 1951 magnus
929 1879 1286 1951 phantastica:
1323 1876 1589 1932 illusionis
1631 1874 1828 1930 horror

233 1974 452 2030 invasit.
480 1973 724 2044 Cumque
753 1974 855 2028 hoc
881 1973 1129 2028 crebrius
1172 1972 1224 2026 in
1259 1980 1439 2025 mente
1489 1967 1791 2024 revolveret
1811 2007 1825 2031 ,

233 2081 364 2124 ecce
408 2067 626 2139 maligni
660 2067 883 2136 spiritus
912 2066 1193 2136 repentino
1222 2065 1424 2134 impetu
1472 2060 1662 2118 cellam
1711 2058 1828 2130 ejus

235 2160 466 2232 ingressi
497 2160 746 2229 protinus
773 2159 926 2214 illum
955 2159 1009 2213 in
1044 2167 1243 2213 terram
1278 2163 1562 2218 sternunt,
1604 2151 1826 2206 immani

235 2267 360 2306 eum
417 2250 562 2305 caede
611 2250 928 2314 coniiciunt,
980 2257 1036 2303 et
1084 2247 1365 2303 exhaustis
1423 2245 1582 2315 longo
1621 2241 1830 2311 jejunio

236 2343 500 2398 membris
560 2343 865 2398 dirissimos
910 2341 1061 2414 (225)
1115 2340 1254 2396 ictus
1305 2338 1538 2393 illidunt.
1587 2335 1828 2390 Tandem

185 2449 192 2458 δ
238 2431 596 2499 Romualdus,
651 2433 794 2486 inter
824 2433 940 2502 ipsa
1007 2430 1420 2500 percussionum
1467 2425 1694 2482 verbera
1745 2441 1832 2479 re-

237 2533 428 2596 spectu
460 2524 656 2579 divina
699 2525 887 2595 gratia:
916 2523 1193 2589 visitatus,
1220 2522 1274 2576 in
1316 2521 1459 2576 hanc
1485 2534 1673 2574 vocem
1703 2533 1831 2573 eru-

238 2617 349 2686 pit:
375 2616 554 2671 Cbare
583 2615 732 2683 Jesu,
761 2615 953 2673 dilecte
975 2615 1125 2682 Jesu,
1152 2630 1321 2686 quare
1346 2630 1432 2669 me
1460 2610 1834 2680 dereliquisti?

240 2709 500 2780 Nunquid
520 2710 745 2765 omnino
769 2725 854 2764 me
879 2709 1222 2783 inimicorum
1252 2708 1500 2763 manibus
1531 2703 1832 2760 tradidisti?

241 2799 322 2855 Ad
359 2802 473 2856 haec
515 2815 704 2855 omnes
731 2791 915 2870 iniqui
955 2800 1176 2869 spiritus
1213 2799 1391 2853 divina
1420 2797 1620 2852 virtute
1664 2794 1831 2865 fugati

243 2901 392 2948 sunt.
435 2890 504 2945 Et
553 2890 812 2946 continuo
843 2898 987 2944 tanta
1025 2889 1193 2944 divini
1241 2887 1445 2942 amoris
1488 2883 1834 2954 compunctio

242 2981 530 3037 Romualdi
570 2989 762 3051 pectus
791 2981 1062 3046 accendit,
1087 2989 1145 3035 ut
1169 2989 1338 3035 totum
1384 2993 1481 3033 cor
1514 2977 1630 3047 ejus
1672 2976 1725 3030 in
1756 2975 1836 3029 la-

244 3072 462 3148 cr'ymas
489 3074 643 3144 quasi
668 3089 796 3129 cera
825 3073 1181 3143 liquesceret,
1210 3081 1263 3126 et
1293 3070 1359 3124 de
1389 3079 1466 3124 tot
1499 3067 1837 3124 allisionibus

245 3170 475 3227 saueiati
510 3168 755 3239 corporis
792 3167 868 3222 nil
896 3167 1145 3222 sentiret.
1205 3164 1329 3219 Mox
1354 3177 1519 3226 sanus
1547 3170 1604 3218 et
1632 3160 1838 3216 validus

244 3265 314 3321 de
344 3274 490 3319 terra
513 3261 772 3327 surrexit,
787 3267 859 3324 et,
874 3260 1000 3316 licet
1015 3259 1343 3329 impediente
1356 3257 1533 3311 adhuc
1553 3254 1836 3324 sanguine,

246 3356 317 3411 ad
347 3355 599 3410 eumdem
647 3353 842 3424 psalmi
873 3367 1090 3409 versum
1121 3366 1281 3421 quem
1330 3349 1626 3418 reliquerat
1657 3346 1836 3404 rediit.

249 3445 307 3500 In
360 3446 608 3516 ingressu
656 3444 855 3513 quippe
894 3443 1198 3518 dminonum
1244 3440 1482 3497 fenestra
1527 3439 1738 3494 cellula:
1786 3437 1839 3493 in

247 3538 484 3593 frontem
514 3536 658 3590 illius
687 3535 938 3605 impegit,
967 3533 1130 3607 M3
1163 3535 1215 3588 in
1240 3549 1344 3603 qua
1378 3529 1668 3586 manifesta
1695 3538 1843 3599 post-

250 3632 471 3686 modum
522 3628 750 3684 cicatrix
807 3628 1087 3692 occalluit,
1153 3642 1274 3697 quae
1323 3625 1545 3681 evidens
1602 3623 1843 3680 vulneris

251 3724 548 3789 indicium,
589 3723 829 3793 quandiu
875 3723 957 3776 vir
994 3729 1214 3776 sanctus
1256 3720 1414 3787 vixit,
1441 3719 1697 3774 ostendit.

849 3833 1078 3890 CAPUT
1110 3833 1272 3888 XVII.

254 3927 332 3983 De
361 3927 554 3998 iniquis
577 3925 842 3995 spiritibus
868 3966 882 3990 ,
913 3926 1004 3994 qui
1030 3924 1127 4047 sbibi
1165 3923 1298 3978 velut
1328 3924 1459 3978 dira:
1492 3922 1722 3978 volucres
1753 3939 1844 3992 ap-

915 4011 1038 4047 nare
1075 4009 1184 4047 ant.

913 4009 1184 4064 pareoant.

323 4085 448 4141 Jam
478 4085 643 4157 igitur
675 4085 828 4140 miles
857 4083 1082 4150 Christi,
1123 4091 1342 4138 assueto
1383 4082 1522 4139 bello
1553 4082 1842 4150 robustior,

325 4245 476 4318 (220)
503 4246 708 4318 Desunt
754 4246 808 4299 in
852 4243 1115 4318 Vaticano
1152 4243 1337 4299 codice
1371 4244 1488 4299 haec
1525 4245 1724 4314 verba,
1770 4248 1846 4300 ita

255 4334 321 4371 an
340 4316 402 4371 eo
432 4317 579 4370 illius
603 4316 909 4370 obtrectatio
936 4317 1322 4383 reprimeretur.

328 4387 476 4464 (221)
515 4386 847 4464 llecensetur
883 4385 1178 4464 etiamnum
1226 4385 1366 4464 inter
1405 4385 1617 4464 Classis
1645 4389 1925 4464 prauliagD

256 4455 362 4512 non
395 4455 643 4527 ignobilis
672 4455 772 4510 iste
796 4455 968 4530 locus,
1002 4463 1283 4530 vetustum
1303 4456 1358 4512 S.
1405 4456 1619 4530 Martini
1648 4455 1849 4530 cogno-

257 4525 502 4582 mentum
531 4541 785 4590 servans;
822 4526 970 4580 nulla
1003 4538 1182 4580 tamen
1212 4525 1285 4580 ibi
1331 4529 1564 4597 antiqua:
1591 4525 1848 4585 Ecclésiae
1935 4554 1944 4559 ·

258 4606 543 4653 remanent
567 4597 809 4662 vestigia.

332 4668 480 4738 (222)
511 4667 1216 4738 Ιηιθιῄειίεείίιυθῐηριυῐὶιηα
1252 4667 1543 4726 laudabilia
1601 4672 1846 4728 instituta

257 4736 379 4804 qua:
404 4736 730 4809 universalis
772 4736 1012 4793 Ecclesia
1056 4754 1086 4793 a
1134 4739 1423 4809 monachis,
1441 4742 1675 4809 accepit,
1709 4744 1847 4798 hanc

257 4824 474 4879 quoque
496 4808 665 4863 divini
693 4811 872 4876 operis
900 4819 1108 4876 partem
1129 4850 1144 4874 ,
1172 4809 1334 4865 veluti
1377 4808 1694 4867 diurnarum
1739 4813 1848 4866 lau-

258 4880 687 4949 dumepilogum
717 4890 770 4933 et
792 4882 1165 4948 compendium
1187 4921 1202 4946 ,
1233 4894 1262 4934 a
1298 4879 1668 4938 Benedictinis
1705 4899 1847 4939 sum-

258 4952 437 5020 psisse
453 4949 700 5005 nonnulli
728 4951 1012 5020 scripsere.
1041 4950 1116 5004 Re
1141 4960 1318 5005 tamen
1340 4964 1473 5020 vera
1499 4953 1559 5008 S.
1585 4953 1646 5007 P.
1680 4955 1852 5009 Bene-

247 5018 435 5088 ,ilictus
467 5020 684 5075 nonnisi
716 5019 1036 5090 completorii
1074 5036 1266 5076 nomen
1303 5018 1351 5073 ei
1377 5019 1545 5088 dedit,
1577 5041 1697 5080 nam
1723 5036 1854 5081 ante

245 5090 375 5160 ejus
398 5098 618 5147 aetatem
649 5091 761 5143 haec
789 5091 918 5160 hora
943 5093 1197 5148 canonica
1231 5092 1284 5143 in
1313 5105 1408 5142 usu
1447 5092 1559 5159 jam
1588 5107 1722 5154 erat.
1760 5095 1856 5152 Vi-

245 5159 400 5240 ;desis
433 5163 756 5240 Martepqet
797 5159 1022 5240 Calnntet,
1059 5177 1175 5240 cap,
1224 5174 1368 5240 xvtt;
1399 5159 1578 5232 Mege,
1607 5183 1724 5240 cap,
1759 5183 1855 5228 χνι

245 5229 638 5322 commentarii
672 5230 723 5282 in
749 5245 868 5322 reg.‘
885 5230 954 5311 Sa
975 5229 1265 5313 Benedicti.

1863 3037 1914 3099 ϐ

1909 3229 1914 3234 .
1943 3176 2146 3233 chaelis
2173 3177 2435 3232 honorem
2460 3176 2797 3240 construxit,
2829 3190 2859 3230 a
2885 3190 2993 3246 quo
3022 3191 3126 3232 non
3158 3177 3314 3247 longe
3340 3179 3532 3233 cellam

1930 1817 2061 1873 ergo
2082 1802 2328 1858 diabolus
2349 1802 2474 1872 quia
2507 1817 2603 1872 per
2628 1801 2978 1871 semetipsum
3005 1812 3193 1857 contra
3227 1803 3320 1858 Dei
3351 1802 3524 1858 famu-

1930 1893 2040 1949 lum
2088 1895 2387 1964 przevalere
2441 1909 2545 1948 non
2597 1903 2810 1964 posset,
2863 1895 2930 1949 ad
2980 1895 3168 1950 callida
3200 1905 3524 1968 argumenta

1931 1999 2246 2050 conversus,
2272 1999 2593 2055 quocunque
2618 1985 2702 2039 vir
2731 1993 2951 2039 sanctus
2980 1985 3114 2049 ibat,
3137 1986 3522 2056 discipulorum

1931 2073 2048 2142 ejus
2077 2075 2288 2130 animos
2313 2075 2574 2131 adversus
2596 2090 2718 2130 eum
2748 2075 2799 2129 in
2832 2074 3412 2146 malitiamlexeitahat,
3443 2087 3523 2141 ut,

1934 2165 2063 2234 quia
2105 2165 2366 2220 retentari
2410 2181 2533 2220 cum
2567 2165 2635 2221 ab
2674 2181 2907 2222 accenso
2936 2167 3018 2221 sui
3065 2167 3293 2222 fervoris
3323 2169 3528 2238 impetu

1935 2257 2266 2328 impossibile
2315 2255 2525 2322 fuerat,
2573 2257 2764 2313 saltem
2814 2258 2883 2312 ab
2927 2257 3118 2314 aliena:
3159 2257 3349 2314 salutis
3396 2275 3527 2315 cura

1922 2357 2325 2419 compesceret,
2359 2357 2437 2413 et,
2465 2349 2589 2419 quia
2623 2349 2734 2418 ipse
2760 2349 2829 2404 ab
2847 2349 3002 2405 hoste
3033 2350 3275 2420 superari
3307 2349 3530 2406 minime

1905 2498 1910 2504 ,
1935 2449 2134 2511 posset,
2163 2441 2250 2496 vel
2279 2456 2343 2497 ex
2376 2441 2498 2496 aliis
2524 2441 2810 2496 victoriam
2839 2456 2945 2496 non
2979 2451 3219 2513 negaret.

2514 2551 2743 2612 CAPUT
2782 2552 2966 2610 XVIII.

1935 2643 2016 2698 De
2047 2643 2314 2698 monachis
2343 2642 2697 2698 Romualdum
2728 2644 3146 2727 verberantibus,
3172 2653 3222 2699 et
3248 2646 3427 2702 divina
3446 2647 3530 2702 ira

2599 2732 2881 2784 percussis.
2933 2759 2938 2768 .

2007 2805 2312 2876 Aliquando
2349 2821 2585 2880 namque
2624 2807 2690 2862 ad
2731 2806 2909 2863 locum
2941 2809 3032 2878 qui
3071 2808 3330 2864 Balneum
3378 2810 3528 2882 (225i)

1938 2897 2157 2964 dicitur,
2173 2898 2265 2968 qui
2285 2898 2533 2956 videlicet
2557 2899 2610 2953 in
2637 2899 2896 2954 Saxenati
2916 2900 3243 2956 constitutus
3265 2909 3350 2956 est
3371 2903 3531 2957 terri—

1941 2992 2102 3057 torio,
2141 2991 2387 3058 transiit;
2414 2992 2503 3047 ubi
2535 2993 2699 3048 etiam
2745 3007 2851 3047 non
2885 3007 3073 3061 pauco
3105 3003 3348 3063 tempore
3375 3009 3532 3050 corn-

1943 3099 2188 3148 morans,
2222 3083 2616 3140 monasterium
2663 3081 2830 3154 m
2865 3083 2932 3138 ad
2974 3083 3032 3137 Β.
3058 3082 3384 3156 Archan‘geli
3431 3085 3530 3140 Mi—

1943 3270 1995 3324 in
2013 3284 2075 3324 ea
2093 3265 2667 3323 oabitaturusintravit
2683 3265 2851 3337 (226).
2871 3267 2997 3322 Illuc
3017 3275 3196 3322 autem
3216 3268 3368 3338 Hugo
3385 3268 3532 3338 (227)

1943 3360 2184 3415 marehio
2213 3366 2418 3428 septem
2454 3357 2556 3412 sibi
2593 3373 2690 3427 pro
2716 3357 3039 3412 necessitate
3065 3357 3214 3413 misit
3241 3360 3534 3415 numisma-

1945 3459 2056 3504 tum
2085 3449 2287 3514 libras;
2311 3463 2450 3518 quas
2473 3447 2561 3504 ille
2580 3488 2596 3515 ,
2625 3456 2686 3501 ut
2715 3449 2855 3503 bene
2880 3447 3136 3517 prodigus
3170 3449 3536 3506 misericordi-

1945 3549 2028 3595 ter
2069 3540 2428 3608 dispensaret,
2459 3538 2689 3607 accepit.
2723 3537 2920 3592 Audito
2949 3537 3129 3608 itaque
3157 3541 3298 3608 quod
3348 3556 3536 3595 mona-

1946 3631 2173 3686 sterium
2221 3630 2471 3684 Palatioli
2526 3629 2677 3700 (228)
2706 3627 2902 3684 fuisset
2950 3628 3075 3700 igne
3119 3642 3532 3702 consumptum,

1947 3722 2227 3790 sexaginta
2269 3721 2469 3777 solidos
2513 3721 2579 3778 de
2615 3720 2872 3790 praedicta
2904 3719 3130 3790 pecunia
3173 3723 3433 3779 fratribus
3482 3725 3534 3780 in

1948 3813 2277 3884 adjutorium
2301 3813 2524 3877 direxit,
2559 3811 2761 3882 reliqua
2793 3821 2998 3877 autem,
3028 3821 3088 3867 ut
3118 3813 3169 3868 in
3199 3813 3376 3870 simile
3402 3831 3538 3883 opus

1947 3903 2298 3973 expenderet,
2331 3901 2646 3956 reservavit.
2669 3900 2899 3969 Cognito
2930 3903 3054 3966 hoc,
3087 3903 3335 3957 monachi
3365 3903 3540 3960 8.Μί-

1949 3994 2156 4050 cbaelis
2196 3993 2436 4048 belluino
2484 4001 2672 4047 contra
2710 4007 2834 4047 eum
2881 3993 3064 4048 furore
3091 3996 3346 4051 commoti
3387 4008 3536 4063 sunt,

1951 4094 2063 4140 tum
2092 4084 2217 4155 quia
2249 4085 2433 4156 pravis
2460 4099 2648 4140 eorum
2699 4083 2942 4139 moribus
2986 4087 3293 4143 contrarius
3327 4087 3440 4158 jam
3483 4089 3537 4144 in

1952 4259 2589 4338 appellaturLsilumquc
2636 4259 2824 4338 estin
2861 4259 3154 4338 _Apennin_o
3203 4271 3388 4338 monte
3433 4279 3539 4338 non
3602 4261 3606 4266 ’

1951 4329 2140 4400 prbcul
2165 4331 2234 4386 ab
2264 4330 2458 4386 Eremo
2479 4329 2895 4394 Camaldulensi,
2924 4331 3278 4400 interritorio
3300 4330 3540 4390 Sarsitte

1953 4398 2128 4466 urbis,
2179 4417 2301 4471 qua}
2345 4401 2645 4470 antiquitus
2677 4399 2914 4463 Saxena,
2965 4398 3170 4453 Saxina
3215 4410 3268 4454 et
3316 4401 3540 4458 Sassina

1955 4473 2393 4542 nuncupabatur.

2025 4562 2173 4633 (226)
2218 4562 2276 4633 B.
2314 4561 2535 4615 Hieron.
2585 4561 2874 4633 Pragensis
2909 4561 2985 4633 ait
3018 4579 3029 4613 :
3064 4559 3543 4633 :llonasterium-in

1955 4633 2016 4689 S.
2036 4631 2325 4687 Michaelis
2354 4633 2550 4686 honore
2575 4632 2899 4693 construxit,
2929 4631 2986 4685 in
3007 4646 3108 4702 quo
3139 4631 3395 4702 ordinatis
3427 4650 3544 4688 mo-

1955 4705 2136 4758 nachis
2164 4712 2210 4757 et
2241 4702 2446 4765 abbate,
2498 4703 2606 4771 ipse
2636 4717 2742 4771 non
2775 4703 2924 4769 longe
2951 4719 2984 4754 a
3015 4701 3187 4771 castra
3224 4701 3544 4771 Vergaretho

1955 4773 2294 4827 reclusionem
2343 4775 2396 4825 in
2435 4768 2605 4842 parva,
2644 4770 2832 4825 cellula
2869 4768 3113 4826 intravit.
3154 4768 3548 4841 Verg/(eretum,

1956 4860 2051 4899 seu
2088 4841 2456 4912 Vergarelum,
2482 4853 2537 4897 et
2569 4841 2896 4912 Verghereta,
2917 4852 3001 4896 est
3021 4841 3288 4912 Apennini
3311 4854 3556 4912 castrum

1961 4914 2254 5038 Itonrloqg:
2281 4929 2311 4966 a
2349 4912 2549 4969 Balneo
2570 4912 2724 4982 juxta
2771 4911 2930 4980 Sapis
2961 4913 3144 4983 (vulgo
3174 4911 3355 4982 Savio)
3387 4912 3561 4970 flumi-

1961 5003 2047 5038 ms
2095 5001 2164 5038 on
2193 5000 2222 5037 e
2261 5020 2272 5032 .

1961 5003 2047 5043 ηις
2077 5000 2272 5040 ιοιιιεε.

1970 5078 2187 5222 ca(2.2;)
2213 5060 2424 5199 [Doti-lnge
2455 5077 2682 5152 Hugone
2710 5076 2944 5132 Etruriae
2970 5079 3215 5151 principe
3230 5079 3360 5175 vide
3397 5093 3565 5150 supra

1980 5320 1984 5322 _
2045 5239 2190 5322 (22.81)
2215 5235 2376 5322 Plura
2407 5237 2902 5322 hlljllSCQ.n0mlll:l‘S
2937 5239 3056 5322 loca
3095 5242 3145 5294 in
3182 5236 3352 5322 Italia:
3389 5239 3570 5294 Unum
