3992 5322
263 203 372 262 973

846 313 1076 372 CAPUT
1110 313 1279 374 XXII.

340 409 416 470 De
451 407 590 482 Rege
625 411 826 478 hospite
875 405 1188 530 Roniuald‘i‘;
1229 415 1278 461 et
1332 421 1458 476 quia
1503 403 1782 458 Abbatiam

943 493 1142 546 suscepi
1173 515 1187 532 .

324 572 542 628 Eodem
579 585 712 626 vero
739 577 978 638 tempore
999 569 1182 638 junior
1211 565 1360 638 (2H)
1387 565 1514 622 Otto
1533 565 1852 635 Imperator,

259 663 352 720 Cla
365 676 606 718 ssensem
634 659 904 715 abbatiam
929 659 1182 714 ordinare
1217 657 1554 722 desiderans,
1577 656 1852 734 optionem

257 755 529 810 fratribus
566 752 735 816 dedit,
787 761 847 805 ut
875 765 1038 820 quem
1093 749 1196 819 ipsi
1237 748 1454 812 vellent,
1479 747 1853 802 indubitanter

215 839 222 844 ’
259 845 552 915 eligerent.
585 843 657 897 At
682 841 757 894 illi
795 841 1056 896 continuo
1100 839 1430 893 unanimiter
1455 845 1714 908 expetunt
1747 835 1854 890 Bo-

259 935 564 991 mualdum.
597 933 894 1003 Imperator
927 941 1132 998 autem,
1163 931 1407 986 ditlidens
1429 931 1646 985 beatum
1675 929 1852 983 virum

259 1029 326 1080 ad
355 1027 564 1097 regiam
590 1024 766 1078 aulam
795 1025 1008 1080 evocari
1039 1039 1197 1094 posse
1231 1039 1330 1094 per
1359 1025 1627 1088 nuntium,
1659 1023 1736 1076 ire
1785 1024 1854 1078 ad

259 1130 386 1170 cum
433 1131 532 1185 per
557 1115 906 1184 semetipsum
931 1113 1122 1178 voluit,
1150 1123 1206 1168 et
1242 1113 1310 1168 ad
1347 1113 1536 1168 cellam
1570 1111 1687 1180 ejus
1740 1113 1854 1166 sole

255 1205 368 1276 jam
413 1203 692 1260 occidente
737 1204 1000 1273 pervenit.
1037 1203 1134 1258 Cui
1179 1202 1532 1266 Romualdus,
1579 1203 1703 1270 quia
1739 1218 1852 1256 ma-

260 1309 430 1364 gnum
459 1295 720 1364 hospitem
759 1295 814 1348 in
851 1309 1016 1364 parva
1043 1293 1203 1348 domo
1225 1303 1564 1362 susceperat,
1595 1293 1850 1348 lectulum

264 1401 423 1440 suum
471 1387 540 1440 ad
570 1385 951 1456 quiescendum
981 1385 1111 1441 dare
1139 1387 1392 1458 dignatus
1425 1395 1528 1440 est.
1553 1385 1846 1455 Cooperto-

265 1479 406 1534 rium
433 1489 614 1536 tamen
661 1495 753 1534 rex
797 1479 990 1545 noluit,
1019 1481 1146 1549 quia
1175 1479 1530 1548 asperrimum
1568 1479 1850 1548 judicavit.

263 1568 420 1625 Mane
447 1583 630 1626 autem
657 1569 817 1634 facto,
847 1586 944 1624 rex
988 1585 1111 1624 eum
1143 1585 1328 1623 secum
1365 1569 1432 1624 ad
1459 1569 1718 1638 palatium
1755 1569 1856 1624 du-

263 1663 368 1727 xit,
395 1663 724 1732 tandemque
753 1661 852 1716 sibi
885 1661 1112 1726 instare,
1145 1669 1204 1714 ut
1225 1660 1496 1714 abbatiam
1525 1661 1845 1731 susciperet,
1881 1679 1926 1737 Β

262 1753 448 1808 multis
501 1755 750 1823 precibus
801 1754 986 1822 etrapit.
1051 1751 1152 1820 Qui
1198 1767 1320 1806 cum
1377 1751 1755 1818 reluctaretur,
1796 1763 1852 1808 et

263 1847 424 1916 regite
471 1845 718 1916 petitioni
771 1861 1052 1901 assensum
1119 1845 1336 1914 penitus
1391 1844 1705 1914 denegaret.
1755 1859 1850 1900 rex

263 1945 444 1990 autem
477 1951 506 1990 e
533 1937 810 1992 contrario
833 1935 1451 1991 excommunicationem
1486 1945 1542 1988 et
1564 1937 1852 1991 anathema

263 2027 328 2081 ab
367 2027 624 2082 omnibus
657 2027 948 2097 episcopis,
979 2027 1427 2096 archiepiscopis,
1469 2033 1524 2080 et
1555 2035 1668 2080 toto
1689 2041 1852 2097 syno-

263 2121 366 2176 dali
396 2121 628 2176 concilio
663 2123 980 2184 minaretur,
1031 2120 1248 2174 tandem
1283 2120 1596 2174 imminente
1627 2119 1852 2173 necessi-

262 2221 371 2267 tate
401 2211 712 2276 succubuit,
744 2219 798 2266 et
827 2210 1134 2264 animarum
1167 2211 1410 2281 regimen
1439 2219 1661 2266 coactus
1692 2225 1846 2266 acce-

260 2305 360 2374 pit.
387 2303 680 2358 Referebat
707 2302 860 2374 (242)
892 2312 1018 2357 tunc
1051 2303 1154 2358 hoc
1175 2301 1276 2356 sibi
1307 2318 1648 2373 nequaquam
1679 2303 1850 2362 videri

261 2408 484 2458 novum,
539 2393 633 2448 sed
685 2403 810 2448 ante
836 2392 1266 2462 quinquennium
1303 2393 1404 2448 sibi
1454 2391 1622 2448 fuisse
1653 2395 1849 2448 divini-

261 2493 348 2540 tus
403 2485 730 2540 revelatum.
763 2483 1006 2555 Regebat
1037 2485 1221 2554 itaque
1275 2485 1568 2539 monachos
1619 2487 1718 2540 sub
1769 2486 1851 2540 di-

259 2577 448 2632 stricta
497 2576 696 2646 regulae
742 2575 1049 2645 disciplina,
1097 2589 1272 2644 neque
1301 2575 1459 2630 alicui
1492 2575 1558 2628 ab
1588 2589 1650 2628 ea
1681 2575 1848 2630 decli-

261 2677 390 2717 nare
453 2661 674 2731 impuue
727 2659 963 2725 licebat;
1021 2677 1125 2714 non
1179 2661 1408 2730 denique
1460 2659 1692 2724 nobilis,
1741 2677 1848 2718 non

259 2753 459 2808 litteris
531 2753 778 2807 eruditus
853 2767 950 2822 per
997 2763 1150 2806 actus
1205 2751 1425 2806 illicitos
1489 2751 1544 2805 in
1601 2753 1846 2806 dextram

261 2845 560 2914 horamque
593 2855 800 2914 partem
837 2841 1142 2908 deﬂectere,
1199 2842 1284 2896 vel
1319 2859 1345 2896 a
1373 2851 1532 2898 recta:
1561 2831 1848 2900 conversa-

261 2935 420 2988 tionis
477 2935 708 2988 audebat
759 2933 1082 2988 rectitudine
1143 2934 1382 2988 deviare.
1449 2932 1544 2987 Vir
1615 2934 1848 3003 denique

1551 187 1714 246 VITA
1751 185 1812 244 S.
1851 181 2232 243 ROMUALDI.

3435 195 3542 250 θη

1884 313 1940 374 Α
1963 315 2020 364 et
2041 305 2430 364 monasterium
2465 305 2698 360 demisit.
2727 303 2901 362 Porro
2942 315 3123 361 autem
3173 321 3274 374 rex,
3301 291 3544 364 Tiburti-

1957 415 2083 454 nam
2118 409 2244 454 tunc
2283 397 2559 452 civitatem
2587 395 2886 450 obsidebat.
2925 395 3087 452 Cives
3109 397 3252 451 enim
3285 398 3541 471 inclytum

1953 492 2073 562 ejus
2101 491 2292 546 ducem
2305 489 2479 560 (2&5),
2505 487 2828 542 Mazolinum
2845 487 3096 553 nomine,
3128 487 3540 554 interfecerant,

1957 583 2130 654 ipsum
2162 597 2375 652 quoque
2401 596 2579 652 regem
2619 580 2885 650 correptis
2932 579 3098 634 armis
3145 579 3294 654 (246)
3353 597 3383 636 a
3430 585 3544 638 suis

1957 673 2230 728 moenibus
2283 672 2658 726 exturbarent.
2713 669 2866 725 Unde
2919 685 3024 725 non
3069 670 3290 726 dubium
3345 680 3430 727 est
3479 675 3576 726 Β.-

1959 762 2326 818 Romualdum
2379 761 2506 816 illnc
2564 776 2632 816 ex
2690 761 2868 814 divina
2908 761 3246 829 providentia
3289 761 3541 828 missum,

1953 853 2046 924 qui
2100 853 2388 908 imminens
2431 860 2510 906 tot
2557 851 2860 906 animarum
2915 853 3214 922 periculum
3262 865 3545 923 sequestra

1955 961 2088 1016 pace
2139 946 2338 1000 delevit
2390 945 2561 1016 (247).
2613 943 2727 999 Hoc
2779 945 2980 999 etenim
3033 945 3172 998 inter
3215 961 3308 1000 eos
3355 957 3549 1015 pactus
3615 1013 3620 1018 ἢ

1955 1045 2057 1098 est,
2093 1046 2154 1090 ut
2175 1035 2430 1090 Tiburtes
2461 1037 2528 1090 ad
2553 1036 2816 1090 honorem
2845 1037 2988 1106 regis
3025 1052 3302 1090 murorum
3333 1047 3542 1108 partem

1957 1127 2253 1190 diruerent,
2293 1127 2509 1182 obsides
2537 1127 2756 1190 darent,
2785 1127 2938 1184 ducis
2965 1143 3094 1182 vero
3139 1129 3544 1184 interfectorem

1956 1222 2024 1276 ad
2061 1217 2180 1290 ejus
2211 1227 2440 1274 matrem
2491 1227 2796 1274 catenatum
2849 1219 3163 1289 dirigerent.
3207 1219 3336 1288 Qua:
3368 1221 3544 1276 sancti

1954 1315 2060 1369 viri
2099 1314 2232 1370 fusis
2283 1315 2352 1368 ad
2395 1315 2564 1370 Deum
2621 1312 2874 1384 precibus
2935 1315 3201 1384 mitigata,
3249 1315 3542 1369 crudeliter

1954 1404 2184 1471 otl'ensa,
2211 1405 2486 1460 etcrimen
2519 1403 2762 1474 indulsit,
2792 1411 2847 1460 et
2877 1403 3202 1460 incolumem
3231 1405 3300 1458 ad
3323 1403 3538 1475 propria
3623 1387 3634 1402 ’

1957 1495 2139 1552 redire
2172 1495 2447 1568 permisit.

2520 1587 2750 1644 CAPUT
2779 1585 2968 1644 XXIV.
3059 1595 3068 1602 ‘

2357 1679 2436 1734 De
2490 1679 2641 1751 (248)
2685 1688 2868 1732 sancto
2915 1676 3154 1732 Venerio.

2023 1771 2174 1828 Fecit
2210 1787 2426 1844 quoque
2473 1769 2801 1826 venerabilis
2847 1768 2932 1823 vir
2984 1768 3127 1840 apud
3175 1767 3344 1824 Tibur
3374 1769 3540 1824 alium

1951 1864 2079 1918 boni
2127 1867 2306 1935 operis
2353 1865 2609 1929 fructum,
2664 1878 2826 1934 quem
2855 1861 3070 1917 silentio
3092 1861 3541 1932 praetereundum

1953 1969 2072 2010 esse
2119 1971 2227 2010 non
2268 1957 2528 2010 arbitror.
2577 1953 2806 2021 Quidam
2835 1968 3067 2022 namque
3093 1953 3280 2008 beatus
3311 1953 3414 2016 vir,
3435 1951 3544 2006 Ye-

1959 2045 2145 2100 nerius
2193 2047 2411 2100 nomine
2441 2087 2456 2112 ,
2516 2045 2764 2100 habitare
2817 2045 3068 2114 primitus
3109 2043 3163 2097 in
3211 2045 3542 2098 monasterio

1954 2139 2118 2207 cmpit
2175 2153 2297 2192 cum
2377 2147 2528 2192 tanta
2597 2135 2902 2190 humilitate
2951 2144 3006 2188 et
3057 2135 3421 2203 simplicitate,
3475 2145 3538 2187 ut

1953 2245 2146 2284 omnes
2199 2229 2346 2284 illum
2395 2229 2588 2284 fratres
2633 2229 3012 2283 subsannando
3051 2229 3428 2296 despicerent,
3487 2239 3543 2281 et

1954 2319 2186 2373 delirum
2225 2335 2352 2372 eum
2396 2327 2558 2390 atque
2609 2319 2914 2372 dementem
2963 2333 3082 2373 e:se
3125 2327 3401 2387 putarent.
3441 2317 3544 2372 Alii

1952 2427 2188 2482 namque
2223 2411 2370 2466 illum
2427 2426 2568 2480 stepe
2597 2409 2962 2480 colaphizare,
2995 2411 3082 2464 alii
3139 2411 3378 2476 sordida,
3431 2426 3538 2480 qua

1952 2502 2155 2560 lebetes
2184 2503 2334 2574 (9.49)
2367 2503 2706 2566 lavabantur,
2741 2517 2879 2574 aqua
2919 2501 3282 2571 perfundere;
3326 2501 3416 2556 alii
3453 2501 3538 2556 di-

1951 2596 2126 2650 versis
2170 2596 2322 2650 illum
2365 2596 2610 2652 solebant
2639 2597 3007 2652 conviciorum
3045 2595 3240 2668 jurgiis
3277 2597 3538 2653 lacerare.

1955 2687 2200 2756 Cumque
2230 2687 2319 2742 ille
2348 2702 2407 2742 se
2429 2679 2788 2757 perpenderet
2816 2688 2957 2742 inter
3005 2695 3082 2742 tot
3110 2689 3335 2742 adversa
3392 2697 3540 2742 tran-

1951 2779 2176 2848 quillum
2231 2795 2344 2834 sua:
2390 2781 2590 2834 mentis
2637 2789 2836 2834 statum
2899 2793 3120 2834 servare
3171 2795 3277 2834 non
3331 2795 3532 2851 posse.

1952 2869 2287 2923 consortium
2317 2869 2596 2934 deserens,
2645 2869 2696 2922 in
2728 2869 3071 2924 solitudinem
3102 2869 3311 2939 fugiens
3343 2885 3540 2940 prope-

1953 2961 2112 3014 ravit.
2163 2959 2269 3016 Ubi
2313 2975 2410 3028 per
2453 2976 2548 3016 sex
2603 2975 2797 3025 annos,
2847 2961 3054 3030 absque
3103 2961 3228 3014 vino
3281 2963 3540 3031 omnique

263 3033 486 3122 sanctus
514 3023 694 3122 c°_rdis
727 3025 913 3079 oculos
945 3023 996 3077 in
1036 3023 1260 3122 θωιξω,
1284 3023 1498 3122 θεξωδῆ
1639 3026 1847 3122 Dio}:
1877 3025 1921 3086 Ο
1953 3050 2250 3120 pulmento,
2292 3050 2394 3104 sub
2435 3051 2614 3104 nimiae
2661 3040 3020 3104 districtionis
3078 3050 3244 3122 448
3287 3051 3541 3106 ariditate

259 3115 514 3169 omnibus
537 3113 958 3186 obtemperaret,
987 3129 1093 3168 non
1119 3113 1338 3168 timebat
1357 3115 1662 3169 hominibus
1683 3113 1845 3186 447

262 3205 568 3276 displicere.
625 3205 740 3260 Hoc
790 3215 968 3258 autem
1002 3204 1150 3274 (245)
1190 3203 1389 3260 fratres
1415 3205 1841 3264 considerantes,

262 3296 584 3366 semetipsos
636 3295 784 3364 prius
841 3303 1100 3348 accusant
1173 3295 1298 3364 quia
1359 3295 1501 3349 hunc
1553 3295 1652 3348 sibi
1709 3311 1847 3364 prm-

261 3400 380 3440 esse
429 3394 823 3456 poposcerant;
855 3385 1046 3438 deinde
1080 3383 1262 3438 multis
1293 3399 1415 3438 cum
1446 3386 1844 3438 detractionuni

261 3477 728 3532 susurrationibus
779 3475 1061 3538 lacerant,
1119 3485 1172 3530 et
1240 3475 1390 3531 duris
1468 3475 1844 3531 scandaloruut

262 3567 464 3622 aculeis
516 3575 738 3620 vexant.

831 3655 1059 3711 CAPUT
1097 3656 1285 3712 XXIII.

331 3747 408 3802 De
454 3747 668 3800 abbatia
722 3749 984 3818 dimissa;
1025 3757 1070 3800 et
1121 3765 1248 3814 pace
1299 3748 1436 3802 inter
1489 3765 1658 3818 regem
1727 3759 1774 3801 et

833 3817 1071 3871 Tiburtes
1110 3817 1274 3885 facta.

327 3931 663 3986 Romualdus
701 3931 883 4000 itaque
931 3931 1118 3986 videns
1174 3941 1228 3986 et
1281 3947 1434 3988 suam
1465 3931 1846 4002 perfectionem

246 4021 606 4092 aliquatenus
637 4021 826 4084 minui,
857 4031 914 4076 et
963 4022 1175 4076 illorum
1221 4039 1400 4078 mores
1455 4025 1744 4092 proclivius
1793 4025 1845 4078 in

245 4112 532 4165 deteriora
561 4111 825 4176 converti,
869 4125 1048 4180 regem
1082 4112 1308 4182 impiger
1335 4113 1488 4178 adiit,
1524 4122 1598 4179 et,
1634 4129 1700 4168 eo
1739 4131 1846 4170 non

245 4203 450 4259 leviter
501 4204 846 4263 reluctante,
900 4219 1004 4258 una
1054 4221 1176 4258 cum
1234 4205 1641 4280 archiepiscopo
1698 4207 1846 4276 (2M)

257 4295 592 4362 Ravennate,
633 4298 688 4352 in
719 4297 997 4366 utriusque
1027 4307 1316 4367 conspectu
1357 4298 1558 4368 virgam
1599 4299 1844 4369 projecit,

329 4477 480 4548 (ΞΜ)
519 4473 644 4548 Otto
690 4490 884 4548 nempe
922 4474 1151 4548 hujusce
1207 4475 1441 4548 nominis
1484 4476 1699 4548 tertius,
1749 4475 1840 4544 qui

259 4561 400 4600 anno
431 4546 632 4600 Christi
690 4546 794 4600 996
842 4547 896 4600 in
921 4547 1127 4600 Italiam
1157 4548 1302 4599 venit
1331 4547 1444 4600 sedi
1473 4547 1782 4615 apostolica:
1811 4561 1840 4598 a

259 4615 562 4687 Crescentii
613 4616 766 4687 ducis
825 4617 1110 4687 tyrannide
1153 4625 1360 4671 vexata:
1383 4631 1539 4686 opem
1583 4617 1835 4680 laturus,

252 4683 406 4752 juxta
463 4686 775 4749 Baronium,
848 4683 860 4687 ⁷
1417 4683 1434 4686 ”
1771 4704 1778 4710 ’

349 4755 480 4818 24⁸2)
523 4755 643 4809 V'at.
673 4757 793 4809 cod.
852 4764 1047 4811 tamen.

349 4758 480 4818 24⁸2)
523 4758 643 4809 Vat.
673 4758 793 4809 cod.
852 4764 1047 4811 tamen.

327 4758 478 4896 (265)
519 4827 572 4878 In
605 4827 793 4878 eodem
837 4827 1022 4896 coaliee
1073 4823 1310 4894 legitur:
1365 4825 1480 4880 Hoc
1513 4837 1686 4882 autem
1718 4845 1838 4882 sus-

258 4895 392 4966 cepti
425 4897 617 4966 fratres
649 4910 762 4946 sero
793 4895 1207 4966 considerantes,
1237 4904 1343 4966 etc.

330 4966 480 5036 (244)
536 4965 867 5040 Cerbertus.
922 4965 1010 5033 qui
1062 4965 1404 5034 postmodum
1449 4965 1710 5026 Silvester
1758 4969 1842 5040 11,

256 5033 404 5104 potat.
443 5033 584 5088 max.
639 5033 758 5087 fuit.

331 5106 474 5126 [aliis
531 5107 571 5126 ll
593 5123 610 5125 μ
627 5105 752 5128 -..12η

743 5121 844 5128 .-.---
877 5103 1032 5130 Ι..ιι1.ιιιι
1085 5111 1134 5130 ιιι
1187 5101 1480 5134 ὶΪηΙῗηΛη--η
1515 5109 1678 5134 ΑΑ-,Αιο
1733 5110 1808 5136 ο--

1951 3142 2270 3209 permansit.
2323 3139 2475 3194 llunc
2524 3140 2670 3211 (250)
2723 3141 2906 3208 itaque
2953 3139 3306 3204 Ilonmaldus,
3359 3141 3540 3195 audita

1950 3229 2068 3298 ejus
2131 3229 2266 3284 fama
2306 3271 2321 3294 ,
2375 3231 2599 3284 visitare
2655 3231 2886 3284 curavit.
2955 3230 3124 3294 Quem
3197 3230 3538 3298 interrogans

1951 3321 2050 3374 sub
2075 3320 2229 3388 cirjus
2275 3319 2540 3386 regimine
2588 3320 2828 3388 degeret,
2880 3319 3101 3388 cujusve
3149 3319 3374 3374 arbitrio
3425 3335 3538 3372 sure

1951 3412 2376 3466 conversationis
2420 3411 2784 3465 obedientiam
2854 3413 3168 3476 exhiberet;
3253 3413 3533 3482 respondit

1951 3517 2040 3562 se,
2097 3501 2273 3556 alieno
2325 3501 2558 3556 solutum
2615 3503 2858 3571 imperio,
2901 3503 3004 3556 hoc
3046 3503 3196 3572 sequi
3235 3505 3376 3570 quod
3431 3499 3574 3560 sibi

1950 3591 2134 3645 utilius
2174 3592 2468 3646 videretur.
2523 3591 2620 3646 Cui
2673 3591 3002 3646 liomualdus
3048 3593 3170 3645 ait:
3206 3593 3262 3646 Si
3313 3609 3532 3648 crucem

1949 3679 2149 3735 Christi
2176 3691 2380 3750 portas,
2410 3689 2656 3749 superest
2691 3689 2751 3735 ut
2778 3680 2984 3736 Christi
3011 3683 3372 3736 obedientiam
3421 3699 3526 3738 non

1951 3774 2244 3843 relinquas.
2284 3773 2428 3826 Vade
2455 3773 2640 3842 igitur,
2669 3782 2722 3827 et
2749 3789 3012 3828 consensu
3039 3791 3068 3827 a
3095 3775 3310 3844 proprio
3339 3775 3532 3830 abbate

1949 3873 2220 3930 suscepto,
2273 3873 2568 3925 revertere,
2600 3872 2653 3916 et
2696 3863 2796 3916 sub
2839 3863 2953 3932 ejus
2990 3863 3227 3916 dominio
3257 3863 3534 3918 humiliter

1950 3954 2108 4016 vive;
2141 3961 2410 4020 quatenus
2444 3952 2586 4005 sacri
2633 3953 2813 4020 operis
2859 3953 3162 4014 :ediﬁcium,
3208 3955 3350 4021 quod
3395 3956 3528 4008 bona

1950 4045 2200 4100 voluntas
2227 4045 2482 4108 aedificat,
2512 4043 2785 4097 humilitas
2809 4043 2956 4115 (251)
2984 4045 3166 4114 erigit,
3211 4045 3531 4100 obedientia:

1925 4137 2122 4208 Ivirtns
2148 4135 2390 4190 extollat.

2021 4228 2170 4293 llaec,
2199 4235 2254 4281 et
2288 4226 2456 4282 multa
2480 4226 2584 4282 alia
2609 4225 2978 4282 :edilicatiouis
3001 4225 3200 4280 monita
3225 4225 3527 4294 proferens,

1949 4320 2136 4376 docuit
2170 4333 2294 4374 eum
2347 4319 2579 4388 qualiter
2628 4317 3048 4388 cogitationibus
3095 4317 3208 4370 suis
3249 4317 3506 4370 resistere

1951 4478 2013 4531 D.
2053 4477 2350 4531 liomualdo
2396 4476 2593 4538 collati,
2637 4477 3042 4546 uti‘patronum
3071 4473 3366 4529 etiamnum
3400 4492 3514 4532 eum

1949 4557 2299 4602 venerantur.
2747 4569 2750 4572 ‘

2021 4616 2166 4686 (248)
2209 4617 2384 4669 Etiam
2437 4615 2732 4670 Vaticanus
2760 4612 2930 4686 codex
2971 4618 3528 4686 'sanrtuni_appellat,

1949 4683 2070 4741 cum
2127 4683 2304 4740 tamen
2339 4693 2566 4738 careant
2637 4687 2740 4739 hoc
2791 4685 2954 4738 titulo
3013 4699 3166 4752 capp.
3221 4683 3414 4740 XXVII
3473 4699 3529 4739 et

1949 4755 2163 4812 XXVIII
2212 4773 2332 4826 quze
2385 4765 2510 4808 sunt
2558 4773 2570 4806 :
2617 4753 2690 4808 De
2737 4754 3015 4826 Bonifatio
3071 4763 3320 4826 martyre,
3375 4767 3426 4810 et
3470 4759 3533 4809 de

1947 4829 2154 4882 Jomme
2199 4823 2246 4880 ei
2303 4825 2583 4880 Benedicto
2633 4824 2976 4890 martyribus,
3025 4823 3115 4889 qui
3182 4827 3249 4876 ab
3299 4827 3532 4882 ecclesia

1945 4910 2254 4970 sanctorum
2286 4896 2407 4970 albo
2460 4903 2586 4949 sunt.
2629 4891 2870 4964 ascripti.
2931 4893 3012 4952 Ex
3039 4905 3144 4960 quo
3169 4895 3322 4962 argui
3359 4905 3542 4970 potest

1953 4969 2161 5041 γυνη»νῇ
2193 4968 2473 5041 sanctitas.
2587 5036 2601 5041 _
2919 5035 2932 5041 _
3134 5030 3146 5041 .

2019 5038 2166 5110 (9,59)
2209 5035 2368 5110 Lebes
2393 5036 2784 5110 monachorum
2815 5035 3103 5110 antiquum
3134 5031 3188 5110 in
3209 5031 3554 5110 Iumentum.

1957 5103 2090 5138 -..λι
2126 5103 2170 5138 ηἸ
2209 5106 2459 5138 ρει-,Ιιλιῖηιιι
2503 5107 2784 5138 ιιῖι-ῆινιηιηισ
2859 5103 2982 5138 cium
3035 5103 3258 5138 ηνὶιιῖιδῖυ

2126 5119 2170 5138 nl
2209 5106 2459 5138 Ar.l1.ln:uI-I
2503 5107 2784 5138 ιιῖι-ῆινιηιηισ
2859 5107 2982 5138 ΩἶιιΛ
3035 5106 3258 5138 ηνὶιιίιδῖυ
3337 5124 3403 5138 Α.
3461 5109 3560 5138 Ali-
