3992 5322
522 254 626 310 973

1018 254 1077 310 S.
1119 254 1321 311 PETRI
1353 254 1634 311 DAMlANl
1674 253 1826 311 OPP.
1854 254 2032 311 PARS
2061 255 2191 313 SEU
2232 256 2463 313 TOMUS
2492 259 2553 314 ll.
2579 290 2646 300 —
2681 261 3099 320 SANCTORUM
3133 265 3332 323 VITE.

3655 273 3756 330 976

521 365 757 438 qualiter
775 373 956 436 posset
983 365 1291 436 iniquorum
1323 366 1604 438 spirituum
1656 365 2092 422 infestationibus
2119 374 2164 432 Α
2193 382 2283 421 sus
2312 375 2393 420 est
2421 367 2723 438 relinquere
2745 371 3015 426 smeulum.
3070 371 3172 439 Qui
3216 389 3339 431 mox
3369 390 3400 431 a
3430 392 3562 449 rege
3600 377 3759 437 lieen-

525 470 847 527 repugnare,
905 464 959 509 et
1002 454 1075 510 ita
1134 457 1509 511 confirmatum
1561 464 1612 510 et
1664 457 1982 512 instructum
2039 456 2090 510 in

451 565 454 568 λ
523 545 689 600 multa
721 559 843 600 eum
866 543 1147 599 alacritate
1177 545 1413 614 reliquit.
1452 545 1543 600 Ille
1575 545 1758 616 igitur,
1785 545 1956 601 sancti
1988 545 2089 600 viri

521 637 840 690 documenta
886 637 1185 706 “gratanter
1232 634 1580 704 amplectens,
1631 634 1881 690 abbatem
1934 649 2088 689 suum

520 728 766 798 protinus
795 727 947 793 adiit,
977 743 1296 782 consensum
1349 727 1574 797 accepit,
1623 735 1678 780 et
1724 727 1792 782 ad
1841 727 2090 782 dilectam

517 815 865 870 solitudinem
889 816 1210 885 quantocius
1240 815 1520 869 remeavit.
1559 814 1752 869 Volcns
1793 823 1974 868 autem
2033 815 2088 868 in

517 905 862 974 possessione
909 905 991 959 sui
1046 903 1358 958 monasterii
1411 903 1693 968 habitare,
1743 903 1986 958 ascendit
2034 903 2089 958 in

517 995 783 1064 quoddam
810 1011 1001 1051 saxum
1040 994 1203 1049 nullis
1225 991 1504 1048 hominum
1549 992 1791 1063 vestigiis
1820 993 2086 1064 pervium,

514 1084 658 1138 etab
685 1085 918 1138 humana
948 1083 1161 1153 penitus
1204 1082 1617 1137 conversatione
1663 1090 1951 1148 remotum,
1987 1081 2087 1134 ibi-

512 1189 617 1242 que
646 1187 743 1244 per
771 1183 1003 1228 auatuor
1031 1187 1200 1226 annos
1226 1172 1376 1226 omni
1433 1171 1672 1225 humano
1704 1170 1900 1226 solatio
1928 1169 2089 1224 desti—

516 1271 691 1326 tutus,
720 1260 1067 1331 Singulariter
1094 1259 1363 1324 habitans,
1414 1260 1655 1328 exceptis
1685 1259 1855 1313 tribus
1879 1257 2090 1313 buccel-

516 1349 578 1403 lis
609 1365 743 1419 quas
772 1349 839 1404 de
867 1348 1194 1404 monasterio
1216 1362 1397 1403 secum
1423 1348 1707 1414 detulerat,
1764 1363 1870 1402 non
1896 1363 2086 1417 panem

515 1439 792 1503 comedit,
841 1452 947 1493 non
993 1438 1175 1491 vinum
1223 1437 1396 1503 bibit,
1449 1453 1557 1492 non
1620 1447 1832 1492 coctum
1889 1437 2088 1506 aliquid

515 1525 736 1578 omnino
762 1524 1024 1593 gustavit,
1053 1524 1145 1578 sed
1173 1523 1299 1578 solis
1335 1524 1588 1578 arborum
1631 1524 1804 1592 pomis
1865 1533 1920 1577 ct
1966 1525 2089 1577 her-

513 1617 702 1668 barum
755 1613 1023 1667 radicibus
1053 1607 1249 1666 ‘vixit.’
1274 1613 1402 1667 Erat
1445 1621 1624 1668 autem
1656 1613 1709 1667 in
1743 1614 1927 1668 eodem
1957 1627 2090 1667 saxo

2196 457 2323 510 tiam
2353 468 2629 526 expetens,
2663 476 2770 514 non
2819 462 2976 516 modo
3022 461 3235 518 facilem
3278 469 3499 536 reperit,
3553 471 3650 525 sed
3684 474 3762 526 ni-

2193 547 2359 602 mium
2390 548 2551 602 etiam
2584 550 2814 604 alacrem
2844 550 2990 605 fecit.
3026 551 3154 605 Erat
3182 554 3323 608 enim
3350 559 3646 626 praedictus
3668 561 3762 615 im-

2192 647 2413 706 perator
2441 640 2738 694 monaslieo
2767 641 2942 695 ordini
2974 642 3125 697 valde
3170 643 3483 712 benevolus,
3512 658 3570 703 et
3600 649 3758 704 nimia

2147 801 2151 805 ἱ
2193 729 2335 784 circa
2366 729 2459 785 Dei
2495 729 2726 786 famulos
2751 729 3031 788 affectione
3062 736 3301 791 devotus.

2261 819 2376 890 ipse
2397 831 2573 875 autem
2601 838 2716 888 rex,
2747 839 2813 878 ex
2835 824 3022 879 eodem
3053 826 3284 882 crimine
3306 828 3467 883 beato
3495 830 3617 885 viro
3638 847 3762 888 con-

2191 905 2387 976 fessus,
2415 912 2745 979 paenitentia:
2789 929 2950 969 causa
2973 915 3130 971 nudis
3166 917 3390 986 pedibus
3416 920 3484 974 de
3520 920 3759 977 Romana

2193 999 2325 1053 urbe
2387 1001 2758 1071 progrediens,
2803 1004 2882 1058 sic
2929 1020 3094 1074 usque
3137 1005 3192 1059 in
3235 1003 3546 1076 Garganum
3615 1011 3760 1082 (255)

2193 1099 2427 1144 montem
2460 1092 2525 1144 ad
2567 1091 2622 1146 S.
2655 1091 2926 1148 Michaelis
2950 1096 3188 1164 perrexit
3213 1097 3518 1154 ecclesiam.
3552 1099 3660 1155 Per
3688 1113 3761 1158 to-

2193 1186 2300 1233 tam
2328 1180 2488 1234 etiam
2520 1181 2994 1254 Quadragesimam
3023 1187 3077 1240 in
3117 1186 3385 1244 Classensi
3431 1196 3759 1249 monasterio

2189 1266 2250 1320 Β.
2297 1268 2640 1339 Apollinaris,
2684 1275 2868 1342 paucis
2919 1275 3018 1330 sibi
3069 1277 3489 1344 adhaerentibus,
3543 1285 3757 1338 mansit.

2193 1358 2290 1414 Ubi
2315 1359 2520 1430 jejunio
2541 1372 2595 1416 et
2617 1363 2946 1431 psalmodize,
2976 1375 3135 1434 prout
3160 1367 3394 1433 valebat,
3419 1370 3758 1438 intentus,ci-

2189 1447 2312 1505 licio
2338 1451 2404 1506 ad
2425 1467 2642 1506 carnem
2667 1453 2904 1518 indutus,
2935 1465 3121 1510 aurata
3149 1458 3381 1527 desuper
3406 1476 3647 1530 purpura
3690 1472 3758 1518 te-

2191 1543 2435 1610 gebatur.
2477 1542 2640 1597 Lecto
2666 1543 2824 1598 etiam
2842 1543 3170 1614 fulgentibus
3206 1548 3385 1613 palliis
3411 1560 3614 1616 strato,
3652 1552 3758 1620 ipse

2191 1630 2245 1684 in
2272 1640 2447 1686 stoma
2475 1633 2540 1686 de
2573 1633 2796 1702 papiriis
2827 1634 3070 1688 confecta
3101 1646 3284 1691 tenera
3313 1639 3533 1693 delicati
3578 1655 3760 1709 corpo-

510 1704 755 1774 qnacdam
787 1704 1116 1770 concavitas,
1144 1703 1234 1758 ubi
1265 1703 1617 1772 colligebatur
1644 1718 1782 1773 aqua
1808 1703 1860 1757 in
1888 1703 2082 1765 hieme,

2191 1723 2265 1776 ris
2303 1724 2544 1777 membra
2591 1725 2815 1778 terebat.
2847 1724 3100 1781 Promisit
3131 1728 3311 1796 itaque
3341 1729 3400 1782 Β.
3455 1703 3762 1786 Romualdo

512 1809 578 1846 (ιι
643 1808 750 1862 qua
776 1793 859 1846 vir
906 1800 1130 1848 sanctus
1170 1801 1276 1847 tota
1325 1792 1544 1846 bibebat
1588 1799 1797 1845 aest-ate.
1847 1789 2082 1844 Tandem

515 1900 645 1939 vero
673 1884 892 1956 cognito
925 1885 1066 1954 quod
1102 1883 1175 1938 ibi
1220 1897 1408 1937 servus
1455 1881 1549 1936 Dei
1601 1888 1924 1946 moraretur,
1976 1893 2087 1934 cm-

2188 1812 2349 1880 quod,
2379 1811 2664 1880 imperium
2697 1813 3025 1884 relinquens,
3059 1818 3440 1873 monachicum
3463 1823 3760 1891 susciperet

2189 1901 2427 1956 habitum
2456 1918 2470 1967 ;
2499 1911 2576 1969 et,
2630 1904 2716 1958 eui
2760 1905 3024 1960 innumeri
3066 1907 3319 1963 mortales
3344 1918 3504 1964 erant
3523 1911 3761 1976 obnoxii,

511 1987 706 2048 verum
751 1979 818 2034 ad
841 1992 964 2033 eum
993 1974 1492 2069 m01ll_¢0“ﬂu_€=ret
1539 1972 2084 2069 Ciuilium-alimele
2180 1990 2292 2060 jam
2338 1992 2452 2062 ipse
2496 1994 2820 2064 pauperculo
2855 1993 3128 2065 subjectus
3165 1999 3329 2069 carpit
3374 2014 3502 2056 esse
3551 1972 3765 2057 debitor

511 2069 744 2135 deferre,
776 2078 828 2124 et
856 2083 1082 2138 quiaque
1106 2067 1207 2122 sibi
1235 2067 1390 2137 quasi
1421 2066 1726 2121 necessaria
1749 2063 2082 2118 ministrare.

510 2162 750 2227 Quorum
778 2160 865 2216 ille
909 2159 1107 2214 nullius
1141 2159 1410 2229 indigens,
1443 2166 1633 2213 cuncta
1658 2155 1965 2227 pastoribus
1993 2168 2087 2225 pe-

512 2267 700 2306 corum
757 2259 813 2308 et
852 2250 972 2304 aliis
1012 2249 1376 2319 indigentibus
1419 2248 1724 2304 exhibebat.
1753 2246 2088 2300 Exhortante

511 2352 691 2399 autem
732 2343 834 2398 loci
869 2343 1160 2413 episcOpo,
1217 2341 1500 2396 basilicam
1550 2340 1653 2395 sibi
1701 2338 1819 2393 fieri
1867 2347 1922 2392 ct
1961 2353 2088 2392 con-

511 2435 717 2490 secrari
758 2435 1022 2504 permisit.
1077 2433 1133 2488 lu
1181 2448 1286 2503 qua
1335 2433 1450 2502 ipse
1499 2430 1774 2500 aliquanto
1823 2437 1944 2499 post
1995 2429 2080 2483 de-

508 2524 725 2578 functus
752 2531 854 2589 est,
889 2532 945 2579 et
971 2539 1001 2577 a
1036 2523 1355 2593 quibusdam
1383 2536 1443 2577 se
1488 2520 1856 2592 quaerentibus
1897 2519 2086 2572 inven-

511 2623 601 2668 tus
643 2621 726 2668 est
773 2612 993 2667 acclivis
1042 2620 1169 2666 ante
1198 2610 1386 2676 altare,
1425 2610 1578 2680 quasi
1619 2624 1781 2665 causa
1826 2608 2088 2663 orationis

492 2705 570 2772 ,in
603 2703 800 2758 cubitis
825 2712 882 2757 et
919 2702 1376 2773 genibusjacens.
1427 2700 1528 2756 Ubi
1559 2699 1814 2756 nonnulla
1848 2715 1942 2768 per
1964 2713 2086 2753 eum

510 2791 769 2848 Dominus
829 2792 1210 2847 miraculorum
1251 2792 1404 2861 signa
1443 2792 1659 2862 Operari
1692 2791 1941 2861 dignatus
1985 2799 2084 2844 cst.

509 2886 604 2942 Sic
633 2886 883 2955 denique,
915 2887 992 2940 sic
1020 2887 1159 2940 bona
1189 2894 1334 2939 terra
1362 2885 1557 2939 uberes
1598 2881 1804 2938 fructus
1836 2880 2087 2944 reddidit,

513 2992 632 3045 quae.
671 2976 822 3030 verbi
869 2990 1051 3031 semen
1094 2989 1163 3030 ex
1209 2987 1304 3030 ore
1350 2973 1634 3030 Romualdi
1677 2971 2087 3043 multiplicatum

515 3065 770 3135 suscepit.

965 3153 1131 3226 M9
1181 3135 1407 3210 CAPUT
1455 3153 1620 3209 xxv.
1654 3223 1659 3230 _

729 3266 810 3321 De
851 3265 1086 3333 Tammo,
1127 3275 1174 3322 et
1201 3266 1446 3337 religione
1484 3266 1615 3338 regis
1649 3264 1871 3320 Ottonis.

589 3375 739 3447 Apud
771 3376 1082 3446 prmdictam
1109 3391 1323 3446 quoque
1353 3376 1625 3431 civitatem
1655 3367 1922 3431 convertit
1960 3373 2088 3428 bea-

519 3470 755 3523 tissimus
783 3469 866 3522 vir
892 3467 1261 3539 (Romualtlus)
1291 3467 1571 3522 Tammum
1605 3466 1753 3538 (252)
1803 3464 2086 3536 quemdam

519 3561 894 3628 Teutonicum,
927 3563 1042 3631 qui,
1066 3562 1206 3617 sicut
1227 3561 1446 3626 dicitur,
1472 3561 1526 3614 in
1553 3567 1757 3615 tantum
1798 3559 1907 3629 regi
1933 3557 2088 3612 fami-

517 3653 667 3708 liaris
716 3661 772 3706 et
835 3653 1030 3706 eharus
1087 3652 1406 3716 exstiterat,
1458 3659 1519 3704 ιιι
1573 3648 1853 3718 utriusque
1910 3655 2088 3701 vestes

520 3750 807 3810 utrumque
825 3748 1190 3810 contegerent,
1233 3747 1288 3793 ΘΙ.
1317 3739 1597 3792 amborum
1635 3750 1828 3791 manus
1856 3751 1960 3790 una
1991 3749 2086 3803 ρξι-

521 3831 698 3902 ropsis
741 3831 1009 3886 communi
1059 3844 1199 3899 smpe
1229 3829 1475 3884 convivio
1520 3828 1771 3883 sociaret.
1828 3825 2088 3881 Crescen-

472 3920 475 3922 ’
523 3923 630 3975 tius
656 3919 804 3991 (253)
848 3933 1079 3990 namque
1115 3928 1334 3974 senator
1364 3919 1637 3972 Romanus
1671 3916 2090 3986 indignationem

523 4015 666 4083 regis
685 4013 991 4078 incurrens,
1017 4013 1069 4066 in
1090 4019 1324 4065 montem
1361 4011 1452 4079 qui
1469 4010 1663 4065 dicitur
1687 4008 1859 4064 sancti
1882 4007 2088 4079 Angeli,

524 4100 839 4170 confugium
888 4101 1063 4170 petiit,
1113 4109 1185 4164 ct,
1235 4100 1360 4170 quia
1397 4100 1621 4154 munitio
1664 4098 2092 4170 inexpugnabilis

524 4202 631 4256 est,
674 4193 953 4246 obsidente
997 4206 1120 4261 rege
1145 4191 1211 4244 ad
1241 4191 1629 4245 defendendum
1674 4205 1734 4244 se
1774 4189 2093 4244 liducialiter

526 4283 863 4354 praeparavit.
895 4281 992 4337 Cui
1031 4283 1284 4336 Tammus
1335 4298 1400 4338 ex
1440 4291 1707 4352 praecepto
1736 4283 1876 4352 regis
1918 4281 2090 4351 jusju-

2188 2098 2293 2137 Sili.

2740 2176 2968 2233 CAPUT
3002 2177 3191 2234 XXVI.

2191 2284 2344 2350 Quod
2374 2281 2701 2341 Romualdus
2747 2288 2887 2360 apud
2926 2289 3176 2343 Casinum
3213 2293 3520 2360 wgrotacit,
3579 2291 3766 2345 danae

2717 2357 2785 2410 ad
2817 2355 3040 2412 Pereunt
3065 2363 3221 2413 venit.

2259 2485 2588 2542 Romualdus
2616 2485 2776 2556 igitur
2795 2500 2914 2541 cum
2937 2501 3023 2554 eo,
3050 2502 3206 2558 quem
3222 2489 3595 2559 praediximus,
3613 2489 3760 2546 Tam-

2188 2592 2296 2642 mo,
2337 2587 2393 2632 et
2429 2593 2551 2633 cum
2595 2577 2873 2633 Bonifacio
2898 2579 3015 2633 viro
3052 2578 3216 2650 5,50
3262 2580 3410 2649 (9.56)
3439 2580 3758 2646 clarissimo,

2187 2683 2345 2737 quem
2375 2684 2515 2724 nunc
2559 2667 2928 2724 felicissimum
2978 2679 3264 2740 martyrem
3294 2685 3354 2726 se
3377 2671 3584 2727 habere
3625 2671 3761 2726 Rus-

2189 2757 2337 2811 siana
2368 2757 2628 2828 gloriatur
2649 2756 2909 2823 Ecclesia,
2941 2765 2997 2812 et
3020 2773 3143 2816 eum
3170 2758 3291 2814 aliis
3316 2761 3601 2815 conversis
3622 2761 3760 2815 Teu-

2191 2845 2423 2912 tonibus,
2451 2861 2482 2899 a
2508 2845 2723 2900 Tiburis
2749 2845 2946 2915 oppido
2968 2846 3034 2901 ad
3065 2848 3456 2903 monasterium
3494 2848 3560 2902 Β.
3593 2849 3759 2905 Bene-

2148 2965 2165 2984 .
2190 2935 2336 2997 dicti,
2376 2936 2516 3006 quod
2549 2937 2600 2990 in
2635 2937 2836 2992 Casino
2877 2938 3227 3015 constitutum
3253 2948 3357 3004 est,
3393 2949 3582 2995 monte
3606 2942 3760 2996 devc-

2115 3054 2160 3115 c
2195 3026 2294 3080 nit.
2360 3026 2436 3081 lbi
2492 3042 2682 3096 nempe
2723 3027 2957 3097 graviter
3011 3028 3314 3084 infirmatus
3368 3039 3472 3096 est,
3527 3031 3622 3086 sed
3659 3031 3762 3085 cito

2189 3131 2253 3170 ex
2287 3115 2464 3180 divina
2525 3116 2912 3186 misericordia.
2941 3118 3251 3176 convaluit-
3285 3119 3530 3175 Habebat
3585 3132 3760 3176 autem

2183 3220 2381 3274 equum
2407 3205 2874 3276 satis’egregium,
2933 3221 3094 3283 quem
3151 3207 3253 3262 sibi
3305 3205 3455 3278 (257)
3518 3208 3759 3264 Busclavi

2187 3293 2486 3349 Sclavonici
2533 3294 2676 3364 regis
2711 3295 2868 3353 filius.
2903 3295 3144 3362 dederat,
3175 3295 3347 3351 factus
3383 3297 3453 3350 ab
3477 3313 3546 3352 eo
3573 3314 3758 3351 mona-

2186 3387 2340 3442 chus.
2368 3385 2520 3440 Hunc
2548 3385 2633 3439 vir
2674 3397 2892 3442 sanctus
2933 3387 3250 3444 humilitatis
3275 3388 3454 3443 studio
3491 3398 3763 3458 pennata-

2187 3477 2284 3540 vit,
2315 3485 2368 3529 et
2415 3475 2626 3530 Iucroso
2651 3478 2964 3532 concambio
3011 3479 3225 3534 asinum
3273 3479 3558 3535 laudabilis
3607 3496 3764 3550 nego—

2191 3565 2351 3616 tiator
2375 3564 2577 3632 accepit
2602 3563 2816 3632 (Matth.
2842 3564 2998 3634 xxu).
3023 3564 3201 3621 Nimio
3226 3569 3422 3637 quippe
3435 3567 3765 3639 Redempto-

2188 3653 2264 3707 ris
2291 3653 2461 3708 nostri
2487 3653 2774 3718 desiderio,
2803 3655 2893 3722 qui
2928 3654 3105 3710 asellas
3131 3665 3281 3726 tergo
3301 3657 3651 3721 consederat,
3683 3659 3766 3712 vir

2187 3743 2513 3798 venerabilis
2559 3743 2660 3798 hoc
2710 3743 2884 3811 ipsum
2933 3744 3130 3798 animal
3160 3746 3415 3801 libentius
3460 3747 3762 3815 equitabat.

2189 3829 2323 3886 Cum
2387 3832 2470 3886 his
2519 3833 2683 3902 igitur
2723 3833 2972 3888 omnibus
3022 3836 3268 3904 superius
3319 3837 3618 3891 nominatis
3661 3835 3769 3890 Bo-

2189 3921 2438 3976 mualdus
2466 3923 2532 3976 ad
2575 3921 2822 3989 Pereum,
2851 3924 2941 3978 ubi
2967 3923 3164 3978 dudum
3205 3925 3566 3992 habitaverat,
3592 3929 3766 3992 rediit,

2192 4012 2372 4081 ibique
2395 4011 2644 4086 denique,
2677 4013 2760 4068 his
2788 4023 2842 4068 et
2866 4013 2984 4068 aliis
3011 4013 3192 4068 multis
3222 4014 3479 4070 fratribus
3509 4030 3768 4087 aggrega-

2195 4101 2261 4156 tis
2292 4111 2345 4156 et
2385 4116 2480 4171 per
2523 4102 2686 4157 cellas
2727 4103 2963 4173 singulas
3000 4104 3330 4172 constitutis,
3363 4115 3515 4161 tanto
3555 4107 3769 4162 fervore

2192 4195 2482 4250 eremiticaa
2527 4196 2950 4251 conversationis
2992 4197 3222 4266 rigorem
3272 4205 3326 4252 et
3374 4199 3428 4253 in
3488 4214 3549 4254 se
3597 4209 3652 4253 et
3714 4201 3766 4253 in

2194 4284 2314 4341 aliis
2344 4284 2532 4351 tenuit,
2563 4294 2621 4338 ut
2659 4285 2871 4341 illorum
2900 4286 3010 4340 vita
3055 4274 3309 4342 omnibus
3353 4287 3420 4342 ad
3456 4302 3598 4357 quos
3629 4288 3766 4342 fama

524 4375 753 4428 randum
785 4372 1087 4428 securitatis
1111 4372 1384 4441 praestitit,
1412 4381 1465 4426 et
1490 4372 1561 4426 ita
1591 4371 1680 4426 ille
1709 4373 1980 4441 deceptus,
2000 4373 2090 4427 ad-
2122 4388 2168 4448 ι)
2196 4373 2507 4429 eorumdem
2549 4374 2832 4444 pervenire
2881 4383 3110 4445 poterat,
3159 4376 3421 4432 mirabilis
3459 4378 3764 4432 haberetur.

525 4464 728 4518 nitente
758 4477 896 4533 papa
951 4461 1120 4534 (254),
1150 4461 1397 4532 quisibi
1451 4462 1703 4517 inimicus
1751 4471 1888 4528 erat,
1941 4463 2092 4530 quasi

527 4571 650 4610 rcus
689 4555 987 4625 majestatis
1015 4553 1294 4624 capitalem
1334 4553 1657 4608 sententiam
1699 4554 1881 4608 subiit.
1930 4550 2093 4621 Cujus

527 4662 750 4702 uxorem
792 4656 976 4717 postea
1028 4647 1318 4716 imperator
1367 4647 1420 4701 in
1464 4645 1818 4701 concubinam
1866 4647 2091 4716 accepit.

527 4740 660 4806 Quia
695 4739 854 4811 igitur
881 4740 1136 4794 Tammus
1157 4748 1207 4794 et
1239 4739 1440 4794 fraudis
1465 4740 1714 4795 conscius
1759 4748 1814 4793 et
1859 4738 2093 4809 perjurlo

530 4833 810 4887 tenebatur
838 4833 1123 4898 obnoxius,
1147 4832 1350 4888 idcirco
1377 4847 1407 4885 a
1434 4832 1592 4888 beato
1632 4831 1930 4887 Romualdo
1977 4832 2091 4902 jus-

601 4984 746 5055 (352)
785 4985 1092 5055 antisboni
1155 4985 1318 5055 editio
1375 4985 1535 5040 habet
1605 4983 1824 5055 T_amum
1884 4985 2095 5055 nomine

531 5053 805 5124 quemdam
831 5053 1210 5124 Teutonicum,
1253 5053 1610 5124 Hieronymus
1639 5053 1926 5124 Pragensis
1957 5053 2093 5108 Tha-

534 5122 676 5176 nium
707 5122 937 5189 appellat
966 5131 1019 5174 et
1045 5122 1325 5192 principem
1352 5123 1573 5176 militiw.

604 5190 752 5218 ιαξιυ
797 5190 868 5218 Ιὶη
895 5189 1048 5218 ῑιηξηη
1077 5191 1367 5218 [Ἶ-Αηιυ-ιιιιῖε
1394 5192 1573 5218 μεταλ-ε

604 5190 752 5218 Ιοξπὶ
797 5190 868 5218 Ιὶη
895 5189 1001 5218 Lai.

1123 5192 1367 5218 ...ευ-ΛΑ...ἶῖ
1394 5192 1609 5218 ΙιῖηιΑ-ΖΑ
1642 5192 1755 5218 ιΑκΛ
1798 5193 1967 5218 Dan-An
2027 5193 2089 5218 AI

2177 4464 2328 4531 'Quis
2367 4463 2508 4518 enim
2554 4479 2660 4518 non
2690 4464 3104 4534 obtupesceret?
3132 4465 3264 4533 Quis
3297 4482 3400 4521 non
3433 4468 3765 4522 immutatio-

2196 4568 2318 4607 nem
2350 4553 2544 4608 divina:
2569 4553 2804 4609 dexterae
2830 4554 3171 4624 praedicaret,
3204 4571 3324 4610 cum
3368 4557 3597 4612 vidisset
3625 4559 3769 4627 prius

2196 4645 2442 4701 homines
2463 4645 2665 4710 sericis,
2701 4647 2808 4701 i'mo
2835 4646 3107 4702 deauratis
3133 4649 3368 4703 vestibus
3387 4648 3634 4716 indutos,
3657 4664 3770 4704 cre-

2194 4736 2310 4791 bris
2336 4737 2747 4806 obsequentium
2783 4738 2972 4792 cuneis
3002 4738 3354 4808 constipatos,
3396 4739 3643 4793 omnium
3671 4739 3764 4792 de-

2197 4824 2444 4880 liciarum
2473 4824 2756 4881 aﬂluentiis
2783 4835 3060 4893 assuetos;
3097 4842 3238 4881 nunc
3263 4842 3357 4882 eos
3391 4837 3647 4883 cerneret
3667 4841 3769 4882 uno

2199 4992 2295 5032 nes
2309 4976 2461 5047 XVI,
2485 4986 2640 5032 antea
2669 4977 2953 5047 episcopus
2981 4977 3345 5047 Placentinus.

2275 5046 2429 5116 (255)
2472 5048 2545 5100 De
2574 5047 2680 5100 situ
2703 5046 2864 5117 hujus
2892 5046 3312 5103 canit'Lucanus
3341 5049 3483 5103 libro
3508 5065 3542 5102 v
3567 5068 3580 5103 :

2349 5123 2820 5218 ’Auppqlusladriaias
2842 5128 2947 5218 erit
2964 5125 3007 5208 ⁹(ἰ
3017 5127 3297 5210 artranusjn
3320 5127 3492 5218 undas.

2270 5182 2414 5218 inrui
2430 5182 2543 5218 ⁷1η-
2575 5195 2919 5218 1:---_n-..:r-
2936 5197 3041 5218 -2.--
3068 5183 3360 5218 igne“-.-
3391 5208 3460 5218 --.
3489 5197 3522 5218 ο
3575 5197 3738 5218 nm”-
