3992 5322
169 208 269 264 977

1438 207 1596 262 V’lTA
1635 207 1692 262 S.
1739 209 2114 268 ROMUALDI.

3301 225 3401 282 978

170 323 316 379 birro
340 314 490 393 (582)
511 316 1737 384 contentos,inclusos,‘discalceatosdincultos,
1773 323 1814 382 Α
1846 320 1912 375 tis
1959 321 2200 394 plerique
2230 329 2476 384 conversi
2532 339 2673 396 sunt,
2725 332 2851 402 ipsis
2901 346 3110 403 quoque
3158 333 3409 392 similiter

171 424 226 472 et
273 421 422 466 tanta
462 411 801 466 abstinentiae
825 409 1076 463 ariditate
1115 408 1420 462 contritos?
1449 407 1740 462 Faciehant

174 515 350 563 autem
380 517 569 560 omnes
596 518 759 574 opera
791 517 1063 564 manumn,
1095 501 1183 554 alii
1213 501 1419 555 scilicet
1455 501 1734 565 coclearia,

173 595 264 652 alii
295 593 514 659 nebant,
550 593 641 649 alii
677 594 808 649 retia
851 592 1156 648 nectebant.
1192 591 1280 646 alii
1309 591 1502 647 cilicia.

717 707 942 770 CAPUT
981 707 1196 768 XXVII.

623 807 698 861 De
734 805 1010 875 Bonifacio
1042 814 1287 874 martyre.

248 899 488 966 Quorum
519 905 700 953 tamen
732 895 972 950 omnium
1002 894 1166 948 vitam
1212 892 1274 946 Β.
1306 889 1568 946 Bonifacii
1613 904 1743 946 con-

175 989 413 1045 versatio
480 984 691 1056 longius
745 983 1174 1038 transcendebat.
1239 981 1338 1036 Hic
1387 981 1619 1050 denique
1657 993 1744 1034 re-

176 1081 256 1150 gis
287 1077 435 1147 (259)
467 1076 645 1132 fuerat
695 1073 1146 1141 consanguineus,
1198 1080 1253 1125 et
1299 1070 1372 1124 ita
1429 1070 1644 1132 chorus,
1689 1075 1750 1121 ut

176 1185 271 1224 rex
295 1168 442 1222 illum
469 1181 575 1222 non
604 1166 713 1218 alio
738 1171 956 1217 vocaret
983 1161 1214 1222 nomine,
1245 1161 1346 1214 nisi
1381 1159 1573 1212 Anima
1605 1172 1745 1212 mea.

176 1260 307 1312 Erat
359 1266 535 1311 autem
587 1255 833 1325 apprime
875 1250 1173 1305 liberalium
1212 1250 1407 1303 artium
1465 1247 1746 1312 doctrinis,

119 1330 121 1333 ’
178 1346 519 1413 maximeque
562 1344 616 1396 in
653 1339 1028 1397 modulationis
1056 1337 1274 1392 musica:
1319 1336 1511 1391 studiis
1552 1350 1760 1405 appro--

177 1434 358 1488 batus.
401 1432 501 1487 Hic
529 1433 709 1500 itaque
741 1444 863 1484 cum
904 1427 955 1480 iu
985 1425 1186 1494 capella
1230 1426 1376 1494 regia
1427 1433 1745 1482 moraretur.

180 1521 368 1578 videns
410 1520 692 1576 ecclesiam
747 1514 893 1585 (260)
941 1514 1147 1584 antiqui
1194 1513 1445 1583 martyris
1469 1511 1747 1575 Bonifaeii,

182 1624 307 1665 mox
347 1608 591 1677 exemplo
617 1607 697 1660 sui
725 1603 987 1674 :eqnivoci
1027 1603 1092 1657 ad
1132 1602 1374 1672 martyrii
1419 1600 1742 1656 desiderium

1839 411 2098 477 eveniret,
2131 413 2286 486 longo
2318 425 2554 489 tempore
2588 436 2618 476 a
2654 422 2812 477 beato
2838 425 2954 479 viro
2993 439 3184 480 manus
3233 427 3406 480 artill-

1838 499 1984 555 ciosa
2012 502 2213 558 malitia
2245 509 2572 577 reprimunt;
2600 522 2653 568 et
2674 515 3020 584 cupidissimo
3045 517 3199 590 mori,
3228 517 3408 572 nolen-

1843 601 1923 646 tes
1953 607 2071 648 cum
2124 597 2390 664 occidere,
2440 603 2730 659 crudeliter
2765 617 3008 676 parcunt.
3051 607 3294 677 Cumque
3339 610 3407 662 ad

1841 697 2019 756 regem
2051 683 2344 742 Russorum
2374 691 2456 744 vir
2482 694 2799 749 venerabilis
2828 697 3175 764 pervenisset,
3206 705 3259 750 et
3280 712 3413 752 con-

1842 777 2004 830 stanti
2055 779 2233 834 animo
2281 781 2646 850 prazdicationi
2698 786 3052 842 vehementer
3097 788 3407 850 insisteret;

1841 865 2029 921 videns
2054 882 2174 922 eum
2205 885 2296 924 rex
2327 871 2585 941 squalidis
2607 875 2942 932 vestimentis
2965 877 3229 944 indutum,
3256 879 3412 934 nudis
3487 902 3489 905 ·

1845 957 2070 1025 pedibus
2113 960 2470 1028 incedentem,
2510 967 2756 1035 opinatus
2801 977 2884 1024 est
2913 971 3040 1040 quia
3066 971 3151 1026 vir
3193 981 3414 1029 sanctus

1847 1047 1970 1101 talia
1996 1064 2101 1104 non
2133 1051 2406 1122 religionis
2434 1071 2594 1113 causa
2622 1059 2904 1127 proferret,
2943 1064 3036 1117 sed
3073 1064 3275 1120 ideirco
3311 1081 3410 1134 po-

1846 1136 1953 1191 tius
1979 1146 2035 1191 ut
2057 1142 2308 1207 pecunias
2337 1157 2704 1216 congregaret.
2727 1149 2977 1205 Promisit
3001 1167 3129 1222 ergo
3151 1153 3251 1208 sibi
3287 1155 3414 1226 quia

1849 1227 1892 1282 si
1926 1227 1993 1280 ab
2025 1228 2329 1298 hujusmodi
2361 1235 2600 1289 vanitate
2633 1237 2926 1305 recederet,
2972 1241 3084 1309 ipse
3131 1253 3417 1312 pauperta-

1853 1327 1956 1373 tem
1987 1320 2103 1389 ejus
2135 1319 2433 1391 largissima
2476 1325 2783 1382 divitiarum
2828 1329 3148 1388 liberalitate
3197 1335 3414 1388 ditarct.

1851 1409 2156 1465 Bonifacius
2188 1412 2367 1482 itaque
2408 1430 2529 1469 mox
2575 1417 2640 1471 ad
2673 1419 2959 1488 hospitium
2989 1421 3106 1477 sine
3135 1437 3283 1478 mora
3336 1440 3417 1477 re-

1852 1501 2111 1565 vertitur,
2165 1503 2570 1572 pretiosissimis
2637 1509 3031 1578 pontificalibus
3085 1517 3420 1569 ornamentis

1851 1593 2104 1647 decenter
2147 1593 2403 1660 induitur,
2448 1604 2503 1650 et
2551 1598 2628 1653 sic
2659 1598 2725 1652 ad
2756 1602 2897 1672 regis
2941 1603 3198 1671 palatium
3243 1606 3420 1660 denuo

180 1707 521 1767 provocatizs,
552 1697 625 1750 ait
660 1712 675 1750 :
709 1695 772 1749 Et
798 1708 899 1764 ego
935 1692 1240 1746 Bonifacius
1270 1707 1452 1746 vocor.
1485 1692 1594 1747 Cur
1617 1706 1747 1761 ergo
1781 1682 1825 1741 B
1852 1691 2227 1751 praesentatur.
2258 1682 2372 1738 Rex
2400 1696 2578 1741 autem
2602 1687 2791 1744 videns
2813 1705 2933 1744 eum
2958 1701 3065 1746 tam
3101 1693 3310 1748 decoris
3332 1711 3421 1748 ve-

182 1789 348 1844 etiam
378 1788 493 1858 ipse
534 1785 730 1842 Christi
758 1792 962 1856 martyr
991 1797 1110 1839 esse
1148 1799 1254 1838 non
1286 1782 1493 1839 debeo?
1554 1783 1756 1837 Deinde

181 1893 417 1948 quoque,
441 1876 552 1945 jam
584 1875 878 1931 monachus
907 1874 1099 1938 factus,
1141 1881 1288 1928 tanta
1319 1889 1377 1929 se
1423 1874 1759 1929 abstinentia:

181 1967 494 2037 frugalitate
519 1967 860 2032 constrinxit,
890 1974 950 2020 ut
983 1979 1124 2034 saepe
1146 1965 1440 2020 Dominicis
1468 1967 1678 2030 diebus,
1703 1972 1759 2020 et

181 2057 369 2126 quinta
408 2065 613 2111 tantum
662 2055 794 2110 feria
837 2070 934 2126 per
969 2053 1358 2109 hebdomadam
1391 2055 1756 2109 manducet-et.

183 2148 576 2218 Nonnunquam
600 2146 759 2218 551
792 2161 919 2201 vero
941 2147 985 2201 si
1011 2146 1306 2200 urticarum
1345 2144 1428 2199 vel
1457 2145 1617 2199 etiam
1662 2159 1756 2199 ve-

185 2240 365 2310 prium
391 2247 643 2294 cerneret
667 2238 1008 2302 densitatem,
1042 2236 1167 2291 illuc
1192 2251 1250 2291 se
1280 2235 1572 2306 projiciens
1606 2234 1756 2289 volu-

185 2329 355 2383 tabat.
405 2328 483 2383 Ex
533 2343 639 2398 quo
665 2343 785 2381 cum
821 2327 1036 2396 quidam
1091 2325 1258 2380 frater
1303 2325 1589 2393 aliquando
1635 2339 1758 2379 eum

183 2419 503 2487 corriperet,
518 2418 700 2472 dicens
726 2435 738 2470 :
763 2415 990 2486 Hypocri
1000 2424 1046 2468 ta
1057 2454 1070 2479 ,
1096 2428 1263 2484 quare
1275 2413 1373 2467 hoc
1388 2414 1452 2465 ad
1467 2412 1759 2480 captandas

184 2507 456 2577 popularis
489 2521 634 2560 aura:
665 2520 908 2560 rumores
932 2518 1112 2557 coram
1139 2502 1389 2556 omnibus
1417 2499 1588 2554 facis?
1625 2499 1758 2553 nihil

187 2596 328 2650 aliud
352 2596 626 2666 respondit
649 2593 889 2666 [quam]:
919 2593 1016 2647 Tui
1039 2592 1146 2647 sint
1161 2591 1514 2654 confessores,
1531 2591 1636 2644 mei
1651 2589 1759 2644 sint

186 2696 470 2757 martyres.
501 2686 632 2740 Cum
658 2700 785 2740 vero
814 2694 934 2754 post
963 2684 1268 2737 diuturnam
1295 2681 1584 2735 eremiti'cre
1623 2693 1756 2737 con-

187 2774 511 2830 versationis
539 2775 703 2829 vitam
735 2775 800 2829 ad
832 2771 1232 2844 praedicandum
1265 2772 1376 2840 jam
1408 2771 1486 2824 ire
1509 2770 1778 2839 dispone—_

188 2871 290 2928 ret,
319 2863 548 2918 Romam
576 2878 801 2934 pergere
846 2861 1078 2933 studuit,
1101 2870 1152 2915 et
1197 2863 1265 2914 ab
1313 2859 1604 2930 apostolica
1632 2858 1760 2914 sede

188 2955 648 3009 consecrationem
709 2953 1203 3023 archiepiscopatus
1277 2953 1503 3020 accepit.
1556 2950 1761 3006 Retulit

1858 1773 2032 1828 stibus
2084 1773 2434 1843 adornatum,
2486 1778 2601 1832 ait:
2649 1777 2799 1835 Nunc
2839 1782 3038 1838 scimus
3088 1784 3213 1853 quia
3261 1794 3313 1840 te
3353 1789 3420 1840 ad

1857 1878 2049 1917 vanam
2080 1865 2376 1920 doctrinam
2407 1883 2510 1922 non
2555 1871 2888 1938 paupertatis
2918 1873 3116 1944 inopia,
3157 1877 3250 1931 sed
3285 1879 3428 1931 veri-

1857 1955 1986 2010 tatis
2039 1955 2248 2026 impulit
2291 1958 2614 2029 ignorantia.
2665 1961 3048 2021 Verumtamen
3103 1969 3146 2023 si
3170 1969 3250 2024 vis
3295 1985 3422 2025 vera

1858 2044 2000 2098 credi
2032 2060 2150 2114 quae
2184 2048 2400 2112 asseris,
2432 2050 2709 2119 erigantur
2756 2052 2874 2108 dua:
2901 2056 3128 2111 excelsae
3159 2056 3422 2128 lignorum

1857 2141 2092 2197 catastae,
2117 2133 2432 2190 brevissimo
2449 2153 2476 2190 a
2503 2154 2561 2192 se
2587 2140 2873 2197 interstitio
2899 2153 3160 2214 separata:
3177 2186 3191 2211 ,
3224 2156 3278 2202 et
3301 2148 3425 2216 igne

1858 2223 2135 2291 supposito
2182 2240 2303 2279 cum
2355 2237 2621 2296 vaporatae
2666 2230 2884 2299 fuerint,
2937 2235 3008 2290 ita
3039 2244 3093 2289 ut
3147 2237 3428 2307 utriusque

1859 2312 2025 2367 struis
2042 2327 2181 2369 unus
2199 2314 2335 2385 ignis
2357 2329 2474 2372 esse
2503 2317 2768 2383 videatur,
2791 2331 2843 2375 tu
2870 2323 3032 2377 transi
3052 2339 3147 2393 per
3168 2327 3421 2391 medium.

1859 2402 2009 2469 Quod
2037 2404 2080 2459 si
2111 2405 2268 2461 lmsus
2290 2424 2352 2461 ex
2385 2409 2561 2478 aliqua
2586 2420 2737 2480 parte
2769 2411 2954 2480 fueris,
2982 2415 3110 2484 ipsis
3142 2424 3192 2470 te
3214 2415 3428 2484 penitus

1857 2491 2018 2564 452
2064 2498 2483 2552 consumendum
2532 2501 2740 2570 ignibus
2770 2505 3071 2576 trademus;
3116 2505 3198 2559 sin
3247 2515 3424 2559 autem

1860 2580 2024 2651 (quod
2054 2583 2200 2637 credi
2240 2599 2342 2638 non
2372 2588 2570 2654 potest)
2620 2604 2782 2643 sanus
2815 2592 3068 2656 evaseris,
3101 2607 3287 2647 omnes
3330 2609 3429 2649 nos

1813 2717 1817 2721 .
1859 2670 1970 2724 Deo
2015 2679 2104 2725 tuo
2133 2671 2331 2741 absque
2360 2673 2464 2727 ulla
2495 2676 2806 2748 dillicultate
2852 2680 3152 2735 credemus.
3187 2681 3428 2752 Cumque

1860 2759 1962 2814 hoc
1991 2761 2164 2816 fmdus
2194 2777 2295 2816 non
2337 2763 2506 2820 solum
2547 2754 2840 2834 Bonifacio,
2868 2771 2962 2825 sed
2993 2780 3044 2826 et
3074 2773 3283 2828 cunctis
3309 2789 3429 2843 qua:

1861 2847 2087 2903 aderant
2115 2852 2363 2921 gentibus
2406 2852 2712 2921 placuisset,
2745 2856 3047 2915 Bonifacius
3083 2861 3154 2914 ita
3182 2863 3429 2924 vestitus,

1861 2938 2004 2992 velut
2040 2940 2323 2996 missarum
2360 2943 2616 2998 solemnia
2671 2946 3057 3013 celebraturus,
3109 2951 3258 3020 prius
3308 2966 3430 3006 cum

189 3044 316 3097 mihi
342 3045 562 3113 quidam
591 3058 754 3100 senex
787 3045 1102 3108 monachus,
1127 3043 1216 3114 qui
1244 3057 1364 3097 eum
1394 3043 1515 3097 illuc
1543 3042 1759 3097 comita‘

1867 3027 2195 3082 sanctificata
2245 3043 2384 3099 aqua
2436 3041 2490 3085 et
2522 3031 2743 3089 incenso
2774 3035 2930 3090 thure
2975 3018 3211 3107 undique
3253 3039 3431 3108 perlu-

191 3143 274 3189 tus
312 3135 380 3188 de
410 3134 684 3203 Ravennae
713 3135 906 3191 finibus
931 3136 1124 3199 fuerat,
1150 3137 1274 3204 quia
1303 3135 1354 3188 in
1390 3143 1501 3189 toto
1536 3134 1625 3188 illo
1672 3133 1768 3188 iti-

188 3237 316 3278 nere
344 3224 428 3277 vir
449 3224 794 3289 venerabilis,
839 3239 962 3278 cum
991 3224 1242 3279 omnibus
1265 3223 1480 3292 quidem
1520 3223 1607 3290 qui
1640 3235 1764 3275 eum

189 3313 574 3382 sequebantur,
611 3313 860 3382 pedester
910 3313 1046 3379 ibat,
1099 3315 1192 3368 sed
1245 3313 1357 3380 ipse
1388 3312 1587 3380 jugiter
1622 3309 1766 3378 psal-

190 3404 325 3469 lens,
357 3413 414 3458 et
442 3403 612 3477 [ante]
643 3414 866 3459 exteros
895 3405 1070 3474 longe,
1107 3404 1264 3457 nudis
1299 3417 1511 3471 semper
1540 3401 1764 3469 pedibus

187 3492 489 3548 incedebat.
504 3492 608 3547 Pro
623 3493 1026 3565 laborelquidem
1042 3492 1252 3548 itineris
1262 3492 1499 3562 quotidie
1520 3491 1768 3545 comede-

188 3584 312 3646 bat,
356 3583 454 3637 sed
481 3598 578 3653 per
620 3583 858 3655 singulos
898 3584 1011 3638 dies
1057 3583 1123 3638 de
1166 3583 1343 3637 medio
1369 3597 1505 3651 pane
1531 3590 1584 3636 et
1627 3595 1766 3650 aqua

187 3673 402 3735 vivens,
446 3671 499 3726 iu
531 3671 717 3728 diebus
765 3673 939 3738 festis,
979 3673 1163 3743 ignoto
1212 3671 1462 3726 videlicet
1506 3670 1655 3726 omni
1699 3669 1767 3724 li-

187 3762 464 3827 quamine,
495 3762 806 3830 quotidiano
834 3761 1013 3817 victui'
1035 3777 1192 3834 poma
1227 3760 1480 3834 qualibet
1519 3761 1604 3818 vel
1635 3762 1763 3816 her-

187 3846 378 3902 barum
411 3849 623 3904 radices
647 3851 897 3906 addebat.

256 3938 557 4008 Postquam
587 3947 764 3995 auteni
793 3947 1142 3997 consecratus
1183 3949 1286 4008 est,
1316 3941 1555 4011 quotidie
1581 3942 1770 3997 obser-

192 4029 358 4083 vabat
387 4040 444 4083 et
481 4032 834 4087 monasticam
870 4033 1072 4102 pariter
1093 4041 1148 4088 et
1175 4035 1492 4088 canonicum
1530 4033 1584 4087 in
1626 4033 1769 4088 cele-

188 4117 416 4172 brandis
461 4119 717 4175 horarum
764 4119 952 4177 otIiciis
1004 4122 1264 4177 ordinem.
1317 4122 1450 4178 Cum
1493 4138 1622 4177 vero
1653 4123 1766 4193 jam

191 4209 328 4263 ultra
364 4221 651 4268 montanos
681 4221 887 4282 peteret
921 4214 1074 4278 ﬁnes,
1113 4229 1251 4283 equo
1281 4215 1497 4284 quidem
1526 4215 1764 4269 veheba-

193 4307 300 4362 tur,
347 4298 448 4353 sed
490 4289 810 4356 venerabilis
840 4302 1101 4372 pontifex,
1152 4303 1305 4358 sicuti
1361 4303 1578 4370 dicitur,
1608 4303 1765 4358 nudis

190 4386 445 4440 cruribus
458 4400 666 4457 semper
681 4397 736 4444 et
757 4391 950 4459 plantis
976 4393 1107 4446 adeo
1131 4392 1519 4448 intolerabilem
1535 4394 1770 4464 frigidis-

190 4474 342 4530 simae
371 4476 612 4546 regionis
642 4479 903 4535 tolerabat
931 4482 1190 4550 algorem,
1239 4492 1296 4537 ut
1325 4483 1510 4542 volens
1541 4487 1763 4540 descen-

189 4564 336 4628 dere,
369 4566 461 4618 vix
493 4569 682 4635 pedem
729 4570 798 4624 ab
840 4567 1182 4628 subhaérente
1226 4572 1369 4628 ferro
1415 4575 1766 4645 disjungeret,

189 4655 292 4708 nisi
327 4670 470 4724 aqua
501 4659 649 4726 prius
695 4660 1225 4721 calidasubveniret.
1273 4663 1354 4716 Ad
1405 4666 1634 4733 gentiles
1668 4680 1765 4718 au-

188 4749 295 4796 tem
326 4753 609 4813 postremo
646 4742 986 4818 perveniens,
1023 4763 1145 4804 cum
1176 4757 1318 4802 tanta
1347 4752 1516 4820 coepit
1570 4753 1763 4808 fervidi

189 4840 425 4905 pectoris
455 4842 754 4896 constantia
789 4841 1102 4912 praedicare,
1132 4851 1190 4896 ut
1224 4841 1336 4910 jam
1368 4843 1546 4898 nullus
1599 4843 1768 4898 ambi-

191 4937 342 4995 geret
379 4929 516 4998 quin
565 4930 651 4984 vir
711 4939 933 4986 sanctus
987 4934 1304 5004 martyrium
1352 4933 1637 5004 ﬂagitaret.
1689 4933 1767 4987 llli

191 5036 316 5077 vero
342 5025 598 5079 timentes
625 5041 712 5091 ne,
736 5027 875 5081 sicut
895 5034 1019 5094 post
1045 5025 1361 5094 martyrium
1384 5026 1443 5080 B.
1473 5026 1769 5090 Adelberti,

193 5115 612 5170 coruscantibus
640 5115 1017 5172 miraculorum
1067 5114 1254 5188 signis,
1286 5114 1615 5174 Sclavonicae
1643 5131 1770 5183 gen-

263 5293 410 5322 Ιοκοῖ
455 5291 645 5322 νζΙΙΛι-οι
704 5303 750 5322 nl
805 5288 1044 5322 :mnnl:ln
1073 5290 1252 5320 ο---ιξηα
1304 5287 1508 5322 βία-νυοί.
1556 5301 1633 5322 An.
1704 5290 1770 5322 ΑΔ

1866 3123 2045 3170 strans
2072 3119 2270 3186 ignem,
2303 3117 2494 3173 deinde
2530 3120 2816 3176 stridentes
2860 3122 3195 3177 flammarum
3244 3124 3430 3194 globos

1865 3206 2158 3276 ingressus,
2194 3207 2264 3259 ita
2292 3207 2458 3260 exivit
2503 3208 2696 3263 illzcsus
2729 3219 2785 3263 ut
2820 3225 2919 3265 nec
2955 3211 3207 3265 minimus
3240 3212 3432 3280 capitis

1865 3294 1980 3364 ejus
2015 3294 2239 3362 capillus
2283 3295 2560 3349 videretur
2583 3306 2824 3351 exustus.
2860 3297 3011 3352 Tunc
3042 3314 3133 3353 rex
3160 3307 3214 3354 et
3249 3302 3429 3355 cancri

1865 3381 1955 3448 qui
1988 3381 2112 3435 huic
2152 3382 2456 3449 spectaculo
2487 3382 2862 3450 interfuerant,
2905 3387 3216 3441 catervatim
3266 3403 3323 3444 se
3363 3391 3428 3443 ad

1865 3469 2026 3538 pedes
2055 3470 2195 3525 beati
2223 3471 2319 3525 viri
2352 3471 2656 3541 projiciunt,
2687 3474 3070 3545 indulgentiam
3101 3476 3429 3548 lacrymabi-

1865 3559 1990 3613 liter
2012 3569 2218 3629 petunt,
2267 3570 2322 3616 et
2350 3561 2610 3634 baptizari
2639 3579 2697 3620 se
2741 3566 3126 3623 instautissima
3164 3569 3433 3640 supplica-

1865 3649 2012 3704 tione
2037 3649 2348 3720 deposcunt.

1935 3759 2110 3832 Cmpit
2145 3761 2327 3831 itaque
2354 3771 2502 3818 tanta
2533 3764 2768 3836 gentium
2818 3766 3100 3822 multitudo
3146 3769 3212 3822 ad
3263 3768 3436 3838 bapti-

1866 3865 1981 3906 sma
2011 3850 2297 3917 confluere,
2315 3861 2376 3906 ut
2399 3854 2481 3907 vir
2505 3863 2724 3910 sanctus
2745 3856 2810 3909 ad
2831 3866 3125 3926 spatiosum
3147 3859 3432 3926 quemdam

1866 3939 2042 3996 lacum
2069 3951 2335 4010 pergeret,
2373 3951 2428 3998 et
2457 3944 2506 3997 in
2539 3945 2654 4013 ipsa
2687 3960 2948 4014 aquarum
2977 3947 3308 4003 abundantia
3339 3964 3435 4019 po-

1867 4031 2047 4101 pulum
2077 4031 2394 4101 baptizaret.
2439 4033 2684 4090 Decrevit
2719 4046 2898 4090 autem
2941 4053 3031 4091 rex
3077 4045 3158 4103 ut,
3206 4054 3428 4109 regnum

1866 4121 2174 4191 relinquens
2197 4122 2328 4188 filio,
2353 4123 2488 4192 ipse,
2511 4125 2744 4194 quandiu
2768 4126 2995 4192 viveret,
3023 4141 3082 4182 se
3106 4143 3134 4181 a
3164 4127 3439 4183 Bonifacto

1868 4213 2172 4270 nullatenus
2199 4224 2504 4284 separaret;
2532 4217 2701 4272 frater
2739 4226 2918 4272 autem
2966 4218 3128 4287 regis,
3171 4232 3292 4271 cum
3323 4219 3436 4286 ipse

1870 4305 2074 4373 pariter
2102 4305 2368 4370 habitans,
2406 4307 2532 4360 dum
2562 4307 2726 4361 nollet
2761 4307 3002 4369 credere,
3030 4305 3251 4359 absente
3278 4303 3439 4358 Boni-

1872 4395 2031 4460 facio,
2060 4396 2128 4450 ab
2158 4396 2272 4464 ipso
2303 4409 2428 4464 rege
2455 4405 2765 4463 peremptus
2784 4404 2886 4449 est.
2919 4394 3068 4447 Alius
3094 4406 3220 4446 vero
3247 4392 3438 4460 frater,

1871 4487 1960 4555 qui
1983 4486 2094 4555 jam
2120 4500 2149 4538 a
2175 4485 2315 4552 regis
2341 4493 2457 4538 erat
2479 4483 2884 4539 cohabitatione
2905 4483 3128 4547 divisus,
3149 4497 3275 4536 mox
3293 4483 3440 4556 (261)

1870 4575 1937 4628 ad
1967 4589 2090 4628 eum
2116 4572 2200 4626 vir
2229 4572 2746 4637 venerabilisvenit,
2787 4573 2974 4628 audire
3006 4571 3312 4640 ejusverha
3342 4589 3442 4630 no-

1867 4661 1986 4728 luit,
2017 4662 2111 4715 sed
2141 4661 2206 4715 de
2231 4663 2581 4716 conversione
2609 4660 2792 4716 fratris
2822 4663 2991 4718 nimia
3022 4661 3282 4716 adversus
3317 4678 3445 4719 eum

1866 4752 1947 4806 ira
1972 4766 2262 4807 succensus
2275 4751 2528 4805 continuo
2554 4751 2986 4822 comprehendit,
3011 4748 3219 4812 deinde,
3246 4750 3452 4809 timens
3479 4795 3485 4800 .

1865 4862 1955 4913 ne,
1978 4846 2026 4902 si
2052 4845 2232 4900 vivum
2263 4853 2486 4909 teneret,
2513 4858 2608 4898 rex
2633 4860 2754 4901 eum
2779 4844 2844 4897 de
2867 4843 3124 4901 manibus
3144 4840 3258 4908 ejus
3277 4846 3464 4916 eripe-

1865 4948 1972 5006 ret,
2003 4939 2056 4993 in
2091 4952 2188 4992 sua
2213 4937 2513 5007 praesentia,
2540 4937 2937 4995 circumstante
2963 4949 3079 4994 non
3101 4946 3265 5001 parva
3286 4934 3489 4995 hami;

1866 5045 1995 5085 num
2027 5027 2389 5094 multitudine,
2417 5027 2671 5084 decollari
2694 5033 2984 5101 praecepit.
3032 5021 3224 5078 Statim
3250 5037 3404 5086 vero
3435 5041 3493 5087 ει

1869 5121 1985 5192 ipse
2013 5126 2245 5176 caecatus
2276 5126 2380 5180 est,
2421 5127 2476 5174 et
2522 5126 2706 5176 tantus
2733 5133 2860 5172 eum
2916 5132 3047 5180 cum
3075 5111 3324 5168 omnibus
3398 5125 3496 5192 qui

1874 5294 2068 5322 “his...
2098 5287 2177 5322 QQ
2235 5288 2416 5322 Alnvin
2460 5297 2508 5322 ΔΙ
2555 5287 2833 5322 ΩΛηῖΓηΛῖΛ
2867 5282 3174 5322 υμαιιηιῖφ
3205 5279 3502 5322 ονρὶιίοηῖ-
