3992 5322
557 299 623 354 79

519 432 771 484 asubant
800 438 983 499 stupor
1007 436 1292 504 oppressit,
1325 448 1383 493 ut
1413 440 1559 513 (262)
1588 445 1700 512 luce
1733 449 1953 517 sentire,
1988 466 2085 506 nec

525 513 720 586 aliquid
753 516 1101 575 humanitatis
1121 522 1353 580 ofﬁcium
1383 544 1545 598 agere
1584 533 1920 603 aliquatenus
1940 513 2088 607 ipos-

508 617 672 667 sent,
707 604 800 658 sed
828 609 1030 673 cuncti,
1076 611 1461 684 velutlapides,
1505 620 1661 691 rigidi
1699 634 1752 678 et
1791 604 2091 684 immobiles

502 708 918 761 permanerent.
961 698 1075 755 Rex
1125 714 1302 759 autem
1348 709 1450 765 hoc
1505 714 1750 782 audiens,
1789 719 1957 776 nimio
1995 723 2090 776 do-

497 777 629 832 ture
659 797 962 853 percussus,
995 794 1213 848 omnino
1235 796 1496 855 deliberat
1531 819 1635 857 non
1662 807 1832 861 solum
1867 808 2087 866 fratrem

514 874 786 940 occidere,
813 880 905 934 sed
929 891 982 935 et
1011 894 1237 940 cunctos
1283 891 1372 957 qui
1413 893 1515 948 sibi
1545 896 1678 950 tanti
1706 907 1886 954 reatus
1915 900 2090 956 fauto-

514 975 603 1016 res
626 968 968 1037 exstiterant,
997 973 1186 1042 gladiis
1219 978 1502 1036 trucidare.
1531 982 1634 1039 Sed
1657 993 1779 1040 ‘cum
1806 988 1932 1044 illuc
1965 1005 2089 1059 pro—

515 1051 659 1107 tinus
673 1054 997 1125 advenisset,
1021 1071 1094 1128 et,
1124 1079 1348 1135 corpore
1363 1073 1615 1141 martyris
1638 1075 1812 1131 adhuc
1836 1077 1888 1130 in
1912 1079 2090 1136 medio

512 1141 709 1209 posito,
736 1142 960 1202 fratrem
988 1152 1146 1207 simul
1178 1171 1298 1210 cum
1351 1159 1574 1226 reliquis
1613 1161 1924 1221 horninibus
1970 1167 2089 1222 sine

512 1245 673 1285 sensu
729 1243 782 1288 et
808 1246 956 1292 motu
987 1243 1315 1310 stupefactus
1359 1256 1539 1304 astare
1584 1253 1936 1322 conspiceret,
1983 1257 2088 1313 hoc

510 1319 608 1373 sibi
642 1337 766 1377 cum
811 1328 924 1382 suis
953 1332 1202 1386 onmibus
1223 1335 1440 1403 placuit,
1469 1349 1528 1392 ut
1557 1319 1829 1412 prius—pro
1854 1346 1936 1400 eis
1959 1360 2084 1402 ora-

511 1410 585 1463 tio
614 1411 783 1478 fieret,
806 1417 849 1471 si
876 1418 1099 1475 forsitan
1124 1424 1228 1479 illis
1252 1428 1429 1482 divina
1455 1430 1821 1488 misericordia
1867 1451 2084 1494 sensum

509 1523 667 1572 quem
703 1510 998 1566 amiserant
1047 1514 1395 1586 reformarct;
1447 1523 1637 1579 deinde
1686 1526 1730 1580 si
1774 1529 2086 1598 acquiesce-

510 1610 631 1655 rent
671 1604 914 1669 credere,
945 1607 1150 1664 indulto
1185 1612 1410 1676 crimine
1440 1616 1717 1684 viverent;
1748 1619 1830 1674 sin
1879 1631 2081 1690 autem,

510 1707 696 1746 omnes
735 1694 998 1751 ultoribus
1040 1699 1232 1769 gladiis
1282 1703 1588 1761 interirent.
1634 1707 1767 1762 Cum
1810 1710 1978 1780 igitur
2027 1720 2082 1767 et

512 1787 570 1836 τ’)
601 1786 716 1855 ipso
750 1802 872 1858 rege
925 1799 976 1845 et
1015 1807 1042 1844 a
1075 1795 1288 1849 eteteris
1309 1795 1631 1856 Christianis
1650 1801 1851 1858 diutius
1888 1802 2078 1862 fuisset

944 319 1001 373 8.
1035 321 1233 379 PETRI
1273 326 1558 386 DAMIANI
1593 334 1742 389 OPP.
1769 337 1946 394 PARS
1987 340 2116 397 SEU
2151 341 2386 402 TOMUS
2423 348 2487 404 ll.
2528 379 2596 390 —-
2638 349 3056 417 SANCTGRUM
3111 363 3310 422 “LE.

3663 380 3760 437 980

2112 457 2160 514 Α
2190 458 2420 513 nachum
2443 462 2683 532 mittunt,
2710 476 2764 522 et
2791 483 2889 538 per
2905 485 3026 527 eum
3051 489 3080 528 a
3105 491 3326 533 summa
3347 483 3494 539 sedis
3523 488 3764 546 antistite

2191 546 2517 613 praedicandi
2565 553 2836 612 licentiam
2889 570 3095 629 petunt.
3155 564 3446 636 lnjungunt
3499 576 3664 631 etiam
3708 590 3764 633 ut

2190 638 2414 692 nuntius
2442 639 2530 695 ille
2556 643 2764 713 aliquos
2789 663 2970 704 secum
2995 652 3061 708 de
3096 652 3160 708 B.
3201 655 3483 717 Romualdi
3508 663 3760 723 fratribus

2191 725 2408 783 duceret
2432 733 2542 800 qui,
2571 737 2861 794 eremiticae
2879 746 3301 804 conversationis
3324 753 3477 820 gnari
3498 795 3515 822 ,
3542 771 3667 811 cum
3687 759 3761 813 eis

2191 817 2348 873 simul
2375 821 2430 876 in
2457 823 2770 884 Sclavorum
2797 833 3039 900 partibus
3068 817 3393 896 habitarent.

2259 951 2552 1012 Busclavus
2583 969 2760 1016 autem
2800 963 2984 1020 volens
3010 982 3262 1025 coronam
3284 973 3366 1028 sui
3389 978 3539 1046 regni
3567 993 3633 1032 ex
3659 979 3760 1034 Ro-

2191 1056 2347 1098 mana
2396 1049 2719 1104 auctoritate
2764 1054 3055 1123 suscipere,
3104 1061 3388 1128 praedictos
3429 1069 3760 1124 venerabiles

2189 1131 2336 1188 viros
2365 1134 2560 1190 obnixa
2598 1140 2762 1210 cmpit
2806 1145 3189 1212 supplicatione
3216 1150 3510 1221 deposcere
3569 1167 3631 1210 ut
3665 1160 3759 1227 ipsi

2188 1220 2414 1292 plurima
2440 1226 2557 1294 ejus
2581 1230 2716 1284 dona
2742 1247 2891 1302 papae
2920 1234 3212 1306 deferrent,
3242 1220 3296 1296 et
3322 1258 3584 1300 coronam
3612 1220 3708 1303 sibi
3732 1267 3758 1316 a

2187 1315 2316 1370 sede
2341 1317 2632 1386 apostolica
2664 1331 3018 1391 reportarent.
3057 1328 3157 1396 Qui
3194 1333 3354 1401 regize
3396 1337 3649 1404 petitioni
3680 1353 3761 1393 as-

2187 1418 2403 1462 sensum
2432 1409 2643 1479 penitus
2670 1411 3016 1486 denegautes,
3059 1420 3346 1477 dixerunt:
3378 1424 3488 1480 Nos
3523 1428 3578 1481 in
3610 1444 3760 1484 sacro

2186 1495 2375 1552 ordine
2400 1501 2556 1568 positi
2584 1516 2789 1569 sumus,
2843 1516 3070 1564 tractare
3101 1513 3254 1566 nobis
3282 1515 3567 1570 saecularia
3608 1535 3763 1590 nego-

2187 1586 2261 1642 tia
2299 1587 2516 1644 minime
2543 1590 2695 1658 licet;
2721 1602 2774 1648 et
2808 1597 2903 1659 ita,
2927 1598 3290 1669 relinquentes
3327 1620 3536 1676 regem,
3571 1607 3640 1660 ad
3665 1586 3762 1662 eel-

2187 1673 2294 1730 lam
2344 1680 2547 1735 reversi
2594 1690 2738 1737 sunt.
2779 1684 3005 1752 Quidam
3052 1704 3180 1746 vero
3223 1694 3365 1763 regis
3394 1673 3764 1766 agnoscentes

2179 1759 2468 1822 consilium
2485 1811 2499 1834 ,
2523 1771 2614 1825 sed
2637 1772 2764 1842 quid
2787 1776 2953 1829 sancti
2984 1777 3084 1832 viri
3112 1759 3483 1850 responderint
3516 1785 3762 1854 ignorau-

557 1892 565 1902 υ
619 1845 632 1855 ·
809 1845 837 1858 ν
1318 1845 1631 1856 """""""
1652 1845 1851 1906 “’“’“ζ“⁹
1888 1845 2078 1910 ’“⁸ἶ’”ῗ’
2104 1845 2150 1904 Β
2181 1865 2278 1923 tes,
2303 1859 2575 1929 copiosum
2606 1863 2722 1916 auri
2752 1866 2988 1934 pondus,
3018 1871 3158 1937 quod
3192 1872 3510 1927 mittendum
3552 1885 3761 1944 aposto-

520 1886 739 1939 uatum,
774 1894 878 1933 non
911 1879 1081 1936 solum
1111 1899 1258 1953 pllOl‘
1287 1901 1476 1943 sensus
1505 1889 1819 1960 stupefactis
1842 1895 2076 1952 homtm-
2179 1947 2212 1960 ..
2313 1950 2335 1960 ,
2920 1959 2925 1960 κ

507 1970 606 2023 bus
637 1972 902 2038 redditur,
927 1978 1020 2031 sed
1047 1977 1265 2048 insuper
1295 1984 1572 2040 consilium
1602 2002 1813 2058 quoque
1835 1989 2078 2062 ﬂagitan-

507 2059 587 2113 dae
616 2076 757 2116 verte
783 2064 970 2119 salutis
1000 2079 1243 2138 augetur.
1273 2070 1408 2128 Nam
1433 2076 1686 2132 continuo
1707 2059 2076 2147 paenitentiam

508 2148 588 2201 sui
616 2151 857 2207 criminis
881 2153 1128 2212 flebiliter
1150 2170 1426 2229 expetunt,
1460 2165 1710 2235 baptismi
1737 2180 2078 2228 sacramenta

506 2253 626 2293 cum
657 2256 848 2311 magna
881 2245 1162 2303 alacritate
1189 2251 1508 2320 suscipiunt,
1540 2271 1702 2325 super
1730 2273 1925 2329 corpus
1945 2277 2079 2332 quae

507 2343 611 2398 que
655 2332 952 2391 beatissimi
982 2341 1234 2411 martyris
1261 2344 1544 2400 ecclesiam
1583 2358 1924 2408 construunt.
1970 2353 2077 2409 Ve-

507 2431 806 2479 rumtamen
840 2441 937 2497 ego
966 2429 1009 2483 si
1061 2431 1128 2486 de
1171 2431 1270 2487 hoc
1298 2435 1529 2492 mirabili
1557 2439 1673 2494 viro
1703 2451 1913 2508 cuncta,
1959 2460 2078 2515 qua:

504 2509 611 2564 diei
642 2516 904 2571 veraciter
931 2530 1177 2586 possunt,
1212 2522 1472 2579 virtutum
1500 2527 1638 2583 dona
1665 2530 1868 2587 referre
1895 2509 2076 2589 tenta-

506 2619 639 2671 rem,
671 2609 924 2666 deficeret
957 2613 1182 2670 forsitan
1213 2616 1414 2688 lingua,
1451 2635 1558 2675 non
1597 2623 1882 2680 deficiente
1910 2635 2081 2683 mate-

505 2696 606 2749 ria.
669 2699 802 2753 Dum
857 2702 1020 2771 igitur
1070 2705 1329 2763 Bonifacii
1363 2709 1538 2765 virtus
1582 2713 1799 2783 proprio
1842 2715 2080 2787 indigeat

503 2784 666 2853 stylo,
699 2788 900 2845 idcirco
937 2801 1115 2848 tamen
1141 2795 1288 2850 illum
1314 2813 1435 2852 cum
1467 2799 1587 2855 aliis
1605 2801 1886 2858 Romualdi
1918 2805 2080 2860 disci-

504 2875 642 2942 pulis
675 2891 1042 2938 summotenus
1081 2885 1169 2939 hic
1193 2885 1353 2958 453
1383 2903 1684 2945 memorare
1712 2907 1990 2958 curamus,
2015 2903 2076 2948 ut

505 2984 573 3021 ex
603 2983 786 3022 eorum
811 2970 966 3025 laude
987 2990 1145 3044 quam
1179 2993 1404 3046 magnus
1425 2980 1508 3033 vir
1532 2981 1796 3051 gloriosus
1824 2983 2075 3053 Magister

507 3077 693 3114 eorum
746 3062 904 3116 fuerit
953 3065 1400 3135 demonstremus,
1432 3080 1714 3139 quatenus,
1744 3073 1869 3128 dum
1915 3075 2071 3130 celsi-

503 3151 636 3207 tudo
666 3151 937 3208 clientium
983 3155 1206 3214 auribus
1231 3157 1466 3215 ftdelium
1507 3160 1739 3229 insonat,
1771 3177 1931 3234 quam
1974 3180 2070 3221 ex-

507 3239 686 3294 celsus
733 3242 930 3298 Doctor
959 3259 1146 3300 eorum
1192 3247 1356 3303 fuerit
1397 3265 1462 3305 ex
1493 3250 1675 3309 schola
1705 3268 1866 3323 quam
1908 3255 2078 3313 tenuit

503 3330 823 3384 innotescat.

1033 3445 1260 3503 CAPUT
1313 3447 1542 3507 XXVII].

752 3551 828 3608 De
862 3553 1067 3612 Joanne
1102 3565 1151 3612 et
1182 3557 1460 3617 Benedicto
1493 3567 1826 3636 martyribus.

575 3661 806 3729 interea,
838 3663 1137 3722 Romualdo
1191 3669 1244 3723 in
1301 3669 1468 3727 Pereo
1521 3673 1696 3732 adhuc
1759 3676 2072 3745 habitante,

501 3751 792 3808 Busclavus
818 3770 914 3809 rex
936 3771 1120 3825 preces
1153 3758 1459 3827 imperatori
1497 3763 1714 3832 direxit,
1742 3775 1802 3821 ut
1838 3767 1939 3822 sibi
1967 3769 2078 3838 spi-

502 3842 728 3897 rituales
753 3845 895 3898 viros
924 3847 1157 3900 mitteret
1185 3849 1274 3917 qui
1303 3852 1449 3920 regni
1474 3853 1553 3906 sui
1584 3864 1790 3923 gentem
1819 3858 1884 3911 ad
1915 3857 2073 3913 ﬁdem

505 3942 781 3985 vocarent.
825 3931 944 3986 Mox
991 3934 1348 3992 llomualdum
1402 3939 1692 4010 imperator
1734 3946 2071 4015 aggreditur,

503 4031 559 4073 et
587 4023 807 4077 concedi
839 4025 937 4079 sibi
981 4028 1045 4081 de
1075 4029 1186 4082 suis
1215 4032 1494 4085 monachis
1530 4034 1617 4102 qui
1652 4034 1773 4090 illuc
1817 4039 2072 4094 destinari

505 4108 711 4161 utiliter
756 4111 969 4165 valeant
1012 4115 1348 4184 deprecatur.
1391 4119 1482 4174 Ille
1521 4137 1649 4176 vero
1689 4123 1818 4178 nulli
1854 4142 2072 4181 suorum

507 4199 608 4252 hoc
637 4199 928 4267 praecipere
951 4202 1093 4256 velut
1113 4220 1176 4258 ex
1200 4207 1522 4274 prtelationis
1546 4213 1862 4267 auctoritate
1886 4213 2071 4281 voluit,

505 4287 600 4340 sed
645 4286 699 4340 in
739 4301 922 4342 eorum
955 4298 1077 4346 voto
1115 4308 1334 4362 ponens,
1369 4297 1484 4351 sive
1522 4303 1771 4357 manendi
1816 4304 1928 4359 sive
1979 4307 2074 4361 ab-

501 4376 661 4432 eundi
691 4376 772 4432 eis
802 4378 951 4449 (265)
1013 4383 1280 4451 optionem
1317 4386 1482 4444 dedit.
1521 4389 1802 4459 ignorabat
1829 4393 1970 4448 enim
2005 4410 2073 4450 ex

503 4480 611 4522 tam
646 4471 930 4524 metuendo
961 4475 1173 4542 negatio
1196 4474 1522 4533 voluntatem
1554 4481 1667 4548 Dei,
1710 4493 1763 4537 et
1800 4483 1920 4539 ideo
1965 4501 2071 4542 non

503 4557 632 4611 illud
687 4574 785 4612 suo
826 4561 918 4614 sed
949 4561 1172 4616 fratrum
1203 4565 1380 4634 potius
1417 4569 1643 4625 arbitrio
1684 4574 2071 4631 committebat.

499 4652 872 4721 lnterrogante
898 4654 1060 4723 igtur
1085 4671 1178 4711 eos
1205 4658 1373 4728 (9.64),
1409 4673 1461 4715 et
1487 4661 1764 4718 humiliter
1787 4667 2076 4722 obsecran-

497 4750 564 4802 te,
605 4741 816 4795 tandem
848 4741 951 4796 duo
977 4744 1307 4800 solummodo
1330 4759 1454 4802 sunt
1480 4766 1545 4804 ex
1574 4753 1821 4807 omnibus
1872 4755 2073 4809 inventi

490 4830 585 4896 qui
621 4846 680 4884 se
703 4832 844 4886 ultro
869 4829 932 4885 ad
963 4833 1208 4888 euntdem
1237 4835 1512 4907 promptos
1544 4839 1792 4895 oﬂerunt.
1833 4843 2071 4909 Quorum

490 4935 641 4974 unus
667 4917 918 4982 Joannes,
940 4920 1260 4978 Benedictus
1289 4925 1424 4980 alter
1450 4929 1757 4984 \Oeabatur.
1799 4931 1861 4984 lli
1890 4932 2072 5002 itaque

494 5012 559 5048 sul
593 5011 910 5048 “Incol-unum
943 5023 1129 5048 αυτηορ
1175 5013 1226 5048 in
1249 5029 1426 5048 nun-nn
1452 5020 1596 5048 nmina
1627 5035 1718 5048 ΛΑ..
1747 5032 1924 5048 “an-..

2179 1947 2281 2003 lico
2309 1950 2512 2018 fuerat,
2549 1969 2731 2010 secum
2769 1971 2861 2011 eos
2899 1959 3148 2015 detulisse
3183 1963 3248 2017 ad
3277 1964 3525 2020 cellulam
3564 1966 3761 2035 opinati

2178 2049 2321 2096 sunt.
2359 2042 2559 2098 Deinde
2590 2045 2728 2100 intra
2771 2061 2829 2102 se
2875 2052 3230 2110 conventione
3271 2065 3429 2124 pacta
3462 2059 3760 2114 condicunt

2179 2139 2238 2186 ut
2267 2143 2429 2188 noctu
2471 2150 2708 2190 eremum
2739 2137 2968 2195 latenter
3007 2142 3232 2213 ingressi
3272 2147 3573 2201 monachos
3603 2148 3760 2202 inter-

2179 2222 2406 2277 ficerent
2447 2232 2503 2278 et
2533 2227 2814 2294 pecuniam
2845 2239 3200 2297 asportarent.
3261 2232 3406 2300 Quos
3455 2251 3582 2290 cum
3625 2238 3758 2290 beati

2178 2311 2279 2366 viri
2307 2320 2576 2369 tentantes
2612 2315 2910 2386 irrumpere
2935 2323 3350 2389 persensissent,
3372 2325 3645 2380 adventus
3672 2341 3759 2380 eo-

2179 2418 2296 2457 rum
2331 2419 2545 2460 causam
2583 2409 2828 2476 protinus
2860 2424 3232 2481 agnoscentes,
3256 2417 3654 2473 confessionem
3683 2420 3756 2473 in-

2180 2502 2262 2549 ter
2289 2510 2347 2550 se
2371 2494 2549 2553 facere
2577 2509 2630 2554 et
2655 2513 2852 2558 sancta:
2875 2505 3050 2561 erucis
3080 2521 3138 2561 se
3177 2522 3388 2579 ccepere
3415 2512 3618 2564 vexillo
3643 2527 3752 2565 mu-

2177 2583 2314 2638 nire.
2365 2585 2534 2641 Erant
2566 2598 2746 2644 autem
2793 2591 2864 2646 ibi
2915 2594 3018 2649 duo
3062 2597 3214 2665 pueri
3268 2612 3455 2652 eorum
3499 2598 3755 2668 obsequio

2176 2671 2340 2746 454
2363 2690 2429 2729 ex
2461 2677 2576 2730 aula
2604 2680 2750 2750 regia
2775 2681 3008 2750 deputati
3036 2685 3148 2754 qui,
3179 2697 3338 2754 prout
3365 2687 3513 2742 vires
3540 2690 3752 2752 dabant,

2176 2769 2322 2816 stare
2349 2778 2446 2832 pro
2475 2767 2676 2822 sanctis
2718 2777 2772 2823 et
2814 2768 3021 2826 furibus
3051 2773 3302 2829 resistere
3331 2775 3435 2829 nisi
3467 2785 3618 2831 sunt.
3658 2776 3756 2830 Fu-

2176 2865 2265 2905 res
2293 2867 2420 2908 vero
2461 2866 2674 2925 reperto
2721 2859 2934 2915 tandem
2986 2861 3133 2917 aditu
3174 2864 3448 2921 irruentes
3500 2866 3756 2920 extractis

2174 2942 2367 3012 gladiis
2403 2960 2591 3003 omnes
2639 2950 2841 3019 pariter
2878 2953 3209 3008 occiderunt.
3250 2954 3401 3011 Tune
3445 2957 3756 3011 thesaurum

2172 3035 2329 3088 anxie
2366 3038 2765 3105 perquirentes,
2793 3042 2887 3096 sed
2917 3044 3122 3098 eversis
3148 3046 3395 3099 omnibus
3436 3046 3575 3100 nihil
3611 3047 3756 3101 iuve-

2177 3128 2404 3193 nientes,
2435 3140 2490 3185 ut
2516 3134 2646 3188 tanti
2679 3145 2858 3191 reatus
2881 3137 3084 3191 crimen
3105 3137 3418 3207 obtegerent
3441 3149 3495 3194 et
3525 3139 3753 3193 humana

2103 3191 2147 3255 C
2178 3222 2414 3293 suspicio
2448 3239 2552 3281 non
2581 3225 2766 3292 armis,
2793 3229 2888 3283 sed
2914 3227 3144 3284 ﬂammis
3173 3231 3347 3300 potius
3373 3232 3519 3300 quod
3557 3229 3752 3285 factum

2177 3311 2716 3383 fueratdeputareut,
2760 3317 2949 3370 cellam
3001 3318 3289 3373 incendere
3331 3327 3387 3373 et
3425 3319 3543 3388 ipsa
3581 3319 3754 3373 conati

2175 3412 2302 3458 sunt
2355 3413 2653 3476 martyrum
2701 3407 2961 3462 cadavera
3007 3407 3354 3476 conﬂagrare.
3407 3410 3516 3464 Sed
3555 3409 3751 3463 admoti

2177 3492 2350 3560 ignes,
2379 3493 2590 3547 amissis
2611 3503 2811 3549 natura:
2836 3495 3060 3562 viribus,
3091 3498 3167 3552 nil
3187 3499 3405 3552 omnino
3433 3513 3753 3553 consumere

2153 3581 2300 3636 .ullis
2345 3582 2619 3638 hominum
2666 3586 2857 3641 studiis
2897 3595 3135 3656 potuere.
3184 3580 3259 3643 ita
3310 3590 3455 3644 enim
3492 3606 3590 3645 eos
3640 3591 3750 3658 ipsa

2175 3671 2337 3726 etiam
2382 3673 2644 3741 parietum
2691 3677 2943 3732 materies
2987 3678 3274 3746 repellebat
3299 3695 3361 3733 ac
3391 3681 3439 3735 si
3478 3696 3578 3750 pro
3601 3680 3754 3750 lignis

2175 3761 2449 3817 durissimi
2500 3763 2674 3819 silices
2722 3775 2921 3822 essent.
2974 3767 3239 3823 Frustrati
3289 3769 3471 3838 itaque
3520 3770 3669 3824 fures
3701 3772 3750 3824 in

2175 3850 2356 3922 fugam
2383 3863 2440 3907 se
2469 3853 2716 3908 conferre
2741 3856 3006 3920 nituntur,
3030 3859 3123 3913 sed
3143 3869 3196 3912 et
3216 3858 3318 3913 hoc
3343 3859 3448 3913 illis
3477 3875 3545 3914 ex
3575 3861 3749 3914 divina

2173 3942 2510 4014 providentia
2562 3946 2877 4017 denegatur.
2938 3947 3069 4003 Tota
3127 3949 3391 4020 siquidem
3444 3958 3608 4005 nocte
3660 3964 3754 4019 per

2176 4035 2376 4090 fruteta
2431 4050 2750 4103 nemorum,
2803 4054 2900 4110 per
2950 4039 3286 4095 latitudinem
3335 4041 3611 4104 saltuum,
3660 4056 3753 4111 per

2173 4141 2342 4195 opaca
2385 4127 2638 4183 silvarum
2687 4130 2830 4184 viam
2879 4132 3079 4185 anxiati
3124 4141 3247 4186 sunt
3289 4145 3556 4202 quaerere,
3593 4147 3750 4202 quam

2175 4226 2356 4271 tamen
2390 4216 2690 4272 nullatenus
2728 4218 2940 4274 valuere
2982 4219 3299 4275 errabundis
3333 4221 3580 4290 vestigiis
3607 4221 3750 4274 inve-

2175 4307 2311 4361 nire.
2354 4306 2459 4362 Sed
2491 4323 2662 4378 neque
2690 4309 2944 4379 pugiones
2970 4309 3023 4363 in
3048 4310 3266 4380 vaginas
3299 4311 3598 4365 recondere
3635 4324 3751 4364 are-

2175 4395 2335 4453 factis
2361 4399 2595 4454 brachiis
2619 4410 2922 4469 potuerunt.
2965 4400 3064 4456 Ubi
3112 4416 3241 4455 vero
3277 4411 3594 4455 sanctorum
3611 4399 3751 4467 jace-

2177 4486 2308 4542 bant
2334 4502 2580 4556 corpora,
2606 4488 2876 4554 copiosum
2902 4489 3079 4544 lumen
3110 4504 3276 4558 usque
3309 4488 3364 4543 in
3402 4488 3548 4543 diem
3573 4489 3751 4558 splen-

2176 4578 2393 4632 descere
2426 4585 2481 4630 et
2515 4577 2818 4632 dulcissima
2848 4579 3101 4649 angelica:
3136 4578 3420 4635 cantilenae
3455 4594 3565 4634 non
3595 4577 3747 4635 desiit

2175 4669 2409 4723 suavitas
2430 4681 2702 4723 resonare.

2242 4776 2573 4832 Adveniente
2601 4784 2776 4831 autem
2805 4778 2909 4843 die,
2937 4779 3078 4848 quod
3109 4778 3308 4834 factum
3347 4777 3526 4834 fuerat
3567 4793 3746 4848 regem

2172 4863 2340 4919 latere
2363 4880 2467 4919 non
2493 4866 2682 4935 potuit.
2722 4865 2823 4932 Qui
2865 4866 3002 4922 illico
3031 4869 3096 4922 ad
3124 4883 3366 4922 eremum
3401 4882 3528 4922 cum
3557 4881 3744 4922 nume-

2177 4968 2298 5008 rosa
2338 4951 2518 5024 populi
2556 4954 2896 5010 multitudine
2927 4957 3220 5019 festinavit,
3249 4967 3303 5012 et
3338 4973 3410 5012 ne
3448 4957 3600 5012 fures
3625 4971 3744 5011 eva-
