3992 5322
235 231 334 311 stu

1492 221 1654 280 VITA
1690 223 1748 280 S.
1791 223 2172 282 ROMUALDI.

3405 229 3510 285 9‘89

234 333 506 420 quaquam
535 362 649 414 eos,
682 334 822 402 sicut
850 341 1221 405 merebantur,
1267 340 1446 398 occidi
1479 339 1816 411 prmciperet,
1847 340 1897 401 Α
1925 337 2208 394 domadam
2240 337 2294 394 in
2323 337 2456 396 cella
2487 338 2824 405 consisteret,
2855 339 3043 397 diebus
3063 355 3191 398 vero
3218 340 3514 396 Dominicis

235 442 328 495 sed
374 439 564 496 ferreis
614 438 820 494 catenis
865 437 1076 492 vinctos
1119 435 1187 490 ad
1229 433 1474 506 sepulcra
1526 443 1824 506 martyrum

232 533 556 594 destinaret,
585 540 853 602 quatenus
875 539 967 585 aut
1001 529 1072 584 ibi
1105 545 1274 600 usque
1302 529 1368 583 ad
1397 527 1600 584 obitum
1629 527 1679 582 in
1709 527 1824 582 vin-

233 622 371 676 culis
386 620 763 677 miserabiliter
784 624 1044 682 viverent,
1075 628 1189 687 aut,
1206 619 1249 675 si
1273 620 1477 675 sanctis
1497 619 1826 690 martyribus

235 710 395 767 aliter
426 714 716 776 videretur,
746 713 842 781 ipsi
875 727 968 776 eos
997 727 1093 767 sua
1118 712 1484 767 misericordia
1512 711 1822 766 liberarent.

235 803 336 868 Qui
364 819 485 858 cum
519 802 583 854 ad
612 814 920 856 sanctorum
957 803 1219 858 tumulum
1252 803 1478 858 fuissent
1517 818 1582 858 cx
1622 817 1821 872 praeces

233 905 328 964 ,διο
359 893 499 963 regis
525 894 758 957 attracti,
789 909 911 948 mox
945 893 1200 950 ineﬂ’abili
1245 895 1543 950 divinitatis
1582 895 1827 964 omnipo-

233 984 405 1038 tentia
436 983 624 1038 fractis
672 996 798 1038 sunt
836 985 1062 1040 nexibus
1109 985 1363 1040 absoluti.
1415 986 1639 1052 Deinde,
1685 985 1828 1042 facta

234 1091 399 1146 super
423 1092 647 1146 corpora
669 1087 978 1132 sanctorum
1002 1078 1244 1143 basilica,
1272 1079 1686 1134 innumerabilia
1719 1094 1828 1135 non

236 1169 412 1223 solum
467 1179 592 1224 tunc
635 1169 730 1224 sed
760 1179 817 1226 et
846 1183 986 1225 nunc
1016 1168 1087 1223 ibi
1123 1169 1257 1225 fiunt
1289 1183 1354 1225 ex
1396 1169 1580 1225 divina
1630 1171 1829 1226 virtute

235 1260 483 1332 prodigia
522 1259 690 1333 (265).

803 1349 1036 1408 CAPUT
1068 1348 1262 1406 XXIX.

343 1439 423 1494 De
457 1441 711 1495 monacho
739 1458 830 1513 per
860 1441 1103 1512 angelum
1143 1443 1207 1495 de
1243 1457 1449 1495 carcere
1480 1440 1720 1494 liberato.

307 1529 606 1598 Imperator
629 1539 811 1584 autem
837 1530 1121 1595 Henricus,
1142 1529 1388 1584 Busclavi
1413 1530 1696 1584 consilium
1720 1543 1829 1584 non

237 1622 515 1689 ignorans,
561 1623 794 1691 undique
840 1623 954 1677 vias
994 1621 1252 1676 custodiri
1285 1631 1633 1692 praeceperat,
1679 1621 1829 1685 ut,si

1926 429 2122 485 fratres
2149 430 2216 486 ad
2244 431 2632 487 monasterium
2673 432 2896 489 veniens
2931 433 3191 489 visitaret.
3234 433 3356 500 Qui,
3392 449 3515 488 san-

1924 521 1996 577 cti
2029 521 2130 576 viri
2155 519 2307 590 jussa
2355 531 2729 588 contemnens,
2768 523 2933 594 coepit
2977 523 3307 578 saeculariter
3331 523 3515 578 vivere

1923 619 1980 666 et
2015 611 2151 681 pede
2177 613 2357 684 operis
2383 612 2550 668 semel
2581 614 2920 669 exorbitante
2963 629 2993 668 a
3037 614 3378 669 rectitudinis
3408 623 3516 668 tra-

1924 705 2054 759 mite
2076 705 2187 775 jam
2217 705 2428 777 longius
2459 706 2750 762 declinare.
2794 706 2994 761 Vidcns
3022 722 3151 777 ergo
3189 707 3517 761 Romualdus

1925 793 2068 864 quod
2095 796 2394 852 secundum
2423 811 2534 852 sua:
2561 795 2855 851 voluntatis
2889 795 3136 851 ardorem
3166 797 3233 850 ibi
3271 797 3518 852 laborare

1925 902 2031 942 non
2058 897 2262 958 posset,
2293 903 2471 961 regem
2491 889 2736 960 protinus
2763 889 2912 954 adiit,
2942 898 3014 953 et,
3035 899 3264 960 acceptze
3288 891 3519 960 promis—

1926 976 2095 1032 sionis
2124 986 2370 1045 exactor,
2400 987 2460 1034 ut
2488 993 2581 1036 rex
2610 979 2907 1034 monachus
2941 979 3093 1035 fieret
3132 979 3380 1034 insistere
3432 992 3522 1032 ve-

1927 1069 2234 1126 hementius
2260 1071 2446 1142 coepit.
2485 1071 2555 1125 At
2593 1070 2682 1126 ille
2715 1070 2983 1126 facturum
3026 1085 3084 1126 se
3125 1072 3344 1141 quidem
3379 1072 3521 1141 quod

1926 1163 2244 1230 exigebatur
2269 1163 2523 1227 asseruit,
2547 1163 2592 1218 si
2621 1170 2798 1218 tamen
2825 1163 2973 1233 prius
2996 1163 3246 1228 Romam,
3275 1178 3394 1233 quae
3419 1163 3522 1218 sibi

1929 1252 2244 1320 rebellabat,
2271 1254 2576 1324 impeteret,
2602 1263 2677 1319 et,
2701 1269 2764 1308 ea
2794 1255 3030 1319 devicta,
3061 1255 3371 1310 Ravennam
3399 1269 3532 1315 cum.

1927 1346 2156 1402 victoria
2173 1353 2464 1402 remearet.
2488 1345 2586 1402 Cui
2601 1344 2960 1400 Romualdus:
2985 1345 3041 1399 Si
3061 1337 3308 1409 Romam,
3326 1345 3522 1414 inquit,

1929 1435 2081 1502 ieris,
2105 1436 2417 1491 Ravennam
2448 1433 2674 1491 ulterius
2697 1449 2802 1488 non
2829 1434 3070 1498 videbis;
3102 1445 3156 1489 et
3185 1435 3526 1504 apertissimo

1929 1527 2006 1582 illi
2031 1536 2260 1582 mortem
2291 1526 2647 1598 propinquam
2694 1541 2812 1580 esse
2843 1526 3184 1590 denuntians,
3233 1526 3359 1594 quia
3403 1541 3526 1578 eum

1933 1633 2190 1674 revocare
2212 1633 2317 1674 non
2334 1619 2532 1689 potuit,
2551 1617 2916 1687 proculdubio
2937 1619 3001 1672 de
3023 1619 3137 1688 ejus
3159 1629 3338 1674 certus
3362 1619 3530 1672 inter-

234 1711 529 1766 Busrlavus
583 1712 809 1766 Romam
857 1711 1077 1767 nuntios
1125 1711 1396 1778 mitteret,
1427 1713 1481 1766 in
1537 1711 1654 1783 ejus
1687 1711 1829 1767 illico
1859 1697 1904 1757 Β
1934 1712 2044 1778 itu,
2075 1713 2203 1767 dum
2246 1727 2340 1767 rex
2377 1711 2604 1766 Romam
2638 1719 2921 1781 properat,
2971 1711 3300 1766 Romualdus
3348 1713 3526 1766 navim

236 1801 485 1856 manibus
511 1801 844 1856 devenirent.
888 1801 1182 1856 Monachus
1212 1802 1357 1870 (266)
1384 1817 1512 1872 ergo
1533 1803 1623 1872 qui
1656 1817 1828 1874 nuper

236 1894 436 1948 missus
465 1909 495 1948 a
533 1889 734 1950 sanctis
783 1895 1111 1965 martyribus
1150 1894 1343 1960 fuerat,
1379 1896 1592 1950 demum
1640 1905 1828 1965 captus

234 1992 316 2038 est
367 1992 422 2037 et
468 1999 592 2037 mox
637 1983 897 2039 carcerali
940 1984 1199 2039 custodia:
1244 1984 1603 2054 mancipatus.
1662 1983 1831 2040 Nocte

236 2089 364 2128 vero
396 2075 541 2129 illum
568 2075 731 2148 455
762 2076 984 2146 angelus
1013 2077 1224 2131 Domini
1255 2077 1307 2131 in
1335 2092 1551 2132 carcere
1570 2078 1826 2144 visitavit,

235 2172 289 2217 et
314 2175 718 2221 consummatos
744 2181 864 2220 esse
893 2181 989 2221 eos
1035 2182 1264 2237 quorum
1285 2167 1552 2238 legatione
1574 2167 1833 2240 fungeba-

237 2269 325 2312 tur
373 2259 649 2314 admonuit
702 2260 894 2331 (267);
948 2262 1276 2332 statimque,
1331 2272 1521 2332 aperto
1571 2262 1832 2320 divinitus

237 2367 485 2418 carcere,
535 2363 892 2423 praeparatum
933 2354 1034 2410 sibi
1084 2369 1206 2410 esse
1251 2354 1522 2425 navigium
1568 2355 1623 2409 in
1671 2353 1835 2410 ﬂuvio

234 2461 396 2515 quem
439 2447 767 2502 transiturus
795 2456 914 2503 erat
965 2448 1216 2502 asseruit.
1259 2447 1375 2514 Quo
1418 2445 1682 2503 festinans
1711 2463 1831 2504 mo-

237 2537 443 2592 nachus
468 2538 722 2609 angelicae
746 2538 1117 2610 promissionis
1145 2538 1305 2594 fidem
1335 2553 1522 2594 veram
1548 2553 1668 2596 esse
1696 2553 1830 2611 pro-

237 2629 403 2684 bavit.

811 2721 1041 2778 CAPUT
1088 2721 1262 2777 XXX.

237 2808 313 2864 De
335 2813 651 2884 monasterio
672 2813 841 2884 sancti
868 2813 1130 2870 Adelberti
1152 2820 1469 2884 constructo,
1493 2820 1540 2867 et
1560 2812 1834 2884 prophetia

521 2880 806 2936 Romualdi
835 2884 1083 2937 adversus
1118 2899 1287 2954 regem
1317 2883 1546 2952 prolata.

307 2993 444 3046 Dum
469 3003 773 3048 moraretur
793 3003 972 3048 autem
1000 2993 1334 3049 Romualdus
1362 2995 1538 3051 adhuc
1562 2996 1614 3051 in
1638 2995 1826 3062 Pereo,

1926 1803 2255 1869 ascendens,
2282 1803 2349 1859 ad
2378 1802 2652 1859 civitatem
2674 1801 2986 1856 Parentium
3013 1801 3160 1872 (270)
3187 1801 3523 1857 transfretat-

1927 1893 2041 1950 Rex
2093 1894 2296 1964 itaque,
2329 1894 2622 1948 secundum
2653 1893 2796 1948 beati
2834 1891 2931 1946 viri
2975 1893 3334 1963 prophetiam,
3363 1893 3530 1965 456

1927 1985 2019 2040 vix
2049 1999 2079 2038 a
2108 1984 2280 2039 Roma
2312 1984 2513 2039 reverti
2559 1983 2846 2052 incipiens,
2893 1999 3016 2036 mox
3049 1983 3310 2054 languore
3343 1998 3529 2038 corre-

1928 2083 2054 2165 ptus
2081 2073 2222 2150 apud
2251 2073 2544 2166 Paternum
2571 2072 2720 2144 (271)
2752 2071 3042 2128 defunctus
3068 2084 3170 2129 est.

2496 2185 2727 2242 CAPUT
2768 2184 2960 2245 XXXI.

1934 2277 2036 2336 Ubi
2076 2279 2248 2351 gratia
2287 2278 2619 2350 perfectionis
2661 2277 2962 2332 Romualdo
3002 2279 3252 2334 divinitus
3289 2293 3363 2334 est
3400 2297 3529 2335 con-

2649 2365 2816 2402 £8380.

2004 2440 2334 2501 Romualdus
2364 2448 2574 2507 autem,
2603 2439 2774 2494 tribus
2800 2439 2958 2496 annis
2985 2440 3039 2494 in
3068 2439 3375 2495 Parentium
3399 2441 3531 2494 civi-

1934 2534 2064 2588 tatis
2112 2533 2312 2588 linibus
2363 2532 2634 2595 habitans,
2685 2531 2738 2585 in
2783 2546 2888 2586 uno
2943 2531 3328 2593 monasterium
3381 2532 3526 2603 ("272)

1934 2625 2243 2682 construxit
2265 2631 2322 2679 et
2350 2622 2598 2678 abbatem
2627 2622 2678 2676 in
2703 2637 2768 2676 eo
2797 2637 2916 2676 cum
2944 2621 3201 2678 fratribus
3224 2623 3527 2686 ordinavit;

1933 2718 1988 2774 in
2015 2717 2223 2772 duobus
2267 2731 2394 2771 vero
2426 2715 2661 2770 inclusus
2689 2715 2837 2786 (273)
2870 2716 3087 2772 mansit.
3129 2715 3205 2772 lbi
3233 2733 3428 2787 nempe
3461 2720 3528 2772 ad

1935 2823 2143 2880 magna:
2188 2807 2538 2879 perfectionis
2594 2808 2869 2862 cumulum
2917 2809 3093 2878 pietas
3150 2810 3297 2864 illum
3349 2811 3529 2865 divina

1933 2901 2203 2971 provexit,
2244 2900 2317 2956 ita
2345 2910 2406 2956 ut
2453 2911 2642 2957 sancto
2679 2897 2891 2957 amatus
2932 2901 3135 2972 Spiritu
3177 2912 3229 2958 et
3274 2903 3532 2958 nonnulla

1935 3003 2160 3048 ventura
2190 2995 2524 3064 prospiceret
2550 3003 2604 3050 et
2631 2995 2800 3049 multa
2835 2996 3047 3051 Veteris
3083 3011 3147 3050 ac
3175 2996 3308 3052 Novi
3342 2996 3532 3052 Testa-

237 3081 534 3150 imperator
557 3082 685 3139 Otto
715 3085 1100 3140 monasterium
1145 3085 1294 3157 (268)
1328 3085 1402 3141 ibi
1446 3087 1515 3141 ad
1564 3049 1826 3145 honor-en;
1852 3049 1904 3116 ο
1935 3083 2103 3138 menti
2134 3049 2347 3138 occulta
2385 3085 2642 3155 mysteria
2684 3084 2853 3139 radiis
2884 3084 3249 3154 intelligentia:
3279 3098 3533 3156 penetra-

238 3168 294 3224 S.
325 3172 596 3226 Adelberti
649 3188 715 3227 eo
745 3182 1062 3244 suggerente
1091 3175 1410 3239 construxit,
1454 3175 1542 3232 cui
1571 3178 1825 3248 contigua

235 3258 533 3315 Classensis
562 3263 789 3318 emnobii
821 3263 1067 3331 praesidia
1122 3264 1370 3328 contulit,
1421 3272 1476 3319 et
1517 3280 1580 3319 ea
1623 3267 1727 3321 sibi
1759 3281 1825 3322 ex

235 3345 402 3403 fiscali
436 3352 772 3420 possessione
801 3354 852 3406 in
871 3351 1168 3409 Firmensis
1189 3355 1678 3426 monarchia:(269)
1703 3371 1827 3425 par-

237 3439 379 3502 tibus
410 3445 856 3512 recontpensavit.
898 3446 1106 3502 Abbate
1141 3462 1270 3518 ergo
1301 3447 1409 3502 illic
1449 3462 1516 3501 ex
1542 3447 1826 3504 Romualdi

237 3532 514 3603 discipulis
553 3539 846 3590 constituto
885 3545 940 3592 et
986 3538 1260 3596 fratribus
1286 3539 1612 3608 aggregatis,
1661 3539 1827 3608 coepit

236 3636 331 3676 eos
373 3622 702 3681 Romualdus
725 3631 825 3681 sub
854 3643 1044 3698 magna
1076 3636 1262 3682 tenere
1286 3627 1554 3693 custodia,
1585 3637 1638 3681 et
1663 3627 1825 3685 doce-

236 3711 330 3766 bat
387 3729 483 3769 eos
529 3717 632 3772 sub
683 3719 919 3789 regulari
979 3719 1158 3775 vivere
1205 3719 1510 3790 disciplina.
1566 3718 1830 3792 Praecepit

235 3802 400 3856 etiam
447 3803 628 3861 abbati
659 3808 793 3861 utin
825 3823 1067 3865 eremutn
1093 3809 1352 3868 secedens
1375 3824 1472 3882 per
1501 3818 1668 3866 totam
1698 3811 1830 3868 heb-

308 3960 456 4031 (265)
496 3964 536 4017 Α
583 3965 1082 4026 Camaldnlensibus
1119 3971 1315 4025 horum
1353 3976 1663 4024 sanctorum
1699 3983 1827 4024 suo-

236 4047 354 4086 rum
395 4033 658 4090 festivitas
682 4040 768 4092 die
803 4040 868 4092 16
895 4040 1212 4096 Novembris
1248 4040 1596 4094 celebratur-

305 4103 454 4179 ($66)
494 4105 740 4179 Ractins,
772 4109 968 4165 Minius
991 4112 1191 4179 aliique
1213 4113 1507 4178 scriptores
1534 4110 1679 4164 hunc
1709 4125 1827 4164 mon

235 4174 471 4249 naclnnn
506 4175 572 4249 β.
614 4178 918 4233 Barnabam
951 4174 1248 4241 nominant,
1281 4174 1371 4249 qui
1405 4174 1510 4249 una
1555 4195 1680 4249 cum
1723 4180 1822 4233 SS.

237 4245 471 4320 andrea,
503 4246 824 4320 Benedicto,
868 4250 1022 4305 Justo
1063 4245 1593 4320 aliisque'praaclaris
1619 4246 1830 4302 Catual-

235 4313 473 4368 dulensis
496 4319 723 4392 instituti
751 4319 1047 4392 cultoribus
1071 4313 1258 4392 magna
1286 4313 1825 4392 sanctitatefefulsit,

233 4392 290 4437 et
319 4399 548 4449 quorum
583 4389 730 4443 Vitas
772 4389 1034 4444 Martinus
1069 4388 1335 4445 Barbuius
1364 4391 1530 4446 edidit
1556 4388 1830 4446 Cracovia

233 4455 577 4529 attuogj6l_0,
617 4461 754 4529 typis
793 4461 974 4514 Basilii
1017 4461 1250 4515 Skalski.

508 4525 614 4582 Pro
639 4523 953 4598 'admonuit,
1004 4533 1057 4586 in
1109 4530 1370 4588 Vaticano
1416 4530 1602 4614 codice
1640 4531 1839 4603 legitur

231 4599 494 4654 innotuit.

304 4667 454 4742 (εδδ)
500 4667 734 4737 Hujusce
774 4672 1090 4727 monasterii
1133 4687 1234 4728 nec
1270 4670 1559 4738 vestigium
1611 4673 1830 4742 quidem

231 4741 393 4797 modo
418 4753 661 4810 apparet.
705 4743 889 4798 Exstat
908 4758 973 4797 eo
999 4743 1051 4796 in
1075 4743 1193 4799 loco
1220 4743 1450 4799 ecclesia
1478 4758 1582 4796 non
1607 4744 1828 4812 antiqua

229 4814 405 4866 eidem
448 4813 574 4885 divo
615 4815 838 4884 martyri
872 4829 1049 4885 sacra,
1082 4829 1202 4885 qua:
1241 4821 1498 4882 corrupto
1528 4813 1672 4884 vulgi
1715 4829 1832 4870 ser-

232 4899 391 4937 mone
436 4880 496 4936 S.
541 4880 1011 4938 Alberto'dicitur.

299 4953 451 5023 (269)
478 4952 530 5006 ln
557 4955 689 5024 ipsa,
714 4970 872 5024 quam
898 4969 1171 5024 vocamus.
1197 4955 1455 5011 marcbim
1475 4954 1828 5024 Anconitante

227 5024 534 5090 provincia,
575 5023 665 5081 ubi
706 5023 1002 5080 Firmensis
1038 5025 1252 5091 civitas,
1276 5025 1438 5095 vulgo
1473 5023 1691 5092 Fermo,
1732 5028 1828 5083 ha-

1929 3181 2029 3228 ret.
2049 3172 2385 3228 Anxiabatur
2398 3181 2576 3228 autem
2591 3173 2668 3229 ibi
2686 3173 2972 3242 aliquando
2989 3175 3041 3228 in
3059 3174 3325 3247 lacrymas
3343 3192 3529 3231 erum-

1927 3278 2080 3334 pere,
2110 3263 2206 3318 sed
2232 3263 2376 3319 nullo
2409 3263 2623 3318 valebat
2649 3265 2935 3319 conamine
2973 3266 3041 3319 ad
3083 3269 3304 3322 contriti
3348 3269 3530 3323 cordis

1929 3353 2397 3423 compunctionem
2420 3354 2626 3408 venire.
2643 3354 2864 3408 Factum
2893 3363 2975 3410 est
2998 3369 3127 3425 ergo
3153 3355 3385 3425 quadam
3417 3358 3526 3420 die,

1929 3444 2055 3498 dum
2089 3445 2141 3498 in
2170 3444 2360 3498 cellula
2392 3443 2664 3514 psalleret,
2705 3453 2762 3500 ut
2807 3446 2857 3500 in
2893 3446 3037 3501 hunc
3066 3447 3256 3516 psalmi
3287 3449 3529 3503 versicu-

1929 3530 2038 3587 lum
2077 3534 2395 3588 incidisset:
2429 3532 2755 3588 Intellectum
2794 3535 2886 3588 tibi
2915 3536 3071 3601 dabo,
3115 3545 3162 3588 et
3187 3537 3456 3590 instruant.
3480 3548 3529 3592 te

1927 3609 1984 3680 in
2032 3626 2112 3678 ria
2164 3625 2262 3678 hac
2303 3643 2406 3696 qua
2449 3626 2745 3694 gradieris;
2789 3625 3011 3693 ﬁrmabo
3053 3643 3209 3696 super
3256 3637 3304 3680 te
3349 3627 3527 3684 oculos

1928 3732 2068 3770 meos
2099 3713 2269 3785 (Psal.
2317 3715 2486 3785 xui).
2531 3715 2772 3785 Repente
2821 3717 2986 3788 igitur
3037 3727 3182 3772 tanta
3213 3719 3314 3774 sibi
3355 3719 3530 3790 lacry-

1929 3823 2142 3862 marum
2172 3806 2364 3862 effusio
2399 3815 2516 3861 orta
2546 3816 2646 3873 est,
2689 3799 2845 3862 et'ita
2881 3822 3033 3883 mens
3065 3807 3181 3878 ejus
3212 3809 3277 3864 ad
3327 3809 3526 3864 intelli-

1929 3965 1995 4020 D.
2039 3965 2284 4022 Michaeli
2322 3963 2647 4036 archangelo
2675 3964 2889 4036 idieata,
2933 3967 3022 4022 ubi
3061 3966 3121 4020 D.
3167 3966 3527 4022 Romualdum

1928 4039 2133 4092 vixisse
2205 4037 2424 4090 traditio
2472 4035 2574 4090 est.
2642 4035 2891 4090 Monachi
2949 4039 3092 4092 aeris
3147 4037 3528 4093 iusalubritato

1929 4107 2128 4162 ibidem
2174 4108 2432 4178 habitare
2469 4116 2764 4178 nequeunt,
2805 4107 2899 4178 qui
2944 4116 3122 4162 tamen
3156 4109 3222 4162 ad
3256 4117 3530 4162 monaste-

1931 4178 2169 4250 rittm_S.
2214 4177 2429 4250 hlathiae
2473 4176 2565 4232 tle
2592 4176 2837 4250 lilnriano'
2881 4193 3049 4250 prope
3103 4179 3355 4235 Venetias
3398 4190 3528 4250 sunt

1934 4248 2201 4320 translati.
2260 4247 2462 4320 Praeter
2521 4247 2804 4320 ecclesiam
2839 4247 3094 4320 ,:agrttm
3159 4259 3374 4314 totum,
3432 4249 3529 4318 qui

1933 4315 2134 4372 Lemmi
2180 4334 2209 4373 a
2260 4319 2561 4389 propinquo
2610 4318 2822 4373 Lemma
2877 4315 3095 4374 lluinine
3144 4315 3525 4388 nuncupatur,

1857 4421 1909 4481 ι)
1935 4403 2030 4481 ⁵⁸³³
2059 4399 2207 4481 ‘3."‘35
2231 4389 2575 4481 §_‘."_’_,d.‘.‘.i?."__"
2596 4389 3186 4481 ξθέξῖίῖίξῖἓᾞῗῖἓ,Ἦξῗὲ-
3216 4389 3318 4481 ῨΨῨ-
3332 4389 3532 4481 61ῗέἷὲδέ

1942 4464 2146 4517 comitis
2175 4461 2370 4515 Lemmi
2403 4461 2556 4515 titulo
2595 4475 2622 4511 a
2664 4459 2864 4512 Veneta
2903 4460 3171 4526 republica
3216 4461 3530 4526 nuperrime

1941 4533 2290 4596 confirmato,
2333 4547 2478 4585 anno
2529 4529 2686 4584 1040.
2730 4528 3096 4582 Illustrissima
3143 4527 3392 4595 Vilpurga
3429 4529 3534 4583 Hi-

1939 4604 2239 4658 striensium
2289 4602 2573 4663 comitissa,
2607 4615 2858 4653 consensu
2915 4601 3113 4652 domini
3165 4598 3427 4664 chcz'ini,
3482 4612 3534 4656 at

1938 4673 2138 4726 domini
2197 4672 2479 4736 Vedoxtci,
2535 4679 2583 4723 et
2639 4670 2870 4738 ﬁliorum
2901 4680 2947 4722 et
2994 4670 3226 4737 ﬁliarum
3284 4687 3532 4732 suarum,

1937 4742 2176 4811 praefata
2205 4742 2474 4805 ecclesiae,
2509 4755 2629 4809 qua:
2669 4739 3024 4811 adltonorem
3077 4738 3194 4811 Dei,
3246 4750 3290 4811 et
3333 4754 3537 4798 sancta

1937 4808 2129 4866 Maria:
2161 4813 2395 4880 virginis,
2442 4822 2489 4867 et
2531 4808 2665 4864 beati
2707 4808 2979 4865 Michaelis
3006 4809 3330 4880 archangeli,
3379 4828 3410 4863 a
3464 4813 3537 4869 D.

1933 4881 2142 4936 Joanne
2191 4877 2374 4936 abbate
2421 4883 2522 4951 fuit
2571 4881 2829 4950 a'di/icata
2888 4892 2934 4935 et
2985 4897 3018 4951 rt
3068 4877 3135 4929 υ.
3185 4878 3543 4951 ῌριισηιηιειῃ

1931 4955 2170 5026 episcopo
2196 4948 2482 5026 Parentino
2506 4948 2830 5026 consecrata.
2868 4950 3164 5026 maximam
3200 4948 3405 5026 Lemnii
3447 4972 3547 5011 cn-

1934 5019 2158 5100 mitatns
2185 5034 2392 5100 partem
2417 5023 2658 5085 donavit,
2687 5030 2850 5100 mou}
2882 5025 3098 5099 videtur
3120 5019 3174 5100 in
3200 5019 3330 5100 ipsa
3366 5023 3553 5100 (Lena-
