3992 5322
499 311 604 366 983

957 311 1015 366 8.
1056 310 1256 365 PETRI
1298 310 1573 366 DAMIANI
1611 311 1759 368 OPP.
1799 311 1978 367 PARS
2015 309 2145 366 SEU
2179 309 2412 368 TOMUS
2445 311 2505 368 II.
2539 343 2608 358 —--
2631 312 3052 371 SANCTORUM
3093 314 3296 371 VITIE.

3639 313 3736 371 98L

499 422 701 486 gettalas
731 421 924 475 divina:
961 419 1572 491 Scriptumsententias
1600 421 1882 488 illustrata,
1915 430 1973 476 ut
2000 436 2066 475 ex
2095 426 2141 482 Α
2169 436 2290 476 eum
2333 424 2549 479 nuntios
2595 425 2865 496 dirigunt,
2915 435 2968 481 et
3001 426 3066 481 de
3115 427 3302 480 eadem
3351 440 3411 481 re
3459 425 3740 482 consilium

498 515 687 570 eodem
715 513 799 568 die
824 523 877 567 et
905 513 1174 582 deinceps,
1203 513 1436 582 quanliu
1467 515 1618 580 vixit,
1647 525 1700 568 et
1720 513 2072 584 quandocun-

499 619 603 672 que
625 602 900 672 voluisset,
931 603 1121 657 uberes
1147 603 1246 657 sibi
1276 603 1525 673 lacryma:
1547 602 1795 658 facillime
1829 601 2073 667 ﬂuerent,

499 704 555 751 et
579 695 809 766 plurima
843 695 988 748 illum
1033 694 1431 764 Scripturarum
1479 696 1734 764 mysteria
1777 694 1921 764 (θη)
1969 708 2075 748 non

496 786 748 840 laterent.
808 785 1140 856 Frequenter
1193 785 1334 840 enim
1393 795 1542 840 tanta
1591 786 1737 840 illum
1783 785 2078 840 divinitatis

499 875 882 945 contemplatio
913 874 1176 945 rapiebat,
1206 883 1263 929 ut
1285 875 1440 945 quasi
1465 883 1606 930 totus
1624 876 1675 928 in
1699 874 1962 945 lacrymas
1989 889 2077 929 re-

499 966 726 1034 solutus,
763 976 1024 1023 mstuante
1052 968 1394 1023 inenarrabili
1431 965 1598 1020 divini
1627 967 1829 1020 amoris
1862 966 2075 1032 ardore,

500 1057 758 1113 clamaret
786 1076 800 1113 :
838 1057 1010 1113 Cbare
1037 1056 1185 1121 Jesu,
1213 1058 1392 1120 ehare,
1428 1055 1532 1111 mel
1565 1071 1745 1111 meum
1771 1055 1946 1119 dulce,
1987 1057 2078 1110 de-

499 1146 756 1201 siderium
788 1146 1075 1215 inell'abile,
1101 1146 1330 1200 dulcedo
1359 1153 1688 1208 sanctorum,
1718 1145 1954 1198 suavitas
1983 1159 2078 1196 an-

503 1235 786 1304 gelorum,
843 1246 897 1290 et
948 1245 1140 1290 caetera
1198 1232 1520 1301 Imjusmodi.
1575 1232 1703 1299 Quae
1756 1231 1846 1286 ille
1892 1239 2078 1286 saneto

504 1325 706 1393 Spiritu
737 1326 973 1380 dictante
1004 1325 1058 1380 in
1082 1325 1309 1394 jubilum
1341 1323 1663 1394 proferebat,
1706 1338 1802 1378 nos
1844 1323 2079 1377 humano

502 1431 666 1470 sensu
720 1416 1021 1485 exprimere
1075 1415 1199 1469 talia
1252 1432 1356 1469 non
1411 1413 1667 1468 valemus.
1728 1412 1876 1468 Sicut
1933 1412 2077 1466 enim

499 1506 786 1575 Apostolus
815 1507 945 1559 dicit
979 1524 990 1557 :
1026 1505 1158 1569 Nos,
1191 1505 1320 1558 sicut
1354 1513 1569 1572 oportet,
1608 1518 1760 1555 orare
1796 1501 2076 1564 nescimus,

501 1597 590 1649 sed
618 1597 726 1665 ipse
757 1595 985 1664 Spiritus
1017 1606 1130 1646 orat
1159 1609 1253 1663 pro
1281 1595 1422 1646 nobis
1451 1593 1722 1662 gemitibus
1752 1589 2079 1644 inenarrabi-

501 1687 636 1740 libus
688 1685 859 1757 (Rom.
903 1687 1038 1757 vni).
1092 1685 1155 1738 Et
1184 1685 1304 1739 ideo
1330 1682 1660 1738 Romualdus
1691 1682 1908 1736 missam
1939 1679 2077 1735 cele-

2176 511 2366 580 majori
2397 513 2570 568 adhuc
2595 517 2867 570 anxietate
2901 516 3198 585 requirunt.
3229 514 3432 582 Quibus
3461 515 3552 569 vir
3589 531 3744 571 vene-

2176 603 2359 656 rabilis
2387 603 2498 657 ait:
2533 603 2644 674 Ego
2673 621 2814 659 nunc
2843 605 3077 660 libellum
3125 606 3191 660 de
3230 605 3376 676 (277)
3419 619 3602 675 pugna
3646 606 3742 659 da:-

2178 698 2393 747 tnonuln
2425 695 2622 759 scribo,
2655 711 2813 764 quem
2844 697 3026 760 vobis,
3063 712 3184 751 cum
3222 697 3495 750 redieritis
3519 737 3535 759 ,
3578 697 3741 760 dabo,

2178 782 2262 836 vel
2307 794 2454 838 certe
2501 785 2613 855 ipse
2649 786 2922 840 vobiscum
2951 787 3172 840 forsitan
3197 788 3371 840 venio.
3407 786 3522 840 Hoc
3556 787 3632 840 illi
3659 802 3746 840 au-

2177 871 2405 938 dientes,
2435 874 2678 941 protinus
2703 873 2755 927 in
2779 874 2971 928 faciem
2999 890 3056 930 se
3084 884 3447 944 prosternunt,
3472 884 3529 927 et
3553 885 3610 927 ut
3632 892 3744 930 cum

2178 963 2282 1017 illis
2310 964 2388 1018 ire
2433 964 2779 1032 dignaretur,
2821 965 3126 1035 importuna
3170 967 3456 1020 admodum
3489 965 3748 1035 supplica-

2180 1051 2324 1106 tione
2351 1052 2664 1122 dcposcunt.
2695 1053 2876 1108 Altera
2908 1069 3036 1109 vero
3074 1056 3160 1110 die
3202 1056 3400 1109 iturum
3433 1071 3491 1109 se
3525 1071 3648 1109 eum
3677 1057 3750 1108 eis

2179 1140 2553 1197 incunctanter
2573 1144 2823 1207 asseruit,
2851 1153 2902 1197 et
2929 1153 2984 1197 ut
3006 1146 3182 1198 navim
3212 1145 3552 1214 inquirerent
3575 1145 3746 1213 jussit.

2177 1233 2416 1289 Audiens
2444 1235 2547 1289 hoc
2571 1234 2889 1288 Parentinus
2917 1235 3062 1306 (278)
3101 1238 3382 1305 episcopus
3421 1236 3593 1290 nimio
3621 1250 3745 1289 mte-

2181 1339 2303 1379 rore
2332 1325 2611 1394 perculsus
2642 1334 2743 1380 est.
2771 1325 3052 1382 lnveniens
3078 1342 3289 1396 quoque
3317 1328 3618 1382 monachos
3639 1341 3748 1395 pro-

2179 1428 2300 1489 pter
2339 1419 2608 1488 navigium
2639 1419 3038 1484 discurrentes,
3082 1419 3263 1473 multis
3303 1417 3748 1474 contumeliarum

2183 1524 2277 1564 eos
2322 1509 2691 1564 dehonestavit
2730 1509 2959 1579 injuriis.
3007 1509 3119 1564 Hoc
3149 1509 3310 1564 etiam
3357 1508 3575 1563 eunetis
3608 1505 3751 1574 juxta

2178 1611 2392 1677 portum
2424 1602 2762 1655 manentibus
2784 1600 3141 1670 promulgavit
3165 1600 3418 1660 edictum,
3447 1608 3506 1650 ut
3533 1597 3754 1666 quicun-

2182 1707 2286 1761 que
2313 1691 2614 1745 Romualdo
2644 1691 2820 1744 navim
2851 1691 2980 1745 dare
3001 1697 3369 1760 praesumeret,
3402 1688 3517 1757 ipse
3547 1700 3757 1756 quoque

507 1781 661 1831 brare
705 1793 887 1832 coram
931 1777 1172 1846 pluribus
1213 1791 1483 1844 ntrnqu.m
1509 1773 1740 1836 volebat,
1787 1772 1913 1842 quia
1955 1787 2012 1826 se
2050 1786 2076 1824 a
2109 1783 2155 1842 Β
2181 1782 2347 1854 458
2388 1797 2494 1836 una
2526 1797 2646 1837 cum
2685 1781 2801 1850 ipso
2835 1779 3166 1835 irrevocabili
3213 1777 3546 1848 profecﬁone
3591 1774 3758 1828 demi-

498 1884 862 1941 lrcrymarum
889 1867 1200 1921 inundantia
1233 1867 1506 1920 continere
1537 1880 1640 1919 non
1669 1871 1898 1932 porerat.
1933 1862 2084 1918 Unde

509 1959 670 2013 etiam
722 1956 1058 2026 postmodum
1099 1970 1208 2025 prae
1235 1955 1398 2009 nimia
1428 1954 1539 2025 jam
1570 1952 1960 2008 consuetudine
2005 1951 2086 2004 vir

505 2046 763 2116 simplicis
786 2045 968 2107 an'mi,
1007 2053 1203 2115 putans
1233 2043 1456 2113 gratiam
1487 2040 1647 2114 457
1687 2041 1788 2095 sibi
1826 2039 2085 2094 divinitus

502 2146 856 2207 praerogatam
897 2135 1147 2189 omnibus
1176 2148 1295 2188 esse
1334 2147 1666 2196 concessam,
1716 2131 1926 2186 dicebat
1973 2128 2083 2198 ple-

504 2239 731 2293 rumque
798 2223 1072 2293 discipulis
1119 2240 1134 2276 :
1181 2222 1378 2278 Cavete
1438 2217 1504 2276 ne
1571 2219 1768 2274 multas
1815 2219 2085 2289 lacrymas

506 2311 812 2376 effundatis,
849 2312 972 2380 quia
1012 2320 1067 2366 et
1103 2311 1277 2364 visum
1316 2311 1565 2364 minuunt
1600 2318 1655 2364 et
1693 2307 1948 2363 verticem
1994 2305 2085 2360 la:-

505 2407 656 2461 dunt.
699 2403 1014 2472 Ubicunque
1050 2411 1226 2456 autem
1265 2402 1348 2456 vir
1385 2409 1604 2456 sanctus
1644 2399 1885 2454 habitare
1914 2397 2088 2466 dispo-

504 2505 677 2560 neret,
707 2496 1002 2551 oratorium
1039 2499 1161 2550 eum
1201 2493 1358 2548 altari
1394 2493 1643 2563 primitus
1681 2492 1734 2546 in
1774 2491 1964 2546 cellula
2007 2489 2086 2543 fa-

504 2588 672 2652 ciens,
713 2587 904 2642 deinde
940 2600 998 2641 se
1036 2585 1346 2649 recludens,
1391 2583 1592 2638 aditum
1631 2581 1942 2638 damnabat.

1053 2697 1279 2754 CAPUT
1319 2696 1532 2751 XXXII.

504 2811 583 2865 De
612 2812 881 2881 prophetia
923 2809 1242 2881 Romualdi,
1281 2826 1383 2877 qua
1424 2806 1799 2878 discipulorum
1839 2823 2088 2876 praenun-

1059 2880 1205 2933 tiavit
1239 2883 1536 2933 adventum.

581 3012 844 3066 Miserum
867 3010 1156 3079 aliquando
1185 3011 1251 3065 ad
1275 3009 1420 3063 illum
1451 3009 1666 3073 fratres,
1692 3010 1784 3079 qui
1811 3010 2091 3063 moraban-

2185 1887 2366 1944 grans,
2395 1871 2702 1925 Parentium
2728 1870 2950 1924 ulterius
2972 1884 3075 1923 non
3107 1867 3322 1922 rediret.
3354 1865 3574 1919 Festine
3600 1863 3759 1932 igitur

2185 1961 2405 2016 nuntius
2437 1961 2504 2014 ad
2541 1959 2821 2014 Polensem
2858 1958 3006 2029 (279)
3039 1958 3345 2026 episcopum
3391 1955 3655 2016 mittitur,
3702 1961 3759 2005 ut

2185 2051 2340 2105 beato
2377 2051 2492 2104 viro
2536 2049 2806 2118 navigium
2836 2050 3050 2104 mittere
3084 2063 3190 2102 non
3237 2055 3563 2100 moraretur.
3607 2041 3758 2112 δεῖρε

2186 2156 2418 2212 namque
2455 2139 2709 2211 praefatus
2733 2140 3015 2208 episcopus
3045 2137 3359 2192 adhortatus
3401 2135 3551 2189 illum
3581 2130 3757 2186 fuerat

2186 2242 2244 2286 ut
2285 2247 2620 2302 nequaquam
2663 2231 2728 2284 de
2772 2239 2968 2284 caztero
3011 2229 3064 2283 in
3116 2237 3224 2282 tam
3272 2227 3500 2281 obscuro
3543 2237 3758 2278 recessu

2187 2321 2424 2376 inclusus
2461 2318 2681 2389 lateret},
2726 2319 2818 2372 sed
2866 2317 2993 2371 illuc
3037 2318 3218 2386 potius
3261 2331 3319 2369 se
3361 2311 3636 2368 conferret
3669 2309 3754 2363 ubi

2188 2410 2490 2463 animarum
2545 2408 2751 2462 lucrum
2805 2406 3075 2476 copiosius
3119 2403 3298 2459 facere
3343 2401 3640 2472 potuisset,
3691 2414 3754 2452 ne

2187 2499 2435 2554 videlicet
2459 2498 2600 2554 sicut
2628 2497 2794 2553 carbo
2821 2495 2917 2551 soli
2946 2495 3159 2550 sibimet
3179 2493 3415 2558 arderet,
3447 2492 3542 2547 sed
3572 2490 3753 2559 magis,

2191 2603 2250 2650 ut
2279 2609 2466 2649 revera
2511 2593 2730 2648 lucerna
2776 2605 2938 2660 super
2966 2587 3347 2644 candelabrum
3393 2585 3606 2655 posita,
3649 2598 3756 2636 om-

2189 2685 2347 2739 nibus
2371 2683 2462 2753 qui
2489 2682 2542 2736 in
2573 2682 2730 2736 domo
2761 2678 2856 2734 Dei
2885 2687 3011 2734 sunt
3053 2677 3232 2732 radios
3262 2690 3372 2730 sua:
3415 2673 3552 2727 lueis
3588 2671 3756 2726 infun-

2191 2775 2362 2829 deret.

2262 2867 2396 2920 Dum
2431 2864 2595 2934 igitur
2621 2863 2845 2930 nuntius
2880 2861 2974 2931 qui
3006 2860 3201 2915 missus
3227 2858 3401 2912 fuerat
3424 2861 3758 2922 exspectare-

2195 2967 2298 3022 tur,
2344 2955 2673 3012 Romualdus
2718 2955 2802 3009 his
2843 2953 2934 3023 qui
2966 2966 3148 3007 secum
3176 2957 3332 3003 erant
3363 2945 3624 3000 fratribus
3653 2943 3754 2996 ait:

2195 3047 2462 3102 Noveritis
2486 3044 2670 3115 procul
2697 3043 2858 3098 dubio
2885 3043 3009 3112 quia
3034 3039 3200 3094 frater
3220 3037 3307 3091 ille
3333 3035 3540 3090 tardius
3569 3032 3760 3095 veniet,

626 3102 680 3156 in
723 3101 1038 3200 sfmildine’
1072 3099 1493 3200 quanmmrcum
1526 3099 1672 3200 (275.)
1703 3100 1918 3200 fﬁcuur’
1957 3115 2089 3200 “in.
2118 3127 2163 3188 C
2681 3149 2778 3188 nos
2807 3099 2920 3197 ire;
2949 3131 3099 3200 prius
3125 3143 3284 3198 quam
3318 3126 3405 3180 ille
3434 3130 3760 3183 revertatur,

510 3193 694 3247 silium
740 3191 1046 3262 ﬂagitantes
1082 3191 1315 3261 qualiter
1351 3191 1658 3245 conversari
1703 3191 1754 3244 in
1786 3205 1968 3245 eremo
1993 3191 2088 3245 de-

509 3286 725 3350 berent,
757 3283 989 3354 qualiter
1016 3283 1298 3339 diabolicis
1327 3283 1817 3354 impugnationibus
1841 3283 2091 3338 resistere

511 3377 837 3446 potuissent.
870 3375 1108 3443 Quorum
1157 3375 1328 3429 nuntii
1367 3390 1487 3429 cum
1531 3375 1597 3429 ad
1645 3375 2031 3429 monasterium
2061 3388 2091 3426 a

511 3481 620 3536 quo
669 3466 952 3521 Romualdi
1001 3465 1134 3522 cella
1183 3465 1394 3536 longius
1441 3465 1630 3519 aberat
1674 3464 2090 3533 pervenissent,

512 3557 660 3614 illico
688 3557 1013 3613 venerabilis
1055 3556 1139 3610 vir
1177 3571 1276 3625 per
1315 3555 1561 3625 spiritum
1607 3570 1793 3610 eorum
1843 3555 2094 3625 cognovit

514 3652 829 3716 adventum,
867 3649 1230 3718 praecepitque
1255 3647 1433 3702 abbati
1463 3647 1663 3701 Ansoni
1697 3644 1842 3715 (276)
1871 3645 1960 3715 qui
1991 3644 2092 3699 sibi

513 3753 643 3796 tune
669 3742 973 3806 assistebat,
1003 3741 1224 3796 dicens:
1268 3740 1432 3803 Vade,
1466 3748 1519 3793 et
1548 3738 1881 3808 pulmentum
1911 3736 2096 3790 fratri-

512 3835 614 3887 bus
639 3847 880 3901 praapara
909 3831 1003 3900 qui
1033 3832 1100 3885 de
1129 3830 1434 3900 longinquis
1462 3828 1704 3898 partibus
1736 3827 2089 3881 advenerunt.

515 3922 616 3988 Qui
644 3921 900 3974 continuo
929 3920 1094 3988 coepit
1138 3934 1258 3972 eum
1300 3918 1576 3979 deridere,
1615 3923 1667 3968 ct
1699 3916 1915 3970 dicere:
1959 3914 2094 3980 Quia

516 4026 645 4064 vere
687 4010 851 4063 falsus
896 4010 1154 4078 propheta
1185 4015 1347 4061 esset.
1395 4005 1674 4060 Postremo
1725 4012 1902 4057 tamen
1947 4001 2097 4056 velut

517 4110 742 4154 coactus
779 4100 846 4153 ad
891 4099 1276 4152 monasterium
1306 4097 1546 4160 veniens,
1582 4111 1674 4150 eos
1701 4110 1837 4164 quos
1862 4095 1944 4149 vir
1974 4109 2096 4148 san—

517 4203 636 4246 etus
659 4190 981 4259 pr-zedixerat
1001 4198 1219 4243 orantes
1239 4189 1350 4258 jam
1374 4189 1426 4242 in
1448 4187 1676 4242 ecclesia
1705 4186 1924 4255 reperit.
1949 4184 2095 4251 Quos

516 4279 769 4334 videlicet
814 4276 1143 4331 Romualdus
1187 4277 1356 4330 multo
1399 4275 1651 4344 salutaris
1691 4273 1950 4327 doctrina:
1984 4270 2096 4325 sale

516 4372 774 4434 condivit,
805 4369 988 4423 multis
1014 4367 1247 4437 denique
1281 4375 1465 4421 contra
1507 4365 1715 4434 antiqui
1759 4363 1929 4417 hostis
1961 4361 2096 4416 insi-

2193 3240 2424 3302 oportet.
2453 3228 2784 3284 Adveniente
2821 3234 3002 3280 autem
3033 3231 3220 3278 sancto
3245 3220 3331 3274 die
3367 3216 3680 3277 Dominico,
3712 3214 3765 3302 in

2194 3301 2311 3391 ipso
2336 3323 2523 3389 prima:
2551 3318 2686 3372 lucis
2713 3313 3027 3386 crepusculo
3054 3313 3188 3367 dixit
3217 3307 3490 3364 assistenti
3527 3305 3627 3359 sibi
3656 3301 3764 3356 cui-

2193 3412 2314 3466 dam
2342 3409 2514 3473 fratri,
2549 3408 2767 3462 nomine
2795 3404 3120 3474 Ingelbcrto,
3157 3399 3245 3470 qui
3274 3407 3459 3467 postea
3498 3392 3766 3460 archiepi-

2193 3515 2386 3569 scopus
2412 3499 2462 3552 in
2485 3497 2731 3568 gentibus
2755 3495 2928 3550 factus
2949 3501 3031 3546 est
3053 3508 3065 3543 :
3089 3488 3339 3558 Respice,
3366 3485 3566 3554 inquit.
3587 3479 3767 3552 procul

2195 3594 2247 3648 iu
2293 3592 2546 3663 pelagus,
2589 3598 2643 3645 et
2680 3589 2802 3642 vide
2847 3587 2980 3640 duas
3023 3569 3189 3637 naves
3237 3576 3546 3649 longinquis
3595 3573 3768 3627 adhuc

2193 3683 2380 3752 spatiis
2406 3683 2518 3752 pari
2550 3679 2833 3734 adversum
2866 3690 2962 3730 nos
2991 3673 3278 3726 velocitate
3307 3665 3618 3727 tendentes,
3641 3675 3769 3731 qua-

2197 3791 2312 3829 rum
2349 3789 2447 3828 nos
2475 3772 2692 3827 definite
2721 3769 2879 3823 debet
2910 3781 3014 3821 una
3045 3765 3334 3833 suscipere.
3374 3758 3474 3824 Qui
3507 3753 3770 3810 curiosius

2195 3865 2499 3928 intendens,
2531 3869 2586 3917 et
2610 3858 2862 3929 expansis
2891 3855 3164 3911 oculorum
3195 3851 3358 3905 radiis
3382 3845 3614 3900 sollicite
3636 3856 3768 3896 cun-

2193 3968 2280 4012 cta
2309 3955 2665 4025 perlustrans,
2711 3949 2927 4018 aliquod
2966 3941 3264 4015 remigandi
3309 3940 3520 4009 signqu
3549 3932 3773 4025 omnino

2193 4022 2376 4101 vide—re
2415 4058 2522 4098 non
2566 4041 2761 4111 potuit.
2791 4040 2861 4092 At
2887 4050 3008 4091 eum
3039 4034 3156 4087 dies
3194 4031 3307 4100 jam
3350 4026 3572 4095 jamque
3603 4022 3771 4075 clare-

2195 4144 2393 4200 sceret,
2416 4147 2541 4190 ecce
2562 4140 2808 4186 extremo
2827 4127 2970 4180 videt
2997 4123 3190 4179 intuitu
3217 4121 3351 4174 duas
3373 4129 3540 4170 naves
3561 4112 3773 4166 eminus

2197 4229 2564 4285 adventantes,
2593 4233 2648 4278 et
2674 4236 2786 4291 pra:
2813 4217 2975 4273 nimia
3005 4215 3179 4268 adhuc
3205 4206 3598 4278 longinquitate
3621 4200 3771 4271 quasi

2199 4318 2418 4374 totidem
2462 4315 2708 4368 volucres
2742 4316 3084 4379 apparentes.
3133 4301 3340 4369 Quibus
3380 4295 3600 4350 tandem
3644 4291 3771 4344 sub-

2197 4410 2446 4464 euntibus
2505 4413 2753 4476 portum,
2802 4395 3116 4466 interrogati
3151 4392 3380 4460 remiges
3429 4395 3621 4476 utrum
3662 4380 3771 4434 Bo-

517 4465 634 4519 dias
658 4461 1133 4557 vmuluindérmi?
1179 4457 1463 4557 iné‘ruxu’
1496 4466 1560 4557 et.
1594 4465 1878 4557 po“qu
1906 4469 2001 4509 eos
2032 4453 2098 4508 de
2123 4491 2173 4552 D
2494 4453 2613 4547 crum
2639 4453 2753 4545 suis
2779 4493 2828 4542 in
2858 4453 3074 4557 propria
3098 4453 3450 4536 vellent'nave
3478 4473 3768 4541 suscipere,

517 4557 768 4611 omnibus
795 4555 1065 4610 subtiliter
1089 4554 1290 4622 docuit,
1309 4568 1429 4608 cum
1454 4551 1618 4607 multa
1639 4565 1734 4606 eos
1760 4550 1827 4606 ad
1851 4563 2094 4605 eremum

519 4647 801 4701 alacritate
827 4646 1056 4700 remisit.

1049 4755 1275 4812 CAPUT
1323 4753 1560 4809 XXXIII.

513 4873 587 4927 De
634 4873 803 4926 reditu
844 4871 958 4940 ejus
999 4887 1030 4924 a
1073 4869 1370 4940 Parentio,
1394 4877 1439 4920 et
1468 4867 1639 4940 nautis
1665 4881 1777 4934 ejus
1810 4865 2006 4920 meritis
2031 4864 2094 4919 de

1048 4939 1280 5008 periculo
1311 4937 1564 4990 liberatis.

593 5054 714 5110 Alio
741 5067 952 5124 quoque
997 5062 1237 5123 tempore
1283 5063 1468 5106 rursus
1507 5049 1747 5120 praedicti
1789 5047 1987 5104 fratres
2031 5047 2099 5102 ad

591 5224 740 5306 (22!)
779 5221 901 5306 Esi}-
939 5223 1084 5306 ερειη
1119 5223 1402 5306 muriae.

605 5287 739 5306 Bn-u'.
784 5290 871 5306 ﬂ‘!
969 5293 978 5302 ι
1011 5292 1024 5306 l
1175 5287 1193 5290 “
1252 5301 1262 5306 -
1299 5293 1308 5302 ⁸
1387 5290 1402 5306 Δ
1424 5289 1436 5306 I
1479 5290 1511 5306 ³1
1641 5289 1678 5306 Ιν
1752 5289 1764 5300 ⁸
1813 5289 1843 5300 ³⁸
1873 5287 2014 5306 ΠΙ-.Α.

2198 4603 2336 4643 nova
2369 4599 2488 4638 mox
2535 4578 2721 4648 repleti
2766 4577 2982 4638 laetitia,
3029 4587 3088 4626 se
3120 4579 3176 4625 et
3215 4583 3311 4622 sua
3342 4563 3525 4620 omnia
3557 4562 3611 4615 in
3659 4560 3770 4628 ejus

2197 4685 2463 4749 potestate
2492 4671 2849 4731 constituunt,
2877 4674 2933 4720 et
2956 4663 3142 4717 beatos
3161 4673 3219 4714 se
3243 4657 3359 4710 fore
3386 4664 3493 4708 tam
3513 4650 3772 4749 pretiose

2200 4739 2505 4838 margaritae
2534 4761 2770 4832 pondere
2800 4754 3142 4827 proﬁtentur.
3172 4748 3264 4802 Illo
3292 4742 3581 4838 itaque‘die
3602 4739 3772 4792 minas

2200 4833 2346 4913 aeris
2378 4853 2726 4910 formidantes
2771 4848 2850 4901 ire
2895 4844 3199 4898 noluerunt.
3231 4833 3560 4892 Romualdus
3593 4837 3767 4883 autem

2199 4948 2515 5005 exhortatus
2559 4951 2642 4997 est
2673 4955 2768 4995 eos
2807 4947 2866 4991 ut
2904 4935 3087 4991 statim
3128 4932 3182 4984 in
3229 4944 3322 4999 spe
3353 4925 3548 4981 divinae
3584 4919 3769 4990 gratia

2201 5037 2303 5092 iter
2337 5035 2668 5103 inciperent,
2719 5027 2988 5098 spondens
3031 5022 3110 5078 eis
3140 5020 3264 5090 quia
3303 5015 3509 5071 nullum
3553 5010 3768 5067 omnino

2202 5223 2560 5300 V6§3Llptj9tll
2595 5207 3159 5296 translatus,_tt.t‘s:epe
3187 5196 3299 5252 ﬁeri
3331 5203 3459 5248 tunc
3487 5189 3708 5244 solebat.

2278 5285 2394 5302 In~-
