3992 5322
154 292 163 308 ν
215 263 319 324 985

214 479 639 536 commorantes,
670 478 830 525 nocte
854 470 1107 541 navigare
1135 479 1437 539 coeperunt.

286 581 445 637 Circa
475 580 764 636 diluculum
793 589 970 635 autem
1004 580 1184 636 subito
1211 582 1351 636 venti
1375 581 1620 649 saeviunt,
1653 589 1792 637 tem-

213 680 401 743 pestas
427 672 626 735 oritur,
660 687 810 726 mare
833 672 902 728 ab
928 673 1036 728 imo
1055 672 1217 728 fundo
1245 683 1506 730 versatur.
1529 674 1647 730 Jam
1667 690 1794 731 vero

215 761 463 815 furentes
514 758 751 829 undique
805 761 1058 830 procellae
1107 762 1251 832 ipsos
1296 777 1510 834 quoque
1566 766 1796 837 remiges

217 849 553 905 transvolant
600 859 656 904 et
699 851 878 904 navim
924 851 1052 906 hinc
1079 852 1204 908 inde
1241 855 1610 910 concutientes
1655 864 1796 912 totas

213 953 357 1010 pene
385 937 592 993 tabulas
625 938 830 993 laxant.
860 939 1082 994 Videres
1119 940 1300 1010 itaque
1336 942 1614 1008 homines,
1660 943 1797 1000 alios

216 1028 435 1098 quidem
464 1043 523 1083 se
551 1028 618 1082 ad
649 1027 940 1082 natandum
969 1045 1186 1106 exuere,
1215 1030 1350 1086 alios
1389 1047 1521 1087 vero
1567 1033 1796 1090 diversis

217 1134 282 1175 se
306 1119 636 1189 palustribus
677 1119 939 1190 religare,
978 1122 1239 1191 quosdam
1279 1133 1494 1190 autem,
1522 1134 1583 1180 ut
1610 1140 1798 1196 super-

214 1217 414 1264 natare
438 1207 688 1265 ﬂuctibus
729 1218 978 1280 possent,
1027 1226 1205 1272 remos
1237 1220 1330 1267 aut
1353 1213 1552 1283 lignum
1581 1213 1798 1283 aliquod

214 1301 468 1356 strictum
515 1309 717 1356 tenere.
764 1299 1007 1371 Cumque
1045 1302 1098 1356 in
1142 1312 1290 1359 tanto
1336 1304 1647 1360 discrimine
1691 1319 1796 1361 non

211 1389 327 1458 iam
356 1391 574 1444 dubium
609 1391 907 1460 desperatis
947 1393 1200 1449 omnibus
1241 1394 1577 1466 naufragium
1623 1395 1798 1450 immi-

218 1488 400 1545 neret,
429 1479 572 1534 illico
606 1479 936 1536 Romualdus
973 1482 1041 1536 ad
1071 1483 1225 1538 solita
1254 1485 1504 1540 videlicet
1539 1485 1799 1542 orationis

218 1580 562 1626 armamenta
592 1575 854 1637 cucurrit,
883 1582 936 1629 et
963 1575 1222 1630 reclinato
1257 1577 1527 1646 paululum
1568 1577 1793 1647 capitio,

217 1659 400 1729 capite
439 1659 642 1715 devexo
671 1659 724 1714 in
757 1661 1054 1729 gremium,
1101 1678 1291 1732 preces
1334 1666 1432 1720 sub
1476 1664 1688 1720 silentio
1729 1665 1798 1720 ad

1449 263 1606 321 VlTA
1645 265 1704 320 S.
1744 264 1889 321 ROM
1899 265 2116 323 UALDl.

212 376 518 448 periculum
565 375 912 433 sustinerent.
954 374 1036 432 Illi
1084 383 1264 431 tamen
1288 415 1304 442 ,
1337 385 1448 432 tota
1484 376 1572 434 die
1600 377 1794 434 ibidem
1820 380 1874 443 Α

3353 286 3464 342 986

2459 387 2684 447 CAPUT
2719 388 2934 447 XXXV.

1898 489 1974 546 De
2001 491 2220 547 adventu
2249 494 2362 565 ejus
2401 497 2470 550 ad
2505 498 2690 552 vallem
2735 501 2798 554 de
2836 499 3052 565 Castra,
3082 509 3132 555 et
3161 503 3323 558 multo
3351 505 3466 559 ani-

2244 582 2449 620 marum
2480 568 2654 636 fructu
2686 585 2777 638 per
2803 586 2919 624 eum
2949 569 3109 638 facta.

1965 667 2456 744 Romualduslergo,
2481 675 2781 731 sterilitatis
2797 677 3102 747 impatiens,
3125 679 3280 734 anxia
3303 681 3468 750 cmpit

1898 758 2155 817 aviditate
2181 764 2497 832 perquirere
2537 766 2625 819 ubi
2668 775 2866 820 terram
2902 769 3163 837 potuisset
3191 770 3258 824 ad
3292 770 3469 840 profe-

1897 851 2094 906 rendos
2135 854 2433 908 animarum
2483 856 2690 911 fruetus
2737 858 2980 913 idoneam
3025 861 3282 916 invenire.
3326 862 3468 918 Misit

1897 939 2082 1012 itaque
2104 944 2320 999 nuntios
2340 945 2405 998 ad
2427 943 2723 1000 Camerina
2743 949 3031 1016 provinciae
3055 948 3201 1018 (28‘2)
3218 951 3464 1006 comites.

1898 1032 1998 1099 Qui
2028 1033 2212 1088 audito
2247 1037 2466 1090 nomine
2492 1035 2806 1102 Romualdi,
2843 1039 3007 1092 nimio
3033 1040 3220 1109 repleti
3249 1041 3466 1111 gaudio,

1898 1132 2091 1178 cuncta
2117 1138 2226 1178 suae
2249 1125 2464 1180 virtutis
2486 1125 2719 1181 oﬂ‘erunt
2741 1129 2964 1196 praedia,
2997 1147 3100 1184 non
3130 1132 3288 1186 modo
3307 1131 3471 1203 460

1899 1210 2155 1266 silvarum
2199 1220 2254 1266 et
2283 1215 2563 1280 montium,
2611 1215 2726 1280 sed,
2774 1215 2818 1270 si
2864 1218 2965 1271 sibi
3001 1219 3162 1272 etiam
3205 1219 3467 1288 placeret,

1899 1315 2169 1370 agrorum.
2199 1301 2478 1357 Postremo
2525 1313 2771 1372 repertus
2814 1313 2897 1359 est
2938 1305 2990 1358 in
3023 1323 3208 1361 eorum
3252 1323 3468 1376 posses-

1900 1389 2049 1443 sione
2078 1389 2227 1444 locus
2262 1391 2555 1446 eremiticze
2577 1392 2976 1447 conversationi
3010 1395 3141 1448 satis
3170 1411 3470 1464 congruus,

1899 1478 2172 1537 montibus
2200 1480 2434 1549 undique
2476 1480 2706 1535 vallatus
2735 1489 2791 1535 et
2829 1481 2997 1535 silvis.
3037 1481 3094 1535 In
3141 1483 3317 1535 medio
3345 1497 3474 1535 vero

1901 1566 2076 1637 ampla
2107 1569 2350 1637 quaedam
2381 1569 2632 1639 planities
2660 1586 2766 1625 non
2797 1570 2968 1625 solum
3005 1569 3339 1640 proferendis
3365 1569 3476 1624 fru-

1900 1657 2054 1727 gibus
2079 1669 2222 1728 apta,
2255 1659 2348 1714 sed
2378 1661 2678 1730 perspicuis
2706 1661 2866 1716 etiam
2903 1659 3129 1714 fontium
3166 1662 3320 1730 aquis
3349 1661 3474 1714 irri-

216 1749 506 1804 Dominum
535 1749 703 1814 fudit;
735 1751 926 1806 deinde
954 1751 1156 1805 Ausoni
1183 1752 1393 1819 abbati,
1430 1754 1520 1822 qui
1554 1754 1799 1808 cominus
1828 1753 1874 1812 B
1903 1762 2025 1815 gua.
2054 1745 2151 1802 Hic
2179 1748 2358 1816 itaque
2386 1748 2536 1804 locus
2565 1749 2718 1803 vallis
2747 1751 2812 1804 de
2838 1751 3026 1804 Castro
3061 1750 3354 1818 antiquitus
3381 1764 3475 1801 vo-

216 1841 516 1906 assidehat,
545 1856 733 1896 secure
773 1840 938 1912 459
974 1843 1246 1913 praecepit,
1275 1843 1498 1898 dicens:
1537 1844 1800 1900 Denuntia

217 1931 403 1986 nautis
433 1939 492 1984 ut
521 1947 859 2002 nequaquam
898 1932 1145 1996 timeant,
1177 1932 1271 1987 sed
1296 1948 1484 1987 omnes
1514 1949 1571 1988 se
1598 1933 1801 1990 incolu-

219 2035 339 2076 mes
381 2035 637 2077 evasuros
679 2023 883 2090 absque
915 2022 1021 2076 ulla
1065 2024 1280 2092 penitus
1324 2024 1673 2094 ambiguitate
1711 2041 1802 2080 co-

217 2119 501 2181 gnoscant.
565 2111 662 2166 Vix
712 2113 981 2167 modicum
1033 2121 1154 2182 post
1200 2113 1332 2179 hoc,
1383 2122 1436 2168 et
1483 2129 1612 2169 ecce
1661 2115 1800 2168 ultra

217 2204 465 2256 omnium
511 2217 660 2272 spem
708 2204 913 2273 absque
960 2203 1071 2259 ullo
1109 2204 1348 2258 humano
1373 2205 1552 2260 studio
1594 2205 1707 2274 ipsa
1743 2219 1803 2260 se

219 2293 377 2346 navis
423 2293 639 2362 dirigit,
683 2301 738 2348 et
785 2307 910 2347 mox
957 2293 1010 2347 in
1065 2302 1279 2363 portum
1335 2293 1607 2372 (Ἀρι-θοις
1655 2293 1801 2365 (280)

222 2382 466 2438 civitatis
504 2381 722 2452 delapsa
759 2382 1011 2437 celeriter
1041 2383 1387 2438 subintravit.
1438 2382 1588 2438 Tunc
1615 2398 1804 2440 omnes

223 2470 508 2525 liberatori
539 2470 649 2526 Deo
690 2470 878 2541 dignas
923 2471 1164 2526 referunt
1189 2472 1410 2543 gratias,
1442 2479 1496 2526 et
1522 2471 1806 2526 manifeste

225 2576 285 2615 se
317 2561 386 2616 de
412 2560 658 2618 faucibus
683 2563 874 2618 mortis
899 2571 1111 2634 ereptos
1135 2561 1421 2619 Romualdi
1445 2563 1657 2618 meritis
1681 2577 1806 2634 pro-

226 2653 474 2708 fitentur.

763 2739 990 2799 CAPUT
1032 2740 1271 2797 XXXIV.

488 2873 569 2930 De
601 2883 823 2930 aaventu
850 2873 1134 2929 Romualdi
1159 2875 1214 2930 in
1243 2873 1541 2944 Bifurcum.

299 3003 535 3060 Veniens
565 3005 744 3075 itaque
779 3005 1109 3060 Romualdus
1151 3003 1462 3072 Bit‘urcum,
1506 3004 1640 3060 visis
1680 3018 1804 3060 om-

1903 1836 2152 1902 cabatur,
2183 1837 2273 1891 ubi
2296 1837 2408 1908 jam
2458 1853 2620 1907 parva
2651 1846 2769 1892 erat
2797 1837 3026 1892 ecclesia
3058 1836 3234 1907 (285),
3275 1837 3328 1889 in
3368 1850 3476 1904 qua

1902 1940 2286 1980 conversarum
2320 1928 2677 1994 quarumdam
2707 1925 2990 1981 mulierum
3037 1927 3321 1980 videbatur
3357 1941 3477 1979 esse

1901 2025 2217 2070 conventus.
2254 2015 2349 2071 llis
2383 2017 2565 2084 itaque
2607 2017 2727 2072 loco
2764 2017 3105 2079 sedentibus,
3151 2016 3478 2070 constructis

1901 2105 2109 2161 cellulis
2141 2106 2250 2160 illic
2282 2105 2527 2161 habitare
2549 2122 2670 2160 cum
2700 2107 2811 2161 suis
2848 2107 3123 2176 discipulis
3145 2107 3228 2160 vir
3256 2121 3479 2160 venera-

1903 2195 2024 2250 bilis
2049 2196 2233 2265 cmpit.
2262 2195 2334 2248 lbi
2368 2203 2546 2249 autem
2571 2206 2804 2265 quantos
2825 2197 3127 2250 animarum
3153 2196 3361 2250 fructus
3383 2211 3482 2265 per

1904 2285 2053 2339 illum
2083 2284 2342 2338 Dominus
2366 2283 2699 2351 acquisierit,
2726 2284 2847 2352 quis
2869 2282 3045 2337 valeat
3071 2283 3154 2337 vel
3177 2290 3482 2337 atramento

1904 2374 2248 2438 describere,
2295 2373 2381 2428 vel
2428 2373 2605 2442 lingua
2654 2372 2931 2442 proferre?
2975 2371 3202 2440 Cmpere
3251 2384 3484 2443 namque

1904 2463 2152 2518 homines
2196 2462 2262 2515 ad
2294 2462 2666 2530 pmnitentiam
2716 2461 2842 2515 hinc
2875 2461 3000 2514 inde
3045 2459 3316 2513 conﬂuere
3386 2473 3482 2512 sua

1905 2553 2230 2623 pauperibus
2255 2552 2678 2606 misericorditer
2705 2566 2952 2621 erogare,
2974 2550 3062 2604 alii
3090 2549 3343 2603 saeculum
3367 2563 3485 2602 om-

1905 2641 2034 2695 nino
2065 2638 2374 2708 relinquere
2398 2648 2454 2692 et
2480 2640 2546 2693 ad
2569 2648 2770 2692 sancta:
2791 2636 3218 2692 conversationis
3239 2635 3485 2690 ordinem

1906 2734 2099 2804 spiritu
2137 2731 2346 2787 fervido
2376 2730 2648 2786 festinare.
2692 2730 2824 2784 Erat
2856 2730 3000 2783 enim
3031 2728 3110 2781 vir
3136 2726 3488 2781 beatissimus

1906 2824 2060 2894 quasi
2096 2838 2237 2877 unus
2265 2821 2332 2877 de
2359 2810 2667 2890 Seraphim,
2694 2820 2817 2888 quia
2852 2829 2906 2872 et
2933 2819 3043 2888 ipse
3068 2815 3282 2870 ﬂamma
3318 2811 3484 2869 divini

1908 2913 2110 2969 amoris
2140 2910 2638 2982 incomparabiliter
2666 2909 2949 2972 aestuabat,
2973 2915 3028 2961 et
3053 2906 3208 2972 alios,
3240 2919 3486 2974 quocun-

1909 3022 2015 3078 que
2044 3012 2326 3077 pergeret,
2366 3011 2566 3058 sancta:
2609 2998 3005 3070 praedicationis
3051 2997 3264 3051 facibus
3301 2994 3491 3048 incen-

229 3095 383 3151 nium
409 3094 640 3150 fratrum
670 3095 843 3160 cellis,
870 3097 994 3167 quia
1023 3097 1409 3168 superstitione
1437 3095 1669 3167 quadam
1698 3111 1814 3151 am-
1839 3097 1885 3160 C
1919 3097 2099 3153 debat.
2131 3094 2286 3164 Saepe
2314 3107 2566 3162 namque,
2595 3095 2720 3146 dum
2751 3086 3151 3158 praedicationis
3173 3084 3339 3138 verba
3366 3096 3492 3152 pro-

228 3187 442 3243 bitiosae
464 3187 805 3253 videbantur,
829 3187 882 3241 in
906 3187 1050 3241 nulla
1082 3202 1266 3242 earum
1297 3188 1497 3242 habere
1518 3187 1809 3256 hospitium

229 3279 424 3343 voluit,
455 3279 558 3334 nisi
587 3279 640 3333 in
671 3278 760 3334 illa
791 3279 1126 3334 solummodo
1155 3279 1207 3332 in
1231 3294 1336 3348 qua
1366 3277 1558 3333 Petrus
1584 3292 1812 3353 venera-

229 3373 355 3428 bilis
388 3371 538 3443 (281)
581 3371 696 3440 ejus
735 3371 1029 3442 discipulus
1060 3371 1371 3434 habitabat,
1419 3370 1503 3423 vir
1548 3369 1815 3439 siquidem

233 3462 500 3517 mirabilis
538 3461 879 3516 abstinentiae
920 3459 1206 3530 multzeque
1245 3459 1532 3513 admodum
1563 3459 1818 3514 extremi-

233 3551 364 3606 tatis
385 3589 402 3615 ,
428 3549 520 3619 qui
552 3549 799 3606 cellulam
825 3549 937 3603 sibi
979 3549 1046 3603 ad
1091 3548 1148 3602 S.
1181 3546 1470 3602 Hilarionis
1514 3547 1817 3615 exemplum

234 3644 324 3699 vix
357 3659 596 3713 unquam
627 3643 909 3713 largiorem
959 3643 1076 3696 ﬁeri
1111 3649 1344 3710 quatuor
1372 3641 1569 3695 cubitis
1595 3639 1819 3710 permit-

236 3735 411 3790 tebat.
441 3733 727 3789 Referebat
751 3742 931 3788 autem
969 3747 1130 3788 nosse
1165 3732 1308 3786 idem
1349 3732 1674 3787 venerabilis
1701 3732 1818 3796 vir,

236 3826 366 3897 quia
394 3825 519 3880 dum
551 3825 610 3878 B.
636 3823 967 3878 Romualdus
991 3839 1114 3878 cum
1151 3823 1265 3893 ipso
1295 3830 1558 3886 maneret,
1587 3830 1642 3874 et
1680 3819 1823 3890 psal-

241 3933 361 3973 mos
410 3927 635 3989 uterque
681 3917 822 3972 inter
857 3931 916 3971 se
955 3916 1173 3970 vicariis
1202 3914 1450 3970 versibus
1491 3912 1822 3975 alternaret,

238 4009 429 4064 tricies
474 4008 526 4062 in
576 4017 757 4074 nocte,
801 4007 885 4063 vel
913 4022 979 4062 eo
1013 4007 1264 4076 amplius,
1297 4021 1356 4061 se
1398 4003 1726 4059 Romualdus
1756 3999 1823 4054 ad

240 4098 506 4168 requisita
539 4106 747 4152 natura;
775 4097 854 4151 ire
880 4096 1191 4160 simulabat,
1209 4094 1463 4164 quoniam
1490 4091 1824 4147 aﬂluentium

242 4186 605 4260 lacrymarum
637 4188 1006 4242 inundantiam
1056 4195 1216 4255 atque
1261 4183 1525 4254 singultus
1570 4179 1826 4236 cohibere

244 4292 351 4332 non
383 4285 617 4347 poterat.
647 4276 889 4347 Cumque
917 4277 989 4330 ibi
1015 4272 1341 4330 Romualdus
1371 4268 1680 4341 aliquandiu
1712 4283 1828 4323 mo-

246 4374 484 4431 raretur,
507 4374 561 4420 et
584 4364 781 4419 fratres
806 4379 912 4418 non
933 4364 1103 4419 solum
1128 4363 1193 4418 de
1219 4359 1484 4431 spirituali
1506 4357 1824 4423 certamine,

1913 3188 2099 3252 ferret,
2121 3195 2267 3240 tanta
2289 3185 2436 3239 illum
2462 3181 2806 3252 compunctio
2832 3180 2885 3233 in
2912 3178 3178 3248 lacrymas
3197 3172 3491 3235 excitabat,

1912 3286 1973 3333 ut
2002 3276 2182 3331 subito
2209 3275 2567 3340 interruptum
2597 3283 2900 3325 sermonem
2931 3267 3237 3334 relinquens
3257 3261 3494 3329 aliquor-

1916 3381 2035 3422 sum
2082 3363 2365 3434 repentino
2394 3361 2597 3428 impetu
2634 3359 2777 3412 velut
2805 3369 2993 3408 amens
3019 3353 3318 3422 aufugeret.
3357 3347 3490 3401 Nam

1915 3465 1970 3511 et
2018 3455 2061 3509 si
2108 3452 2322 3523 quando
2371 3465 2492 3505 cum
2541 3446 2800 3501 fratribus
2847 3441 3156 3512 equitabat,
3185 3439 3341 3508 longe
3374 3444 3495 3505 post

1917 3547 2051 3601 alios
2080 3543 2304 3598 veniens
2332 3552 2652 3610 semperque
2684 3535 2940 3607 psallens,
2972 3530 3323 3586 nihilominus
3351 3543 3415 3581 ac
3446 3526 3494 3580 si

1918 3638 1972 3693 in
2001 3636 2190 3692 cellam
2220 3633 2499 3702 resideret,
2523 3628 2724 3699 jugiter
2767 3625 3036 3694 laerymas
3076 3617 3349 3674 effundere
3385 3629 3495 3668 non

1922 3727 2172 3782 cessabat
3103 3798 3116 3804 _
3383 3792 3395 3804 .

1987 3815 2134 3870 Inter
2161 3821 2388 3868 caeteros
2414 3817 2623 3870 autem,
2653 3804 2922 3876 praecipue
2959 3798 3242 3855 saeculares
3271 3798 3497 3849 clericos

1921 3905 2013 3976 qui
2040 3919 2134 3974 per
2169 3900 2448 3972 pecuniam
2476 3895 2720 3968 :ordinati
2777 3891 2988 3946 fueran‘t
3016 3885 3301 3941 durissima
3346 3894 3498 3976 seve-

1921 3972 2080 4050 ritate
2107 3991 2452 4062 corripiebat,
2488 3995 2540 4043 et
2565 4001 2689 4050 eos,
2729 3984 2830 4037 nisi
2859 3980 3101 4036 ordinem
3131 3983 3319 4046 sponte
3346 3972 3500 4026 dese-

1923 4097 2126 4149 rerent,
2159 4085 2379 4139 omnino
2410 4076 2740 4134 damnabiles
2784 4082 2838 4126 et
2880 4069 3162 4126 haereticos
3199 4064 3498 4119 asserebat.

1924 4175 2022 4242 Qui
2056 4188 2247 4229 novam
2274 4185 2385 4225 rem
2411 4167 2686 4222 audientes
2714 4162 2960 4217 occidere
2986 4159 3135 4212 illum
3163 4153 3330 4208 moliti
3355 4159 3498 4242 sunt.

1924 4239 2028 4321 Ιίει·
2078 4272 2242 4319 totam
2288 4270 2522 4329 namque
2569 4255 2714 4311 illam
2766 4249 3171 4310 monarclniam,
3220 4256 3388 4311 usque
3434 4239 3502 4293 ad

1926 4355 2208 4412 Romualdi
2254 4361 2514 4420 tempora,
2551 4346 2761 4415 vulgata
2789 4338 3177 4398 consuetudine
3197 4373 3212 4399 ,
3243 4333 3328 4385 vix
3359 4330 3505 4398 quis~

246 4468 434 4510 verum
459 4429 621 4510 etiam
662 4462 720 4508 ut
750 4454 854 4508 sibi
883 4454 1132 4508 abbatem
1158 4429 1474 4523 praeferrent
1498 4457 1555 4504 et
1584 4462 1827 4503 commu-
1855 4443 1907 4505 D
1930 4463 2089 4517 quam
2130 4452 2354 4498 noverat
2381 4438 2739 4494 Simoniacam
2769 4430 3015 4523 haeresim
3051 4439 3172 4523 esse
3203 4429 3502 4523 peccatum.

250 4545 336 4599 nia
381 4554 574 4601 cuncta
624 4545 862 4600 facerent
889 4545 1220 4608 admoneret,
1255 4541 1504 4612 illi,?quia
1533 4554 1688 4594 suum
1733 4538 1831 4591 ha-

249 4634 412 4690 bebat
451 4637 820 4706 unusquisque
854 4643 1308 4700 sustentatorem,
1346 4641 1402 4688 et
1429 4640 1590 4702 prout
1635 4631 1829 4698 cuique

251 4721 516 4790 libuerat,
565 4725 768 4795 proprii
817 4724 1180 4792 sequebantur
1231 4722 1440 4776 arbitrii
1488 4719 1827 4784 libertatem,

254 4809 537 4869 Romualdi
573 4822 844 4885 praecepta
881 4813 1156 4885 suscipere
1184 4827 1290 4867 non
1320 4824 1642 4882 magnopere
1672 4823 1833 4866 cura-

255 4912 469 4958 verunt.

1936 4515 2036 4606 Qui
2063 4535 2194 4590 dixit
2218 4533 2296 4586 eis
2323 4549 2334 4584 :
2374 4530 2648 4584 Canonum
2681 4521 2808 4577 mihi
2837 4521 2998 4574 libros
3020 4515 3304 4606 alferte,Aet
3325 4519 3505 4564 utrum

1932 4601 2058 4681 vera
2085 4623 2193 4678 sint
2218 4619 2493 4690 quaedico,
2514 4613 2710 4668 vestris
2730 4608 3105 4664 attestantibus
3131 4601 3336 4674 paginis
3361 4615 3509 4655 com-

1934 4715 2172 4786 probate.
2198 4710 2400 4777 Quibus
2424 4709 2601 4774 itaque
2623 4702 2905 4769 diligenter
2930 4696 3207 4768 inspectis,
3230 4703 3284 4786 et
3303 4694 3508 4786 crimen

1938 4784 2257 4876 agnoscunt,
2299 4808 2347 4854 et
2392 4803 2574 4852 errata
2602 4792 2944 4862 deplangunt.
2989 4784 3282 4842 Constituit
3329 4785 3515 4876 itaque

1936 4873 2020 4952 vir
2046 4899 2263 4950 sanctus
2290 4889 2473 4959 plures
2516 4882 2805 4941 canonicos
2836 4888 2890 4935 et
2932 4878 3188 4939 clericos,
3219 4877 3314 4944 qui
3354 4873 3520 4930 laico-

2525 5073 2838 5106 Ανιῗηηηηῆιῖο
2924 5068 3068 5106 Italic
3097 5065 3386 5106 ΙῩηηιος-ἕοιη

1951 5094 1985 5106 Α
2086 5087 2278 5106 -_',A--....
2313 5085 2494 5106 -3-3.--
