3992 5322
425 220 531 277 937
562 255 583 267 .-

891 212 953 270 s.
991 209 1193 269 PETRI
1232 205 1520 266 DAMIANI
1557 203 1708 264 ope.
1752 168 2051 261 massa

2164 155 2380 262 renus
2406 201 2475 261 tt.
2500 191 2575 247 :—
2612 202 3037 263 sancroauu
3070 202 3276 263 vim.

425 353 550 394 mm
580 347 735 391 more
759 312 1091 387 saeculariter
1116 326 1451 391 habitabant,
1473 323 1775 396 praepositis
1795 320 2017 376 obedire
2044 315 2093 383 Α
2121 318 2286 386 mino,
2336 330 2623 395 postquam
2668 323 2838 381 cibari
2866 323 3133 383 latronem
3168 325 3316 394 fecit,
3344 324 3547 383 deinde
3588 344 3698 384 rno-
3767 362 3778 373 ς

427 439 485 486 et
512 423 872 484 communiter
900 421 957 477 in
984 418 1402 491 congregatione
1427 418 1608 472 vivere
1635 414 1820 473 docuit
1848 412 2017 484 (284).

2121 409 2272 466 deste
2298 422 2606 482 correptum
2635 423 2690 470 et
2716 415 2962 472 dulcibus
3007 418 3187 474 verbis
3214 418 3558 476 admonitum
3616 435 3700 476 re-

430 518 683 578 Nonnulli
715 529 931 586 quoque
981 512 1218 584 episcopi
1259 510 1350 580 qui
1386 525 1482 580 per
1511 506 1874 587 Simoniacam
1905 507 2020 560 hae-
2122 501 2239 556 dire
2267 502 2333 558 ad
2358 504 2576 576 propria
2605 505 2657 560 in
2687 521 2819 576 pace
2842 508 3109 578 permisit.

431 613 599 669 resim
627 621 815 665 sacras
853 606 1012 661 sedes
1040 604 1381 666 invaserant,
1409 600 1475 656 ad
1506 615 1630 656 eum
1656 613 1819 655 causa
1849 595 2024 667 poeni-

430 707 620 762 tentiae
665 698 1084 757 concurrebant.
1131 694 1232 761 Qui
1277 694 1439 749 etiam
1479 689 1770 747 venerabili
1802 690 1921 744 viro
1963 702 2024 744 se

433 795 861 857 committentes,
894 797 947 844 et
973 788 1343 858 episcopatum
1376 784 1608 839 termino
1641 790 1845 838 statuto
1874 780 2026 836 dese-

435 904 580 954 rere,
611 896 666 942 et
690 884 757 938 ad
788 890 990 938 sancta:
1034 879 1193 952 m1
1231 875 1659 933 conversationis
1691 889 1752 929 se
1795 871 2047 944 promitw

438 982 626 1037 tebant
650 979 895 1034 ordinem
926 976 1202 1030 festinare.
1244 971 1322 1026 Ex
1351 970 1547 1041 quibus
1574 976 1754 1023 tamen
1779 966 1864 1021 vir
1902 980 2028 1020 san-

440 1082 584 1136 ctus,
615 1069 852 1140 quandiu
900 1067 1062 1131 vixit,
1096 1063 1280 1120 nescio
1303 1063 1347 1117 si
1379 1060 1461 1116 vel
1499 1073 1664 1114 unum
1709 1064 2029 1112 convertere

439 1162 635 1234 potuit.
683 1161 778 1216 Est.
820 1159 963 1215 enim
1003 1167 1269 1212 venenata
1315 1152 1403 1207 illa
1445 1150 1689 1214 haeresis,
1729 1147 2029 1218 praesertim

446 1255 502 1310 in
540 1253 834 1324 episcopali
885 1249 1109 1314 ordine,
1160 1255 1269 1301 tam
1302 1245 1458 1308 dura,
1498 1252 1554 1298 et
1599 1243 1666 1297 ad
1710 1248 2033 1297 converten-

442 1346 572 1402 dum
601 1344 798 1412 rigida,
825 1351 902 1406 ιιι,
937 1353 1151 1409 semper
1180 1335 1751 1407 promittens,semper
1778 1330 1845 1389 dc
1869 1329 1955 1384 die
1979 1328 2033 1383 in

444 1436 588 1491 diem
638 1433 942 1504 producens
999 1438 1161 1498 atque
1207 1427 1261 1482 in
1304 1425 1542 1480 futurum
1606 1416 2033 1493 procrastinans,

449 1526 660 1582 facilius
684 1524 857 1594 possit
882 1521 1101 1577 Iudaeus
1122 1520 1186 1575 ad
1217 1520 1377 1574 ﬁdem
1412 1513 1689 1577 converti,
1732 1527 1893 1582 quam
1929 1510 2043 1566 hae-

453 1618 656 1673 reticus
682 1615 822 1671 latro
850 1616 1008 1684 plene
1031 1613 1097 1667 ad
1123 1612 1496 1681 ptenitentiam
1525 1605 1828 1678 provocari.

985 1725 1212 1783 CAPUT
1244 1723 1487 1781 XXXVI.

452 1823 530 1879 De
553 1823 689 1894 fure,
705 1836 857 1891 quem
883 1819 1204 1900 frangentem
1229 1813 1673 1900 celluntﬁregorii
1693 1810 2037 1884 perspirilum

888 1886 1031 1951 vidit,
1058 1898 1105 1941 et
1134 1886 1357 1941 illa'sum
1384 1886 1602 1938 dimisit.

524 1983 584 2040 In
629 1982 834 2038 eisdem
865 1995 1081 2052 quoque
1123 1978 1369 2048 partibus
1407 1976 1493 2030 vir
1520 1982 1740 2030 sanctus
1772 1978 2045 2027 monaste-

455 2077 598 2132 rium
624 2073 867 2130 condidit
895 2073 1216 2143 puellarum.
1248 2068 1489 2124 Solemni
1529 2066 1762 2136 quadam
1781 2064 1888 2128 die,
1916 2062 2044 2117 dum

457 2166 543 2221 vir
562 2164 898 2220 venerabilis
946 2162 1057 2216 illic
1107 2176 1229 2215 cum
1278 2159 1536 2213 fratribus
1562 2156 1616 2210 in
1649 2154 1887 2225 capitulo
1915 2152 2048 2207 resi-

462 2259 638 2319 deret,
685 2266 741 2311 ct
773 2271 868 2311 eos
919 2254 1175 2309 salutaris
1220 2252 1481 2307 doctrina:
1524 2249 1752 2318 dapibus
1797 2246 2046 2309 satiaret,

464 2344 691 2417 repetite
718 2346 898 2415 ipsum
936 2345 1338 2413 interrumpens
1367 2354 1693 2404 sermonem,
1727 2337 1888 2393 anxia
1916 2352 2054 2408 qua-

465 2437 590 2494 dam
640 2435 1112 2492 animadversione
1166 2434 1472 2489 exclamare
1507 2432 1698 2501 erepit,
1747 2439 1802 2484 et
1827 2430 2047 2507 dicere:

463 2528 623 2599 Agite
652 2543 817 2590 nunc,
851 2528 1044 2597 inquit,
1076 2527 1242 2591 agite,
1281 2534 1335 2580 et
1388 2523 1712 2594 quantocius
1741 2529 2051 2592 properate,

466 2618 595 2688 quia
639 2618 753 2688 jam
819 2616 1004 2673 fratris
1049 2617 1297 2687 Gregorii
1342 2615 1533 2671 cellam
1572 2614 1660 2669 fur
1686 2613 1927 2683 frangit:
1965 2612 2055 2668 hic

468 2722 651 2766 autem
681 2710 979 2781 Gregorius
1010 2709 1160 2780 (585)
1211 2709 1651 2779 archiepiscOpus
1694 2708 1748 2762 in
1805 2705 2056 2776 gentibus

469 2802 814 2872 postmodum
843 2810 1195 2855 consecratus
1214 2809 1340 2865 est;
1402 2799 1496 2869 qui
1526 2796 1775 2867 protinus
1804 2795 2057 2851 cxsilien-
2092 2823 2095 2826 ν

470 2901 555 2949 tes
591 2893 658 2947 ad
687 2894 878 2949 cellam
912 2894 1204 2965 perniciter
1231 2899 1495 2955 currunt,
1527 2898 1583 2945 et
1614 2889 1786 2944 furem
1817 2887 1929 2957 jam
1955 2903 2055 2958 pa-

471 2984 638 3040 rietes
694 2985 1041 3055 infrigentem
1095 2984 1393 3039 inveniunt.
1444 2981 1615 3049 Quem
1660 2980 1941 3050 capientes
1989 2978 2055 3035 ad

473 3073 794 3144 magistrum
822 3073 1174 3142 pertrahunt,
1198 3081 1253 3125 et
1277 3071 1407 3140 quid
1432 3070 1501 3124 de
1539 3080 1646 3124 tam
1672 3069 1938 3139 sacrilego
1972 3082 2059 3121 ra-

472 3172 631 3236 ptore
657 3163 962 3219 faciendum
989 3173 1137 3220 esset
1162 3164 1463 3234 inquirunt.
1494 3161 1701 3230 Quibus
1729 3161 1813 3214 vir
1841 3169 2065 3216 sanctus

473 3264 643 3325 cmptt
671 3255 919 3310 hilariter
947 3255 1129 3309 dicere
1159 3272 1172 3308 :
1223 3254 1286 3309 Et
1316 3268 1437 3324 ego,
1467 3253 1687 3317 fratres,
1715 3252 1907 3323 ignoro
1936 3251 2065 3321 quid

480 3346 548 3400 de
578 3356 686 3401 tam
717 3347 861 3402 malo
888 3346 1107 3402 homine
1142 3345 1412 3415 possimus
1446 3341 1645 3398 facere.
1679 3341 1933 3396 Eruimus
1961 3341 2065 3396 sibi

478 3437 707 3491 ecutos?
757 3436 852 3491 sed
885 3444 1072 3507 postea
1121 3450 1231 3489 non
1278 3434 1499 3488 videbit.
1548 3431 1840 3487 lncidimus
1867 3431 1917 3485 ei
1954 3447 2066 3486 ma-

478 3530 643 3585 num?
671 3531 763 3585 sed
792 3531 1025 3602 amplius
1046 3545 1150 3584 non
1178 3528 1464 3591 laborabit,
1496 3542 1561 3582 ac
1585 3541 1681 3596 per
1706 3527 1810 3580 hoc
1839 3525 2066 3580 forsitan

481 3622 628 3678 fame
658 3623 878 3692 peribit.
911 3622 968 3677 Si
997 3621 1189 3691 pedem
1240 3618 1598 3675 truncamus?
1644 3616 1923 3673 ambulare
1962 3632 2067 3671 non

481 3715 699 3783 poterit.
748 3714 855 3770 Sed
905 3714 1050 3768 intro
1077 3729 1199 3767 eum
1251 3712 1453 3766 minate
1482 3708 1654 3781 (286),
1700 3717 1755 3763 et
1780 3709 1960 3762 cibum
1992 3706 2069 3760 illi

481 3792 637 3875 prius
664 3806 941 3876 apponite,
973 3805 1188 3875 utquid
1215 3804 1282 3858 de
1309 3819 1375 3857 eo
1398 3801 1705 3857 faciendum
1731 3800 1824 3864 sit,
1853 3798 2070 3853 interim

485 3908 902 3968 pertractemus.
953 3899 1015 3955 Et
1066 3899 1140 3954 ita
1190 3898 1274 3952 vir
1301 3906 1522 3952 sanctus
1550 3894 1829 3951 exsultans
1868 3892 1923 3948 in
1972 3893 2075 3948 Do-

558 4032 708 4097 (284)
737 4031 889 4086 Hanc
917 4032 1303 4086 canonicorum
1341 4030 1704 4085 communiter
1745 4029 1798 4083 in
1842 4041 2072 4098 congre—

490 4103 708 4173 gatione
734 4102 834 4173 sub
856 4104 1158 4173 prmpositis
1187 4102 1479 4173 viventium
1513 4100 1570 4154 ὃ.
1605 4098 1895 4173 llomualdi
1916 4098 2074 4173 i_n_st_i-

491 4166 755 4239 Iutioncm
796 4166 1036 4225 imitatus
1062 4181 1145 4226 est
1191 4172 1515 4235 Damianus,
1563 4170 1760 4239 quippe
1806 4166 2075 4239 qniVeli-

457 4262 469 4290 τ
494 4238 968 4308 trensisEcclesia:
999 4255 1109 4294 suae
1126 4240 1416 4296 canonicos
1447 4256 1553 4294 non
1582 4237 1751 4292 modo
1781 4237 2072 4306 curripuit,

490 4313 584 4367 sed
615 4311 681 4363 ad
716 4319 924 4364 arctam
952 4311 1166 4365 vivendi
1203 4324 1449 4363 normam
1497 4312 1690 4377 sponte
1723 4308 1968 4371 reduxit,
2019 4315 2078 4361 ιιι

484 4384 545 4441 in
573 4396 669 4434 sua
696 4379 945 4448 cpistola,
978 4396 1100 4451 quae.
1126 4389 1220 4451 est,
1238 4376 1555 4451 opusculum
1585 4378 1675 4443 54,
1705 4377 1892 4451 refert.

564 4450 713 4523 (285)
733 4447 842 4506 ilic
873 4447 1036 4523 etiam
1057 4492 1072 4518 ,
1098 4460 1158 4506 ut
1188 4449 1249 4506 S.
1273 4447 1599 4523 Bonifacius
1626 4457 1682 4503 et
1715 4447 2069 4523 lngelbertus,

492 4539 519 4575 a
548 4517 762 4592 summa
788 4517 1133 4592 pontificead
1164 4521 1560 4592 praedicandum
1588 4517 1839 4592 gentibus
1866 4517 2071 4592 Christi

490 4588 841 4658 Evangeliuin
866 4588 1364 4666 archiepiscopatus
1393 4590 1550 4645 titulo
1579 4588 1785 4647 tantum
1814 4588 1915 4643 fuit
1944 4603 2072 4644 con-

491 4677 584 4718 SCC
592 4678 647 4715 ΙἿὶ
657 4672 709 4714 ιι]
717 4678 762 4716 8.

503 4768 525 4805 .4
564 4729 713 4805 (286)
760 4732 1078 4790 Fontisboni
1116 4734 1285 4789 editio
1314 4734 1496 4805 habet,
1552 4733 1692 4805 intra
1720 4750 1837 4788 eum
1873 4734 2067 4788 ducite.

493 4802 807 4873 Ob'soletnm
855 4815 939 4860 est
991 4806 1215 4861 verbum
1259 4803 1480 4871 minare,
1525 4803 1667 4857 sicut
1691 4815 1747 4861 et
1785 4806 2070 4873 minitare,

495 4872 809 4944 quod_i_dem
843 4886 924 4928 est
951 4891 1015 4930 ac
1046 4876 1255 4928 ducere.

570 4942 720 5014 (287)
744 4942 1078 5014 Augustinus
1103 4944 1450 5000 Florentinus
1471 4984 1486 5009 ,
1513 4952 1567 4998 et
1594 4957 1945 5014 unacunteo
1971 4960 2078 5000 non

496 5011 985 5085 paitei_scriptort2s
1022 5029 1308 5083 perperam
1355 5023 1574 5069 vertunt
1609 5012 1777 5085 Cirim
1835 5011 2078 5085 chcltia,

498 5080 630 5140 olim
658 5080 1100 5168 Centtumzc’ellagz
1124 5080 1241 5140 'setl
1275 5101 1332 5138 re
1357 5085 1471 5166 ipsa
1501 5085 1567 5139 de
1595 5084 1813 5166 regione
1844 5083 2084 5168 Urbeve-

2550 595 2712 671 562
2749 598 2981 655 CAPUT
3018 598 3280 655 χχχιιι.

2250 684 2329 740 De
2362 689 2681 742 monasterio
2708 685 2867 745 Urbis
2890 692 3075 746 veteris
3102 691 3241 763 quod
3271 693 3590 747 construxit.

2199 777 2484 835 Postremo
2528 781 2767 837 dimissis
2814 782 2868 837 in
2916 781 3056 838 valle
3089 784 3155 839 de
3193 783 3385 838 Caslro
3435 782 3701 839 nonnullis

2128 867 2193 923 de
2222 868 2336 923 suis
2360 869 2660 940 discipulis,
2691 872 2758 926 ad
2783 871 3059 943 regionem
3092 886 3151 927 se
3186 871 3335 944 (287')
3366 870 3533 928 Urbis
3560 880 3705 926 vete-

2129 963 2204 1023 ris
2223 964 2475 1031 contulit,
2491 973 2552 1021 et-
2567 965 2621 1022 in
2645 970 2989 1037 possessione
3010 969 3303 1040 Pharulphi
3322 969 3542 1023 comitis
3568 966 3708 1039 (χει)

2130 1057 2543 1120 monasterium,
2579 1059 2766 1115 multis
2793 1060 3484 1129 quidemsull‘ntgantibus,
3511 1060 3610 1115 sed
3650 1074 3724 1114 cer

2131 1149 2366 1204 maxime
2387 1164 2654 1220 expensas
2672 1154 2964 1222 praebente,
2986 1155 3312 1210 construxit.
3338 1154 3550 1209 Tantus
3569 1168 3724 1207 nam.

2133 1254 2237 1309 que
2267 1240 2320 1294 in
2348 1241 2524 1296 sancti
2567 1242 2668 1296 viri
2697 1251 2918 1313 pectore
2942 1243 3175 1301 faciendi
3208 1246 3415 1302 fructus
3443 1249 3612 1303 ardor
3640 1249 3720 1304 iu-

2135 1331 2450 1397 canduerat,
2468 1340 2548 1394 ut,
2579 1331 2787 1388 effectis
2816 1348 3091 1403 nunquam
3121 1344 3434 1403 contentus,
3461 1338 3592 1392 dum
3619 1339 3721 1395 alia

2136 1419 2359 1485 faceret,
2385 1422 2449 1476 ad
2497 1421 2745 1478 facienda
2796 1439 2918 1478 mox
2969 1424 3071 1478 alia
3108 1436 3465 1495 properaret;
3498 1428 3640 1483 adeo
3669 1441 3725 1485 ιιι

2138 1523 2421 1583 putaretur
2448 1524 2618 1568 totum
2651 1516 2908 1570 mundum
2960 1517 3012 1572 in
3043 1532 3286 1573 eremum
3317 1520 3458 1574 velle
3499 1536 3727 1576 conver-

2142 1611 2277 1667 tere,
2302 1612 2359 1657 et
2403 1604 2722 1659 monachico
2752 1604 2928 1659 ordini
2970 1620 3185 1661 omnem
3214 1606 3393 1677 pepuli
3423 1609 3729 1663 multitudi-

2066 1672 2110 1732 Β
2143 1708 2263 1747 nem
2295 1694 2525 1748 sociare.
2555 1693 2749 1748 Multos
2776 1695 3007 1765 denique
3037 1696 3145 1750 illic
3172 1672 3237 1752 de
3263 1672 3464 1755 saeculo
3485 1697 3745 1764 abstulit,

2143 1798 2278 1853 quos
2307 1798 2404 1854 per
2438 1782 2592 1853 plura
2623 1799 2779 1838 sacra
2816 1783 2930 1838 loca
2968 1786 3188 1841 divisit”

2228 1894 2231 1899 '
2659 1875 2889 1932 CAPUT
2925 1876 3232 1934 XXXV!!!“

2146 1970 2225 2025 De
2264 1969 2376 2033 lilio
2415 1969 2638 2035 comitis,
2665 1972 2753 2039 qui
2781 1987 2975 2025 cwcum
2995 1982 3110 2041 post
3141 1973 3733 2029 mortemilluminaril.

2218 2062 2712 2133 Nonnulli-quoque
2751 2064 3010 2119 nobilium
3041 2063 3157 2127 filii,
3186 2065 3517 2133 contemptis
3543 2080 3738 2134 paren-

2151 2156 2314 2221 tibus,
2344 2157 2410 2210 ad
2460 2157 2633 2209 virum
2681 2155 3056 2211 beatissimum
3107 2155 3402 2228 lhgiehant.
3430 2156 3512 2212 Ex
3540 2156 3749 2233 quibus.

2149 2245 2318 2308 etiam
2341 2244 2481 2316 illius
2499 2243 2653 2321 (fi-39)
2685 2248 2951 2305 Guidonis
2992 2250 3208 2306 comitis
3232 2250 3354 2317 fuit,
3387 2256 3482 2323 qui
3519 2252 3574 2307 in
3626 2253 3737 2323 ipsa

2152 2343 2381 2416 pueritia
2423 2359 2531 2400 non
2587 2344 2745 2417 longo
2795 2354 3037 2416 tempore
3088 2356 3375 2417 postquam
3439 2349 3750 2401 monachus

2154 2435 2327 2491 factus
2355 2446 2457 2502 est,
2517 2437 2585 2492 ad
2626 2447 2852 2493 mortem
2901 2439 3146 2503 veniens,
3192 2440 3327 2494 vidit
3355 2439 3492 2494 duos
3529 2440 3742 2508 iniquos

2154 2526 2404 2595 spiritus,
2436 2528 2591 2597 quasi
2621 2528 2944 2599 nigerrimus
2984 2529 3255 2594 vultures,
3291 2529 3571 2585 terribiles
3602 2530 3654 2583 in
3684 2545 3754 2584 se-

2155 2616 2343 2672 oculos
2397 2617 2700 2689 infigentes.
2776 2618 3021 2690 Cumque
3099 2621 3205 2675 hoc
3261 2620 3545 2676 assistenti
3641 2621 3743 2676 sibi

2157 2706 2218 2761 Β.
2259 2707 2562 2763 Romualdo
2588 2724 2725 2779 puer
2747 2710 3008 2770 ediceret,
3040 2710 3291 2779 protinus
3316 2710 3527 2765 addidit
3552 2728 3568 2764 :
3609 2710 3747 2766 Ecce

2157 2800 2437 2870 magister,
2465 2801 2597 2855 tanti
2627 2816 2770 2856 nunc
2795 2800 3084 2871 Ethiopes
3111 2799 3546 2868 intrant,utjam
3574 2810 3763 2855 totum.

2159 2891 2450 2946 tedificium
2486 2890 2750 2960 repleant.
2801 2891 3134 2947 Exhortatur
3181 2898 3364 2945 autem
3421 2900 3483 2945 ut
3519 2890 3747 2945 conﬁte-

2162 2994 2313 3039 retur
2350 2985 2479 3055 quid
2509 2985 2858 3054 deliquisset;
2889 2985 2988 3039 hoc
3015 2984 3351 3039 solununodo
3380 2985 3592 3039 crimen
3621 2981 3749 3039 felix

2163 3075 2253 3130 ille
2285 3086 2542 3146 peccator
2566 3091 2688 3149 cum
2717 3091 2912 3146 magno
2941 3086 3149 3130 tcrrorc
3174 3074 3457 3130 confessus
3484 3084 3593 3136 est,
3624 3074 3747 3145 quia

2158 3165 2343 3236 jussus
2369 3163 2545 3221 fuerat
2572 3180 2601 3219 a
2652 3164 2836 3235 priore
2868 3166 3053 3219 nescio
3079 3176 3212 3235 quot
3236 3179 3430 3233 scopas
3473 3162 3625 3233 (290)
3656 3178 3745 3217 ac-

2164 3259 2369 3328 cipere,
2427 3274 2563 3328 quas
2615 3258 2846 3313 necdum
2897 3244 3540 3327 acceperat.Romualdo
3586 3255 3748 3319 igitur

2166 3350 2268 3405 sibi
2298 3349 2429 3404 tanti
2479 3348 2739 3404 facinoris
2772 3349 2983 3403 veniam
3033 3347 3364 3416 indulgente,
3398 3347 3452 3400 in
3476 3361 3628 3417 pace
3655 3345 3751 3399 de-

2168 3438 2385 3493 functus
2432 3446 2534 3492 est.
2569 3436 2794 3493 Postera
2826 3453 2955 3493 vero
2996 3437 3084 3491 die
3127 3451 3304 3491 caecus
3333 3435 3579 3505 quidam.
3623 3447 3752 3504 pra-

2167 3530 2460 3585 bendarius
2508 3530 2756 3584 videlicet
2798 3529 2968 3599 patris
2989 3525 3127 3596 ejus,
3164 3526 3231 3581 ad
3273 3525 3585 3596 sepulcrum
3616 3525 3757 3579 illius

2170 3620 2338 3684 venit,
2366 3628 2422 3673 et
2468 3617 2648 3673 altiori
2700 3633 2832 3674 voce
2871 3617 3127 3672 clamavit
3156 3634 3170 3671 :
3211 3617 3366 3680 liem,
3398 3617 3647 3679 domine,
3678 3613 3758 3669 in-

2171 3712 2306 3781 quit,
2348 3726 2519 3775 mens,
2547 3710 2593 3764 si
2627 3726 2749 3765 cum
2783 3710 2892 3765 Deo
2935 3726 3015 3771 es,
3047 3710 3189 3765 sicut
3214 3709 3407 3772 credo,
3435 3723 3636 3778 preces
3661 3721 3763 3776 pro

2171 3817 2261 3857 me
2290 3802 2357 3857 ad
2387 3818 2510 3857 eum
2541 3801 2722 3864 funde,
2756 3812 2812 3856 et
2835 3800 3119 3855 oculorum
3142 3800 3270 3855 mihi
3299 3798 3478 3855 lumen
3507 3799 3757 3869 restitue.

2173 3895 2242 3951 Et
2261 3894 2365 3950 hoc
2388 3894 2555 3957 dicto,
2586 3894 2770 3955 statim
2796 3892 2959 3966 5,63
3007 3891 3340 3948 illuminatus
3358 3898 3464 3946 est.
3501 3888 3758 3945 Nonnulli

2176 4029 2230 4085 in
2262 4028 2431 4092 Silva,
2462 4028 2617 4094 cujus
2660 4035 2741 4082 est
2782 4025 2989 4082 mentio
3032 4026 3087 4083 in
3125 4023 3411 4081 Pontiﬁcio
3463 4021 3764 4093 diplomate

2175 4099 2471 4154 Alexandri
2499 4098 2590 4162 ιν,
2627 4098 2877 4166 aliisque.
3190 4099 3195 4102 ’

2247 4169 2395 4241 (289)
2441 4169 2518 4241 Ita
2565 4178 2622 4241 et
2654 4163 2946 4241 vati-canus
2969 4167 3160 4223 codex.
3187 4163 3763 4241 ln_Appendice_V’_i_t_:e

2174 4240 2220 4295 B
2256 4233 2537 4295 'Guidonis
2591 4239 2660 4294 de
2707 4239 3121 4300 Monte—marte,
3165 4254 3195 4292 a
3250 4233 3546 4292 Francisco
3591 4233 3763 4288 Lollio

2180 4311 2497 4365 Ravennate
2543 4309 2893 4379 conscriptas,
2951 4323 3072 4376 qua:
3118 4324 3224 4362 una
3278 4323 3415 4379 cnm_
3451 4308 3579 4362 aliis
3628 4303 3764 4379 Yitis

2180 4381 2238 4436 Β.
2271 4379 2550 4449 Reginaldi
2582 4374 2793 4434 ordinis
2821 4374 3266 4449 prtedicatornm,
3296 4376 3446 4449 et__B.
3481 4374 3763 4449 Angelius:

2181 4451 2326 4506 tertii
2358 4446 2570 4506 ordinis
2610 4450 2669 4504 S.
2705 4446 2980 4504 Francisci
3020 4450 3087 4503 de
3117 4450 3308 4502 eadem
3348 4446 3765 4501 Montis-martis

2215 4530 2360 4585 ente,
2394 4521 2448 4574 in
2498 4521 2672 4576 lucem
2702 4521 2898 4589 prodiit
2935 4519 3189 4574 Bononia:
3222 4533 3365 4589 anno
3394 4517 3556 4575 1659.
3594 4526 3762 4589 totum

2215 4537 2360 4585 ente,
2394 4538 2448 4574 In
2498 4537 2672 4576 lucem
2702 4537 2898 4589 pl'0(llll
2935 4537 3189 4574 unnontzc
3222 4537 3365 4571 anno
3394 4537 3556 4575 tum).
3594 4537 3762 4569 totum

2179 4537 2349 4648 ﬁocce
2374 4592 2443 4647 58
2469 4601 2631 4660 caput
2662 4591 3033 4660 Romnaldinze
3062 4589 3195 4643 Viue
3229 4587 3527 4660 profertur,
3561 4586 3651 4638 nhi
3687 4584 3762 4660 le-

2178 4664 2326 4732 gitur
2367 4680 2381 4716 :
2426 4662 2510 4716 Ea:
2532 4656 2717 4732 quibus
2747 4662 2903 4732 etiam
2950 4658 3124 4732 Guido
3171 4656 3340 4732 cantes
3375 4658 3519 4732 ﬁlius
3559 4656 3764 4732 comitis

2180 4679 2326 4732 ιζιιιιΐ
2367 4680 2381 4716 2
2426 4679 2510 4716 13$
2570 4679 2717 4715 uinus
2747 4679 2903 4715 etlam
2950 4679 3124 4714 humo
3171 4679 3340 4712 6011188
3375 4679 3519 4727 [mus
3559 4679 3763 4709 cantu"

2180 4732 2479 4801 Pltarulplti
2527 4679 2650 4802 fuit.
2707 4732 2789 4786 Ab
2836 4729 3266 4802 Jacobillo,_tpti
3317 4729 3482 4802 hujus
3529 4725 3763 4802 sanctis-

2183 4804 2307 4861 simi
2349 4794 2597 4858 nionaéhi
2638 4803 2921 4856 historiam
2965 4810 3095 4853 tom.
3120 4794 3342 4868 llfpag.
3377 4794 3516 4859 9l5,
3541 4794 3765 4868 Sam-to-

2183 4891 2298 4930 rum
2317 4872 2546 4929 Umbria:
2570 4873 2960 4935 inscruit,etc.,
2984 4867 3507 4939 Camaldulcnsibus,
3533 4867 3764 4939 aliisque

2181 4946 2538 5013 scriptoribus
2565 4941 2820 5013 Guidonis
2845 4942 3050 5013 comitis
3081 4938 3373 5013 Plini-ulplti
3408 4938 3509 5013 ﬁtii
3542 4938 3765 5013 nomine

2181 5004 2393 5083 semper
2424 5015 2469 5069 is
2496 5015 2747 5069 donatur.
2777 5012 2930 5079 Quod
2960 5012 3003 5066 si
3034 5011 3228 5083 ila_sit,
3261 5004 3548 5063 dieendum
3576 5006 3631 5058 in
3664 5004 3762 5058 hoc

2182 5080 2580 5168 patriianidoc'o
2608 5084 2936 5168 aliinnomen.
2963 5080 3274 5164 significare
3305 5088 3584 5148 nepotem,
3639 5090 3761 5157 nam
