3992 5322
304 247 406 303 981

1591 243 1745 299 νιΤΑ
1785 244 1844 300 S.
1890 244 2032 302 liOM
2042 244 2266 302 UALDI.

3447 266 3550 324 990

303 376 518 432 quoque
555 357 737 430 :rgroti
787 356 854 412 ad
906 358 1022 428 ejus
1053 355 1310 412 tumulum
1345 357 1641 425 venientes,
1681 358 1875 415 redditi
1903 361 1952 420 Α
1978 357 2231 412 Euntium
2301 370 2478 415 autem
2529 364 2746 432 quidam
2806 363 3163 436 ﬂagellantur,
3220 371 3548 435 venduntur.

301 463 427 507 sunt
476 451 717 505 sanitati.
751 450 883 504 Nam
921 460 974 503 et
1003 449 1176 518 ipsum
1229 449 1351 518 ejus
1397 450 1700 520 sepulcrum
1733 451 1877 505 velut

305 542 492 594 multis
519 540 737 609 plenum
769 538 1102 593 aromatibus
1141 537 1438 593 redolebat.
1488 540 1556 593 Et
1583 541 1655 593 ita
1693 556 1722 593 a
1766 540 1877 594 Deo

304 628 504 680 meruit
535 626 784 680 honorari
816 634 937 694 post
965 633 1214 690 mortem,
1241 625 1336 695 qui
1367 640 1463 696 pro
1501 624 1618 694 ejus
1664 641 1874 693 amore,

301 718 428 770 dum
468 719 695 782 viveret,
735 716 1029 771 carnalium
1068 727 1354 786 parentum
1393 718 1597 788 sprevit
1645 718 1877 774 hzeredi-

305 817 490 862 tatem.

821 896 1048 954 CAPUT
1085 896 1326 954 XXXIX.

300 1011 380 1066 De
412 1011 577 1066 tribus
611 1005 942 1084 monasteriis
966 1003 1083 1084 qua
1123 1011 1450 1084 Romualdus
1480 1011 1792 1078 construxit,
1822 1017 1874 1066 et

603 1082 667 1135 de
694 1081 1014 1151 profectione
1035 1082 1147 1152 ejus
1177 1083 1232 1135 in
1259 1081 1570 1152 Ungaria‘m.

371 1196 580 1249 Interea
619 1194 971 1260 Romualdus,
1001 1195 1228 1248 audiens
1257 1193 1380 1262 quia
1417 1191 1763 1247 beatissimus
1789 1191 1874 1246 vir

300 1287 608 1343 Boait'acius
637 1287 780 1357 (291)
829 1288 1148 1358 martyrium
1181 1285 1526 1354 suscepisset,
1563 1284 1732 1338 nimio
1780 1284 1874 1338 de-

300 1380 483 1434 siderii
536 1381 655 1450 igne
694 1394 988 1434 succensus
1045 1387 1103 1432 ut
1155 1393 1254 1447 pro
1294 1376 1509 1431 Christo
1555 1374 1870 1445 sanguinem

300 1471 568 1533 funderet,
601 1469 893 1539 Ungariam
929 1484 1052 1522 mox
1093 1468 1174 1523 ire
1215 1468 1494 1538 disposuit.
1531 1466 1748 1520 Interim
1785 1474 1869 1519 ta-

303 1575 448 1624 men,
483 1559 608 1613 dum
644 1560 695 1612 in
723 1560 834 1628 ipsa
866 1557 1162 1612 intentione
1190 1557 1525 1627 persisteret,
1559 1556 1707 1610 brevi
1733 1564 1871 1609 tem-

297 1665 428 1719 pore
472 1650 572 1703 tria
606 1649 884 1703 constituit
928 1648 1255 1703 monasteria
1289 1663 1496 1701 :unum
1537 1646 1784 1699 videlicet
1817 1645 1868 1699 in

1975 447 2161 516 plures
2187 448 2417 504 Domino
2441 450 2706 517 subeunt;
2738 452 2804 506 ad
2827 456 3146 526 martyrium
3180 466 3380 527 tamen,
3407 461 3552 519 sicut

1972 541 2061 595 vir
2088 550 2309 597 sanctus
2342 544 2683 613 praedixerat,
2711 561 2813 599 non
2845 548 3176 618 pertingant.

2041 629 2374 687 Romualdus
2395 642 2599 699 autem,
2637 649 2903 690 converso
2937 638 3168 704 quodam
3215 639 3551 698 nobilissimo

1970 717 2115 782 viro,
2164 719 2560 777 Adhelberonis
2614 722 2864 779 videlicet
2909 725 3063 780 ducis
3125 730 3548 798 consanguineo,

1971 809 2062 880 qui
2094 818 2280 879 postea
2308 813 2610 868 monachus
2635 813 2812 869 factus
2838 816 2890 869 in
2915 826 3101 871 sancta
3124 833 3292 886 usque
3317 821 3380 872 ad
3405 836 3550 874 mor-

1972 908 2082 955 tem
2115 904 2527 958 conversatione
2574 906 2890 974 permansit,
2940 907 3167 976 aliisque
3211 909 3548 974 Teutonicis,

1971 990 2039 1044 ad
2067 993 2452 1046 monasterium
2485 994 2628 1061 quod
2657 995 2708 1048 in
2737 993 2896 1050 Urbis
2923 998 3122 1052 veteris
3168 1000 3384 1069 regione
3417 1016 3545 1055 con-

1969 1088 2246 1137 struxerat
2269 1085 2428 1137 redit.
2461 1083 2763 1140 Notandum
2802 1087 2985 1157 itaque
3042 1097 3124 1143 est
3170 1090 3296 1158 quia
3323 1099 3546 1148 sanctus

1970 1171 2055 1226 vir
2105 1187 2465 1244 nequaquam,
2495 1177 2640 1230 velut
2683 1177 2900 1234 levitate
2944 1195 3107 1246 usus,
3148 1179 3258 1236 falli
3307 1183 3545 1236 inaniter

1971 1263 2183 1333 potuit;
2233 1265 2324 1334 qui
2366 1267 2657 1320 secundum
2705 1269 3053 1324 intentionem
3101 1270 3315 1339 quidem
3379 1286 3532 1326 suam

1971 1355 2292 1424 martyrium
2319 1357 2506 1420 subiit,
2530 1355 2684 1423 juxta
2708 1357 2946 1412 divinum
2979 1374 3106 1413 vero
3129 1361 3410 1415 consilium
3440 1378 3540 1430 pro

1969 1445 2142 1499 salute
2167 1460 2353 1499 eorum
2379 1447 2577 1501 missus
2598 1455 2682 1501 est
2728 1463 2863 1516 quos
2893 1451 3178 1504 convertit.
3210 1452 3262 1506 ln
3289 1455 3544 1520 praedicto

1970 1531 2134 1603 igitur
2163 1536 2488 1589 monasterio
2515 1536 2680 1590 multa
2703 1539 3094 1606 persecutionis
3123 1541 3373 1595 scandala
3412 1557 3540 1610 pas-

1972 1638 2065 1678 sus
2104 1632 2205 1678 est.
2260 1624 2482 1679 Volebat
2521 1627 2664 1680 enim
2705 1627 2975 1692 abbatem,
3014 1637 3074 1682 ut
3119 1644 3302 1684 revera
3349 1646 3540 1685 mona-

297 1738 438 1792 valle
465 1739 532 1792 de
560 1737 774 1800 Castro,
804 1738 892 1792 ubi
942 1747 1068 1792 tunc
1106 1735 1503 1791 sanctissimum
1531 1749 1727 1803 corpus
1754 1731 1864 1801 ejus

1971 1714 2152 1777 chum,
2181 1717 2580 1770 extremitatem
2609 1716 2849 1786 diligere,
2879 1718 3155 1772 szecularia
3185 1734 3250 1772 ex
3274 1720 3542 1775 desiderio

294 1837 377 1881 est
397 1827 693 1890 conditum,
718 1825 861 1880 aliud
901 1841 1065 1896 prope
1092 1824 1293 1880 lsinnm
1323 1823 1468 1894 (292)
1495 1821 1737 1886 ﬂuvium,
1767 1831 1871 1875 ter-

298 1920 429 1971 tium
495 1919 648 1987 juxta
700 1917 952 1987 oppidum
1028 1915 1266 1970 condidit
1317 1913 1463 1985 (295)
1521 1911 1866 1966 Esculanum.

296 2008 500 2062 Deinde
530 2009 745 2062 licentia
771 2008 838 2061 ab
875 2005 1172 2076 apostolica
1200 2005 1326 2060 sede
1352 2013 1623 2074 suscepta,
1650 2011 1704 2056 et
1733 2003 1868 2056 duo-

295 2101 394 2155 bus
424 2099 573 2172 (294)
602 2115 633 2154 e
673 2099 784 2154 suis
815 2097 1094 2167 discipulis
1125 2098 1176 2151 in
1208 2096 1644 2165 archiepiscOpos
1678 2108 1866 2149 conse-

292 2192 478 2254 cratis,
528 2207 648 2246 cnm
692 2191 878 2258 viginti
911 2200 1146 2259 quatuor
1189 2188 1449 2243 fratribus
1483 2189 1586 2242 iter
1616 2187 1864 2257 arripuit.

293 2282 500 2336 Tantus
523 2283 664 2336 enim
690 2283 850 2336 ardor
880 2280 1140 2335 moriendi
1169 2294 1266 2349 pro
1289 2278 1508 2334 Christo
1538 2278 1590 2332 in
1617 2277 1868 2332 omnibus

291 2373 586 2436 aestuabat,
617 2373 757 2440 quod
796 2373 878 2426 vir
915 2381 1135 2426 sanctus
1176 2371 1243 2424 ad
1274 2370 1379 2424 tale
1422 2370 1695 2440 negotium
1744 2382 1866 2422 cum

291 2463 477 2530 paucis
503 2463 581 2516 ire
602 2461 815 2517 diﬂicilc
835 2471 1066 2531 poterat.
1092 2461 1294 2515 Euntes
1313 2475 1443 2530 ergo
1461 2474 1582 2513 cum
1601 2457 1711 2526 jam
1737 2458 1868 2525 ipsis

291 2553 690 2607 Pannoniarum
741 2554 937 2608 ﬁnibus
986 2553 1331 2618 interessent,
1363 2559 1583 2620 repente
1612 2549 1868 2603 Romual-

293 2643 393 2696 dus
453 2643 711 2713 languore
751 2650 1063 2712 correptus,
1111 2641 1336 2696 ulterius
1383 2639 1462 2694 ire
1515 2655 1619 2693 non
1669 2637 1863 2706 potuit.

289 2730 536 2800 Cumque
583 2731 787 2785 diutius
834 2738 1128 2799 pateretur,
1162 2729 1204 2782 si
1235 2729 1450 2797 quando
1485 2727 1660 2780 redire
1688 2726 1866 2793 dispo-

287 2830 471 2884 neret,
518 2821 763 2889 protinus
809 2835 872 2874 ex
928 2818 1243 2890 aegritudine
1286 2815 1716 2872 convalescebat.
1768 2815 1863 2869 Sin
1909 2839 1914 2844 ε

288 2921 468 2966 autem
509 2912 588 2965 ire
635 2911 772 2964 ultra
803 2909 1058 2974 tentaret,
1107 2917 1218 2963 tota
1267 2907 1384 2974 ejus
1412 2905 1581 2961 facies
1619 2905 1864 2975 protinus

1967 1821 2073 1861 non
2121 1816 2374 1872 tractare,
2406 1824 2493 1863 res
2546 1809 2856 1864 monasterii
2903 1824 3000 1878 pro
3049 1826 3183 1864 vana
3234 1811 3398 1880 gloria
3432 1827 3540 1865 non

1966 1897 2306 1966 expendere,
2355 1897 2582 1952 fratrum
2615 1901 2802 1954 usibus
2853 1900 3163 1954 necessaria
3204 1901 3537 1956 ministrare.

1967 1987 2095 2054 Quae
2141 1992 2321 2043 omnia
2373 1990 2500 2044 dum
2553 1990 2642 2043 ille
2681 1991 2842 2043 surda
2893 2006 3026 2045 aure
3081 1991 3399 2056 contemnit,
3431 1990 3540 2045 Ro~

1966 2079 2234 2141 mualdus,
2285 2080 2460 2134 locum
2488 2095 2608 2156 cum
2639 2081 2750 2134 suis
2779 2078 3054 2149 discipulis
3099 2081 3375 2142 deserens,
3431 2095 3539 2134 non

1966 2167 2122 2238 longe
2169 2185 2199 2223 a
2252 2168 2446 2224 Castro
2497 2170 2682 2238 przcdii
2738 2169 2790 2224 in
2837 2170 3037 2223 virtute
3084 2168 3229 2238 (295)
3273 2167 3535 2232 Rainerii,

1965 2259 2054 2328 qui
2086 2258 2424 2326 postmodum
2477 2258 2723 2314 Thusciae
2753 2260 2995 2315 marchio
3039 2259 3212 2314 factus
3237 2267 3339 2325 est,
3379 2257 3536 2315 habi-

1966 2349 2115 2403 tavit.

2557 2437 2784 2493 CAPUT
2823 2437 2934 2494 XL.

2401 2529 2476 2584 De
2506 2529 2753 2583 Rainen’o
2781 2529 3101 2588 mare/tione.

2033 2640 2134 2697 llic
2166 2650 2343 2695 autem
2377 2641 2667 2696 liaincrins
2695 2640 2841 2711 (296)
2872 2641 3151 2709 conjugem
3192 2654 3342 2694 suam
3380 2654 3537 2694 occa-

1963 2732 2115 2786 sione
2152 2733 2568 2801 propinquitatis
2605 2731 2907 2800 abjecerat,
2947 2739 3002 2784 et
3040 2731 3422 2800 consanguinei
3452 2730 3537 2784 sui

1963 2835 2216 2883 uxorem,
2262 2837 2420 2890 quem
2478 2821 2592 2890 ipse
2626 2836 2683 2874 se
2718 2821 3086 2888 insequentem
3140 2817 3538 2887 quodammodo

1965 2917 2163 2972 invitus
2187 2919 2481 2981 occiderat,
2533 2917 2585 2970 in
2637 2915 2944 2984 conjuginm
2993 2911 3288 2982 capularat.
3323 2911 3405 2967 Ob
3435 2912 3539 2965 hoc

293 3001 705 3065 intumescebat,
737 3000 883 3055 cibos
925 3015 1136 3070 quoque
1159 2999 1270 3068 jam
1298 2999 1537 3054 retinere
1584 2995 1864 3051 stomacho

621 3099 632 3105 -
905 3099 915 3105 .
1021 3097 1033 3105 .
1103 3089 1169 3105 ..
1223 3085 1859 3105 l,,..,..___-c._-.-L--_

1971 3007 2146 3077 itaque
2173 3007 2526 3072 Romualdus,
2553 3021 2620 3060 ne
2646 3004 2890 3058 criminis
2917 3001 3034 3071 ejus
3057 3002 3328 3071 particeps
3358 3001 3536 3065 ﬁeret,

288 3099 670 3163 languescente
701 3105 806 3143 non
832 3097 1058 3158 poterat.
1090 3089 1376 3163 Advocatis
1399 3089 1580 3156 itaque
1605 3085 1862 3139 fratribus

1966 3102 2139 3170 gratis
2165 3114 2384 3155 manere
2417 3099 2478 3153 in
2494 3097 2611 3166 ejus
2631 3095 2973 3166 possessione
3009 3093 3208 3157 noluit,
3239 3093 3332 3147 sed
3370 3107 3537 3145 unum

300 3181 414 3233 ait:
446 3179 744 3248 Perpendo,
773 3179 968 3248 inquit,
998 3193 1336 3247 nequaquam
1361 3178 1556 3232 divinas
1579 3175 1870 3230 voluntatis
1964 3191 2068 3245 sibi
2099 3205 2321 3244 aureum
2354 3204 2452 3258 pro
2491 3203 2650 3258 aqua,
2683 3187 2911 3242 alterum
2958 3201 3088 3240 vero
3113 3200 3210 3253 pro
3250 3184 3409 3255 lignis
3436 3199 3534 3253 ap-

291 3288 407 3325 esse
452 3271 712 3337 judicium
755 3280 815 3324 ut
867 3271 1007 3324 ultra
1067 3271 1399 3339 progrediar.
1451 3269 1862 3330 Verumtamen,

286 3365 414 3437 quia
445 3363 760 3423 intentionis
788 3371 983 3422 vestra!
1017 3360 1341 3420 desiderium
1377 3375 1482 3412 non
1513 3358 1703 3428 ignoro
1724 3398 1738 3421 ,
1775 3373 1867 3412 ne-

290 3460 486 3512 minem
521 3467 755 3512 vestrum
785 3458 961 3510 redire
989 3455 1265 3523 compello.
1306 3449 1452 3506 Multi
1482 3461 1674 3520 nempe
1698 3447 1861 3500 etiam

259 3549 274 3559 ’
289 3557 415 3602 ante
436 3563 531 3602 nos
544 3548 682 3601 votis
696 3555 749 3602 et
764 3547 1376 3601 nisibusstudueruntad
1392 3545 1635 3615 martyrii
1650 3538 1861 3599 culmen

289 3639 615 3708 pertingere,
647 3638 738 3692 sed
761 3637 886 3706 quia
915 3637 1092 3690 divina
1125 3636 1463 3705 providentia
1489 3635 1646 3690 aliter
1669 3636 1854 3696 sensit,

288 3726 341 3779 in
370 3742 467 3779 suo
496 3725 660 3794 gradu
687 3727 857 3780 coacti
885 3734 1010 3779 sunt
1036 3739 1339 3779 remanere.
1367 3722 1518 3779 Licet
1549 3740 1678 3792 ergo
1707 3724 1859 3779 vobis

286 3816 536 3871 omnibus
581 3815 897 3884 martyrium
949 3814 1254 3869 defuturum
1303 3829 1424 3869 esse
1464 3829 1570 3868 non
1621 3815 1856 3884 ambigo,

285 3905 375 3976 qui
403 3913 581 3958 tamen
611 3905 710 3970 ire,
743 3904 832 3973 qui
857 3918 1067 3958 mecum
1097 3903 1277 3958 redire
1295 3902 1584 3968 voluerint,
1605 3904 1860 3957 uniuscu-

281 3996 474 4066 jusque
505 3996 842 4064 relinquatur
860 3996 1105 4050 arbitrio.
1134 3995 1454 4062 Quindecim
1481 3995 1645 4067 igitur
1677 3995 1856 4066 Unga-

286 4087 417 4140 riam
440 4085 604 4158 464
630 4086 1034 4155 prodeuntibus,
1065 4087 1273 4141 duobus
1310 4086 1435 4141 alibi
1455 4087 1566 4156 jam
1599 4086 1851 4152 dimissis,

287 4178 372 4232 vix
420 4188 626 4247 septem
681 4193 804 4233 cum
855 4179 1115 4249 magistro
1156 4176 1402 4248 discipuli
1449 4185 1849 4232 remanserunt.

353 4357 500 4428 (29!)
541 4357 902 4428 Hieronymus
957 4355 1246 4426 Pragensis
1294 4355 1349 4411 in
1401 4352 1850 4428 SA.WRom.UVita

283 4426 399 4496 cap.
435 4426 489 4490 8,
517 4444 666 4482 num.
711 4426 780 4482 49
815 4428 962 4481 addit
993 4445 1006 4479 :
1038 4427 1254 4496 audiens
1293 4426 1428 4496 quod
1459 4426 1704 4495 discipuli
1740 4426 1854 4495 ejus

282 4495 593 4551 Adalbertua
647 4507 695 4550 et
751 4496 1056 4565 Bonifacius
1110 4495 1336 4564 glorioso
1404 4497 1655 4564 martyrio
1706 4513 1854 4549 coro-

285 4569 394 4619 nati
422 4567 662 4634 fuissent,
687 4577 733 4620 et
763 4569 870 4636 ipse
896 4567 1056 4620 nimio
1084 4567 1342 4619 desiderio
1368 4566 1608 4632 martyrii
1634 4581 1851 4618 succen-

283 4653 389 4691 sua.
420 4646 526 4690 etc.

351 4706 498 4773 (292)
546 4706 601 4760 S.
637 4706 852 4761 Helenae
879 4720 1070 4774 nempe
1100 4704 1485 4759 monasterium
1510 4701 1664 4771 juxta
1713 4702 1856 4758 Esi-

282 4791 404 4844 lllllll
456 4776 686 4841 ﬂumen,
737 4776 889 4844 cujus
919 4775 1401 4844 impraesentiarum
1437 4782 1616 4827 exstat
1648 4783 1854 4844 tantum

282 4843 521 4899 Ecclesia
556 4847 655 4900 sub
690 4846 814 4913 jure
845 4843 1053 4899 abbatis
1077 4844 1554 4899 Commendatarii.
1591 4843 1744 4913 Aesis
1773 4853 1858 4899 est

279 4913 473 4968 ﬂuvius
515 4912 918 4970 Camerinensis
962 4916 1100 4985 agri,
1150 4914 1275 4985 olim
1330 4913 1491 4985 limes
1534 4914 1678 4985 inter
1727 4912 1855 4985 Um.

248 5039 253 5056 Ι
280 4985 451 5056 brium
481 4993 549 5056 et,
578 4985 854 5056 Picenum,
885 4982 1089 5054 vulgari
1124 4983 1364 5056 vocabuli
1403 4982 1734 5056 confusione
1784 4984 1853 5056 ab

239 5050 252 5080 θ’
279 5054 478 5108 accolis
506 5055 678 5108 dictus
705 5055 743 5107 il
776 5050 1097 5110 Fiumesino.
1143 5050 1566 5107 Cclebcrrimum
1612 5053 1854 5118 antiqui-

1965 3282 2172 3350 pendit.
2224 3280 2370 3345 Quos
2416 3295 2539 3333 cum
2588 3279 2677 3332 ille
2718 3278 2938 3331 omnino
2977 3285 3281 3346 respueret,
3332 3276 3538 3333 malens

1961 3370 2208 3424 videlicet
2251 3383 2348 3422 sua
2392 3369 2542 3433 dare,
2591 3382 2754 3435 quam
2798 3383 2828 3419 a
2868 3375 3055 3420 sancto
3099 3367 3217 3418 viro
3243 3365 3536 3434 quidquam

1962 3460 2234 3528 recipere,
2277 3471 2552 3528 postremo
2601 3466 2778 3511 tamen
2825 3457 3001 3510 victus
3044 3456 3308 3520 assensit,
3358 3456 3537 3524 potius

1959 3565 2118 3618 quam
2147 3549 2474 3602 ltomualdus
2496 3547 2686 3602 abiret.
2718 3547 2939 3601 Dicebat
2963 3558 3141 3599 autem
3168 3546 3310 3599 idem
3337 3545 3535 3599 Raine-

1957 3639 2071 3696 rius
2103 3653 2222 3690 cum
2247 3637 2357 3705 jam
2389 3637 2759 3690 monarchiam
2790 3636 3089 3699 obtineret;
3140 3634 3264 3703 quia
3295 3650 3401 3689 non
3429 3635 3533 3688 Im-

1961 3741 2200 3800 perator,
2228 3741 2332 3778 non
2361 3725 2557 3793 aliquis
2586 3725 2806 3778 omnino
2833 3724 3142 3778 mortalium
3169 3731 3373 3776 tantum
3403 3722 3531 3778 mihi

1956 3831 2159 3875 metum
2196 3816 2340 3874 valul
2371 3816 2612 3873 itxzttlm‘e
2659 3824 2919 3888 quantum
2951 3828 3032 3866 me
3056 3811 3334 3868 Bnmnahli
3367 3820 3535 3868 terret

1956 3919 2224 3980 aspectus.
2259 3909 2401 3962 Ante
2421 3907 2536 3976 ejus
2559 3909 2755 3978 quippe
2783 3908 2984 3962 vultum
3010 3921 3184 3978 neque
3206 3906 3332 3975 quid
3354 3907 3531 3961 dicam

1954 4002 2087 4064 scio,
2120 4014 2314 4068 neque,
2331 3997 2527 4068 quibus
2547 4013 2632 4051 me
2653 3997 2941 4052 defendere
2963 3996 3190 4059 valeam,
3219 3995 3356 4048 ullas
3372 4009 3532 4048 excu-

1953 4091 2191 4146 sationes
2220 4089 2381 4163 465
2420 4089 2652 4143 invenio.
2693 4089 2938 4143 Habebat
2969 4103 3155 4142 revera
3186 4087 3268 4141 vir
3312 4094 3532 4141 sanctus

1954 4183 2097 4237 hanc
2127 4197 2191 4237 ex
2219 4182 2403 4237 divino
2432 4195 2656 4236 munere
2680 4181 2939 4251 gratiam,
2967 4188 3026 4232 ut
3056 4177 3365 4250 quicunque
3399 4191 3528 4248 pec-

1959 4369 2080 4425 pag.
2119 4350 2346 4425 27,_SS.
2379 4351 2628 4425 Umbrae.

2033 4416 2179 4492 (295)
2199 4416 2346 4479 Olim
2381 4423 2650 4484 Esculum,
2681 4421 2771 4492 sed
2801 4419 2959 4492 modo
2987 4416 3230 4492 arculum
3255 4427 3530 4492 nuncupa-

1962 4483 2071 4558 tur,
2101 4483 2258 4563 vulgo
2282 4491 2475 4556 Ascoli,
2501 4483 2969 4563 urbs'episco‘palis
2987 4488 3199 4563 Picena:
3218 4483 3526 4563 provincia.

1961 4551 2127 4629 Quale
2175 4551 2223 4616 id
2266 4551 2652 4614 monasterium
2684 4551 2886 4622 "fuerit,
2919 4572 3023 4611 non
3051 4557 3183 4610 satis
3211 4551 3278 4607 ab
3306 4551 3410 4607 ullo
3441 4553 3530 4605 ha-

1961 4641 2151 4688 ctenus
2178 4638 2512 4699 compertum
2541 4637 2642 4683 est.

2031 4701 2181 4770 (29$)
2211 4694 2390 4754 Facile
2411 4697 2660 4767 Gregorio
2682 4704 2737 4751 et
2753 4694 3056 4770 _Ingelbert_o
3075 4733 3090 4758 ,
3117 4699 3177 4746 ut.
3197 4707 3386 4770 supra.

2037 4755 2186 4840 (295')
2235 4770 2288 4824 Id
2334 4778 2416 4824 est
2459 4755 2886 4840 ig'possessioné,
2920 4755 3157 4840 utilem.
3197 4755 3422 4830 iit-cap.
3447 4755 3535 4840 ,βε

1963 4828 2142 4916 hujus
2162 4828 2296 4916 Vita:
2323 4841 2436 4916 ait:
2466 4828 2666 4916 Cuncta
2693 4828 3036 4916 sgw‘virtutis
3057 4832 3283 4916 offerunt
3314 4828 3537 4916 ρνςιςᾷξιξ-

1959 4900 2269 4980 Aliquando
2312 4911 2522 4980 virtutes
2577 4903 2953 4978 signiﬁcabant.
2983 4903 3116 4980 jura
3141 4908 3196 4980 _el
3219 4900 3547 4980 "privilegio:

1961 4967 2256 5050 aliq'uando
2293 4979 2538 5050 reliquias
2568 4967 2900 5050 sanctorum,
2924 4967 3028 5031 etc.
3057 4970 3187 5025 Vide
3214 4967 3556 5031 (ἶιοςςιιτίωη

1961 5047 2154 5117 Caagii
2193 5047 2433 5104 secunda:
2454 5047 2721 5102 editionis.
