3992 5322
513 483 639 540 tiam
686 487 1056 558 devenissent,
1090 511 1211 550 mox
1244 498 1387 553 velut
1433 511 1557 557 ante
1607 505 1942 574 majestatem
1991 509 2082 564 Dei

512 575 845 634 tremefactis
861 581 1158 640 visceribus
1175 585 1546 645 formidarent.
1572 593 1804 650 Sanctus
1828 597 2092 651 nimirum'

511 660 765 732 Spiritus,
815 672 906 738 qui
932 676 1169 740 pectoris
1213 677 1328 746 ejus
1378 681 1651 738 habitator
1700 686 1896 754 inerat,
1938 688 2082 745 hunc

511 760 769 810 terrorem
801 757 1017 829 injustis
1047 764 1309 824 divinitus
1340 770 1654 828 intendebat
1686 775 1853 848 (297).

1094 875 1320 933 CAPUT
1358 881 1493 936 XLI.

607 952 686 1008 De
735 958 921 1014 abbate
970 962 1204 1033 Classis,
1259 970 1350 1038 qui
1409 970 1766 1032 Rapitualdum
1808 979 1971 1034 voluit

1122 1040 1474 1108 strangulare.

572 1114 682 1170 Illis
732 1133 860 1174 vero
900 1127 1232 1194 temporibus
1272 1131 1356 1184 vir
1383 1137 1708 1193 venerabilis
1749 1157 1914 1196 unum
1963 1160 2075 1199 mo-

498 1207 793 1262 nasterium
835 1227 938 1266 non
968 1213 1124 1286 longe
1152 1234 1181 1272 a
1222 1219 1527 1279 Massiliano
1567 1227 1715 1297 (298)
1743 1245 1923 1286 eaStro
1945 1249 2076 1288 con-

499 1297 718 1350 struxit.
773 1299 1016 1358 Audiens
1071 1316 1251 1361 autem
1313 1311 1600 1382 aliquando
1647 1320 1772 1388 quia
1836 1321 2074 1377 Venetus

501 1384 720 1451 quidam
774 1388 1112 1448 Classensem
1179 1399 1450 1457 abbatiam
1523 1422 1619 1476 per
1676 1413 2071 1480 coemptionem

499 1470 820 1531 Simoniacze
864 1481 1132 1540 haereseos
1172 1488 1462 1558 invaserat,
1516 1495 1738 1566 insuper
1781 1503 2068 1570 quoquein

495 1577 692 1633 corpus
714 1581 868 1622 suum
889 1571 1071 1643 inique
1092 1579 1374 1648 peccabat,
1399 1584 1525 1639 illuc
1549 1588 1795 1656 protinus
1817 1592 1896 1646 ire
1918 1593 2070 1648 miles

493 1650 692 1710 Christi
748 1659 980 1732 impiger
1043 1670 1270 1737 studuit,
1327 1650 1666 1748 diversisque
1705 1683 1878 1737 modis
1905 1699 1968 1738 ex
2002 1701 2068 1739 eo

973 288 1034 345 8.
1074 290 1276 350 PETRI
1314 296 1595 353 DAMIANI
1635 300 1785 366 OPP.
1825 301 2002 360 PARS
2036 304 2165 361 SEU
2207 307 2440 366 TOMUS
2479 311 2539 368 II.
2571 315 3062 382 -—SANCTORUM
3110 323 3310 385 VITA'I.

511 403 745 461 calores,
775 401 1074 466 praesertim
1098 414 1343 472 potentes
1374 410 1573 477 smeuli,
1605 413 1656 465 in
1698 430 1815 482 ejus
1848 430 2085 484 praesen-
2110 431 2155 486 Α
2188 428 2394 488 stremo
2447 427 2736 494 quemdam

3657 341 3752 396 992

2785 435 3104 491 monachum
3132 438 3284 507 juxta
3323 458 3546 512 parvam
3578 448 3752 503 basili-

2188 527 2308 565 cam
2338 513 2673 574 habitantem
2707 525 2938 592 reperit,
2969 543 2997 580 a
3025 545 3132 599 quo
3171 548 3292 587 mox
3327 545 3383 588 ut
3419 551 3606 592 secum
3641 557 3753 609 per-

2183 613 2352 674 geret,
2403 615 2460 662 et
2502 608 2677 666 locum
2707 618 3017 673 ostenderet
3065 621 3154 675 ubi
3202 638 3339 692 aqua
3390 608 3746 696 inveniretur,

2181 697 2380 766 exegit.
2425 698 2525 766 Qui
2553 702 2810 758 nimirum
2839 706 3121 779 denegavit
3164 727 3224 767 se
3261 715 3478 770 domum
3511 720 3631 773 sine
3659 737 3750 774 cu-

2178 787 2335 844 stode
2377 805 2535 858 posse
2563 794 2886 866 relinquere,
2925 803 3052 870 quia
3077 802 3348 860 latronum
3380 808 3748 868 insidiantium

2179 875 2438 946 impetum
2470 879 2802 940 formidaret.
2839 887 2918 942 Ad
2942 891 3057 945 haec
3083 892 3416 951 Romualdus
3451 913 3512 953 se
3547 915 3750 955 recom-

2178 977 2554 1036 pensaturum,
2579 974 2623 1028 si
2656 974 2780 1031 tale
2802 978 2929 1046 quid
2958 983 3264 1050 accidisset,
3292 999 3485 1042 cuncta
3516 1005 3749 1060 spopon-

2177 1054 2277 1108 dit.
2311 1055 2510 1127 Sicque
2530 1060 2643 1130 jam
2693 1061 2885 1121 alienas
2923 1068 3137 1138 injuriae
3168 1071 3381 1130 debitor
3406 1054 3748 1141 factus-um-

2176 1146 2409 1202 narhum
2460 1165 2641 1206 secum
2671 1153 2840 1210 duxit.
2888 1156 2996 1214 Illis
3023 1160 3207 1230 itaque
3251 1162 3424 1219 locum
3455 1172 3746 1236 quaerenti-

2175 1236 2296 1301 bus,
2345 1251 2473 1294 ecce
2510 1241 2817 1312 presbyter,
2865 1256 2922 1302 ut
2959 1248 3145 1319 jussus
3207 1251 3404 1319 fuerat,
3456 1259 3743 1324 prandium

2174 1324 2444 1391 deferens,
2475 1329 2649 1385 furem
2671 1333 2783 1402 jam
2814 1336 3032 1392 domum
3082 1340 3471 1411 infringentem
3520 1349 3743 1415 reperit,

2175 1427 2448 1482 repertum
2479 1421 2642 1488 cepit,
2673 1432 2888 1492 captum
2917 1442 3089 1497 usque
3111 1431 3178 1484 ad
3200 1431 3484 1488 Romualdi
3517 1437 3745 1490 reditum

2173 1505 2484 1560 custodivit.
2513 1509 2680 1574 Quem
2711 1510 3044 1571 Romualdus
3073 1518 3373 1586 inveniens,
3414 1523 3572 1592 prius
3602 1524 3743 1578 illum

2171 1592 2256 1658 pia
2293 1596 2498 1650 studuit
2522 1601 2811 1656 verborum
2852 1607 3174 1663 austeritate
3199 1611 3497 1681 corripere,
3526 1615 3742 1679 deinde,

2172 1681 2403 1738 dulciter
2449 1685 2764 1754 admonens,
2797 1690 3116 1751 incolumem
3156 1701 3404 1769 permisit
3430 1703 3498 1756 ad
3529 1705 3743 1774 propria

491 1749 880 1805 mormsterinm
921 1768 1155 1825 purgare
1198 1765 1445 1819 tentavit.
1473 1767 1569 1822 Vir
1604 1779 1782 1826 autem
1809 1776 2052 1844 reprobus

491 1832 613 1861 ιιι-ιν.
645 1837 910 1861 ..1.ι.-.ξ--,-
1065 1857 1076 1861 -
1125 1849 1156 1861 ο.
1309 1853 1322 1861 .

2753 1749 2762 1754 .
3156 1749 3404 1769 τμη-----
3431 1749 3498 1756 η
3529 1749 3743 1774 την-.-

2176 1786 2436 1830 rcmeare.
2487 1776 2578 1833 Sic
2607 1780 2886 1849 nimirum,
2924 1783 3008 1841 sic
3047 1786 3227 1844 divina
3260 1792 3605 1861 providentia
3637 1811 3745 1848 ser-

489 1832 614 1888 dum
643 1837 914 1895 abbatiam
971 1849 1162 1903 metuit
1193 1853 1437 1920 perdere,
1475 1874 1578 1912 non
1630 1861 1782 1917 timet
1835 1832 2066 1920 homici-

487 1921 631 1976 dium
682 1941 1016 1998 perpetrare.
1052 1935 1378 2009 Intempesta
1416 1947 1681 2016 siquidem
1711 1962 1888 2019 nocte,
1938 1955 2066 2011 dum

486 2008 821 2074 Romualdus
850 2021 903 2075 in
959 2023 1098 2081 lecto
1139 2045 1329 2085 secure
1378 2037 1699 2103 quiesceret,
1728 2041 1818 2097 ille
1843 2059 1965 2099 eum
1991 2047 2062 2101 la-

485 2107 665 2157 tenter
711 2121 1015 2179 aggressus,
1070 2117 1250 2188 impiis
1296 2124 1460 2193 cmpit
1509 2127 1690 2197 digitis
1737 2141 1922 2200 guttur
1947 2134 2064 2202 ejus

482 2193 804 2264 astringere,
823 2201 1001 2257 nitens
1029 2220 1150 2258 eum
1177 2210 1469 2267 crudeliter
1494 2217 1780 2273 suffocare.
1809 2220 1914 2275 Sed
1937 2224 2061 2278 dum

481 2277 564 2331 vir
596 2294 840 2351 sanctus,
871 2292 1101 2347 necdum
1148 2311 1369 2364 prorsus
1413 2302 1714 2375 intercepto
1741 2310 2059 2379 spiramine,

479 2370 719 2428 anhelitu
775 2378 863 2432 vix
911 2381 1182 2440 eluctante
1229 2391 1500 2460 rauciret,
1539 2396 1874 2468 lngelbertus
1912 2402 2062 2459 illico

475 2463 718 2530 magistri
766 2469 1089 2542 singultibus
1136 2482 1423 2550 excitatus,
1467 2497 1665 2544 torrem
1708 2509 1832 2548 mox
1860 2511 1927 2550 ex
1966 2513 2054 2551 so-

473 2551 588 2619 pito
632 2555 754 2626 igne
792 2564 1017 2627 corruit,
1059 2577 1112 2620 et
1163 2573 1468 2629 ministrum
1500 2578 1702 2635 diaboli
1747 2585 1816 2639 ab
1838 2585 2058 2656 incepto

473 2641 846 2704 nefandissimi
879 2655 1124 2710 criminis
1153 2664 1487 2722 exturbavit.

1069 2769 1295 2826 CAPUT
1333 2775 1487 2832 XLII.

757 2853 836 2908 De
860 2857 936 2911 itu
966 2869 1014 2914 et
1047 2865 1214 2918 reditu
1240 2885 1421 2925 rursus
1451 2891 1482 2926 a
1507 2874 1779 2934 Parentio.

541 2935 670 2993 Post
692 2940 806 2997 haec
835 2946 1167 3008 llomualdus
1209 2958 1387 3015 denuo
1413 2961 1727 3023 Parentium
1757 2974 2050 3045 navigavit,

469 3024 565 3078 sed
600 3033 908 3096 apostolicae
959 3043 1104 3096 sedis
1141 3049 1391 3114 antistes,
1449 3065 1504 3108 et
1549 3057 1774 3116 Romani
1809 3024 1951 3122 civ‘es
1983 3069 2051 3124 ad

468 3128 592 3170 eum
624 3122 880 3181 redeundi
908 3128 1230 3201 legationem
1269 3141 1529 3213 dirigunt.
1563 3149 1712 3214 Quod
1745 3155 1790 3208 si
1810 3170 2049 3215 reverte-

469 3215 636 3307 retur,
667 3211 909 3273 facturos
939 3237 998 3276 se
1020 3229 1203 3283 omnia
1256 3211 1661 3310 ejus'prazcepta
1685 3249 2038 3318 promittunt;

1281 3295 1297 3299 -
1397 3295 1412 3305 .
1573 3295 1587 3310 .
1685 3295 2038 3318 r-----"""'r

465 3295 546 3350 sin
579 3311 782 3369 autem,
832 3318 1413 3378 excommunicationis
1469 3332 1792 3388 sententiam
1821 3341 2046 3394 commi-

465 3399 682 3446 nantur.
705 3393 824 3450 Hoc
852 3399 1035 3472 itaque
1062 3409 1220 3463 modo
1248 3427 1403 3468 suum
1429 3416 1790 3479 Romualdum
1823 3427 2042 3486 alumna

461 3475 610 3532 Italia
646 3497 966 3554 recuperare
1009 3501 1328 3563 promeruit.

1033 3588 1258 3646 CAPUT
1298 3589 1476 3653 XLIII.

569 3663 646 3718 De
671 3669 928 3727 miraculo
975 3676 1197 3736 latronis
1225 3686 1279 3738 in
1310 3699 1480 3744 monte
1507 3692 1738 3750 Petrano
1763 3701 1925 3766 facta.

527 3752 631 3853 Εο⁸
653 3755 834 3828 itaque
865 3773 1103 3837 tempore
1131 3773 1182 3825 in
1229 3774 1478 3836 faucibus
1509 3783 1658 3853 (299)
1699 3752 2034 3848 Callensium

459 3847 725 3903 montium
756 3852 1066 3922 aliquandiu
1116 3867 1334 3932 mansit,
1378 3847 1650 3929 deindein
1682 3879 1829 3950 (500)
1849 3847 2036 3938 Petra;

459 3949 584 3988 num
635 3952 894 4010 montem,
938 3965 1044 4003 non
1100 3953 1255 4025 longe
1307 3960 1557 4018 videlicet
1610 3983 1640 4020 a
1709 3949 2034 4031 monasterio

456 4028 630 4122 sancti
663 4029 940 4091 Vincentii.
983 4044 1299 4114 quodjuxta
1324 4051 1472 4121 ίὸΟΙ)
1499 4054 1876 4118 Candilianum

455 4115 705 4172 stitutum
743 4135 826 4177 est
852 4126 1092 4197 fluvium,
1124 4138 1463 4211 demigravit.
1495 4147 1825 4223 Quocunque
1850 4167 2031 4215 autem

455 4207 540 4259 vir
566 4222 786 4269 sanctus
817 4217 947 4283 ibat,
982 4222 1154 4296 466
1183 4245 1397 4300 semper
1434 4237 1788 4309 fructificans,
1817 4264 2032 4320 semper

1777 4301 1788 4309 .
1900 4301 2022 4320 μιγν-

454 4301 758 4360 animarum
814 4308 1022 4368 lucrum
1081 4323 1253 4388 magis
1284 4340 1348 4377 ac
1375 4330 1545 4393 magis
1571 4337 1941 4406 accumulans,
1975 4352 2029 4397 et

465 4387 480 4406 ,
513 4403 525 4406 ᾗ
597 4391 608 4403 .
755 4395 767 4406 .
980 4401 991 4406 -

1178 4387 1193 4388 ,
1464 4387 1491 4393 _,
1731 4387 1941 4406 77,,s_____,
1977 4387 2024 4397 ς,

465 4387 711 4447 homines
735 4395 802 4450 de
833 4401 1029 4457 saeculo
1053 4406 1396 4477 abstrahens,
1422 4415 1568 4472 velut
1598 4427 1741 4476 totus
1765 4423 1817 4477 iu
1850 4426 2024 4497 ignem

451 4495 763 4552 conversus,
786 4491 852 4543 ad
883 4495 1102 4553 cmleste
1146 4501 1472 4562 desiderium
1502 4512 1712 4569 animos
1744 4517 2020 4577 hominum
2056 4488 2105 4546 θ

447 4578 799 4636 accendebat.
831 4581 1027 4643 Volens
1071 4602 1250 4648 autem
1305 4606 1433 4655 tunc
1477 4602 1650 4660 locum
1683 4609 1749 4662 ad
1777 4626 2020 4668 eremum

445 4661 747 4726 faciendam
779 4674 1030 4734 idoneum
1061 4682 1322 4755 invenire,
1374 4697 1627 4764 prmcepit
1665 4700 1876 4757 cuidam
1903 4719 2024 4772 pre-

445 4756 667 4854 sbytero
718 4772 797 4829 ut,
851 4768 919 4822 ad
969 4771 1186 4830 domum
1238 4756 1512 4850 propriam
1549 4756 1788 4854 rediens,
1821 4756 2024 4849 sib-iet

444 4845 528 4902 bis
592 4853 684 4920 qui
747 4871 868 4911 eum
946 4845 1353 4924 comitabantur
1416 4874 1668 4933 alimenta
1755 4881 2013 4941 deferret.

445 4936 650 4999 Deinde
689 4959 927 5008 montem
972 4956 1227 5030 indagine
1273 4967 1512 5024 studiosa
1542 4972 1898 5044 perlustrans,
1921 4995 2017 5050 po-

693 5099 816 5174 Yat.
843 5110 961 5162 cod.
995 5113 1306 5174 intentabat.

515 5162 662 5208 (eum
697 5171 885 5208 Dnlrna
936 5162 1320 5208 .i..”KrZ'.'LT".'_',T,
1344 5189 1366 5208 ,ι

1429 5201 1439 5208 ι
1471 5193 1506 5208 l"
1581 5205 1587 5207 Α

2171 1864 2318 1918 vavit
2380 1865 2606 1924 illmsum
2659 1873 2803 1941 quod
2853 1875 2908 1930 in
2956 1877 3196 1937 absentis
3237 1881 3525 1938 Romualdi
3570 1885 3768 1941 fuerat

2170 1955 2413 2011 custodia
2450 1959 2796 2020 derelictum.

2721 2075 2951 2134 CAPUT
2985 2079 3166 2136 XLIV.

2409 2165 2544 2220 Item
2573 2171 2887 2227 miraculum
2925 2177 2990 2230 de
3013 2176 3135 2231 aliis
3163 2177 3480 2235 latronibus.

2235 2258 2442 2315 Rursus
2475 2263 2599 2317 dum
2627 2264 2680 2318 in
2707 2266 2908 2321 eisdem
2941 2270 3182 2338 partibus
3206 2272 3370 2328 cellas
3393 2284 3738 2332 construeret

2162 2346 2302 2418 (erat
2342 2360 2521 2406 autem
2556 2354 2768 2409 sarcina
2795 2357 2984 2427 procul
3011 2360 3079 2414 ab
3112 2361 3191 2416 eis
3220 2361 3322 2416 sub
3345 2364 3584 2432 quodam
3607 2382 3742 2423 saxo

2162 2440 2440 2511 reposita),
2499 2451 2624 2500 tunc
2659 2445 2742 2499 vir
2794 2451 3118 2506 venerabilis
3175 2457 3462 2523 quemdam
3511 2456 3731 2514 fratrem

2159 2526 2288 2583 illuc
2313 2531 2465 2599 quasi
2487 2547 2608 2588 cum
2635 2535 2864 2605 quodam
2885 2538 3082 2610 impetu
3131 2543 3388 2613 propulit,
3413 2548 3732 2618 praecipiens

2158 2617 2258 2671 sibi
2311 2628 2368 2673 ut
2397 2621 2557 2678 nimis
2583 2625 2743 2682 anxie
2769 2627 3070 2684 festinaret.
3099 2633 3198 2698 Qui
3227 2650 3348 2688 mox
3373 2634 3522 2692 fures
3543 2617 3730 2708 super-

2157 2710 2402 2776 veniens,
2435 2713 2551 2770 il-los
2581 2717 2794 2786 quidem
2823 2718 2934 2789 jam
2981 2737 3174 2792 rapere
3203 2733 3478 2782 tentantes
3503 2731 3726 2798 reperit,

2156 2799 2249 2852 sed
2277 2801 2408 2855 nihil
2456 2804 2630 2860 adhuc
2657 2821 2724 2862 ex
2755 2809 2840 2865 his
2867 2826 2984 2879 quae
3022 2815 3257 2883 reposita
3285 2815 3504 2872 fuerant
3544 2821 3726 2876 deesse

2153 2888 2421 2956 cognovit.
2467 2890 2675 2970 Quaex
2718 2911 2778 2952 re
2819 2909 2964 2954 recte
3002 2900 3274 2971 colligitur
3304 2903 3524 2960 beatum
3557 2909 3722 2963 virum

2153 2994 2258 3034 non
2299 2979 2416 3035 sine
2444 2983 2638 3040 divinae
2667 2988 3011 3047 revelationis
3054 2994 3315 3050 instinctu
3346 2996 3576 3052 fratrem
3607 3016 3730 3054 cum

2153 3076 2300 3125 tanta
2332 3071 2692 3131 sollicitudine
2740 3079 3057 3149 destinasse,
3097 3085 3212 3154 ipso
3239 3087 3490 3143 videlicet
3528 3102 3723 3160 puncto

2077 3145 2120 3207 C
2152 3173 2259 3228 quo
2313 3161 2462 3218 fures
2502 3166 2571 3220 ad
2621 3182 2737 3223 rem
2768 3184 2876 3226 non
2914 3145 3238 3230 custoditam
3279 3145 3726 3251 contigit-perve-

2148 3251 2315 3307 uisse.

2718 3347 2944 3407 CAPUT
2982 3351 3143 3410 XLV.

2147 3428 2324 3494 Quare
2350 3443 2399 3487 et
2422 3436 2680 3504 quomodo
2703 3435 3027 3513 Romualdus
3047 3444 3240 3513 ejectus
3273 3457 3348 3502 est
3379 3449 3446 3504 de
3481 3449 3631 3508 Valle
3657 3457 3718 3508 de

2832 3508 3038 3568 Castra.

2211 3615 2340 3672 Post
2389 3617 2502 3673 haec
2530 3619 2862 3681 Romualdns
2901 3626 2967 3681 ad
3017 3632 3406 3688 monasterium
3445 3635 3621 3694 Vallis
3653 3640 3717 3694 de

2138 3707 2332 3763 Castro
2362 3712 2682 3780 revertitur,
2706 3731 2940 3788 moxque
2972 3719 3220 3776 abbatem
3251 3723 3329 3778 sic
3354 3725 3492 3780 alios
3532 3744 3720 3799 regere

2137 3806 2196 3852 ut
2270 3807 2442 3855 semet
2518 3803 2691 3876 ipsum
2757 3805 2936 3863 tamen
3012 3825 3351 3882 nequaquam
3417 3817 3716 3888 negligeret

2135 3887 2474 3944 exhortatur.
2523 3892 2752 3949 Volebat
2800 3897 3018 3968 insuper
3075 3911 3134 3955 ut
3182 3901 3373 3958 cellam
3419 3887 3525 3975 qua
3578 3887 3713 3963 usus

2134 3974 2342 4044 fuerat,
2393 3982 2680 4038 occasione
2719 3986 2996 4055 regiminis
3029 3988 3192 4062 467
3220 4007 3328 4047 non
3368 3974 3594 4051 omnino
3622 3997 3716 4052 de-

2132 4077 2360 4135 sereret,
2410 4072 2502 4126 sed
2535 4073 2586 4127 in
2619 4089 2680 4127 ea
2709 4074 2928 4132 sibimet
2955 4079 3310 4148 spiritualiter
3336 4084 3548 4150 vivens,
3577 4103 3711 4157 prae-

2137 4157 2309 4227 cipuis
2369 4167 2574 4216 tantum
2630 4163 3013 4223 festivitatibus
3076 4168 3274 4228 fratres
3324 4175 3710 4233 admonitionis

2130 4248 2302 4316 gratia
2353 4250 2618 4307 visitaret.
2672 4255 2802 4309 brat
2854 4259 2995 4312 enim
3041 4261 3199 4317 beato
3221 4264 3340 4319 viro
3383 4275 3491 4321 tam
3519 4269 3706 4324 odiosa

2129 4337 2254 4404 ista,
2283 4355 2442 4408 quam
2478 4345 2773 4412 cernimus,
2808 4349 3060 4404 abbatum
3114 4359 3479 4424 conversatio,
3508 4370 3568 4414 ut
3599 4376 3702 4416 non

2131 4429 2307 4484 minus
2357 4432 2619 4499 gauderet
2671 4436 2713 4490 si
2762 4437 2829 4492 de
2887 4455 3050 4494 manu
3110 4443 3371 4514 cujusque
3424 4450 3696 4504 abbatiam

2126 4522 2390 4588 potuisset
2442 4525 2694 4593 evellere,
2721 4545 2882 4600 quam
2926 4534 2972 4586 si
3001 4535 3223 4590 daretur
3256 4539 3357 4594 sibi
3388 4543 3705 4609 potentissi-

2127 4627 2272 4667 mum
2309 4616 2605 4684 quemlibet
2648 4622 2984 4677 saecularium
3032 4627 3096 4680 ad
3147 4640 3352 4684 sanctae
3409 4647 3700 4688 conversa-

2062 4749 2072 4763 ,
2124 4703 2288 4759 tionis
2302 4707 2548 4762 ordinem
2563 4724 2883 4768 convocare.
2915 4715 3041 4780 Sed,
3066 4717 3207 4772 sicut
3228 4735 3325 4787 per
3352 4720 3693 4778 Salomonem

2126 4795 2324 4850 dicitur
2357 4815 2369 4849 :
2406 4795 2554 4853 Velut
2608 4811 2809 4857 acetum
2842 4804 2896 4859 in
2935 4808 3088 4869 nitro,
3137 4810 3209 4862 ita
3258 4812 3347 4880 qui
3376 4824 3553 4867 cantat
3575 4831 3696 4867 car-

2126 4888 2268 4941 mina
2296 4890 2442 4942 cordi
2479 4907 2720 4960 perverso
2765 4894 2945 4965 (Prov.
2993 4899 3153 4968 xxv),
3191 4900 3280 4954 ille
3309 4904 3696 4972 praedicatione

2125 4978 2448 5035 venerabilis
2470 4982 2570 5036 viri
2595 4983 2661 5039 de
2699 4986 2840 5039 malo
2876 4988 3115 5044 deterior
3163 4989 3358 5058 factus,
3390 4994 3694 5050 comitissas

2125 5133 2342 5208 tradunt
2387 5134 2449 5189 D.
2504 5137 2860 5197 Romualdum
2899 5144 3188 5202 incoluisse
3219 5159 3455 5203 montem
3503 5150 3689 5208 illum.
