3992 5322
285 297 393 354 993

1640 293 1790 348 VITA
1837 293 1896 350 S.
1939 294 2316 351 ROMUALDI.

3423 299 3527 357 994

282 413 383 468 loci
411 411 558 483 (302)
580 410 827 466 dominas
849 409 1094 481 protinus
1115 407 1268 476 adiit,
1309 417 1364 465 et
1389 407 1630 480 utligna,
1662 410 1858 478 quibus
1887 415 1933 475 Α
1963 410 2197 464 bitanler
2242 409 2514 464 obrueret.
2565 408 2806 479 Cumque
2869 410 3102 480 operarii
3161 410 3357 467 vellent
3382 413 3534 482 jussa

283 501 568 558 Romualdi
594 500 741 556 cellae
767 501 1035 557 debebant
1061 501 1324 569 construi,
1354 501 1659 556 minutatim
1688 501 1855 556 incidi

281 593 657 664 praeciperent,
699 593 963 664 sacrilega
1012 592 1410 649 machinatione
1449 595 1733 664 suggessit.
1779 593 1856 648 Eo

283 683 467 753 itaque
522 684 683 738 modo
719 683 826 738 alta
880 684 1116 754 paradisi
1164 684 1358 740 cedrus
1404 685 1471 740 de
1514 692 1854 742 terrenorum

282 771 559 827 hominum
590 772 740 827 silvis
769 773 941 843 ejecta
970 783 1072 828 est.

843 883 1069 940 CAPUT
1109 884 1292 941 XLVI.

421 973 500 1027 De
529 973 780 1027 miraculo
803 976 939 1040 quod
962 975 1079 1046 fecit
1108 977 1164 1028 in
1185 975 1497 1046 Aqua-bella
1521 995 1714 1037 curans

884 1044 1256 1112 presbyterum.

352 1153 479 1207 Inde
528 1168 654 1208 vero
702 1154 1058 1224 progrediens
1083 1193 1099 1218 ,
1136 1171 1243 1211 non
1294 1155 1450 1226 longe
1475 1159 1544 1212 ab
1572 1158 1856 1229 Apennino

282 1253 486 1307 monte,
514 1243 566 1297 in
598 1243 716 1297 loco
737 1244 828 1313 qui
861 1243 1061 1298 dicitur
1088 1243 1405 1314 Aqua-bella
1436 1249 1605 1317 (503),
1637 1265 1857 1306 manere

280 1333 582 1387 constituit.
633 1332 746 1388 Illic
805 1349 934 1388 sane
974 1335 1099 1389 dum
1143 1338 1434 1394 saeculares
1487 1341 1705 1409 quidam
1732 1357 1854 1396 cum

277 1423 558 1494 discipulis
609 1423 726 1492 ejus
786 1425 1182 1481 habitationum
1245 1437 1386 1484 tecta
1455 1442 1852 1500 construerent,

278 1515 615 1571 llomualdus
638 1527 842 1582 autem,
881 1519 1003 1586 quia
1027 1519 1137 1588 jam
1161 1535 1272 1589 prae
1302 1532 1581 1579 senectute
1606 1524 1856 1580 laborare

283 1621 388 1658 non
413 1616 647 1674 poterat,
678 1616 731 1662 et
751 1607 896 1662 solus
920 1609 1208 1678 hospitium
1230 1613 1546 1678 custodiret,
1571 1615 1856 1684 presbyter

278 1695 495 1761 quidam
529 1695 923 1750 intolerabilem
954 1698 1191 1753 dolorem
1223 1700 1275 1754 in
1309 1701 1561 1756 dentibus
1587 1704 1852 1770 sentiens,

1957 501 2237 570 perlicere,
2271 501 2364 555 sed
2408 501 2616 555 ruinam
2647 501 2857 557 arboris
2898 501 3287 570 formidarent;
3338 505 3427 561 ille
3482 520 3542 562 ut

1956 604 2295 658 nequaquam
2329 590 2611 644 timeretur
2665 590 2921 646 instabat.
2960 592 3144 662 Itaque
3185 609 3326 660 cum,
3365 595 3541 664 impa-

1957 679 2058 733 Ctis
2095 679 2514 748 circumquaque
2577 681 2877 745 securibus,
2931 683 2985 737 in
3020 684 3132 752 ipsa
3173 683 3282 752 jam
3317 687 3538 742 arboris

1955 769 2164 822 viscera
2191 779 2486 834 veniretur,
2518 772 2682 824 arbor
2719 782 2901 826 autem
2928 787 3091 842 super
3114 774 3328 828 beatum
3357 776 3535 831 virum

1957 873 2064 912 non
2104 857 2216 926 jam
2264 859 2427 912 dubio
2459 861 2718 929 impetum
2757 862 3074 927 minaretur,
3108 877 3322 933 ccepere
3343 880 3536 920 omnes

1956 962 2148 1016 rogare
2177 957 2232 1002 et
2278 949 2498 1004 vocibus
2524 950 2776 1005 clamosis
2801 952 3147 1007 vehementer
3169 955 3423 1010 insistere
3453 965 3535 1020 ut,

1955 1037 2002 1091 si
2031 1037 2221 1092 cellam
2252 1049 2616 1109 postponeret,
2643 1041 2989 1112 semetipsum
3015 1045 3203 1098 exiens
3241 1061 3532 1100 conserva-

1957 1138 2060 1182 ret.
2107 1127 2200 1184 llle
2244 1141 2444 1195 autem,
2494 1146 2834 1201 nequaquam
2865 1149 3052 1188 eorum
3097 1135 3423 1191 clamoribus
3449 1152 3539 1192 ac-

1957 1218 2262 1286 quiescens,
2293 1231 2349 1274 ut
2375 1230 2611 1289 emptum
2636 1223 2744 1276 cito
2791 1222 3115 1291 perlicerent
3144 1225 3366 1280 delinite
3396 1242 3535 1296 prte-

1957 1311 2119 1379 Cepit,
2153 1310 2297 1365 facto
2326 1313 2479 1381 signo
2501 1313 2678 1366 crucis
2705 1325 2892 1366 contra
2919 1328 3035 1370 eam
3055 1315 3224 1385 (506).
3255 1315 3538 1372 Postremo

1957 1395 2142 1467 fagus,
2195 1401 2515 1470 gravissimo
2547 1400 2723 1454 sonitu
2753 1416 3033 1466 corruens,
3073 1405 3142 1456 ita
3171 1403 3426 1458 aliorsum
3453 1413 3538 1459 est

1956 1501 2024 1543 ex
2069 1489 2249 1542 divina
2290 1491 2488 1543 virtute
2513 1488 2768 1558 projecta,
2819 1499 2898 1557 ut,
2949 1493 3160 1546 cunctis
3187 1494 3532 1558 mirantibtts,

1957 1580 2092 1634 cella
2117 1581 2338 1636 omnino
2374 1591 2678 1635 remaneret
2724 1582 2908 1636 illagsa.
2943 1583 3145 1639 Omnes
3198 1585 3361 1651 igitur
3386 1594 3536 1639 tanto

1956 1671 2312 1740 obstupefacti
2340 1673 2620 1736 miraculo,
2647 1673 2796 1728 laetas
2820 1675 2885 1727 ad
2919 1675 3291 1746 emlumjvoces
3320 1675 3536 1743 tollunt,

275 1799 410 1851 opus
440 1785 651 1839 :edilicii
697 1785 898 1841 invitus
929 1787 1166 1858 reliquit,
1200 1799 1254 1845 et
1297 1792 1565 1859 postulata
1603 1808 1634 1846 a
1662 1763 1854 1848 fratri;
1887 1764 1929 1822 Β
1957 1772 2011 1817 el
2037 1763 2330 1818 immensas
2357 1763 2467 1818 Deo
2506 1766 2709 1833 gratias
2745 1765 3008 1819 referum'

277 1873 378 1927 bus
423 1873 643 1928 licentia
699 1877 876 1930 redire
922 1878 1139 1932 domum
1205 1881 1592 1937 miserabiliter
1645 1883 1855 1951 ejulans

275 1966 456 2035 erepit.
488 1966 730 2038 Cumque
785 1985 882 2039 per
935 1971 1293 2027 Romualdum
1343 1976 1631 2029 transitum
1672 1992 1856 2031 rever-

275 2057 448 2112 sionis
489 2059 733 2124 haberet,
785 2061 1152 2132 interrogatus
1201 2079 1302 2117 cur
1352 2065 1694 2128 abscederet,
1728 2082 1852 2122 mox

275 2163 460 2203 casum
511 2165 620 2204 sua:
672 2152 940 2219 passionis
997 2153 1250 2207 innotuit.
1311 2153 1448 2210 Huic
1517 2155 1852 2212 Romualdus

276 2238 472 2302 hianti,
501 2239 676 2294 locum
707 2241 794 2294 ubi
839 2243 1145 2311 patiebatur
1180 2243 1348 2313 digito
1398 2245 1590 2315 tetigit,
1617 2249 1802 2302 dicens
1835 2267 1847 2301 :

272 2327 523 2398 lgnitam,
551 2328 745 2398 inquit,
769 2330 1040 2398 subulam,
1079 2347 1146 2386 ne
1174 2331 1382 2387 labrum
1414 2333 1596 2400 laedat,
1628 2335 1678 2388 in
1704 2336 1848 2390 cala-

273 2432 421 2470 mum
469 2417 643 2483 mitte,
693 2428 749 2474 et
791 2419 878 2474 hic
912 2435 1091 2490 pone:
1127 2422 1206 2477 sic
1254 2423 1407 2479 dolor
1459 2425 1721 2496 aufugiet.
1748 2425 1846 2480 Vix

272 2508 558 2579 presbyter
583 2511 740 2564 unius
763 2511 972 2582 jugcris
1000 2514 1179 2582 spatio
1226 2514 1367 2568 ultra
1398 2531 1715 2585 progressus
1743 2527 1847 2584 est,

273 2606 328 2650 et
375 2594 678 2664 confestim,
727 2601 873 2654 omni
907 2601 1090 2656 dolore
1148 2602 1417 2672 deposito,
1445 2605 1511 2658 ad
1547 2619 1683 2674 opus
1706 2607 1848 2674 quod

277 2689 604 2758 reliquerat,
663 2706 828 2745 sanus
881 2701 938 2746 et
991 2693 1277 2748 incolumis
1328 2696 1638 2764 repedavit,
1689 2696 1849 2752 claris

277 2780 534 2836 nimirum
560 2783 780 2838 vocibus
806 2783 1137 2850 exclamans,
1164 2794 1218 2839 et
1241 2785 1426 2840 dicens
1460 2803 1473 2839 :
1501 2786 1718 2842 Gratias
1750 2789 1845 2842 tibi

276 2870 508 2939 agimus,
561 2872 908 2941 omnipotens
959 2872 1119 2938 Deus,
1159 2875 1249 2942 qui
1299 2875 1571 2944 regionem
1605 2888 1844 2930 nostram

275 2961 560 3029 splendore
593 2963 729 3016 tanti
769 2962 965 3018 sideris
1019 2963 1296 3018 illustrare
1315 2966 1567 3035 dignatus
1595 2981 1670 3020 es.
1708 2965 1844 3021 Vere

277 3051 498 3122 angelus
527 3051 642 3117 Dei,
669 3067 794 3106 vere
843 3053 1104 3123 propheta
1141 3039 1382 3117 sanctus,
1407 3064 1462 3108 et
1499 3054 1590 3109 lux
1647 3072 1841 3124 magna

276 3142 486 3195 occulta
519 3142 717 3195 mundo
752 3141 804 3195 in
835 3142 1029 3197 linibus
1084 3143 1285 3197 nostris
1326 3146 1594 3214 apparuit.
1624 3145 1748 3200 llzec
1791 3155 1848 3200 et

275 3223 376 3284 alia
403 3221 567 3284 multa
593 3231 646 3286 in
678 3231 770 3286 Dei
809 3232 1021 3287 laudem
1054 3225 1377 3300 vecil'erans,
1401 3236 1491 3287 vix
1515 3251 1542 3287 a
1572 3235 1714 3289 beati
1745 3236 1846 3290 viri

277 3321 554 3390 discipulis
586 3330 766 3376 tacere
811 3322 1118 3390 compulsus
1153 3333 1257 3378 est.
1295 3323 1430 3378 Nam
1458 3326 1502 3380 si
1528 3326 1846 3400 talia.verha

275 3412 341 3466 ad
379 3411 657 3466 llomualdi
696 3427 856 3467 aures
893 3414 1133 3483 qualibet
1169 3416 1454 3469 occasione
1509 3415 1676 3487 468
1725 3431 1850 3484 per-

279 3502 564 3572 tingerent,
591 3503 906 3573 gravissima
938 3519 1032 3558 cor
1057 3504 1169 3572 ejus
1202 3504 1569 3574 indignatione
1599 3505 1844 3560 ferirent.

828 3613 1056 3670 CAPUT
1106 3615 1314 3671 XLVII.

403 3706 537 3760 Item
574 3707 890 3761 miraculum
925 3708 989 3789 de
1024 3707 1146 3788 fago
1181 3725 1340 3778 prope
1375 3710 1561 3764 cellam
1599 3711 1714 3780 ejus

964 3794 1153 3831 musa.

345 3869 468 3924 Alio
492 3884 706 3938 quoque
727 3879 989 3938 tempore,
1007 3870 1132 3923 dum
1151 3871 1203 3924 in
1230 3870 1460 3940 quadam
1481 3887 1666 3928 eremo
1693 3873 1849 3930 valde

277 3960 425 4031 (504)
475 3963 718 4030 speciosa
747 3971 801 4017 et
827 3962 1062 4033 egregia,
1093 3963 1181 4017 cui
1211 3979 1408 4019 nomen
1457 3974 1540 4020 est
1571 3965 1719 4037 (505)
1745 3969 1848 4024 Ca-

277 4053 645 4118 maldulensis,
689 4071 850 4126 quam
880 4057 994 4125 ipse
1037 4057 1420 4124 aediﬁcaverat,
1457 4060 1508 4113 in
1537 4059 1728 4115 cellam
1761 4077 1850 4116 re-

277 4146 497 4210 sideret,
528 4161 776 4216 magnam
807 4147 1041 4216 aliquam
1089 4147 1299 4218 fagum,
1322 4165 1442 4219 qua:
1464 4167 1630 4221 prope
1655 4153 1847 4207 cellam

276 4234 392 4304 ejus
418 4237 650 4301 astabat,
705 4237 867 4293 incidi
903 4239 1178 4308 pra2eepit.
1208 4239 1339 4293 Erat
1389 4249 1569 4296 autem
1594 4240 1748 4310 fagus
1771 4243 1846 4298 ita

277 4327 425 4381 cellae
451 4327 673 4382 acclivis
699 4337 752 4382 et
798 4329 1108 4394 imminens,
1142 4331 1374 4401 utjuxta
1407 4332 1699 4388 humanam
1726 4333 1845 4403 opi-

2493 1893 2721 1949 CAPUT
2756 1894 2981 1950 XLVIII.

1991 1983 2070 2037 De
2093 1983 2211 2038 ilice
2234 1983 2383 2055 lapsa
2413 2000 2569 2053 super
2607 1985 2881 2051 rusticum,
2904 1995 2952 2039 et
2980 2000 3096 2038 eum
3125 2002 3227 2040 non
3254 1985 3493 2040 lwdenle.

2027 2074 2133 2129 Sed
2184 2075 2311 2143 quid
2342 2090 2440 2130 nos
2474 2077 2540 2130 de
2581 2075 2761 2129 divina
2791 2076 2934 2131 circa
2968 2077 3329 2131 venerabilem
3355 2077 3531 2132 virum

1952 2167 2197 2220 custodia
2252 2167 2500 2230 dicimus,
2550 2184 2671 2222 cum
2700 2176 2753 2221 et
2782 2167 2916 2222 alios
2960 2183 3102 2237 szepe
3136 2184 3233 2237 per
3261 2168 3378 2237 ejus
3399 2186 3534 2238 pra:-

1954 2257 2184 2310 sentiam
2212 2271 2277 2310 ex
2303 2258 2514 2328 magnis
2541 2266 2758 2324 ereptos
2780 2257 2948 2311 fuisse
2973 2258 3225 2326 periculis
3246 2274 3351 2312 non
3381 2259 3530 2327 ignoo

1953 2347 2170 2401 ramus?
2221 2347 2300 2401 Ex
2350 2348 2544 2416 quibus
2591 2347 2840 2403 videlicet
2895 2364 3058 2402 unum
3110 2349 3200 2404 hic
3226 2365 3531 2404 memorare

1952 2437 2203 2503 sulliciat,
2236 2446 2294 2491 ut
2345 2438 2525 2507 plures
2581 2437 2747 2492 fuisse
2774 2440 3010 2506 prudens
3054 2438 3228 2493 lector
3249 2449 3528 2509 agnoscat.

1951 2529 2254 2598 Aliquando
2298 2543 2534 2599 namque
2565 2529 2678 2598 ipse
2705 2545 2826 2582 cum
2858 2530 3122 2598 operariis
3169 2545 3413 2592 manens,
3447 2531 3530 2583 ni-

1953 2619 2072 2670 mia:
2105 2617 2491 2685 magnitudinis
2539 2617 2716 2671 ilicem
2747 2617 2797 2671 in
2828 2626 3007 2672 monte
3032 2618 3266 2673 Petrano
3293 2617 3532 2673 faciebat

1952 2708 2138 2762 incidi.
2170 2708 2299 2774 Qua:
2325 2707 2576 2761 videlicet
2605 2708 2767 2761 arbor
2801 2707 2854 2760 in
2893 2717 3164 2776 prmrupto
3200 2708 3400 2762 montis
3434 2707 3529 2760 dc-

1949 2799 2107 2854 elivio
2149 2801 2408 2868 pendens,
2467 2801 2519 2853 in
2576 2801 2690 2854 ima
2738 2801 3010 2870 vergebat.
3063 2799 3318 2854 Rusticus
3344 2809 3531 2854 autem

1949 2891 2166 2958 quidam
2219 2892 2378 2961 paulo
2425 2891 2651 2946 inferius
2693 2891 2889 2946 stabat.
2930 2893 3065 2947 Cum
3111 2893 3273 2962 igitur
3301 2893 3525 2961 praecisa

1949 2984 2114 3036 arbor
2136 2984 2372 3050 graviter
2392 2998 2670 3043 corruens,
2717 2997 2812 3052 per
2835 2983 3094 3036 devexum
3130 2984 3330 3035 montis
3352 2980 3532 3034 volve-

1951 3082 2102 3126 retur
2153 3073 2206 3126 in
2258 3087 2520 3141 prleceps,
2555 3089 2676 3128 mox
2711 3085 2984 3144 repertum
3031 3075 3198 3146 469
3259 3076 3526 3129 rusticunm

1949 3162 2233 3229 repentino
2266 3163 2467 3231 impetu
2491 3165 2658 3234 empit
2707 3166 2771 3228 ad
2818 3165 3074 3219 inferiora
3110 3174 3309 3219 rotare.
3333 3163 3530 3219 Cuncti

1947 3249 2194 3316 protinus
2225 3249 2470 3305 dolentes
2497 3252 2825 3318 exclamant,
2853 3262 2907 3307 et
2931 3253 3043 3322 jam
3074 3268 3181 3307 nun
3212 3252 3383 3306 solum
3412 3266 3531 3306 esse

1949 3337 2222 3391 hominem
2250 3349 2548 3404 mortuum,
2581 3343 2673 3395 sed
2721 3350 2890 3395 totum
2917 3357 3132 3410 quoque
3176 3343 3529 3396 dilaceratum

1945 3425 2062 3495 ejus
2083 3443 2280 3496 corpus
2299 3429 2630 3483 existimant.
2680 3430 2808 3496 Sed,
2835 3433 2972 3484 mira
3003 3432 3182 3486 divina
3220 3433 3393 3486 virtus
3411 3431 3436 3486 ιν
3455 3430 3528 3485 ita

1947 3535 2073 3574 mox
2123 3535 2291 3574 sanus
2320 3528 2375 3574 et
2427 3521 2714 3576 incolumis
2772 3532 3020 3591 repertus
3057 3531 3163 3588 est,
3191 3539 3256 3577 ac
3284 3523 3328 3577 si
3363 3536 3528 3589 super

1947 3623 2070 3664 eum
2098 3625 2204 3663 non
2228 3612 2392 3665 arbor
2440 3611 2536 3666 sed
2585 3611 2797 3667 arboris
2833 3613 3022 3668 lolium
3051 3614 3357 3669 cecidisset.
3387 3612 3527 3666 Hine

1941 3701 2069 3770 jure
2141 3705 2494 3772 perpenditur
2558 3706 2732 3758 sancti
2785 3705 2886 3758 viri
2937 3706 3187 3760 meritum
3265 3715 3524 3774 quantum

1946 3791 2089 3861 apud
2142 3791 2312 3851 Deum
2365 3793 2578 3863 pondus
2616 3793 2885 3860 habuerit,
2927 3794 2982 3849 in
3031 3794 3185 3862 cujus
3230 3803 3524 3864 conspectu

1947 3881 2269 3952 gravissima
2294 3883 2508 3938 arboris
2536 3885 2705 3938 moles
2730 3887 2942 3952 pondus
2971 3885 3171 3939 habere
3197 3884 3448 3938 nescivit.

2509 3995 2735 4050 CAPUT
2774 3995 2958 4049 XLIX.

1947 4084 2026 4138 De
2051 4083 2362 4138 contumelia
2402 4099 2560 4154 quam
2597 4102 2783 4208 prsissus
2827 4095 2900 4138 est
2939 4102 2970 4138 a
3002 4084 3112 4138 suis
3157 4083 3430 4153 discipulis
3468 4084 3526 4137 in

2675 4167 2831 4208 mna.

2672 4167 2831 4223 εμπ-ια.

2015 4243 2365 4299 Postmodum
2415 4260 2545 4300 vero
2589 4243 2960 4308 Romualdns,
3008 4261 3131 4298 tum
3185 4245 3524 4314 Apenninum

1947 4336 2224 4393 desereret
2249 4337 2434 4408 (307),
2480 4346 2717 4393 montem
2764 4337 2957 4407 Sytria:
3005 4336 3154 4406 (508)
3184 4337 3527 4389 habitaturus

278 4418 520 4484 nionem,
567 4419 612 4473 si
644 4419 951 4485 cecidisset,
995 4430 1165 4476 totum
1203 4439 1329 4478 mox
1366 4423 1654 4480 aedilicium
1686 4425 1844 4482 indu-
1874 4449 1924 4510 Ι)
1948 4429 2207 4484 ascendit.
2249 4428 2556 4484 Cavendum
2585 4438 2763 4482 autem
2795 4441 3135 4494 summopere
3167 4431 3252 4477 est
3281 4438 3348 4477 ne
3377 4424 3522 4491 quis,

348 4553 496 4627 (302)
531 4551 696 4627 Vallis
731 4553 906 4627 Castri
933 4555 1084 4627 locus
1109 4564 1191 4610 est
1214 4556 1266 4610 in
1295 4555 1665 4627 Camerinensi
1693 4572 1843 4627 agro,

277 4623 621 4691 ejusdemque
650 4624 750 4678 loci
777 4627 1024 4679 dominas
1047 4626 1214 4681 fuisse
1231 4626 1503 4681 Camerini
1539 4623 1846 4682 comitissas

277 4693 437 4749 facile
463 4695 790 4747 censendum
821 4706 924 4748 est.

349 4762 503 4844 (505)
528 4762 854 4844 ΑΗαα-βειια
883 4765 1072 4844 eadem
1092 4773 1192 4844 est3
1217 4780 1338 4844 qua:
1358 4764 1524 4818 Vallis
1553 4763 1842 4844 Umbrosa,

273 4832 528 4888 ditecesis
559 4832 979 4904 Fesulanze,_uhi
1013 4832 1323 4904 percelebre
1349 4843 1719 4904 constructum
1746 4833 1846 4904 fuit

274 4903 668 4974 monasterium
694 4918 723 4956 a
755 4903 817 4956 D.
848 4902 1052 4974 Joanne
1073 4904 1367 4960 Gualberto
1391 4911 1512 4974 post
1533 4903 1655 4974 _e_jus
1682 4902 1850 4974 apa-

272 4971 512 5028 maldulo
544 4971 862 5042 discessum,
907 4973 1050 5040 quod
1097 4971 1499 5042 congregationi
1531 4971 1696 5028 Vallis
1721 4971 1850 5028 Um-

269 5041 699 5124 brqstfe'prdinis.
807 5041 1074 5124 Benedicti
1090 5041 1490 5124 .npinenﬁeii
1508 5110 1530 5124 _

1949 4560 2077 4612 dulo
2115 4559 2220 4612 loci
2265 4557 2503 4612 domino.
2535 4557 2735 4611 Verum
2778 4565 2904 4622 tunc
2936 4554 3095 4608 etiam
3137 4570 3351 4622 campus
3379 4571 3524 4605 anu:-

1947 4628 2068 4680 bilis
2112 4627 2543 4694 nuncupabatur,
2588 4636 2647 4679 ut
2694 4627 2744 4680 in
2798 4616 2962 4677 Bullis
2994 4616 3378 4694 Menandri",
3411 4625 3522 4694 dat.

1946 4711 2084 4750 anno
2111 4695 2268 4757 I072,
2298 4691 2354 4748 et
2378 4695 2629 4766 Gregorii
2675 4695 2783 4753 VII.
2820 4710 2960 4766 arma
3005 4691 3142 4744 I074
3169 4699 3225 4744 et
3253 4691 3403 4766 alibi.
3447 4692 3527 4745 Ex

1947 4766 2051 4819 hac
2109 4779 2314 4834 ereum,
2359 4763 2666 4834 quae'inter
2706 4763 3016 4834 Apenninos
3059 4769 3268 4834 montes
3289 4763 3391 4834 sita
3423 4771 3530 4834 est,

1946 4833 2214 4888 Arretinae
2239 4830 2563 4898 dioeceseos,
2594 4830 3071 4893 nomenclatnram
3095 4830 3300 4896 accepit
3324 4831 3532 4884 Catual-

1948 4903 2185 4960 dulensis
2237 4901 2583 4959 Benedictina
2636 4902 3012 4972 congregatio,
3062 4905 3243 5016 utpiite
3282 4915 3402 4966 quae
3430 4913 3542 4966 prae

1948 4973 2160 5016 nmis-ris
2194 4974 2394 5016 m-emig
2440 4986 2602 5016 summ
2661 4973 3017 5016 mmmsteriis
3065 4982 3095 5016 a
3180 5001 3194 5016 .
3249 4965 3542 5016 Romualdo

1945 4973 2160 5032 ezeteris
2194 4974 2394 5028 eremis
2440 4986 2602 5043 atque
2661 4965 3017 5043 mobas'teriis
3065 4982 3095 5018 a
3133 4965 3194 5017 D.
3249 4965 3546 5020 Romualdo

1946 5043 2315 5122 vel-fundatis,
2350 5045 2432 5122 vel
2457 5041 2624 5098 etiam
2686 5049 2757 5107 ad
2785 5041 3081 5120 regularem
3121 5049 3366 5120 normam
3394 5051 3549 5090 revo-
