3992 5322
495 173 600 230 993

956 170 1010 225 S.
1048 167 1248 224 PETRI
1285 167 1569 224 DAMIAN
1604 166 1756 222 UPP.
1779 163 1956 219 ΡΑιιδ
1988 162 2071 218 δι

2171 163 2396 218 10111οδ
2431 166 2497 217 lt.
2525 191 2594 205 —
2614 157 3036 221 SANCTORUM
3074 160 3282 223 γιτι.

3638 167 3730 230 996

493 303 615 343 cum
639 284 870 340 audierit
895 284 1020 353 quia
1049 283 1131 337 vir
1155 290 1375 338 sanctus
1401 289 1478 338 tot
1506 281 1624 337 loca
1651 280 1960 346 mutaverit,
1990 278 2067 350 pii
2092 281 2143 342 Α
2169 277 2419 346 sumpsit.
2455 275 2694 331 Tandem
2726 291 2882 342 vero,
2930 277 3073 334 sicut
3105 279 3220 350 ipse
3246 281 3596 351 postmodum
3631 287 3729 341 eis.

494 377 674 448 cperis
698 377 904 444 pondus
931 373 1059 428 vitio
1105 373 1337 427 levitatis
1366 371 1621 426 ascribat.
1669 369 1793 425 Hzec
1829 383 2062 439 namque

493 465 853 520 mutationum
884 461 998 530 ejus
1027 475 1187 516 causa
1215 460 1401 530 procul
1441 459 1601 514 dubio
1629 458 1805 513 fuerat
1839 458 1963 527 quia
1993 457 2062 513 ad

492 553 855 608 venerabilem
885 553 1058 605 virum
1084 591 1098 616 ,
1146 551 1452 620 ubicunque
1481 549 1730 619 degeret,
1761 548 1919 602 turba
1959 548 2062 602 ho-

493 643 698 696 minum
727 656 861 711 pene
891 640 1299 694 innumerabilis
1323 639 1699 693 concurrebat.
1748 638 1907 693 Ratio
1932 651 2061 706 ergo

493 732 751 802 poscebat
779 739 855 796 ut,
887 731 1194 785 cumnnius
1226 730 1323 784 loci
1353 730 1581 799 spatium
1613 729 1826 798 plenum
1854 728 2066 782 habita-

494 820 702 875 toribus
730 829 999 885 cerneret,
1033 821 1141 874 illic
1171 821 1349 889 priore
1391 821 1712 884 constituto,
1745 820 1812 873 ad
1855 819 2063 887 repleu-

443 897 449 910 ι
496 911 620 964 dum
647 925 768 963 mox
801 908 943 962 aliud
984 908 1281 963 festinaret.
1311 907 1367 961 In
1409 907 1589 979 Sytria
1617 923 1744 962 vero
1773 918 1901 976 quot
1931 923 2062 961 con-

434 1068 443 1072 _
495 1001 762 1064 tumelias,
793 1010 925 1070 quot
962 999 1213 1055 scandala
1239 1016 1269 1054 a
1299 1001 1410 1054 suis
1453 999 1725 1069 discipulis
1753 1015 1940 1068 passus
1970 998 2060 1063 sit,

492 1108 599 1147 non
637 1101 720 1148 est
747 1103 944 1147 nostra:
975 1092 1246 1146 facultatis
1282 1091 1551 1148 evolvere.
1593 1092 1671 1145 Ex
1697 1092 1888 1159 quibus
1915 1091 2061 1143 vide-

491 1182 620 1236 licet
661 1198 826 1235 unum
872 1182 959 1235 hic
1005 1182 1290 1249 ponimus,
1337 1191 1531 1236 castera
1578 1180 1856 1234 brevitatis
1887 1179 2064 1233 studio

494 1272 851 1340 praeterimus.
887 1269 1126 1323 Habebat
1149 1286 1380 1339 namque
1407 1271 1690 1338 quemdam
1719 1269 2062 1341 discipultmr,

496 1361 802 1418 [bttuatutut
822 1360 1052 1422 nomine,
1078 1360 1166 1432 qui
1191 1361 1387 1417 nobilis
1409 1363 1619 1431 quidem
1650 1363 1824 1417 fuerat
1849 1377 2063 1433 genere,

497 1455 589 1508 sed
625 1456 844 1508 omnino
873 1455 1104 1524 degener
1142 1455 1375 1508 actione.
1411 1453 1561 1508 Hunc
1591 1454 1772 1523 itaque
1815 1453 1898 1506 vir
1942 1469 2064 1506 san-

498 1553 616 1598 ctus
644 1559 764 1597 cum
792 1557 888 1612 pro
911 1558 1019 1596 sua:
1044 1543 1224 1596 carnis
1253 1542 1588 1595 immunditia
1616 1557 1722 1594 non
1758 1541 1915 1595 modo
1938 1555 2062 1595 ver-

2122 400 2125 404 -
2165 367 2286 420 dem
2317 368 2429 421 suis
2458 367 2735 437 discipulis
2764 368 2962 432 retulit,
2997 371 3252 427 divinitus
3277 372 3378 427 sibi
3414 373 3632 441 iussum
3657 391 3732 431 est

2165 466 2247 523 ut,
2293 457 2338 512 si
2366 457 2604 512 divinant
2637 459 2850 513 timeret
2881 460 3107 538 gratiam
3139 463 3396 532 perdere,
3421 464 3537 532 jam
3570 466 3732 520 indis-

2123 621 2126 628 ι
2166 556 2370 600 cretam
2401 548 3040 616 simplicitatemtomninn
3078 560 3450 619 postponeret,
3501 562 3560 607 et
3587 569 3733 608 sacra

2165 637 2452 691 missarum
2483 638 2740 692 solemnia
2791 639 3112 694 fiducialiter
3149 641 3470 698 celebraret.
3517 644 3734 699 Postera

2165 724 2329 794 igitur
2373 726 2457 780 die
2508 725 2815 781 sacrificare
2861 727 3158 798 incipiens,
3209 745 3329 784 cum
3380 732 3449 786 ad
3507 735 3733 786 secunda

2165 814 2346 868 missa
2371 825 2578 870 secreta
2613 821 2926 884 perventum
2953 830 3115 885 esset,
3147 819 3199 873 in
3243 822 3502 875 exstasim
3535 833 3734 890 rapms,

2167 911 2274 956 tam
2304 903 2460 972 longo
2493 908 2746 974 temporis
2778 911 2952 975 spatio
2981 909 3160 974 siluit,
3209 921 3267 964 ut
3293 927 3484 968 omnes
3523 914 3620 981 qui
3652 915 3715 967 ad

2165 1004 2327 1047 erant
2378 995 2726 1049 mirarentur.
2772 995 3136 1068 Interrogatus
3175 1011 3352 1054 autem
3394 1005 3737 1072 postmodum

2166 1095 2264 1134 cur
2289 1083 2339 1134 in
2366 1081 2637 1136 offerendo
2664 1082 2928 1140 sacrificio
2972 1095 3146 1140 tantas
3173 1103 3351 1143 moras
3397 1101 3600 1156 prmler
3623 1090 3734 1145 seli-

2167 1183 2279 1228 tum
2305 1176 2905 1248 habuissetﬁsspundit
2933 1193 2946 1234 :
2979 1179 3206 1250 Raptus,
3238 1182 3433 1251 inquit,
3462 1183 3521 1235 in
3551 1183 3737 1236 emtum

2166 1265 2380 1323 oblatus
2426 1282 2543 1320 sum
2581 1279 2703 1322 ante
2749 1269 2946 1334 Deum,
2989 1279 3043 1324 et
3083 1272 3340 1325 continuo
3384 1273 3521 1326 mihi
3566 1274 3734 1324 divina

2164 1371 2297 1411 voce
2325 1366 2649 1425 prteccptum
2677 1368 2758 1412 est
2785 1368 2874 1422 ut,
2907 1361 3200 1414 secundum
3235 1362 3378 1415 hunc
3407 1362 3732 1416 intellectura

2168 1460 2329 1515 quem
2353 1446 2483 1499 mihi
2516 1447 2655 1501 Deus
2675 1447 2915 1512 immisit,
2945 1449 3179 1518 psalmos
3205 1465 3535 1518 exponerem
3565 1462 3620 1506 et
3647 1469 3732 1519 pro

2167 1537 2383 1590 modulo
2411 1537 2514 1590 mei
2543 1551 2733 1592 sensus
2761 1539 3020 1593 chartulis
3048 1555 3144 1608 per
3180 1540 3424 1593 ordinem
3467 1555 3733 1594 commen-

497 1635 582 1688 bis
618 1641 886 1704 argueret,
914 1631 1006 1686 sed
1043 1647 1181 1700 stepe
1209 1633 1371 1686 etiam
1407 1632 1714 1685 verberibus
1737 1632 2067 1702 gravissimis
2096 1621 2141 1679 B
2168 1625 2373 1681 darem.
2401 1626 2536 1696 Ego,
2562 1637 2741 1681 autem
2763 1629 2929 1683 nimio
2954 1630 3366 1685 etinenarrabili
3391 1644 3734 1687 terrorecon-

497 1734 790 1786 coerceret,
828 1737 990 1776 ausus
1014 1729 1095 1776 est
1122 1721 1418 1776 diabolicus
1456 1722 1536 1775 vir
1567 1721 1774 1776 titulum
1809 1722 1882 1776 illi
1925 1722 2068 1792 ejus-

497 1812 618 1867 dem
655 1821 835 1866 reatus
861 1827 1152 1882 opponere,
1197 1820 1253 1867 et
1296 1812 1636 1881 impudenter
1668 1819 1857 1868 contra
1892 1811 2066 1866 sancti

500 1901 731 1970 Spiritus
759 1902 1011 1971 templum
1042 1901 1304 1972 sacrilego
1330 1917 1423 1956 ore
1454 1911 1681 1968 latrare,
1710 1903 1895 1957 dicens
1920 1900 2068 1957 vide-

497 1991 623 2046 licet
646 2001 888 2046 sanctum
918 1992 1089 2046 virum
1114 2008 1215 2045 una
1240 2007 1421 2046 secum
1447 2007 1513 2048 ex
1541 1992 1726 2046 eadem
1753 1991 2069 2061 contagione

498 2098 767 2152 peccasse.
797 2082 917 2136 Mox
958 2083 1138 2152 itaque
1163 2082 1406 2152 discipuli
1434 2097 1622 2137 onmes
1651 2083 1908 2137 adversus
1941 2097 2066 2136 eum

499 2174 642 2248 irati,
676 2188 864 2227 omnes
895 2172 1097 2237 infesti,
1140 2172 1229 2226 alii
1257 2173 1492 2226 clamant
1520 2188 1703 2228 senem
1734 2172 1957 2241 impium
1986 2171 2068 2227 la-

501 2277 644 2333 queo
691 2263 888 2318 debere
929 2263 1211 2332 suspendi,
1259 2263 1348 2318 alii
1398 2262 1616 2332 dignum
1658 2262 1898 2332 judicant
1945 2277 2067 2316 cum

502 2355 616 2423 ipsa
654 2352 840 2408 cellula
872 2353 1080 2423 ignibus
1121 2353 1473 2406 concremari.
1507 2351 1656 2418 Quod
1687 2353 1873 2421 utique
1916 2351 2072 2406 valde

502 2445 748 2500 mirabile
781 2445 902 2509 fuit,
938 2445 1232 2513 praesertim
1264 2443 1569 2514 spirituales
1604 2446 1749 2499 viros
1779 2460 1843 2500 ex
1887 2445 2072 2500 decre-

498 2534 612 2604 pito
640 2549 787 2596 sene,
818 2542 873 2587 et
904 2533 1040 2586 ultra
1067 2549 1227 2600 quam
1264 2535 1574 2587 centenario
1611 2533 1756 2602 (509)
1788 2543 1892 2586 tam
1920 2532 2072 2586 nefa-

501 2627 640 2680 rium
672 2626 846 2680 scelus
889 2624 1110 2679 credere
1149 2625 1414 2693 potuisse;
1451 2624 1537 2679 cui
1565 2626 1725 2678 etiam
1755 2624 1800 2678 si
1826 2623 2071 2677 voluntas

501 2715 732 2781 adesset,
763 2725 951 2767 natura
982 2722 1157 2767 tamen
1181 2722 1233 2768 et
1276 2713 1498 2782 frigidus
1523 2713 1742 2783 sanguis
1766 2722 1819 2767 et
1848 2713 2071 2766 ariditas

500 2804 758 2856 attenuati
807 2804 1048 2870 corporis
1090 2804 1191 2857 hoc
1220 2804 1433 2871 penitus
1462 2803 1768 2873 denegaret.
1816 2801 1920 2856 Sed
1950 2816 2067 2855 cre-

503 2894 736 2946 dendum
788 2903 870 2946 est
899 2893 1084 2961 procul
1123 2895 1282 2948 dubio
1326 2894 1394 2946 ad
1423 2877 1724 2962 augendum
1767 2892 1936 2946 sancti
1967 2891 2068 2944 viri

503 2984 751 3036 meritum
798 2984 896 3035 hoc
941 2983 1040 3036 sibi
1090 2993 1196 3036 tam
1244 2983 1424 3053 gravis
1473 2982 1814 3035 adversitatis
1859 2962 2144 3035 coelitusc

505 3070 765 3123 accidisse
787 3069 1074 3139 ﬂagellum.
1098 3070 1261 3140 470
1288 3068 1417 3122 Nam
1440 3079 1494 3123 et
1521 3070 1634 3138 ipse
1654 3071 1946 3134 asserebat,
1973 3070 2075 3124 hoc

504 3157 557 3210 in
612 3171 797 3210 eremo
832 3143 972 3211 unde
1015 3173 1182 3226 nuper
1211 3157 1567 3222 abscesserat,
1615 3157 1879 3211 veraciter
1915 3172 2075 3227 agno-

505 3247 668 3310 visse,
690 3257 744 3300 et
765 3247 830 3300 ad
845 3247 944 3300 hoc
965 3246 1719 3316 deltonestatisimproperium
1742 3247 2074 3301 subeundum

504 3336 754 3392 alacriter
798 3337 1099 3392 advenisse.
1139 3337 1232 3390 llle
1267 3347 1446 3391 autem
1479 3335 1762 3391 Sarabaita
1794 3337 1941 3409 (510)
1988 3353 2076 3393 re-
2158 3373 2162 3377 ι

505 3427 723 3497 probus,
764 3427 854 3496 qui
885 3436 1072 3481 sancto
1104 3428 1220 3480 viro
1248 3427 1453 3481 crimen
1501 3426 1840 3492 intenderat,
1869 3427 2077 3496 episco-

505 3531 686 3590 patum
714 3519 1048 3590 postmodum
1068 3517 1390 3573 Nucerinum
1417 3517 1562 3588 (511)
1588 3532 1684 3587 per
1715 3517 2074 3574 Simoniacam

508 3609 753 3664 lueresim
782 3608 1082 3677 acquisivit,
1114 3616 1170 3662 et
1191 3623 1285 3678 per
1311 3608 1584 3662 biennium
1609 3607 1757 3662 illum
1783 3623 2072 3678 occupans,

509 3701 562 3754 in
592 3701 763 3770 primo
793 3714 935 3752 anno
959 3699 1230 3752 incensam
1257 3699 1426 3752 aedem
1470 3713 1593 3752 cum
1621 3697 1774 3753 libris
1799 3709 1854 3753 et
1885 3699 2072 3752 tintin-

509 3791 722 3847 nabulis
753 3806 816 3845 ac
858 3791 1071 3846 caeteris
1117 3789 1290 3844 sacris
1334 3791 1692 3854 ornamentis,
1737 3790 2076 3860 exigentibus

509 3884 622 3938 suis
665 3881 904 3944 meritis,
936 3880 1098 3946 vidit;
1151 3879 1204 3933 in
1251 3879 1488 3934 secundo
1536 3887 1715 3934 autem
1762 3879 2076 3948 dignitatem

509 3984 632 4024 cum
662 3970 792 4033 vita,
854 3970 1034 4024 divina
1090 3968 1240 4024 illum
1295 3967 1522 4025 feriente
1582 3968 1868 4034 sententia,
1911 3968 2076 4024 mise-

511 4060 752 4114 rabiliter
782 4061 1030 4128 perdidit.

1126 4150 1352 4208 CAPUT
1391 4152 1452 4206 L.

516 4243 590 4297 De
620 4242 798 4296 divina
821 4239 1056 4311 jussione
1100 4241 1168 4294 ad
1214 4240 1564 4295 Romualdum
1589 4252 1644 4295 ut
1695 4242 1909 4298 missam
1946 4243 2077 4299 cele-

882 4314 1051 4364 braret
1080 4321 1126 4364 et
1159 4314 1383 4380 psalmos
1409 4323 1698 4382 exponeret.

583 4393 957 4471 Imposuerunt
987 4403 1168 4470 itaque
1193 4401 1437 4472 disCipuli
1463 4411 1651 4457 sancto
1677 4403 1794 4457 viro
1833 4405 1984 4472 quasi
2012 4405 2076 4459 de

511 4495 801 4550 commisso
830 4495 1054 4550 crimine
1081 4496 1472 4564 pmuitentiam,
1505 4505 1561 4551 et
1585 4496 1890 4552 celebrandi
1923 4513 2076 4553 sacra

512 4587 770 4658 mysteria
799 4587 1011 4654 penitus
1037 4589 1308 4642 abstulere
1335 4589 1625 4643 licentiam.
1651 4589 1800 4656 Quod
1832 4590 1918 4645 ille
1948 4607 2082 4660 prte-

508 4683 769 4750 judicium
803 4681 1027 4736 libenter
1071 4683 1429 4751 amplectens,
1455 4691 1510 4737 et
1544 4684 1910 4751 paenitentiam
1940 4687 2080 4740 velut

516 4787 705 4825 revera
733 4771 996 4826 obnoxius
1025 4772 1268 4826 criminis
1283 4773 1604 4839 observavit,
1632 4782 1688 4826 et
1713 4774 1780 4825 ad
1807 4789 2088 4828 sacrosan—

517 4872 663 4915 ctum
693 4862 861 4917 altare
889 4877 986 4931 per
1007 4877 1123 4930 ~sex
1150 4863 1262 4918 fere
1290 4879 1504 4919 menses
1531 4865 1792 4920 accedere
1816 4881 1921 4920 non
1945 4881 2083 4936 prae-

593 5017 740 5074 1509)
781 5018 853 5072 Ita
880 5033 975 5074 per
996 5007 1274 5073 extensum
1298 5020 1489 5074 legitur
1509 5021 1561 5074 in
1593 5024 1776 5074 codice
1803 5016 2080 5074 Vaticano.

2167 1717 2413 1781 strictus,
2442 1719 2768 1787 respondere
2796 1719 2929 1773 nihil
2971 1719 3115 1775 aliud
3148 1722 3320 1791 potui,
3353 1723 3457 1776 nisi
3505 1732 3734 1774 tantum-

2166 1807 2370 1863 modo:
2402 1807 2543 1872 Fiat,
2580 1809 2692 1862 fiat.
2745 1808 2898 1865 Unde
2945 1819 3128 1880 postea
3177 1811 3260 1864 vir
3302 1820 3526 1865 sanctus
3573 1821 3735 1864 totum

2166 1894 2488 1950 Psalterium
2513 1937 2527 1962 ,
2554 1906 2610 1953 et
2640 1898 2891 1952 nonnulla
2919 1900 3300 1968 prophetarum
3331 1900 3545 1953 cantica
3591 1899 3735 1951 lucu-

2166 1989 2342 2045 lenter
2358 1992 2627 2061 exposuit,
2649 2000 2722 2055 et,
2742 1991 2867 2046 licet
2881 2002 3133 2062 corrupta
3151 1993 3518 2063 grammatica
3536 1989 3736 2063 regula,

2167 2093 2359 2135 sanum
2390 2087 2570 2135 tamen
2597 2095 2814 2136 sensum
2842 2081 3042 2150 ubique
3074 2083 3306 2136 servavit
3335 2081 3509 2151 (319.).

2687 2189 2845 2262 471
2887 2189 3113 2246 CAPUT
3151 2191 3235 2245 LI.

2204 2251 2284 2335 De
2329 2280 2508 2334 anima
2545 2251 2863 2347 Roma-aldi,
2903 2298 3020 2352 qua:
3057 2283 3232 2336 delata
3268 2292 3346 2336 est
3372 2291 3499 2337 ante
3538 2282 3702 2337 Deam

2691 2352 2916 2405 candida
2945 2352 3076 2406 velut
3105 2353 3217 2406 nix.

2236 2418 2711 2516 [interrogaverunt
2753 2457 2876 2496 eum
2919 2442 3209 2510 aliquando
3237 2442 3518 2511 discipuli,
3566 2441 3710 2497 dicen

2170 2547 2252 2594 tes
2282 2557 2296 2592 :
2331 2537 2609 2607 Magister,
2639 2531 2790 2601 cujus
2815 2548 2934 2588 esse
2957 2535 3130 2588 :etatis
3158 2534 3336 2587 anima
3364 2535 3631 2597 cernitur,
3660 2533 3736 2587 vel

2169 2628 2351 2697 inqua
2379 2628 2545 2695 ligura
2575 2625 2640 2678 ad
2665 2623 2924 2693 judicium
2978 2630 3334 2692 praesentatur
3353 2623 3378 2675 ?
3406 2621 3694 2690 Respondit
3719 2637 3733 2675 :

2172 2715 2296 2771 Scio
2341 2716 2610 2770 hominem
2658 2715 2712 2768 in
2755 2713 3001 2776 Christo,
3030 2711 3181 2780 cujus
3229 2713 3405 2766 anima
3450 2712 3626 2766 delata
3664 2720 3737 2764 est

2171 2814 2292 2858 ante
2322 2803 2489 2858 Deum
2513 2802 2790 2872 splendida
2816 2801 2960 2855 velut
2989 2801 3100 2864 nix,
3127 2801 3358 2854 lmmana
3385 2800 3605 2868 quidem
3635 2798 3735 2851 elli-

2173 2893 2276 2962 gie,
2307 2900 2512 2945 statura
2555 2905 2682 2944 vero
2725 2888 2976 2958 perfectae
3001 2889 3197 2943 aetatis.
3228 2888 3522 2957 lnquisitus
3555 2889 3736 2940 iterum

2174 2982 2297 3050 quis
2325 2979 2414 3034 ille
2456 2988 2633 3044 esset,
2685 2978 2966 3048 indignans
2992 2987 3046 3032 et
3071 2977 3407 3032 confundens
3447 2992 3543 3032 eos
3572 2978 3738 3031 dicere

2176 3071 2365 3126 noluit.
2395 3061 2512 3122 Moir
2541 3067 2785 3137 discipuli
2822 3082 2934 3122 rem
2961 3068 3028 3122 ad
3058 3071 3202 3131 cum,
3233 3075 3290 3121 ut
3316 3067 3586 3121 veraciter
3607 3075 3736 3129 erat,

2176 3161 2321 3217 inter
2343 3175 2402 3214 se
2432 3159 2662 3214 invicem
2692 3159 2954 3224 referunt,
2987 3169 3042 3214 et
3066 3159 3238 3230 ipsum
3278 3157 3448 3214 fuisse
3473 3159 3737 3214 hominem

2175 3260 2324 3307 certe
2354 3249 2782 3305 manifestatione
2808 3258 3152 3318 cognosi-uut.

2329 3398 2331 3400 .
2776 3339 3003 3395 CAPUT
3037 3339 3142 3394 LII.

2235 3427 2315 3485 De
2344 3429 2506 3482 nimia
2534 3428 2858 3482 districtione
2883 3429 2998 3482 vita'
3020 3445 3176 3498 quam
3202 3429 3258 3482 in
3286 3429 3474 3500 ενα-ἔα
3504 3433 3687 3485 tenuit.

2245 3518 2304 3572 In
2341 3518 2521 3590 Sytria
2555 3519 2784 3588 denique
2809 3519 2893 3572 vir
2920 3519 3241 3575 venerabilis
3268 3535 3365 3590 per
3401 3531 3610 3591 septem
3642 3521 3748 3576 fere

2177 3623 2349 3665 annos
2376 3608 2610 3664 inclusus
2636 3609 2853 3675 mansit,
2875 3617 2932 3663 et
2956 3609 3223 3664 silentium
3251 3611 3568 3665 continuum
3589 3612 3749 3665 invio-

2177 3701 2411 3754 labiliter
2439 3700 2628 3753 tenuit.
2671 3700 3052 3754 Verumtamen
3079 3711 3289 3756 tacente
3318 3703 3502 3772 lingua
3534 3711 3590 3755 et
3615 3719 3747 3772 pra:-

2177 3790 2391 3845 dicante
2420 3789 2549 3852 vita,
2579 3789 2665 3844 vix
2694 3804 2942 3858 usquam,
2971 3801 3175 3844 tantum
3199 3791 3443 3846 laborare
3465 3793 3750 3862 aliquando

2179 3880 2380 3950 potuit,
2404 3879 2489 3934 vel
2515 3880 2567 3932 in
2593 3880 2964 3933 convcrtendis
2989 3880 3313 3945 hominibus,
3344 3882 3460 3935 sive
3494 3884 3565 3935 ad
3590 3882 3751 3951 pceni—

2178 3969 2407 4024 tentiam
2455 3968 2916 4023 concurrentibus.
2966 3970 3189 4024 Vivebat
3234 3980 3445 4035 autem,
3496 3984 3751 4040 vergente

2170 4056 2284 4127 jam
2311 4065 2612 4122 senectute,
2646 4057 2805 4112 nimis
2833 4058 3100 4123 districte,
3143 4060 3389 4114 videlicet
3412 4075 3539 4115 cum
3555 4061 3668 4128 jam
3699 4069 3751 4114 et

2178 4149 2278 4218 ipsi
2307 4147 2528 4218 perfecti
2556 4147 2658 4201 viri
2695 4147 2872 4201 solent
2914 4149 3191 4203 remissius
3219 4150 3398 4203 vivere
3419 4189 3432 4213 ,
3456 4158 3512 4202 et
3555 4150 3749 4218 aliquid

2179 4238 2282 4292 sibi
2316 4239 2382 4292 de
2414 4238 2498 4292 sui
2544 4237 2807 4307 prepositi
2851 4237 3026 4306 rigore
3058 4237 3261 4292 laxare.
3308 4237 3441 4292 Nam
3473 4255 3574 4309 pcr
3600 4257 3648 4292 Ut
3672 4240 3749 4293 ius

2107 4309 2613 4395 nQuadragesima:
2639 4325 2872 4394 spatium
2909 4326 3042 4378 nihil
3085 4327 3227 4380 aliud
3278 4342 3456 4395 neque
3500 4328 3554 4380 in
3597 4329 3748 4388 cibo,

2180 4431 2353 4484 neque
2387 4417 2437 4468 in
2463 4425 2587 4484 potu
2619 4416 2830 4483 penitus
2856 4415 3058 4477 habuit,
3086 4415 3189 4469 nisi
3234 4414 3299 4469 de
3342 4417 3553 4471 modica
3583 4416 3750 4470 farina

2186 4515 2241 4560 et
2286 4505 2469 4574 paucis
2507 4503 2690 4558 herbis
2729 4504 3172 4559 sorbitiunculam
3218 4505 3448 4569 faciens,
3469 4521 3538 4559 ex
3582 4522 3648 4560 ea
3687 4507 3750 4558 ad

2189 4597 2541 4651 imitationem
2575 4593 2865 4648 Hilarionis
2909 4595 3063 4648 vixit.
3107 4593 3353 4664 Quinque
3382 4611 3512 4649 vero
3557 4596 3752 4649 hebdo-

2190 4687 2434 4741 madibus
2459 4685 2591 4740 nihil
2616 4685 2758 4738 aliud
2783 4686 3092 4749 comedens,
3119 4686 3183 4739 ad
3212 4687 3481 4740 modicum
3507 4703 3566 4742 se
3593 4685 3751 4740 infusi

2188 4769 2380 4827 ciceris
2407 4774 2677 4828 astrinxit.
2704 4773 2773 4826 Et
2820 4773 2895 4827 ita
2941 4773 3269 4830 Romualdus
3297 4790 3395 4844 per
3439 4775 3606 4829 multa
3652 4775 3752 4828 alia

2186 4865 2401 4919 vivendi
2455 4879 2674 4934 genera,
2719 4865 2849 4935 quid
2876 4881 2974 4921 sua
3017 4867 3162 4938 (515)
3191 4868 3387 4922 virtus
3409 4877 3592 4936 posset
3617 4906 3633 4930 ,
3663 4881 3756 4936 per

2182 5023 2235 5074 9.
2264 5023 2356 5074 lib.
2385 5039 2438 5074 ν.
