3992 5322
282 239 380 299 997

193 481 197 484 -
272 450 474 525 quippe
500 448 767 503 discretus
811 445 1016 502 Christi
1045 444 1200 500 miles
1226 444 1294 497 ad
1343 457 1545 497 novum
1590 456 1650 495 se
1693 448 1866 494 certa-

278 553 398 593 mea
429 551 645 606 semper
672 537 976 606 accingere,
1005 543 1059 588 et
1086 549 1206 588 cum
1231 531 1457 604 jamjam
1484 532 1679 587 cadere
1708 530 1860 584 vide-

260 623 426 680 -i-etur
473 626 654 697 (3M),
710 626 953 681 adhibita
1005 640 1131 680 mox
1176 623 1552 678 misericordia
1599 621 1863 676 vacillans

261 719 653 788 corpusculum
711 719 974 773 relevare.
1029 719 1144 773 Duo
1193 726 1374 772 autem
1420 715 1505 771 vel
1539 716 1706 770 etiam
1757 714 1860 769 tria

270 810 602 878 quandoque
641 809 878 864 habebat
920 808 1097 863 cilicia
1135 817 1359 878 pr0pter
1399 815 1712 862 nascentem
1738 819 1863 859 cor-

269 900 422 969 poris
449 900 938 970 importunitatem,
966 915 1085 969 quia
1107 897 1276 952 lavari
1304 897 1610 952 nullatenus
1630 897 1858 967 permit-

272 990 447 1057 tebat,
474 990 568 1044 sed
596 1005 658 1044 ea
686 991 866 1059 potius
893 988 958 1041 ad
989 989 1216 1043 imbrem
1246 986 1565 1058 projieiens,
1615 995 1734 1058 post
1763 986 1859 1040 tri-

269 1079 423 1149 ginta
452 1080 569 1135 dies
608 1089 820 1134 mutare
866 1088 1239 1136 consueverat.
1289 1077 1617 1133 Novaculam
1675 1087 1857 1132 autem

268 1183 548 1238 nunquam
596 1169 650 1224 in
683 1185 839 1224 suum
880 1177 1044 1239 caput
1077 1169 1382 1239 patiebatur
1419 1168 1734 1232 ascendere,
1763 1168 1858 1224 sed

269 1260 390 1328 ipse
417 1260 516 1315 sibi
559 1275 786 1328 perraro
821 1260 1029 1315 solebat
1058 1268 1405 1315 excrementa
1451 1260 1771 1330 eapillormn
1802 1269 1859 1314 et

265 1349 456 1405 barbae
481 1351 776 1422 forcipibus
803 1353 1108 1406 attendere.
1151 1351 1207 1406 Si
1247 1353 1462 1420 quando
1489 1369 1616 1408 vero
1637 1369 1761 1408 eum
1790 1369 1854 1409 ex

268 1441 454 1512 aliquo
498 1445 844 1498 esculentiori
871 1445 992 1499 cibo
1021 1443 1159 1514 gula:
1189 1444 1380 1499 vitium
1425 1445 1692 1510 titillaret,
1731 1462 1857 1503 mox

269 1541 554 1587 accurrate
577 1533 726 1588 illum
754 1535 1048 1604 praeparari
1076 1535 1417 1604 przccipiens.
1445 1535 1526 1590 ori
1557 1545 1612 1591 et
1634 1539 1857 1594 naribus

267 1625 594 1693 apponebat,
643 1634 699 1680 et
748 1626 921 1682 solum
973 1639 1200 1696 captans
1237 1628 1493 1691 odorem,
1526 1628 1776 1685 dicebat:
1809 1631 1854 1687 Ο

1545 227 1706 284 Vl'l'A
1747 225 1807 283 S.
1849 218 2234 278 ROMUALDI.

215 338 252 345 H
274 359 392 417 hac
419 363 476 411 et
501 352 592 410 illa
621 367 681 410 se
699 351 904 426 iugiter
929 349 1255 416 exercendo,
1303 347 1566 404 tentabat.
1600 345 1866 401 Studebat
1894 342 1947 402 Δ

3444 219 3553 276 998

2573 326 2801 385 CAPUT
2839 316 2950 384 LV.

1965 429 2103 484 Item
2133 428 2198 483 de
2222 424 2495 500 Gregorio,
2523 442 2700 549 quem
2721 426 2784 479 de
2809 426 2956 550 gravi
2983 427 3162 482 morbo
3191 444 3331 500 aqua
3356 429 3556 501 {rigida

2651 513 2666 550 t
2704 513 2842 550 eram
2872 536 2885 549 .

2459 567 2484 576 ψ

2032 607 2152 664 Alio
2184 622 2400 680 quoque
2433 615 2697 678 tempore,
2746 608 2889 662 idem
2935 608 3025 678 qui
3070 624 3229 680 supra
3259 609 3556 682 Gregorius

1963 715 2072 761 tam
2100 708 2337 760 virosatn
2362 712 2418 760 et
2438 705 2734 758 marcidam
2763 703 3031 758 tolerabat
3065 705 3116 758 in
3150 707 3406 762 cruribus
3431 723 3550 762 sca-

1959 797 2127 864 hiem,
2171 806 2231 850 ut
2269 796 2382 866 jam
2427 810 2493 849 ex
2532 795 2855 865 elepltantize
2904 796 3050 866 (315)
3084 797 3272 851 morbo
3305 799 3552 853 crederet

1961 897 2073 943 tant
2102 901 2322 959 gravem
2352 887 2569 958 prodire
2597 896 2886 943 tumorem.
2923 888 3057 942 lluic
3089 889 3423 943 Romualdus
3451 891 3554 944 hoc

1960 981 2292 1049 praecipuum
2341 979 2626 1033 medicina:
2677 995 2846 1050 genus
2901 980 3131 1043 indixit,
3192 981 3442 1035 videlicet
3494 991 3554 1034 ut

1960 1084 2121 1123 crura
2149 1084 2247 1139 per
2272 1079 2382 1122 tres
2406 1069 2522 1123 dies
2552 1067 2744 1138 frigida
2769 1085 2905 1138 aqua
2927 1069 3296 1138 perfunderet.
3329 1072 3553 1142 promit-

1963 1168 2081 1214 teus
2102 1158 2265 1231 473
2290 1160 2415 1230 quia
2441 1163 2545 1214 hoc
2567 1161 2725 1214 modo
2755 1161 3044 1214 sanitatem
3081 1163 3362 1232 pristinam
3397 1178 3551 1216 rem.

1959 1263 2195 1323 peraret.
2229 1253 2382 1318 Quod
2432 1261 2609 1306 tamen
2658 1252 2747 1304 ille
2780 1252 3074 1322 adimplere
3105 1255 3351 1317 studuit,
3385 1255 3549 1308 nimi-

1960 1363 2079 1401 rum
2131 1347 2303 1417 magis
2347 1345 2671 1401 necessitate
2709 1343 2970 1413 jussiouis
3020 1363 3182 1414 quam
3229 1348 3550 1416 recipienda

1961 1437 2155 1492 ﬁducia
2185 1437 2481 1505 sospitatis.
2515 1436 2708 1489 Mirum
2739 1436 2894 1500 satis,
2935 1446 2990 1490 et
3034 1437 3207 1491 solutn
3239 1437 3434 1490 divinm
3457 1452 3552 1506 po-

1960 1533 2144 1588 tentia:
2173 1531 2549 1587 referendum!
2583 1531 2867 1585 confestim
2900 1529 3154 1582 tibiarum
3188 1539 3364 1582 tmnor
3394 1529 3554 1598 depoo

1961 1623 2130 1685 nitur,
2159 1621 2308 1676 virus
2327 1637 2488 1676 omne
2511 1621 2771 1688 siccatur,
2802 1631 2854 1674 et.
2876 1621 3090 1690 penitus
3116 1619 3262 1673 omni
3291 1620 3552 1688 languore

263 1712 422 1782 gula,
474 1715 630 1783 gula,
665 1731 828 1784 quam
876 1715 1077 1782 dulcis,
1123 1732 1286 1786 quam
1339 1718 1522 1772 suavis
1569 1718 1729 1774 modo
1761 1719 1855 1774 tibi
1885 1713 1932 1771 B
1961 1711 2206 1779 deposito
2225 1711 2394 1766 frater
2420 1728 2584 1766 sanus
2611 1728 2708 1781 per
2730 1713 2912 1765 omnia
2945 1710 3207 1764 redditur.
3236 1709 3393 1764 Credi
3419 1725 3550 1777 ergo

266 1814 487 1874 saperet
511 1807 611 1859 iste
637 1806 821 1860 cibus!
853 1806 946 1860 sed
1000 1822 1079 1860 va:
1110 1807 1202 1860 tibi
1230 1807 1242 1859 ι
1273 1822 1340 1860 ex
1365 1822 1430 1860 eo
1461 1823 1736 1876 nunquam
1761 1825 1861 1879 gu-

263 1893 478 1949 stabis:
511 1902 568 1949 et
590 1895 669 1948 sie
696 1894 956 1949 intactum
983 1896 1051 1949 ad
1086 1895 1365 1950 cellarium
1396 1895 1728 1951 remittebat.

763 1985 928 2057 572
966 1984 1194 2040 CAPUT
1231 1985 1359 2039 ιλιι.

337 2075 420 2131 De
453 2076 709 2130 miraculo
736 2094 838 2146 quo
864 2076 1174 2146 Gregorium
1208 2075 1524 2146 iusuﬁlando
1552 2078 1784 2132 sanavit.

339 2162 450 2219 Sed
494 2179 807 2234 quanquam
850 2165 934 2218 vir
977 2172 1200 2218 sanctus
1246 2172 1453 2218 tantam
1487 2179 1616 2234 erga
1652 2181 1712 2218 se
1741 2180 1858 2218 ser-

264 2263 426 2310 varet
449 2255 824 2310 austeritatem
850 2295 866 2320 ,
894 2269 1110 2324 semper
1141 2262 1322 2308 tamen
1371 2252 1598 2308 hilarem
1627 2254 1857 2318 vultum,

265 2357 484 2414 semper
510 2360 758 2399 serenam
790 2343 984 2399 faciem
1015 2343 1357 2399 ostendebat.
1383 2343 1518 2398 Nam
1542 2343 1714 2398 frater
1739 2345 1858 2413 qui-

263 2435 416 2500 dam,
444 2433 738 2506 Gregorius
779 2435 1029 2498 nomine,
1063 2434 1443 2504 gravissimum
1482 2435 1675 2505 capitis
1703 2435 1857 2489 dolo-

264 2538 385 2578 rem
415 2538 472 2578 se
503 2524 712 2594 perpeti
744 2522 1034 2593 aliquando
1077 2533 1406 2594 conquestus
1446 2534 1549 2579 est.
1592 2525 1693 2592 Qui
1733 2542 1854 2580 cum

262 2610 332 2665 ad
363 2611 506 2666 beati
539 2612 639 2666 viri
671 2612 944 2678 cellulam,
969 2615 1058 2668 ubi
1087 2623 1144 2668 et
1168 2615 1258 2668 alii
1291 2615 1489 2670 fratres
1516 2625 1641 2670 tunc
1672 2627 1853 2682 erant,

263 2716 392 2757 cum
421 2703 587 2758 nimia
617 2704 1002 2760 lamentatione
1050 2707 1314 2771 venisset,
1364 2724 1487 2761 mox
1530 2719 1588 2762 ut
1615 2726 1735 2763 eum
1773 2710 1857 2764 vir

261 2796 595 2851 venerabilis
625 2797 776 2857 vidit.
811 2798 956 2852 hunc
987 2797 1226 2852 dolorem
1278 2813 1618 2869 nequaquam
1659 2803 1856 2855 hutno—

263 2902 386 2942 rum
415 2888 789 2958 inaequalitati,
817 2890 910 2944 sed
956 2890 1166 2944 insidiis
1199 2891 1406 2960 antiqui
1439 2893 1612 2946 hostis
1644 2893 1856 2946 indubi-

264 2985 448 3032 tanter
473 2978 742 3047 ascripsit,
765 2990 822 3033 et
853 2996 974 3034 mox
1002 2981 1155 3050 quasi
1185 2982 1440 3036 deridens
1469 2998 1614 3045 etttn,
1650 2993 1706 3036 ut
1736 2992 1856 3038 erat

264 3081 486 3136 semper
511 3069 680 3125 alacri
727 3071 897 3133 vultu,
933 3086 1030 3139 per
1074 3070 1366 3126 fenestram
1401 3072 1606 3127 cellulae
1639 3073 1740 3126 sibi
1773 3075 1854 3128 in—
1881 3060 1926 3119 (ἶ

265 3156 501 3212 suillavit
527 3159 582 3213 in
615 3159 869 3226 frontem,
901 3173 956 3214 et
982 3170 1040 3214 ut
1081 3163 1264 3218 caeteri
1292 3179 1482 3218 oumcs
1509 3165 1601 3240 qui
1627 3167 1854 3220 aderant

263 3248 524 3303 similiter
566 3249 842 3317 facerent,
889 3252 1084 3306 innuit.
1115 3253 1229 3309 Hoc
1256 3265 1436 3308 autem
1481 3253 1627 3309 facto
1662 3257 1733 3309 ita
1765 3273 1853 3310 sa-

264 3350 429 3394 natus
459 3350 545 3395 est
595 3351 655 3396 ut
700 3342 903 3398 nullum
937 3345 1150 3414 penitus
1177 3347 1404 3399 sentiret
1445 3345 1497 3398 in
1550 3362 1648 3401 suo
1679 3348 1856 3415 capite

265 3431 471 3488 doloris
500 3436 826 3492 remansisse
855 3438 1162 3505 vestigium.
1192 3438 1446 3492 Arbitror
1475 3441 1619 3508 quod
1649 3440 1856 3495 idcirco

263 3525 352 3580 vir
377 3537 598 3584 sanctus
624 3529 728 3585 hoc
748 3529 929 3585 facere
957 3531 1126 3584 voluit
1151 3531 1278 3601 quia
1306 3547 1404 3602 per
1431 3533 1694 3602 Spiritum
1725 3550 1853 3588 san-

264 3624 416 3673 ctum
439 3659 454 3684 ,
479 3620 571 3690 qui
617 3622 671 3676 iu
715 3621 833 3691 ejus
878 3632 1097 3692 pectore
1126 3624 1480 3692 praesidebat,
1513 3624 1854 3696 effugandum

263 3723 390 3764 esse
420 3711 815 3780 iniquissimum
849 3714 1060 3768 hostem
1106 3715 1309 3770 doloris
1341 3717 1702 3772 immissorem
1739 3733 1857 3773 cre-

265 3799 425 3854 didit.
457 3801 536 3854 Ad
565 3802 869 3856 evitandam
897 3819 1026 3858 vero
1057 3807 1331 3877 pmpriam
1357 3807 1570 3862 laudem
1593 3818 1648 3864 et
1670 3809 1854 3863 ludum

264 3886 426 3942 fittxit
463 3899 518 3942 et
547 3893 721 3946 socios
748 3893 1013 3961 quaesivit.
1044 3893 1178 3947 Nam
1211 3904 1267 3949 et
1293 3895 1625 3966 Redemptor
1667 3906 1854 3952 noster

265 3976 568 4034 insulilasse
601 3980 822 4050 legitur,
854 3999 976 4037 cum
1021 3984 1283 4054 Spiritum
1313 3996 1558 4042 sanctum
1595 3987 1855 4058 apostolis

265 4068 483 4125 dedisse
505 4073 822 4141 perhibetur
854 4076 1039 4145 (Joan.
1075 4077 1188 4147 xx).

860 4187 1088 4244 CAPUT
1126 4189 1262 4244 LIV.

585 4275 657 4331 De
688 4277 895 4339 insano,
929 4295 1080 4346 quem
1112 4278 1290 4332 osculo
1319 4281 1538 4334 curavit.

338 4363 438 4419 Vir
486 4364 705 4435 quidam
749 4368 942 4436 capitis
991 4368 1300 4438 patiebatur
1347 4370 1635 4436 insaniam,
1668 4372 1740 4426 ita
1775 4381 1851 4438 ut,
1883 4404 1930 4464 υ

271 4469 430 4508 sensu
458 4456 685 4510 rationis
710 4458 932 4520 amisso,
963 4457 1045 4512 \el
1092 4459 1221 4529 quid
1253 4470 1440 4530 ageret
1483 4461 1563 4516 vel
1616 4464 1743 4533 quid
1775 4462 1853 4516 di-

271 4555 417 4598 ceret
480 4545 724 4601 funtitus
774 4547 1067 4616 ignoraret.
1127 4549 1264 4604 Huic
1328 4549 1669 4606 Romualdus
1721 4553 1855 4607 nihil

249 4635 412 4713 ialiud
441 4635 590 4701 fecit,
625 4639 725 4692 nisi
749 4640 1086 4693 Solunnuodo
1106 4641 1350 4694 osculum
1379 4644 1629 4711 praebuit,
1658 4652 1712 4698 ct
1737 4659 1856 4713 pro-

245 4710 416 4808 Ttiuus
464 4729 612 4782 illum
655 4731 720 4783 ad
769 4728 1189 4785 incolumitatem
1221 4733 1504 4800 pristinam
1558 4735 1853 4800 revocavit,

271 4827 326 4872 et
352 4835 475 4875 cum
509 4821 748 4890 inquieto
774 4823 989 4876 homine
1011 4824 1138 4876 dum
1176 4839 1366 4893 pacem
1388 4825 1535 4892 fecit.
1563 4828 1630 4883 ad
1661 4828 1855 4884 mentis

273 4924 392 4963 eum
416 4926 528 4965 sua:
543 4927 724 4981 pacem
749 4913 977 4967 reduxit.
1001 4911 1286 4968 Referebat
1312 4926 1492 4970 autem
1514 4917 1854 4988 postmodum

273 5000 362 5056 ille
382 5004 472 5073 qui
496 5012 712 5059 curatus
732 5004 924 5066 fuerat,
951 5004 1165 5060 dicens:
1189 5001 1324 5069 Quia
1349 5022 1473 5061 cum
1501 5024 1659 5066 sacra
1707 5008 1853 5068 beati

271 5094 373 5147 viri
402 5096 542 5149 labia
574 5105 792 5166 tangere
822 5097 1013 5160 merui,
1049 5098 1228 5154 statim
1260 5099 1479 5164 prodire
1508 5118 1573 5158 ex
1604 5118 1700 5157 ore
1732 5105 1851 5175 ejus

273 5187 422 5250 quasi
448 5187 778 5242 vehementis
807 5201 950 5239 aura:
980 5190 1228 5261 spiritum
1269 5189 1434 5254 sensi,
1463 5197 1552 5263 qui
1582 5202 1748 5248 lotam
1777 5196 1855 5252 fa-

1961 1804 2356 1858 rationabiliter
2381 1813 2557 1873 potest
2598 1805 2724 1874 quia
2771 1805 2961 1857 eodem
2991 1802 3182 1870 spiritu
3216 1801 3549 1856 Romualdus

1960 1895 2226 1969 discipulo
2275 1906 2331 1950 ut
2381 1906 2464 1950 ter
2501 1897 2659 1966 aquis
2693 1895 2953 1950 tumentia
2995 1909 3154 1948 crura
3196 1893 3550 1963 perfunderet

1953 1982 2117 2052 jussit
2138 2001 2244 2054 quo
2276 1985 2483 2039 Eliseus
2507 1985 2748 2038 Naaman
2776 1985 3048 2053 leprosum
3076 1983 3247 2037 lavari
3272 1985 3470 2052 septies
3493 1984 3546 2036 in

1957 2074 2196 2131 Jordane
2223 2077 2500 2131 mandavit
2530 2073 2636 2146 (IV
2669 2075 2801 2144 Reg.
2835 2076 2912 2142 v).

2559 2186 2790 2242 CAPUT
2815 2185 2952 2240 LVI.

1959 2281 2039 2336 De
2068 2282 2346 2351 discipulo,
2379 2298 2528 2352 quem
2559 2280 3020 2352 Romameuntem
3051 2295 3144 2343 per
3176 2279 3420 2352 spiritum
3442 2295 3549 2352 Aro-

2030 2349 2226 2423 guavit,
2256 2363 2304 2406 et
2346 2349 2410 2404 de
2449 2351 2540 2404 illo
2584 2351 2696 2420 qui,
2741 2350 2840 2402 sibi
2865 2352 3145 2419 derogans,
3200 2349 3545 2402 reclusort'um

2031 2424 2210 2491 fregit.

2031 2532 2283 2587 Nonnulli
2319 2541 2497 2587 tamen
2526 2532 2771 2588 carnales
2819 2532 3066 2587 videlicet
3113 2533 3382 2592 homines,
3415 2544 3539 2584 eum

1958 2624 2228 2678 malitiose
2274 2625 2671 2692 reprehendere
2705 2633 2760 2678 et
2810 2625 3048 2693 ejusdem
3107 2624 3246 2677 dicta
3287 2622 3371 2676 vel
3402 2621 3546 2676 facta

1959 2733 2066 2770 non
2097 2717 2360 2770 timebant
2393 2716 2632 2770 levitatis
2662 2716 2794 2770 vitio
2817 2717 3098 2785 deputare.
3131 2715 3358 2780 Quidam
3389 2729 3545 2766 nam-

1957 2823 2062 2876 que
2084 2807 2200 2877 ejus
2234 2806 2530 2875 discipulus
2564 2806 2616 2858 itt
2652 2805 2752 2857 alia
2783 2805 2966 2874 procul
2993 2796 3178 2860 eremo
3205 2803 3542 2865 morabatur,

1958 2897 2047 2966 qui
2081 2897 2505 2966 propinquorum
2547 2897 2854 2950 necessitati
2888 2894 3178 2964 aliquando
3211 2895 3546 2947 condescen-

1961 2991 2112 3050 dens,
2141 3005 2236 3057 pro
2267 3003 2454 3041 eorum
2497 2989 2726 3043 utilitate
2767 2989 2982 3042 tandem
3019 2987 3166 3040 velut
3207 2987 3410 3040 invitus
3441 2985 3547 3039 Ro-

1959 3097 2100 3133 matu
2152 3081 2233 3133 ire
2276 3080 2733 3148 Quadragesimali
2780 3089 3019 3148 tempore
3063 3077 3353 3148 acquievit.
3394 3076 3546 3142 Quod

1957 3187 2082 3224 mox
2131 3170 2214 3223 vir
2259 3181 2480 3224 sanctus
2528 3187 2624 3238 per
2647 3171 2894 3238 spiritum
2935 3185 3346 3239 recognoscens,
3388 3167 3537 3220 velut

1956 3259 2243 3328 indignans
2283 3259 2500 3326 scripsit
2528 3260 2728 3312 astanti
2762 3259 2975 3311 cuidam
3021 3259 3173 3310 fratri
3219 3256 3362 3325 quod
3391 3254 3542 3308 vide-

1957 3346 2082 3400 licet
2119 3347 2208 3400 ille
2237 3347 2408 3400 bonus
2453 3347 2539 3400 vir
2570 3363 2668 3416 pro
2706 3347 3012 3416 huiusmodi
3061 3347 3278 3416 negotio
3312 3344 3544 3398 Romam

1956 3440 2037 3494 ire
2094 3440 2456 3509 praesumpsit.
2507 3437 2599 3493 llle
2655 3449 2839 3493 autem
2892 3439 3168 3492 admirans
3226 3438 3370 3491 unde
3440 3438 3545 3491 hoc

1956 3534 2214 3604 magister
2235 3541 2573 3602 agnosceret,
2594 3547 2718 3587 cum
2745 3548 2850 3600 quo
2875 3531 3123 3585 videlicet
3144 3546 3304 3584 neruo
3326 3528 3544 3583 aliunde

1954 3625 2182 3678 veniens
2227 3623 2554 3692 colloquium
2583 3623 2882 3690 habuisset,
2906 3639 3018 3677 rem
3049 3621 3279 3676 sollicite
3318 3621 3541 3690 perqui-

1956 3715 2116 3780 sivit,
2160 3724 2213 3770 et
2273 3715 2346 3768 ita
2395 3730 2562 3790 esse,
2607 3715 2751 3770 sicut
2799 3717 2882 3769 vir
2935 3714 3264 3768 venerabilis
3304 3713 3538 3781 dixerat,

1956 3807 2348 3876 comprobavit.
2382 3806 2563 3878 Pergit
2601 3807 2688 3862 ille
2740 3807 2809 3862 ad
2854 3806 3018 3862 alium
3061 3822 3218 3884 suum
3261 3807 3539 3862 condisci-

1954 3899 2160 3967 pulum,
2187 3898 2440 3953 videlicet
2471 3898 2856 3969 lngelbertum,
2885 3900 2974 3966 qui
3008 3898 3247 3952 inclusus
3269 3897 3541 3957 manebat.

1955 4000 2010 4045 et
2045 3991 2358 4059 magistrum
2399 3991 2514 4044 haec
2539 3989 2770 4052 dixisse,
2801 3997 2854 4043 et
2887 3991 3006 4043 sine
3031 3989 3196 4043 dubio
3233 3988 3535 4058 prophetiae

1957 4081 2207 4151 spiritum
2254 4081 2455 4135 habere
2505 4096 2731 4150 prorsus
2775 4080 3027 4134 allirmat.
3074 4078 3169 4132 llle
3210 4081 3540 4146 autem,de-

1956 4182 2164 4228 testans
2212 4183 2267 4228 et
2315 4175 2531 4244 penitus
2559 4173 2852 4242 denegans,
2887 4173 3112 4226 fratrem
3157 4173 3444 4242 corripuit,
3492 4181 3547 4225 et

1955 4265 2080 4336 quia
2106 4268 2206 4319 hoc
2233 4265 2424 4319 falsum
2453 4273 2614 4329 esset,
2648 4265 3054 4333 imprecatiouis
3070 4278 3127 4316 se
3143 4262 3375 4316 vinculis
3403 4263 3540 4314 ohli‘

1957 4356 2120 4425 gavit,
2151 4356 2337 4408 dicens
2366 4373 2377 4405 :
2431 4355 2486 4407 Si
2513 4355 2599 4408 ille
2631 4355 2734 4407 hoc
2765 4369 2859 4422 per
2907 4351 3206 4421 prophetia:
3258 4349 3538 4417 spiritum,

1958 4457 2012 4500 et
2062 4462 2167 4499 non
2204 4446 2375 4514 tt‘mgis
2406 4462 2500 4513 per
2527 4445 2799 4498 diabolum
2845 4443 3006 4506 dixit,
3039 4457 3144 4495 non
3179 4456 3265 4494 me
3299 4443 3551 4511 omnipo-

1959 4549 2078 4592 tens
2128 4538 2267 4592 Deus
2297 4539 2347 4591 in
2379 4539 2481 4593 hoc
2515 4536 2811 4591 reclusorio
2843 4549 3193 4605 perseverare
3244 4537 3546 4602 permittat.

1959 4630 2190 4692 Dictum.
2215 4629 2524 4699 factumque
2545 4636 2645 4681 est.
2671 4627 2804 4681 Nam
2827 4628 2914 4679 vix
2937 4623 3126 4696 paucis
3154 4625 3345 4677 diebus
3367 4634 3551 4679 trans-

1961 4721 2120 4786 actis,
2157 4719 2527 4788 Ingelbertus,
2561 4719 2736 4774 fracto
2777 4717 3102 4780 reclusorio,
3148 4715 3265 4766 sine
3299 4714 3556 4789 magistri

1963 4813 2177 4868 licentia
2202 4811 2352 4876 abiit,
2379 4825 2434 4869 et
2457 4827 2580 4869 eum
2612 4812 2668 4866 in
2692 4813 2794 4866 hac
2819 4811 2952 4877 vita,
2979 4811 3124 4866 sicut
3157 4807 3386 4877 dicitur,
3420 4826 3565 4866 nuu-

1961 4914 2122 4974 quam
2153 4898 2386 4954 ulterius
2415 4900 2571 4956 vidit.

2555 4985 2785 5044 CAPUT
2817 4984 2980 5044 LVII.

2031 5081 2106 5136 De
2135 5080 2464 5152 Gaudentio,
2507 5091 2555 5138 et
2593 5078 2863 5145 Berardo,
2901 5095 2950 5138 et
2987 5073 3242 5135 monacho
3288 5091 3528 5142 sanato.

2031 5197 2183 5250 Alius
2206 5196 2400 5266 frater,
2434 5197 2775 5256 Gaudentius
2804 5200 3056 5256 nomine,
3083 5185 3292 5241 abballs
3335 5188 3626 5255 Videiicc‘

3041 5285 3048 5292 ι
3107 5276 3221 5292 non.
