3992 5322
526 243 631 300 999

943 239 1000 294 S.
1041 237 1241 294 PETRI
1285 233 1565 292 DAMIANI
1600 231 1748 290 OPP.
1772 229 1950 287 PARS
1984 227 2112 284 SEU
2154 223 2387 280 TOMUS
2418 221 2482 277 II.
2506 253 2579 265 —
2611 219 3273 300 SANCTOIIUMNITE'.

3636 227 3775 314 tum

525 351 719 422 spiritu
775 351 827 405 in
874 350 967 405 Dei
1011 357 1093 404 est
1151 349 1373 404 servitio
1425 355 1799 404 conversatus.
1855 344 1957 400 Hie
2001 344 2101 397 ali-
2130 345 2182 405 Α
2208 339 2407 396 cietate
2455 338 2764 407 Romualdi,
2791 339 2987 396 librum
3011 355 3168 408 quem
3197 351 3489 415 meruerat,
3519 342 3773 412 perdidit,

525 442 742 513 quando
772 457 802 495 a
850 441 910 494 Β.
939 439 1236 494 Romualdo
1271 438 1542 493 licentiam
1569 439 1745 509 petiit,
1793 453 1901 507 qua
1930 435 2094 490 vellet

526 542 722 586 cuncta
763 529 874 600 jam
909 532 1183 600 pulmenta
1209 528 1505 593 dimittere,
1537 538 1612 594 et,
1641 543 1780 598 pane
1805 542 1926 582 cum
1957 541 2094 596 aqua

525 629 830 682 contentus,
858 621 1030 688 pomis
1058 632 1270 688 quoque
1312 618 1425 672 sive
1459 617 1640 672 crudis
1668 617 1906 671 oleribus
1939 615 2093 669 victi—

528 718 662 761 tare.
705 708 818 762 Hoc
854 709 1014 778 igitur
1036 708 1345 777 impetrato,
1373 721 1495 760 cum
1527 706 1580 759 in
1602 706 1789 760 eodem
1818 704 2094 773 proposito

528 795 933 866 iufatigabiliter
978 803 1340 864 permaneret,
1390 793 1656 850 Tedaldus
1696 795 1911 864 quidam
1959 794 2095 849 alius

526 885 714 949 frater,
745 887 1042 942 infirmitati
1073 888 1214 942 illius
1236 887 1524 942 indiscrete
1555 886 1923 955 compatiens,
1945 885 2095 940 adire

526 979 842 1046 magistrum
896 980 1126 1044 studuit,
1159 986 1213 1032 et
1258 978 1382 1048 quia
1437 977 1608 1033 frater
1655 977 1744 1032 ille
1795 986 1902 1031 tam
1932 991 2097 1045 grave

525 1068 735 1138 pondus
761 1078 978 1137 portare
1008 1084 1110 1122 non
1134 1077 1337 1137 posset,
1365 1068 1505 1122 hanc
1531 1067 1646 1137 ejus
1675 1067 2092 1122 obstinationem

527 1157 702 1228 frangi
736 1159 956 1212 omnino
982 1159 1180 1213 debere
1213 1159 1498 1228 suggessit.
1532 1156 1861 1211 Romualdus
1886 1166 2092 1220 autem,

525 1255 586 1301 ut
612 1260 740 1318 puta
765 1249 849 1302 vir
874 1248 1132 1318 simplicis
1153 1249 1350 1312 animi,
1373 1246 1593 1300 Tcdallli
1619 1247 1796 1301 verbis
1818 1260 2096 1300 assensum

529 1338 695 1404 dedit,
728 1348 781 1392 ct
815 1339 1119 1393 Gaudentio
1151 1337 1271 1391 talis
1299 1339 1418 1391 vita:
1442 1337 1712 1391 licentiam
1743 1334 1983 1389 abstulit.
2005 1333 2098 1388 Ille

528 1442 658 1482 vero
690 1439 926 1499 gravrtcr
956 1427 1152 1491 ferens,
1202 1442 1540 1496 nequaquam
1581 1425 1815 1494 amplius
1839 1439 1962 1479 cum
1993 1423 2097 1478 Te-

529 1516 688 1571 daldo
730 1517 783 1571 in
832 1533 1012 1572 eremo
1065 1518 1116 1571 in
1153 1532 1258 1586 qua
1308 1532 1400 1572 cos
1462 1516 2099 1584 Romualduslposuerat

527 1619 720 1672 passus
747 1615 830 1661 est
858 1606 1247 1670 liabitare,ased
1271 1605 1592 1676 lngclberto,
1624 1605 1714 1674 qui
1745 1620 1772 1658 a
1797 1603 2097 1659 Romualdo

2189 429 2300 500 jam
2328 428 2442 497 ejus
2469 430 2654 498 gratiae
2674 429 2980 494 restitutus,
2997 437 3053 484 et
3077 429 3414 485 orationibus
3439 429 3768 496 sublevatus,

2193 521 2438 574 eumdem
2487 518 2683 573 librum
2724 531 3044 587 recuperare
3090 520 3287 573 meruit
3327 535 3340 572 :
3379 527 3439 573 et
3471 534 3635 589 quem
3669 519 3771 574 Te-

2195 608 2390 662 daldus
2447 623 2554 662 non
2607 609 2712 665 nisi
2761 623 2861 679 per
2904 607 3261 665 Romualdum
3308 609 3636 674 abstulerat,
3661 609 3795 679 jam

2195 698 2522 752 Romualdus
2545 698 2751 753 orando
2779 713 2880 769 pro
2907 698 3002 756 illo
3027 713 3150 754 cum
3172 699 3424 755 omnibus
3448 699 3613 755 simul
3654 701 3764 755 fra-

2197 785 2370 842 tribus
2399 786 2609 843 reddat.

2765 878 2994 936 CAPUT
3027 878 3204 936 LVIII.

2305 963 2382 1017 De
2407 963 2665 1032 discipulo
2699 966 2754 1020 in
2781 967 2910 1021 lecto
2942 967 3222 1023 Romualdi
3259 984 3292 1022 α
3331 969 3666 1026 (immanibus

2839 1039 3128 1094 verberato.

2267 1145 2573 1215 Aliquando
2598 1147 2682 1201 vir
2709 1147 3032 1204 venerabilis
3057 1149 3338 1220 cujusdam
3365 1165 3534 1206 causa
3581 1166 3766 1208 neces-

2203 1235 2382 1290 sitatis
2405 1235 2459 1289 iu
2489 1237 2630 1291 viam
2660 1238 2741 1292 ire
2771 1238 3095 1308 disponens,
3125 1241 3218 1294 uni
3243 1241 3637 1311 discipulorum
3666 1241 3764 1296 cel-

2198 1328 2307 1383 lam
2331 1330 2627 1392 commisit,
2657 1338 2712 1385 et
2729 1346 2900 1400 usque
2921 1333 2988 1386 ad
3009 1347 3164 1386 suum
3188 1333 3420 1388 reditum
3443 1333 3500 1388 in
3529 1349 3594 1388 ea
3623 1333 3764 1388 illum

2197 1433 2416 1475 manere
2453 1423 2724 1491 praecepit.
2773 1421 2865 1476 Ille
2903 1410 3030 1478 vero
3054 1425 3404 1488 temerarius,
3436 1425 3569 1478 dum
3609 1424 3767 1479 debiti

2197 1511 2421 1568 honoris
2446 1513 2803 1568 reverentiam
2851 1515 3109 1585 magistro
3132 1531 3238 1570 non
3283 1525 3488 1582 servat,
3515 1517 3769 1572 audacter

2199 1601 2255 1657 in
2297 1604 2416 1674 ejus
2463 1613 2634 1658 strato
2671 1603 2858 1672 jacere
2893 1621 2999 1661 non
3045 1607 3270 1662 dubitat.
3303 1606 3445 1662 Ecce
3485 1616 3669 1662 autem
3717 1607 3767 1661 in

529 1693 827 1762 disjunctus
859 1695 1072 1761 fuerat,
1106 1711 1164 1751 se
1193 1696 1463 1763 subdidit,
1491 1704 1546 1750 et
1572 1696 1640 1749 ab
1667 1710 1732 1750 eo
1761 1709 2088 1750 consensum
2123 1691 2167 1752 Β
2195 1695 2310 1764 ipsa
2356 1704 2514 1751 nocte
2560 1696 2778 1768 maligni
2823 1698 3046 1769 spiritus
3093 1700 3257 1768 super
3285 1715 3409 1754 eum
3457 1700 3767 1755 immaniter

526 1787 795 1854 praedictae
841 1787 1263 1842 conversationis
1303 1786 1533 1854 accepit.
1579 1785 1677 1839 Hic
1718 1785 1899 1853 itaque
1948 1783 2096 1839 Gau-

524 1874 741 1928 dentius
772 1891 875 1928 nou
903 1876 1068 1930 multo
1089 1884 1209 1944 post
1234 1886 1474 1943 tempore
1508 1873 1792 1927 defunctus
1816 1883 1930 1937 est,
1955 1882 2010 1926 et
2039 1873 2093 1926 iu

522 1966 839 2020 cmineterio
867 1966 926 2019 Β.
963 1965 1231 2021 Vineentii
1266 1965 1422 2033 juxta
1459 1979 1655 2033 corpus
1679 1964 1902 2018 Berardi
1933 1978 2096 2018 vene-

527 2053 653 2107 bilis
678 2055 800 2118 viri,
829 2056 919 2123 qui
944 2071 1098 2123 teque
1143 2055 1423 2110 Romualdi
1454 2053 1749 2123 discipulus
1792 2051 1988 2116 fuerat,
2011 2059 2095 2106 est

528 2142 788 2210 sepultus.
834 2143 1162 2197 liomualdus
1187 2151 1389 2206 autem,
1418 2143 1543 2212 quia
1572 2142 1658 2196 ille
1688 2143 1742 2196 in
1771 2142 2098 2212 praevarica-

530 2231 672 2285 tione
717 2231 1088 2286 inobedientia:
1119 2232 1283 2304 vitam
1309 2231 1542 2295 finierat,
1567 2232 1868 2285 orationem
1899 2245 1998 2299 pro
2027 2245 2092 2283 eo

529 2321 644 2375 fieri
676 2323 889 2392 penitus
931 2323 1226 2377 interdixit.
1259 2323 1548 2391 Aliquanto
1577 2332 1756 2377 autem
1783 2331 1904 2391 post
1950 2330 2090 2376 tem-

529 2425 660 2480 pore
689 2411 984 2466 monachus
1007 2411 1224 2480 quidam
1255 2411 1496 2480 praedicti
1523 2410 1778 2475 coenobii,
1805 2410 1929 2463 dum
1978 2424 2094 2463 ma-

530 2502 752 2555 tutinam
786 2503 1033 2572 synaxim
1065 2517 1186 2556 cum
1225 2501 1447 2570 reliquis
1477 2500 1737 2555 fratribus
1761 2498 2090 2564 celebraret,

527 2601 746 2660 repente
771 2601 874 2646 tam
898 2606 1077 2646 acrem
1094 2591 1332 2645 dolorem
1357 2591 1558 2644 sentire
1579 2589 1632 2642 in
1653 2589 1906 2644 dentibus
1925 2587 2092 2658 etepit

528 2691 583 2735 ut
619 2683 732 2751 jam
777 2683 827 2736 in
862 2682 1028 2736 choro
1060 2682 1127 2736 ad
1159 2680 1493 2751 psallendum
1535 2690 1682 2735 stare
1716 2680 1938 2734 omnino
1977 2693 2086 2733 non

528 2780 728 2838 posset.
767 2771 868 2837 Qui
921 2771 1169 2841 protinus
1218 2771 1431 2833 exiens,
1476 2784 1638 2839 super
1677 2769 1984 2838 sepulcrum
2028 2781 2090 2824 se

527 2861 750 2915 Berardi
801 2853 964 2929 atque
1013 2861 1303 2915 Gaudentii
1363 2859 1706 2914 lamentando
1752 2859 1997 2927 jactavit,
2039 2868 2094 2912 et

530 2951 790 3004 medelam
812 2951 910 3004 sibi
941 2966 1034 3020 per
1061 2965 1154 3004 eos
1179 2950 1462 3019 provenire
1490 2964 1744 3019 sperans,
1778 2949 2010 3003 medium
2033 2961 2092 3004 se

2196 1783 2430 1851 irruunt,
2479 1788 2811 1857 gravissimis
2858 1803 2981 1844 eum
3024 1790 3340 1845 verberibus
3383 1799 3664 1855 atterunt,
3711 1800 3765 1845 et

2193 1877 2493 1946 projectum
2533 1878 2600 1932 de
2639 1878 2780 1933 lecto
2821 1893 2963 1948 pene
2993 1882 3320 1935 seminecem
3366 1880 3767 1949 derelinquunt.

2201 1965 2396 2021 Merito
2415 1982 2647 2037 namque
2673 1977 2781 2023 tam
2811 1969 3071 2040 superbos
3093 1985 3202 2024 suae
3221 1969 3540 2025 offensionis
3565 1971 3767 2024 ultores

2192 2055 2436 2126 pertulit,
2477 2059 2569 2126 qui
2615 2059 2668 2112 in
2713 2059 2877 2113 talem
2910 2059 3090 2114 virum
3119 2061 3416 2130 postposita
3461 2061 3767 2116 humilitate

2192 2145 2458 2214 peccavit,
2489 2155 2543 2199 et
2586 2146 2710 2202 dum
2757 2148 2847 2216 pio
2884 2147 3144 2217 magistro
3171 2163 3278 2202 non
3319 2148 3574 2203 exhibuit
3616 2163 3766 2204 reve-

2194 2235 2449 2297 rentiam,
2470 2248 2538 2288 ex
2571 2235 2722 2288 duris
2757 2244 2812 2290 et
2857 2236 3036 2305 impiis
3059 2236 3226 2290 sensit
3259 2237 3514 2294 manibus
3539 2237 3766 2307 discipli-

2191 2335 2338 2375 nam.
2379 2321 2643 2378 Similiter
2679 2339 2895 2394 quoque
2940 2325 3279 2394 postmodum
3311 2327 3650 2382 venerabilis
3687 2329 3763 2382 vir

2193 2413 2296 2468 iter
2316 2423 2556 2476 acturus,
2587 2414 2751 2470 alium
2776 2417 2828 2470 in
2857 2417 3044 2470 eadem
3066 2416 3200 2472 cella
3225 2417 3550 2488 discipulum
3577 2418 3763 2474 dereli.

2193 2505 2329 2575 quit.
2363 2506 2462 2561 Cui
2507 2522 2628 2561 cum
2669 2508 2963 2578 discipulus
2986 2509 3193 2564 diceret
3221 2525 3234 2562 :
3267 2509 3552 2580 Magister,
3580 2526 3680 2582 ego
3705 2511 3754 2564 in

2192 2596 2332 2652 lecto
2366 2605 2457 2652 tuo
2501 2613 2609 2652 non
2650 2597 2827 2668 jaceo,
2877 2599 3003 2668 quia
3047 2599 3190 2665 quod
3217 2598 3308 2654 alii
3338 2605 3595 2670 contigit,
3632 2601 3755 2654 mihi

2192 2685 2360 2740 etiam
2387 2695 2782 2756 consequenter
2815 2687 3031 2742 evenire
3050 2687 3302 2753 formido,
3328 2687 3416 2743 ille
3442 2689 3752 2758 respondit:

2193 2773 2294 2829 Fili
2325 2776 2422 2838 mi,
2449 2775 2570 2845 jace
2593 2785 2646 2830 et
2673 2775 2846 2829 dormi
2874 2790 3128 2841 securus;
3160 2775 3250 2829 ille
3276 2777 3418 2831 enim
3441 2777 3498 2831 in
3523 2791 3592 2832 eo
3617 2792 3759 2832 recu-

2193 2864 2369 2932 bans,
2413 2867 2617 2922 idcirco
2658 2867 2710 2920 in
2747 2881 2939 2922 manus
2984 2867 3328 2922 inimicorum
3379 2866 3597 2930 incidit,
3642 2868 3759 2936 quia

2139 3017 2162 3041 Ἱ
2194 2953 2478 3024 parvitatis
2519 2969 2652 3010 mea:
2680 2953 2955 3008 licentiam
2985 2968 3091 3008 non
3113 2954 3344 3023 accepit,
3373 2963 3430 3007 tu
3464 2963 3652 3008 autem
3681 2969 3762 3007 ac-

531 3040 668 3094 iuter
690 3051 974 3110 utrumque
1002 3041 1277 3094 constituit
1303 3039 1474 3108 (317),
1498 3039 1732 3107 dumque
1761 3037 2093 3108 ibialiquan-
2119 3022 2164 3080 (ἶ
2195 3022 2351 3114 cepto
2390 3057 2680 3106 consensu,
2723 3042 2778 3095 in
2816 3043 2928 3097 Deo
2965 3057 3115 3111 spem
3146 3022 3304 3110 pone,
3327 3049 3386 3096 et
3415 3041 3537 3096 sine
3565 3055 3762 3110 pavore

531 3132 825 3198 diujaceus
850 3142 1051 3198 oraret,
1081 3147 1202 3184 mox
1231 3147 1352 3186 cum
1380 3146 1600 3186 somnus
1630 3132 1917 3201 oppressit.
1947 3132 2091 3187 lllice

512 3237 662 3276 sane
713 3222 862 3277 videt
922 3223 1218 3277 llerardum
1279 3221 1700 3276 sacerdotalibus
1761 3225 2093 3278 ornamentis

530 3314 958 3385 Splendidissime
1011 3315 1357 3378 decoratum,
1404 3321 1674 3368 tenentem
1726 3314 1780 3368 in
1846 3314 2094 3370 manibus

529 3402 726 3458 librum
759 3404 938 3458 aureis
966 3403 1159 3458 litteris
1187 3403 1472 3472 scriptum,
1515 3411 1640 3457 ante
1677 3402 1847 3462 altare
1883 3403 2094 3459 scilicet
2123 3408 2126 3416 ’

530 3504 764 3550 stantem
817 3505 870 3549 ct
926 3495 1213 3549 missarum
1265 3493 1525 3549 solemnia
1581 3493 1968 3548 celebrantem.
2022 3493 2096 3547 At

532 3585 706 3639 cernit
761 3584 1120 3639 Gaudentium
1175 3593 1534 3648 maerentem,
1585 3583 1794 3637 tristem
1860 3584 2095 3638 demisso

532 3674 702 3738 vultu,
729 3684 848 3743 post
870 3683 1075 3743 tergum
1101 3673 1321 3727 Berardi
1345 3671 1531 3742 procul
1550 3673 1827 3737 assistere,
1849 3680 1926 3737 et,
1949 3673 2095 3727 velut

529 3764 1078 3829 excommunicatum,
1113 3764 1282 3819 sacris
1334 3763 1764 3833 appropinquare
1825 3763 2097 3833 mysteriis

533 3869 641 3908 non
686 3853 905 3906 audere.
937 3853 1036 3919 Qui
1084 3867 1207 3905 mox
1233 3850 1442 3905 locutus
1469 3860 1550 3906 est
1573 3840 1642 3916 ei,
1674 3850 1860 3906 dicens
1887 3849 2093 3917 :Vides,

534 3944 741 4012 inquit,
796 3941 991 4006 frater,
1043 3943 1190 3997 illum
1243 3941 1466 3998 Berardi
1518 3943 1717 3997 librum
1774 3943 2097 3998 mirabiliter

532 4033 881 4088 deauratum?
934 4033 1061 4103 Ego"
1097 4047 1307 4103 quoque
1363 4033 1523 4088 talem
1569 4048 1666 4103 per
1713 4035 1893 4088 omnia
1947 4049 2095 4089 nunc

533 4121 808 4186 haberem,
841 4122 943 4174 nisi
985 4123 1130 4176 illurn
1171 4123 1325 4190 mihi,
1358 4123 1484 4188 heu,
1515 4123 1648 4177 lieul
1683 4122 1949 4178 Tedaldus
1984 4138 2097 4178 mo-

535 4210 742 4264 nacbus
767 4211 986 4264 abstuli:
997 4223 1096 4264 set.
1122 4212 1422 4281 Statimque
1443 4211 1611 4266 frater
1631 4213 1908 4283 evigilans,
1933 4229 2096 4269 sanus

530 4310 591 4359 et
631 4300 940 4365 incolumis,
970 4300 1154 4372 fugato
1185 4303 1331 4357 omni
1363 4302 1569 4367 dolore,
1600 4305 1856 4357 surrexit.
1893 4304 2095 4366 Deinde

533 4394 691 4450 laetus
727 4394 992 4450 visionem
1029 4409 1180 4450 suam
1208 4396 1465 4450 fratribus
1493 4409 1591 4465 per
1619 4395 1860 4449 ordinem
1890 4396 2097 4455 retulit.

532 4485 688 4552 Quod
723 4484 1056 4540 Romualdus
1091 4485 1312 4540 audiens
1353 4484 1494 4539 illico
1536 4486 1793 4554 praecepit
1838 4483 2095 4540 fratribus

535 4583 595 4626 ut
633 4571 748 4640 jam
780 4571 1080 4626 Gaudentio
1120 4572 1415 4626 fraternam
1455 4572 1776 4626 charitatem
1818 4573 2096 4642 impende-

534 4674 674 4728 rent,
713 4672 876 4733 atque
914 4679 1012 4734 pro
1042 4679 1106 4718 eo
1133 4664 1344 4718 enixius
1370 4673 1607 4719 orarent.
1639 4663 1789 4719 Unde
1835 4679 1939 4718 non
1978 4665 2094 4719 sine

534 4754 744 4808 ratione
773 4753 1040 4824 colligitur
1072 4751 1234 4824 475
1270 4753 1414 4822 quod
1460 4752 1547 4808 ille
1593 4753 1684 4822 qui
1724 4755 1966 4823 privatus
2005 4769 2093 4809 so-

537 4955 625 5008 hic
668 4965 846 5008 sermo
875 4961 979 5013 est,
1009 4950 1163 5018 cujus
1185 4958 1241 5003 et
1269 4948 1472 5002 mentio
1511 4961 1677 5018 supra
1695 4961 1811 5015 cap.
1842 4946 1911 5002 45
1945 4947 2088 5002 facta

535 5022 657 5076 fuit.
701 5022 851 5094 Quod
879 5036 1006 5075 vero
1031 5015 1092 5072 ΒΖ
1122 5020 1352 5094 scriptor
1399 5018 1546 5071 addit
1579 5015 2087 5094 'Itttjusmonasterii,

537 5107 659 5145 cum
703 5090 944 5159 proxime
987 5099 1142 5142 antea
1181 5087 1294 5154 ejus
1343 5103 1448 5140 non
1484 5087 1808 5147 meminerit,
1845 5093 2091 5178 pat'enlter

536 5160 552 5178 ε
575 5161 674 5178 ι-η-
724 5160 747 5178 ι.
769 5172 820 5178 --
871 5158 1248 5178 -----..ι-...2-.....
1288 5170 1400 5178 ---Α
1474 5155 1522 5178 ζ..
1560 5170 1655 5178 ου...
1685 5164 1790 5178 ιη.-.
1818 5155 1923 5178 ιιι-υιῖ
1951 5168 1992 5178 ,ιι
2016 5164 2088 5178 ...ι

2125 4362 2173 4421 D

2193 3133 2429 3201 quiesce.
2474 3131 2574 3197 Qui
2614 3129 2860 3186 videlicet
2899 3131 2954 3186 in
2994 3145 3091 3196 eo,
3135 3131 3276 3186 sicut
3307 3130 3500 3200 jussus
3545 3131 3756 3195 fuerat,

2185 3219 2382 3288 jacuit,
2406 3228 2462 3273 et
2481 3218 2686 3273 nullum
2716 3218 2938 3274 omnino
2983 3232 3171 3274 casum
3198 3218 3546 3284 adversitatis
3580 3218 3754 3273 incur-

2192 3311 2286 3365 rit.

2780 3397 3008 3456 CAPUT
3036 3397 3171 3454 LIX.

2191 3495 2271 3553 De
2318 3495 2536 3550 muliere
2585 3496 2639 3549 in
2689 3497 2970 3550 amentiam
3014 3511 3182 3560 versa,
3214 3503 3262 3548 et
3300 3493 3589 3550 Romualdi
3618 3495 3762 3548 benc-

2747 3565 2972 3617 dictione
2999 3576 3204 3618 sanata.

2267 3676 2552 3732 Smcularis
2568 3676 2783 3745 quidam
2798 3676 2900 3740 vir,
2914 3675 3187 3730 Arduinus
3205 3675 3444 3740 nomine,
3466 3675 3766 3732 Romualdo

2199 3783 2260 3823 se
2288 3769 2356 3823 ad
2397 3766 2797 3837 suscipiendum
2830 3773 3032 3820 sanctae
3056 3767 3489 3821 conversationis
3521 3767 3762 3822 habiturn

2196 3856 2444 3922 tradidit;
2475 3855 2666 3910 deinde
2695 3855 2932 3916 domum,
2965 3864 3020 3908 ut
3051 3869 3146 3908 sua
3175 3870 3402 3924 quaeque
3427 3855 3762 3924 disponeret,

2197 3947 2477 4002 remeavit.
2501 3947 2741 4014 Cumque
2769 3961 2888 4001 eum
2917 3961 3054 4000 uxor
3080 3961 3175 4000 sua
3203 3950 3510 4001 venientem
3526 3949 3768 4011 vidisset,

2194 4037 2429 4092 femineo
2446 4036 2698 4090 nimirum
2727 4035 2910 4090 furore
2931 4050 3211 4100 succensa,
3228 4035 3556 4090 exclamavit
3583 4038 3768 4091 adver-

2196 4141 2287 4182 sus
2298 4140 2441 4189 eum,
2459 4126 2678 4180 dicens:
2699 4123 2806 4189 Sic,
2833 4126 2971 4179 bone
2982 4125 3082 4188 vir,
3100 4125 3167 4178 ab
3187 4124 3616 4180 hmreticoilloet
3636 4127 3770 4180 anti-

2197 4235 2302 4288 quo
2318 4218 2604 4273 seductore
2627 4232 2770 4270 nunc
2793 4216 2960 4278 venis,
2989 4223 3044 4269 et
3073 4228 3160 4268 me
3185 4216 3438 4269 miseram
3468 4226 3526 4269 et
3545 4216 3772 4270 destiti;-

2200 4320 2306 4364 tam
2339 4309 2483 4362 omni
2515 4307 2750 4361 humano
2777 4304 2967 4358 solatio
2990 4304 3356 4373 derelinquis?
3380 4303 3449 4358 Et
3473 4304 3580 4358 hoc
3601 4305 3763 4364 dicto,

2199 4399 2443 4468 protinus
2485 4398 2536 4449 iu
2563 4395 2851 4448 amentiam
2876 4393 3132 4448 vertitur.
3165 4403 3219 4448 et
3249 4395 3322 4446 ita
3347 4392 3532 4476 furem
3561 4404 3619 4449 et
3643 4409 3762 4448 cor:-

2199 4488 2442 4558 quassari
2487 4487 2651 4555 cmpit
2677 4501 2740 4539 ac
2765 4485 2811 4539 si
2845 4492 3092 4556 patenter
3111 4498 3141 4537 a
3165 4483 3428 4538 daemonio
3457 4494 3763 4538 vexaretur.

2199 4575 2439 4632 Habebat
2499 4584 2676 4628 autem
2718 4573 2802 4626 vir
2851 4584 3069 4626 sanctus
3119 4573 3424 4642 hujusniodi
3474 4583 3764 4628 consuetu-

2199 4668 2399 4730 dinem,
2431 4664 2557 4718 utsi
2588 4662 2802 4733 quando
2824 4660 3022 4716 fratres
3050 4662 3101 4714 in
3134 4662 3274 4714 viam
3295 4661 3571 4731 dirigeret,
3599 4663 3746 4716 bene

2196 4755 2484 4811 dictionem
2516 4753 2638 4822 illis,
2667 4753 2781 4807 sive
2820 4766 3036 4821 panem,
3063 4750 3177 4806 sive
3201 4765 3440 4820 pomum,
3472 4765 3570 4806 seu
3602 4765 3768 4821 quot-

2192 4953 2334 5007 hanc
2376 4945 2660 5002 Romualdi
2715 4943 3001 5014 historiam
3041 4943 3336 5007 direxisse,
3373 4943 3518 5012 quod
3548 4945 3758 5014 penitus

2193 5027 2346 5076 caret
2385 5017 2759 5070 fundamento.
2796 5013 2873 5067 De
2909 5014 3012 5067 hoc
3045 5024 3223 5068 autem
3254 5013 3585 5068 monasterio
3614 5029 3758 5067 men-

2193 5092 2396 5178 ἓὶοῐιεπξι
2427 5085 2784 5178 facilitatis
2818 5082 3343 5178 [Eltift‘ll'lﬁtiik
3381 5082 3752 5178 alibi}:

3291 5153 3343 5178 2-
3393 5153 3588 5178 ἶίξιΑΑ-Α
3619 5153 3754 5178 ζ-ιΟΑ-
