3992 5322
247 276 374 330 ltliil

1525 267 1683 324 VITA
1721 266 1777 322 S.
1825 265 2200 322 ROMUALDI.

3378 273 3400 327 I
3411 273 3517 328 θος

245 405 454 460 rnnque
487 389 634 445 aliud
667 387 840 444 daret.
875 385 1030 442 Unde
1060 385 1332 458 discipuli,
1361 395 1419 440 ut
1455 385 1664 458 experti
1694 381 1836 438 mni-
1865 385 1914 443 Α
1943 383 2096 438 canis
2124 382 2354 454 elllgiem
2385 343 2670 450 simulans,
2701 399 2824 440 cum
2873 386 3036 460 477
3081 403 3278 460 magno
3314 389 3516 460 impetu

243 485 401 539 toties
447 483 701 548 fuerant,
731 491 940 536 certum
991 481 1256 536 tenebant
1305 479 1448 549 quod
1493 478 1540 532 si
1573 491 1638 531 ex
1673 477 1836 532 bene-

241 577 482 632 dictione
509 575 773 646 magistri,
797 573 1019 628 cuilibet
1045 579 1246 644 atgrolo
1267 570 1434 644 476
1461 569 1830 641 porrigercnt,

241 669 306 722 ad
342 669 570 725 salutem
602 667 752 720 illum
801 667 1124 720 incolumem
1157 671 1494 720 revocarent.
1525 661 1659 716 Nam
1685 669 1738 714 et
1766 677 1832 714 ex

241 779 408 832 aqua,
437 763 578 816 unde
609 773 800 814 manus
829 757 941 826 eius
963 758 1350 822 abluebantur,
1379 756 1564 826 plures
1591 751 1832 822 languidi

243 869 390 924 saepe
418 852 650 908 restituti
681 859 807 906 sunt
831 849 1072 905 sanitati.
1103 849 1256 918 Quod
1305 857 1485 904 tamen
1517 846 1833 902 cautissime

239 944 534 1016 oportebat
579 942 728 1004 fieri,
771 957 840 997 ne
879 941 924 996 si
974 944 1060 996 vir
1097 949 1318 996 sanctus
1357 940 1464 994 hoc
1491 938 1835 1008 aliquatenus

248 1035 696 1106 deprehenderet,
733 1033 786 1086 in
819 1031 1195 1102 gravissimam
1229 1029 1503 1084 tristitiam
1533 1027 1832 1082 devenit-et.

245 1125 384 1182 Cum
425 1126 584 1196 igitur
619 1124 706 1177 diu
733 1121 848 1190 jam
889 1119 1088 1176 femina
1117 1119 1496 1174 miserabiliter
1522 1125 1834 1176 vexaretur,

241 1220 472 1290 quidam
519 1218 718 1270 fratres
757 1215 848 1284 qui
885 1213 1135 1276 aderant,
1181 1213 1248 1268 de
1277 1211 1655 1266 benedictione
1683 1211 1838 1280 panis

245 1325 414 1378 quam
453 1323 482 1360 a
513 1305 774 1376 magistro
806 1310 1190 1371 susceperant,
1223 1301 1270 1357 ei
1303 1299 1628 1370 particulam
1671 1301 1838 1353 tradi-

251 1405 466 1456 derunt.
519 1399 722 1454 Deinde
767 1412 890 1452 cmn
941 1397 1046 1450 hoc
1093 1393 1288 1448 mulier
1331 1393 1673 1456 comedisset,
1715 1408 1837 1446 mox

249 1503 432 1549 mente
457 1491 666 1554 sedata,
685 1491 753 1545 ab
779 1489 926 1544 omni
959 1487 1052 1542 red
1075 1487 1199 1541 titur
1229 1485 1452 1540 insania-
1480 1485 1657 1540 furorc
1679 1483 1838 1538 liber-

245 1588 412 1640 rima.
439 1583 570 1652 Qua:
611 1582 858 1652 protinus
891 1579 1250 1648 omnipotenti
1299 1577 1411 1632 Deo
1443 1585 1498 1628 et
1537 1575 1838 1630 Ronmaldo

247 1673 455 1730 famulo
508 1673 627 1743 ejus
677 1679 1010 1740 recuperatae
1059 1669 1313 1724 sanitatis
1369 1668 1576 1738 gratias
1631 1667 1832 1726 retulit.

1936 473 2152 528 obviam
2185 475 2364 540 irruit,
2391 485 2446 529 et
2492 489 2690 544 equum
2722 476 2809 530 cui
2851 477 3144 544 insidebat,
3190 480 3264 536 ita
3296 489 3354 534 ut
3381 497 3520 552 pene

1935 565 2019 617 vir
2063 574 2286 620 sanctus
2331 577 2688 636 mergeretur,
2732 571 3018 624 exterruit.
3071 571 3392 644 Interrogati
3437 575 3521 629 di-

1936 658 2126 726 scipuli
2181 659 2226 714 si
2275 677 2398 714 eum
2449 661 2744 724 vidissent,
2781 663 3258 720 exhorrescentem
3297 667 3518 736 quidem

1933 763 2134 820 equum
2170 753 2522 822 conspexisse
2555 769 2614 806 se
2641 763 2914 818 asserunt,
2942 757 3035 810 sed
3069 759 3140 810 nit
3173 758 3278 812 tale
3308 759 3387 814 eis
3425 775 3523 830 ap-

1937 841 2184 908 paruisse
2216 851 2505 896 testantur.
2535 841 2623 896 Ille
2651 858 2780 897 vero
2803 844 2878 898 ait
2907 860 2923 898 :
2955 844 3118 900 Miser
3139 847 3251 912 ille,
3274 849 3366 917 qui
3391 849 3520 904 olim

1937 932 2231 1003 praeclarus
2263 937 2487 1002 angelus
2534 933 2702 989 fuisse
2749 937 3121 1004 cognoscitur,
3172 953 3318 992 nunc
3359 953 3419 994 se
3467 941 3522 995 in

1938 1022 2202 1076 immundi
2251 1025 2433 1092 specie
2460 1025 2613 1078 canis
2643 1025 2931 1080 ostendere
2963 1041 3070 1080 non
3101 1036 3340 1083 veretur.

2469 1133 2694 1188 CAPUT
2733 1135 2916 1192 LXIII.

1938 1219 2074 1274 Item
2101 1222 2165 1276 de
2189 1222 2420 1297 diabolo.
2448 1227 2558 1294 qui,
2589 1237 2704 1280 orta
2747 1229 2885 1282 inter
2919 1229 3202 1297 discipulos
3245 1227 3564 1290 Romualdi'

2294 1296 2578 1360 discordia,
2604 1307 2826 1364 vegetam
2853 1296 3193 1366 percutiebat.

2011 1384 2220 1440 Rursus
2240 1385 2347 1440 alio
2371 1397 2612 1456 tempore
2639 1403 2761 1442 cum
2790 1391 3527 1452 monasteriumAncillarnm

1941 1475 2061 1540 Det,
2091 1477 2235 1546 quod
2265 1487 2346 1532 est
2378 1479 2431 1532 in
2465 1479 2760 1534 Vallebona
2795 1479 2969 1552 (519),
3003 1493 3322 1541 construere
3346 1487 3536 1542 deero--

1939 1569 2126 1634 visset,
2159 1571 2426 1625 discordia
2457 1589 2580 1626 rnox
2603 1573 2747 1627 inter
2773 1577 2946 1631 sancti
2977 1579 3074 1631 viri
3109 1579 3400 1648 discipulos
3421 1596 3534 1635 'Ol'l-

1943 1670 2046 1723 tur,
2101 1661 2228 1730 quia
2275 1663 2528 1718 videlicet
2582 1664 2906 1732 alitnolunt,
2958 1669 3050 1722 alii
3083 1685 3230 1734 vero,
3272 1670 3530 1736 utlieret,

249 1777 306 1822 ει
341 1767 458 1820 vim
489 1781 586 1820 ευρ
614 1763 987 1820 conversionis
1019 1761 1300 1816 licentiam
1335 1759 1558 1814 ultu-ins
1594 1775 1698 1812 non
1743 1774 1839 1812 nc—
1869 1745 1914 1804 Β
1941 1753 2298 1808 vehementer
2319 1755 2598 1810 insistunt.
2626 1757 2868 1828 Cumque
2899 1769 3024 1813 ante
3055 1763 3420 1817 venerabilem
3447 1765 3532 1816 vi-

251 1859 427 1930 gavit.

859 1945 1088 2001 CAPUT
1123 1945 1237 1999 LX.

629 2035 704 2091 De
728 2037 1054 2091 dwmoniaco
1080 2037 1144 2090 ab
1171 2055 1232 2090 eo
1255 2047 1465 2090 curato.

319 2151 443 2206 Alio
491 2165 708 2222 quoquo
762 2159 1001 2218 tempore
1050 2165 1183 2219 puer
1221 2150 1440 2218 quidam
1474 2148 1840 2204 dmmoaiacus

245 2247 316 2300 ad
377 2246 594 2300 beatum
637 2243 810 2297 virum
857 2241 1070 2296 delatus
1101 2250 1200 2295 est.
1237 2241 1333 2296 Cui
1385 2241 1471 2296 ille
1517 2240 1646 2294 nihil
1695 2239 1840 2294 aliud

247 2338 384 2394 fecit
412 2338 512 2392 nisi
545 2353 642 2406 pro
675 2337 1049 2391 benedictione
1077 2335 1178 2390 sibi
1205 2336 1359 2405 panis
1385 2333 1703 2404 particulam
1733 2344 1842 2388 tra-

245 2428 410 2481 didit.
453 2425 568 2492 Qua
620 2439 742 2476 ιιιοκ
789 2438 923 2492 puer
953 2423 1044 2475 ille
1091 2421 1347 2490 refectus,
1383 2420 1666 2474 eonfe..tim
1695 2429 1778 2474 est
1811 2436 1840 2473 a

251 2515 524 2572 dazmonio
574 2515 858 2568 liberatus.
897 2511 1024 2566 .Iure
1051 2514 1250 2582 quippe
1289 2521 1574 2580 postquam
1617 2510 1842 2564 benedi-

241 2609 365 2664 ctio
399 2605 686 2664 Romualdi
713 2603 852 2660 male
881 2619 1192 2674 possessum
1225 2618 1424 2672 corpus
1447 2601 1688 2656 intravit.
1719 2601 1843 2656 inde

247 2698 541 2755 confestim
591 2697 862 2770 malignus
893 2697 1118 2768 spiritus
1165 2693 1499 2751 canteriatas
1549 2691 1698 2762 (318)
1743 2707 1841 2746 ex—

253 2793 374 2847 ivit.

854 2881 1082 2937 CAPUT
1115 2879 1250 2936 LXI.

249 2973 330 3028 De
369 2973 606 3040 diabolo,
651 2974 744 3044 qui
797 2973 1364 3044 Romualrlontortem
1419 2971 1648 3024 minatus
1698 2967 1843 3022 cella:

821 3045 1071 3110 parietem
1105 3042 1275 3112 fregit.

1945 1860 2064 1897 rum
2109 1855 2353 1914 utrmque
2385 1847 2760 1902 dissidentium
2815 1859 2999 1918 partes
3048 1851 3264 1906 divena
3316 1862 3532 1908 utentes

1941 1937 2270 2006 altegatione
2291 1942 2702 2005 contenderent,
2757 1943 2920 2012 ςαψίι
2963 1943 3208 1998 diabolus
3254 1953 3379 2000 ante
3407 1960 3536 2014 por-

1947 2030 2125 2084 teliam
2151 2031 2303 2085 cella:
2326 2032 2480 2102 quasi
2529 2033 2722 2088 inalleo
2747 2043 2988 2103 vegetem
3037 2035 3183 2104 (59.0)
3209 2036 3326 2090 sine
3351 2051 3536 2092 cessa-

1945 2121 2092 2175 tione
2120 2133 2425 2191 perculere;
2451 2131 2507 2178 et
2527 2139 2622 2194 per
2644 2126 2954 2178 reboantem
2982 2127 3172 2180 silvam
3203 2129 3411 2184 crebris
3439 2143 3536 2182 au-

1946 2211 2196 2266 diebatur
2226 2215 2538 2268 tunsionum
2587 2215 2786 2270 ictibus
2833 2217 3102 2270 intonare.
3153 2217 3356 2274 Deinde
3404 2235 3532 2274 cum

1941 2301 2052 2370 jam
2084 2319 2272 2360 omnes
2295 2306 2629 2360 unanimiter
2658 2308 3046 2362 monasterium
3076 2307 3191 2362 ﬁeri
3210 2310 3536 2364 COHCU’l'tlaS-

1947 2404 2086 2461 sent,
2133 2411 2260 2450 ecce
2301 2399 2570 2468 malignus
2617 2399 2860 2466 spiritus,
2894 2399 3106 2452 etinctis
3161 2399 3534 2463 audientibus,

1948 2486 2180 2551 ululare,
2209 2487 2424 2558 plorare
2469 2497 2524 2542 et
2546 2485 2752 2544 ﬂebiles
2773 2506 2877 2543 non
2911 2491 3164 2544 cessabat
3191 2505 3352 2546 voces
3377 2503 3538 2546 cntu—

1949 2586 2083 2632 tere.
2116 2577 2396 2636 Postremo
2419 2589 2624 2647 autem,
2649 2597 2768 2635 cum
2788 2581 2899 2650 jam
2923 2582 3082 2636 divisi
3105 2583 3171 2637 ad
3203 2599 3358 2637 suum
3381 2585 3538 2654 quis-

1947 2683 2053 2736 que
2100 2679 2471 2724 reverteretur
2511 2671 2826 2739 hospitium,
2853 2675 3286 2740 prosequebatur
3318 2687 3413 2728 eos
3439 2688 3542 2726 an-

1949 2759 2130 2828 tiquus
2163 2759 2336 2815 hostis
2361 2775 2484 2815 cum
2529 2769 2681 2814 tanta
2737 2770 3061 2830 tempestate
3103 2769 3159 2816 et
3205 2763 3446 2829 turbine,
3485 2772 3542 2816 et

1945 2853 2105 2920 quasi
2133 2853 2314 2907 omnia
2371 2863 2653 2908 ventorum
2680 2869 2881 2924 genera
2929 2869 3302 2918 commovens,
3357 2864 3540 2912 totam

1949 2951 2141 3006 silvam
2182 2951 2446 3006 radicitus
2487 2951 2721 3006 evellere
2744 2950 3065 3020 iputaretur.
3125 2949 3356 3018 Quidam
3409 2967 3542 3006 vero

1950 3047 2179 3100 fratrum
2207 3045 2497 3114 increpans
2550 3061 2674 3099 eum
2697 3045 2834 3098 dixit
2863 3060 2881 3096 :
2919 3043 3179 3112 I’raecipio
3213 3043 3308 3098 tibi
3335 3044 3396 3099 in
3445 3061 3545 3097 no—

323 3135 618 3206 Nunquam
669 3144 850 3191 tamen
897 3136 1146 3190 diabolus
1174 3151 1202 3188 a
1249 3135 1425 3189 sancti
1473 3134 1576 3188 viri
1623 3141 1841 3204 poterat
1869 3133 1914 3193 C
1947 3139 2094 3194 mine
2121 3151 2320 3194 sanctae
2341 3137 2644 3202 Trinitatis,
2671 3143 2945 3198 imumnde
2975 3143 3217 3212 spiritus,
3247 3139 3544 3193 utdesinas

251 3231 666 3302 impugnatione
697 3231 998 3300 quiescere.
1023 3229 1089 3283 Et
1118 3229 1244 3300 quia
1271 3228 1480 3284 occulta
1507 3227 1620 3297 jam
1655 3228 1846 3280 adver-

249 3337 346 3376 sus
372 3335 502 3375 eum
543 3319 730 3374 fraude
753 3320 830 3374 nil
856 3329 1106 3388 poterat,
1147 3335 1253 3372 non
1284 3317 1532 3372 cessabat
1555 3317 1702 3368 virus
1737 3329 1846 3368 sua:

249 3411 484 3465 malitia:
505 3411 798 3466 visibiliter
835 3411 1232 3464 demonstrare.
1274 3407 1578 3477 Aliquando
1613 3421 1846 3473 namque

245 3503 338 3555 vir
367 3500 702 3556 venerabilis
732 3501 860 3556 dum
886 3499 939 3554 in
971 3499 1108 3556 cella
1136 3497 1498 3560 consisteret,
1529 3511 1657 3552 ecce
1687 3495 1845 3548 mali-

245 3605 398 3662 gnus
449 3591 694 3661 spiritus,
719 3599 780 3644 ut
819 3599 902 3644 est
955 3605 1146 3645 revera
1194 3587 1530 3650 teterrimos,
1579 3583 1846 3654 hispidus,

249 3682 568 3747 horribilis,
617 3683 942 3737 immensum
992 3681 1159 3751 cmpit
1201 3686 1393 3734 sancto
1427 3677 1544 3731 viro
1581 3685 1846 3730 terrorem

251 3776 538 3838 incutere,
573 3782 630 3827 et
668 3789 792 3827 cum
823 3772 990 3827 nimio
1022 3771 1224 3826 furoris
1254 3771 1457 3841 impetu
1487 3777 1718 3822 mortem
1747 3765 1850 3820 sibi

245 3873 526 3926 minitans
570 3869 862 3923 intentare.
907 3867 1152 3937 Cumque
1197 3864 1534 3920 Romualdus
1585 3863 1872 3945 auxilium.

249 3964 318 4018 de
347 3961 499 4017 cmlo
525 3959 921 4026 imperterritus
961 3967 1247 4028 quaereret,
1289 3969 1344 4012 et
1377 3965 1434 4010 ut
1469 3955 1570 4011 sibi
1604 3954 1853 4010 Chrisms
1913 4021 1916 4023 Α

247 4061 616 4110 Succurreret
653 4053 975 4108 fiducialiter
1003 4051 1369 4114 exclamaret,
1425 4065 1551 4103 mox
1597 4047 1854 4116 antiquus

249 4147 440 4204 hostis
467 4147 752 4216 aufugiens
781 4147 950 4214 ipsum
981 4145 1130 4201 cella:
1156 4145 1418 4214 parietem
1451 4150 1602 4197 tanto
1635 4141 1852 4196 iracun-

245 4242 360 4296 (li:e
383 4239 518 4296 felle
543 4239 812 4309 percussit
845 4240 988 4310 quo]
1026 4253 1245 4309 gravem
1274 4237 1382 4308 fagi
1417 4233 1652 4290 tabulam
1693 4233 1856 4287 unius

251 4331 435 4386 cubiti
481 4329 678 4398 spatio,
705 4329 789 4385 vel
810 4346 874 4384 eo
900 4329 1133 4400 amplius
1160 4329 1300 4383 fidit.
1331 4328 1386 4382 In
1419 4327 1727 4382 habitaculo
1754 4325 1856 4395 igi—

251 4429 348 4475 tur
377 4427 644 4490 patenter
681 4421 924 4474 ostendit
950 4430 1152 4489 quanta
1185 4419 1446 4474 adversus
1488 4419 1852 4475 habitatorem

249 4511 482 4566 flamma
538 4511 880 4566 crudelitatis
915 4511 1139 4577 exarsit,
1179 4519 1233 4566 et
1279 4510 1684 4582 quodammodo
1713 4511 1854 4564 scri-

250 4615 412 4675 ptum
455 4603 678 4672 reliquit
715 4605 768 4658 in
799 4605 1007 4674 pariete
1044 4603 1187 4673 quod
1229 4603 1500 4658 occultum
1531 4603 1757 4674 gerebat
1799 4603 1858 4656 in

251 4705 473 4755 mente.

861 4789 1091 4846 CAPUT
1123 4789 1284 4847 LXII.

253 4883 394 4938 Item
443 4882 516 4934 de
559 4881 794 4948 diabolo,
822 4885 914 4952 qui
943 4892 1210 4938 exterrens
1251 4898 1440 4952 equum
1493 4880 1858 4939 Romuoldum

848 4969 1076 5024 mergere
1107 4953 1288 5008 voluit.

513 5065 646 5088 -..1-
704 5065 860 5088 -.ε-..,.
923 5063 1040 5088 Λα..-
1093 5062 1417 5088 ---ηΑυ-Αῑιῖιῖ..
1465 5063 1548 5088 ..;..

1952 3231 2136 3285 venire
2159 3239 2282 3300 post
2307 3245 2425 3284 nos.
2455 3229 2518 3283 Et
2555 3229 2628 3282 ita
2663 3231 2876 3300 fugatus
2907 3243 3008 3286 est.
3037 3233 3168 3286 Jure
3195 3231 3396 3300 quippe
3437 3244 3541 3280 au-

1943 3332 2070 3376 ctor
2117 3320 2427 3386 discordiaa,
2485 3324 2783 3390 composita
2815 3339 2969 3392 pace,
3013 3322 3326 3391 compulsus
3365 3329 3448 3374 est
3485 3320 3542 3372 in

1951 3413 2137 3468 fletum
2166 3428 2540 3484 prorumpere,
2574 3413 2666 3482 qui
2715 3412 2865 3483 prius
2892 3415 3213 3468 audiebatur
3259 3420 3540 3470 crescente

1949 3506 2064 3558 rixa
2098 3503 2366 3572 gaudere;
2392 3512 2446 3556 et
2472 3505 2562 3572 qui
2591 3513 2718 3558 tunc
2741 3505 2891 3573 quasi
2923 3505 3183 3559 circulum
3213 3505 3366 3558 vacui
3395 3503 3542 3556 vasis

1951 3595 2276 3650 abstrahere
2319 3605 2374 3650 et
2427 3603 2630 3664 partes,
2684 3595 2884 3663 quibus
2927 3605 3266 3668 compactum
3323 3593 3537 3654 fuerat.

1953 3687 2216 3757 dissipare
2249 3687 2492 3752 tentavit,
2526 3683 2962 3754 constricttsjam
2995 3687 3048 3738 in
3076 3685 3290 3742 vinculo
3307 3685 3455 3754 pacis
3483 3692 3542 3737 et

1951 3781 2240 3834 charitatis
2271 3793 2530 3848 compage
2560 3776 2860 3845 discipulis,
2895 3775 3066 3830 tristis
3101 3777 3384 3830 abscessit.

2521 3869 2750 3924 CAPUT
2788 3867 2967 3922 LXIV.

2063 3967 2139 4020 De
2167 3966 2402 4020 districta
2427 3967 2530 4018 vita
2547 3979 2660 4033 qua.
2685 3973 2808 4016 tunc
2838 3963 2891 4014 in
2925 3959 3102 4030 Sytria
3123 3959 3431 4014 ducebatur.

2029 4057 2232 4112 Taliter
2260 4067 2439 4111 autem
2466 4055 2520 4110 in
2551 4055 2732 4124 Sytria
2763 4053 2912 4124 (52f)
2957 4053 3238 4108 vivebatur
3283 4068 3349 4108 ac
3403 4052 3446 4108 si
3475 4068 3544 4108 ex

1959 4152 2314 4208 similitudine
2362 4165 2470 4204 non
2515 4147 2688 4204 solum
2739 4147 2996 4212 nominis,
3021 4145 3114 4202 sed
3139 4146 3306 4201 etiam
3337 4146 3543 4214 operis,

1959 4246 2130 4302 altera
2153 4245 2330 4299 denuo
2353 4241 2524 4297 Nitria
2551 4241 2849 4306 videretur,
2873 4256 3062 4296 omnes
3085 4238 3354 4308 siquidem
3385 4237 3542 4291 nudis

1961 4335 2191 4406 pedibus
2229 4335 2568 4392 incedentes.
2602 4347 2792 4386 omnes
2825 4329 3034 4394 inculti,
3070 4327 3250 4397 pallidi
3277 4337 3334 4380 et
3371 4327 3540 4380 nimia

1959 4427 2206 4482 omnium
2243 4439 2422 4480 rerum
2454 4425 2802 4478 extremitate
2824 4420 3086 4476 contenti.
3121 4417 3375 4473 Nonnulli
3411 4435 3544 4472 vero

1966 4518 2235 4574 damnatis
2249 4517 2432 4586 jannis
2469 4514 2657 4575 clausi,
2691 4515 2761 4566 ita
2803 4504 3000 4566 mortui
3031 4509 3353 4565 videbantur
3379 4510 3550 4583 478

1969 4611 2190 4672 mundo,
2223 4608 2370 4663 velut
2403 4608 2456 4662 in
2495 4605 2744 4677 sepulcro
2763 4604 2876 4673 jam
2913 4605 3095 4674 positi.
3123 4604 3318 4658 Vinum
3345 4605 3416 4659 ibi
3455 4625 3550 4662 ne—

1965 4716 2056 4756 mo
2107 4708 2351 4762 noverat,
2404 4715 2505 4756 nec
2565 4699 2608 4752 si
2663 4699 2830 4752 etiam
2881 4695 3260 4766 gravissimam
3309 4698 3560 4772 quisquis

1963 4793 2346 4868 mgritutlinem
2406 4799 2702 4862 pateretur.
2765 4787 2870 4844 Sed
2919 4804 3016 4843 cur
3042 4803 3140 4858 ego
3175 4785 3244 4842 de
3271 4795 3566 4852 monachis

1965 4885 2182 4956 loquor,
2206 4900 2332 4939 cum
2355 4892 2411 4938 et
2439 4886 2540 4956 ipsi
2571 4883 2964 4939 monachorum
2989 4878 3198 4938 famuli.
3215 4879 3318 4949 ipsi
3345 4897 3579 4964 quoque

1971 4975 2224 5031 custodes
2273 4989 2534 5046 pemrum
2588 4973 2918 5044 jejunarent,
2972 4970 3245 5028 silentium
3297 4977 3595 5043 tenerem,

1979 5065 2246 5088 J9--!-‘!_-_
2268 5085 2284 5088 _
2330 5065 2474 5088 :_|-_.
2505 5081 2556 5088 --

2663 5065 2814 5088 .ε-σι-ννι
2863 5060 3107 5088 ΓιιΑιιιοί
3166 5067 3212 5088 Α.
3252 5061 3314 5088 I‘A
3357 5083 3388 5088 ξ
3451 5079 3466 5088 ι
