3992 5322
459 199 596 255 1003

881 194 940 250 S.
977 192 1181 250 PETRI
1224 191 1504 248 DAMIANI
1544 191 1694 248 OPP.
1735 190 1914 247 PARS
1950 190 2080 247 SEU
2118 187 2355 247 TOMUS
2387 187 2451 245 Il.
2487 217 2563 233 --
2596 187 3020 248 SANCTORUM
3055 186 3263 247 νιΤΑε.

3579 191 3718 251 1004

426 314 439 359 ῗ
453 307 741 367 Romualdi
776 305 1033 362 steculum
1061 303 1230 375 quod,
1263 303 1360 357 etsi
1400 310 1668 358 tormenta
1714 310 2030 373 persecuto-
2057 305 2108 364 Α
2134 299 2282 354 foras
2302 297 2477 368 eiecit.
2507 299 2610 355 Ubi
2643 299 2725 353 vir
2748 306 2970 355 sanctus
2992 313 3193 370 quanta
3225 302 3456 359 adversa
3501 319 3719 377 perpes-

423 419 575 457 'rum
622 415 731 456 non
787 403 1031 460 noverat,
1081 403 1376 464 spontaneo
1404 401 1583 448 tamen
1616 393 1879 464 martyrio
1923 408 2030 446 non

419 475 702 555 carebat!
748 495 1009 554 Aureum,
1071 489 1311 559 inquam,
1355 487 1631 549 sarculum,
1683 487 1826 557 quod
1890 485 2034 540 inter

454 589 742 652 montium,
791 585 1047 639 silvarum
1105 579 1251 635 feras
1292 587 1369 634 tot
1407 577 1646 633 caelestis
1698 576 2032 632 Hierusalem

453 676 980 737 eivesalebat.;Cum
1007 687 1139 728 vero
1165 672 1236 726 ibi
1261 671 1458 725 fratres
1481 669 1590 739 jam
1611 669 1743 724 tanti
1766 676 1948 723 essent
1976 675 2034 721 ut

453 785 643 826 omnes
675 769 784 824 illic
811 767 1062 822 habitare
1089 765 1180 819 vix
1223 770 1466 833 possent,
1497 769 1628 816 tunc
1678 760 2032 824 Romualdus,

454 860 784 916 monasterio
806 858 876 914 ibi
904 864 1218 912 constructo
1244 863 1299 908 et
1317 853 1512 908 abbate
1532 853 1842 922 praeposito,
1861 851 2035 906 invio-

451 952 622 1005 latum
650 964 876 1005 servans
922 947 1198 1002 silentium
1245 944 1518 998 Bil’urcum
1575 941 1798 997 secessit
1829 939 1897 995 ad
1942 940 2036 994 ha-

450 1041 754 1096 bitandum.
783 1039 894 1094 Illic
941 1039 1084 1093 enim
1136 1034 1323 1091 volens
1372 1034 1623 1089 abbatem
1682 1031 2038 1102 spiritualiter

450 1133 652 1197 vivere,
677 1140 731 1186 et
757 1129 1097 1185 rectitudinis
1119 1128 1284 1182 vitam
1303 1126 1452 1195 (525)
1475 1135 1682 1188 tenere,
1714 1123 1937 1178 multam
1967 1123 2035 1177 ab

423 1235 514 1275 .eo
538 1237 732 1292 passus
759 1229 843 1276 est
872 1213 1581 1291 persecutionisiniuriam.

1034 1327 1261 1384 CAPUT
1298 1325 1460 1383 LXV.

449 1425 530 1481 De
556 1425 829 1498 prophetia
852 1421 1132 1477 Romualdi
1153 1431 1200 1476 et
1224 1419 1482 1491 colloquio
1508 1417 1621 1488 ejus
1653 1434 1769 1471 cum
1807 1414 2035 1473 Henrico

1160 1507 1297 1562 rege.

521 1588 730 1643 Interea
771 1585 1063 1654 imperator
1085 1580 1349 1636 Ilenricus
1371 1579 1438 1635 de
1465 1577 1882 1633 ultramoutanis
1911 1591 2036 1648 par-

2133 404 2225 444 sus
2267 390 2359 453 sit,
2416 405 2523 443 non
2572 388 2743 443 solum
2790 389 2857 444 ab
2880 405 2946 444 eo
2975 391 3065 460 qui
3113 391 3320 461 ejectus
3370 392 3576 459 fuerat,
3625 397 3716 451 sed

2132 479 2295 534 etiam
2325 479 2392 533 ab
2440 478 2532 535 illo
2581 495 2740 550 quem
2770 481 2886 550 ipse
2912 498 2978 537 ex
3006 483 3120 538 suis
3151 485 3430 554 discipulis
3465 486 3714 544 abbatem

2133 570 2512 636 constituerat,
2535 569 2624 626 ille
2657 571 2874 640 quidem
2925 573 3164 643 perferre
3191 575 3592 645 patientissime
3624 595 3718 647 po-

2135 662 2254 723 tuit,
2285 677 2383 716 nos
2404 662 2628 728 referre,
2651 665 2862 719 etiamsi
2891 666 3105 722 adesset
3135 666 3412 733 facundia,
3438 685 3547 725 non
3576 671 3718 726 vale-

2133 771 2274 810 mus.
2304 755 2408 810 Sed
2438 756 2674 826 qualiter
2695 757 2844 812 illum
2879 759 3021 815 Deus
3069 760 3124 814 in
3174 762 3392 816 cunctis
3419 761 3714 834 adiuverit,

2134 863 2243 901 uno
2274 846 2520 917 exemplo
2546 858 2851 905 monstrare
2872 850 3122 917 sutiiciat,
3153 853 3474 922 utprudenti
3497 853 3719 910 cuilibet

2135 939 2263 1010 quid
2289 940 2453 995 etiam
2480 939 2536 994 in
2571 941 2793 1012 reliquis
2815 943 3059 999 evenerit
3090 944 3409 1000 innotescat.

2665 1057 2891 1113 CAPUT
2930 1058 3112 1116 LXVI.

2134 1144 2214 1201 De
2246 1149 2520 1214 monac/io,
2557 1165 2709 1222 quem
2743 1150 2984 1222 diabolus
3025 1152 3357 1221 strangulare
3411 1153 3588 1222 coepit,
3632 1153 3720 1208 sed

2644 1219 2972 1276 Romualdus
2995 1219 3205 1291 eripuit.

2205 1307 2495 1364 Monachus
2546 1309 2766 1379 quidam
2815 1326 3014 1367 vesano
3068 1312 3330 1367 adversus
3378 1329 3504 1368 eum
3541 1312 3718 1368 furore

2136 1413 2447 1465 succensus,
2471 1401 2639 1470 pilum
2661 1400 2807 1474 (3%)
2840 1400 3074 1459 latenter
3103 1405 3338 1470 exacuit,
3385 1415 3437 1460 et
3463 1421 3590 1460 eum
3638 1423 3718 1459 re-

2135 1504 2364 1560 ponens,
2407 1498 2483 1553 ¹ιιι.
2525 1491 2740 1546 beatum
2785 1492 2956 1548 virum
3007 1494 3358 1560 interﬁceret,
3403 1505 3720 1564 exspectare

2138 1579 2358 1648 congrui
2381 1580 2723 1634 occasionem
2752 1583 3008 1653 temporis
3035 1584 3223 1655 erepit.
3243 1583 3412 1638 Nocte
3440 1599 3576 1639 vero
3598 1586 3720 1638 dum

432 1681 594 1735 'tibus
623 1678 676 1733 in
705 1675 913 1732 Italiam
947 1673 1095 1746 (521)
1121 1672 1362 1736 veniens,
1411 1670 1558 1724 misit
1581 1669 1741 1724 beato
1789 1668 1908 1722 viro
1933 1667 2027 1723 de-
2057 1667 2105 1728 B
2133 1669 2418 1740 depressus
2457 1687 2649 1743 50pore
2697 1674 3022 1743 quiesceret,
3048 1689 3176 1731 ecce
3221 1675 3366 1731 videt
3422 1675 3718 1748 malignum

446 1767 806 1841 precatoriam
832 1765 1180 1833 legationem,
1213 1769 1272 1816 ut
1297 1761 1365 1815 ad
1387 1776 1510 1815 eum
1534 1759 1720 1814 venire
1769 1759 2026 1829 dignare-

448 1875 560 1930 tur,
585 1864 906 1932 promittens
929 1872 988 1913 se
1017 1863 1288 1910 tacturum
1323 1866 1657 1924 quaecunque
1683 1851 2029 1920 prmeiperet,

446 1957 494 2012 si
525 1969 682 2010 suum
707 1953 757 2008 ei
783 1949 1110 2020 colloquium
1140 1963 1246 2004 non
1269 1953 1515 2016 negaret.
1542 1943 1786 2014 Cumque
1812 1956 2035 1998 venera-

431 2046 573 2103 liilis
597 2044 924 2112 virprorsus
954 2040 1215 2094 abnueret
1240 2036 1512 2092 silentium
1541 2033 1808 2105 frangere,
1839 2046 2028 2101 cmpe-

447 2145 580 2191 runt
617 2148 817 2191 omnes
871 2129 1118 2201 discipuli
1169 2127 1496 2183 unanimiter
1532 2125 1680 2179 illum
1721 2124 2031 2188 obsecrare,

449 2227 723 2283 dicentes:
748 2223 1022 2294 Magister,
1073 2221 1221 2276 vides
1244 2220 1372 2290 quia
1399 2234 1494 2273 nos
1536 2217 1626 2287 qui
1647 2225 1711 2270 "te
1733 2215 2030 2285 sequimur,

446 2317 587 2374 tanti
633 2315 747 2384 jam
779 2329 965 2371 sumus
987 2312 1131 2384 quod
1157 2312 1247 2366 hic
1273 2320 1636 2380 congruenter
1657 2308 1903 2363 habitare
1923 2321 2031 2361 non

445 2422 767 2479 possumus;
802 2404 936 2460 vade
964 2419 1112 2474 ergo,
1141 2402 1186 2457 si
1222 2401 1417 2472 placet,
1471 2408 1528 2456 et
1580 2398 1889 2470 imperatori
1915 2412 2031 2451 ma-

448 2517 614 2573 gnum
642 2499 856 2569 aliquod
892 2496 1279 2552 monasterium
1304 2510 1510 2564 qurere,
1543 2503 1595 2550 et
1626 2493 2028 2547 multitudinem

450 2603 505 2649 te
551 2590 893 2662 sequentium
950 2587 1022 2644 ibi
1080 2587 1374 2643 constitue.
1419 2586 1626 2653 Quibus
1676 2585 1761 2639 vir
1788 2593 2028 2650 sanctus,

445 2684 638 2741 nescio
685 2682 735 2738 si
793 2691 1014 2752 accepta
1057 2680 1171 2750 jam
1204 2679 1552 2743 revelatione,
1598 2685 1693 2731 aut
1724 2676 1903 2731 subita
1937 2675 2031 2730 Dei

437 2772 804 2846 inspiratione
836 2772 1063 2827 Iidentcr
1087 2771 1308 2841 scripsit
1352 2787 1365 2822 :
1414 2769 1622 2825 Scitote
1676 2770 1800 2839 quia
1832 2768 2034 2824 montis

441 2864 648 2918 "Amiati
672 2861 1065 2918 monasterium
1088 2877 1154 2916 ex
1186 2862 1328 2916 dono
1350 2862 1492 2931 regis
1514 2861 1816 2926 habebitis;
1847 2861 2030 2915 consi-

443 2955 640 3010 derate
670 2953 1038 3008 tantummodo
1065 2966 1224 3020 quem
1265 2951 1375 3005 illic
1422 2951 1667 3005 abbatem
1702 2951 2030 3005 constituere

2132 1762 2384 1832 Spiritum
2437 1765 2491 1819 in
2520 1780 2578 1820 se
2609 1765 2919 1822 immaniter
2949 1761 3267 1831 irruentem,
3301 1769 3395 1838 qui
3456 1777 3720 1823 retortam

2132 1852 2281 1923 (327)
2307 1853 2360 1907 in
2392 1853 2589 1908 collum
2617 1854 2730 1925 ejus
2757 1857 3003 1923 mittens,
3027 1866 3174 1912 tanta
3226 1857 3516 1915 ferocitate
3562 1873 3722 1912 cona-

2133 1948 2296 1998 batur
2349 1953 2538 2015 guttur
2561 1944 2677 2014 ejus
2719 1947 3022 2018 astringere
3061 1957 3118 2002 ut
3158 1949 3271 2019 jam
3307 1949 3399 2003 ille
3429 1959 3723 2019 cogeretur

2134 2034 2374 2091 funditus
2399 2039 2669 2107 expirare.
2725 2038 2878 2094 Tunc
2926 2040 3224 2094 monachus
3250 2040 3304 2094 in
3336 2049 3588 2095 extremo
3612 2041 3722 2111 jam

2132 2127 2326 2196 spiritu
2357 2129 2587 2197 positus,
2622 2129 2979 2185 Romualdum
3003 2139 3062 2184 ut
3090 2129 3191 2185 sibi
3229 2142 3582 2186 succurreret
3631 2131 3722 2186 ob-

2133 2221 2387 2274 secravit.
2414 2221 2536 2287 Qui,
2569 2230 2626 2277 ut
2656 2225 2919 2277 monacho
2950 2223 3251 2289 videbatur,
3278 2224 3535 2293 protinus
3558 2225 3720 2278 advo—

2127 2309 2272 2377 ‘lans,
2299 2310 2365 2365 de
2387 2312 2642 2367 manibus
2664 2327 2786 2367 eum
2811 2313 2978 2382 iniqui
3002 2313 3172 2368 hostis
3191 2313 3410 2384 eripuit.
3438 2313 3541 2368 llic
3562 2315 3722 2381 igitur

2135 2415 2259 2455 mox
2293 2410 2646 2469 experrectus
2697 2403 2764 2457 ad
2788 2402 2952 2472 pedes
2981 2402 3311 2458 venerabilis
3341 2404 3444 2457 viri
3477 2414 3724 2473 prostra-

2139 2501 2226 2546 tus
2251 2489 2579 2556 advolvitur,
2604 2500 2663 2545 ut
2686 2492 2990 2546 aliisionem
3015 2493 3250 2547 cervicis
3271 2494 3508 2563 aspiciat
3535 2496 3721 2564 depre-

2133 2592 2318 2649 catur;
2353 2583 2601 2637 conﬁteri
2625 2583 2798 2649 etiam
2842 2584 3047 2640 crimen
3072 2600 3182 2639 sua:
3215 2586 3442 2640 malitize
3470 2603 3582 2642 non
3633 2602 3721 2642 ve-

2133 2683 2302 2728 retur.
2335 2673 2616 2729 Postremo
2633 2686 2966 2731 conservata:
2991 2678 3116 2731 vitae
3148 2677 3249 2732 sibi
3279 2680 3490 2747 gratias
3515 2678 3716 2741 retulit,

2133 2772 2188 2818 et
2209 2765 2587 2834 pmnitentiam
2614 2766 2745 2819 tanti
2769 2775 2958 2843 reatus
3012 2767 3245 2835 accepit.
3293 2767 3359 2820 Et
3390 2768 3468 2821 ita
3497 2771 3592 2837 qui
3618 2768 3719 2823 Ro.

2134 2859 2352 2913 mualdo
2379 2861 2544 2913 vitam
2571 2859 2862 2914 insidiatur
2889 2860 3035 2932 (528)
3063 2861 3294 2930 eripere,
3313 2861 3429 2930 jam
3452 2878 3555 2934 per
3577 2879 3719 2918 eum-

2135 2950 2255 3005 dem
2283 2951 2693 3006 sanctissimum
2727 2953 2924 3018 virum,
2955 2961 3010 3008 et
3053 2969 3209 3008 suam
3260 2956 3461 3009 meruit
3496 2973 3717 3012 conser-

443 3044 712 3099 ‘debeatis.
737 3043 907 3114 Igitur
933 3041 1190 3096 inviolan
1214 3040 1430 3095 silentio
1462 3041 1701 3110 perrexit
1729 3042 1794 3095 ad
1823 3055 2025 3111 regem.
2055 3013 2100 3077 Ο
2129 3057 2277 3108 vare,
2304 3044 2389 3098 cui
2422 3043 2622 3099 inferre
2652 3055 2881 3101 mortem
2907 3047 3136 3112 studuit,
3159 3061 3258 3117 per
3283 3063 3410 3101 eum
3435 3063 3551 3103 sua:
3578 3048 3718 3117 peri-

447 3137 546 3192 Cui
573 3151 668 3192 rex
690 3135 938 3207 protinus
966 3148 1278 3204 assurgens,
1303 3149 1368 3188 ex
1403 3148 1596 3204 magno
1618 3133 1797 3188 cordis
1838 3132 2031 3188 atl‘ectu

446 3229 505 3282 in
532 3229 672 3283 hanc
698 3241 886 3282 vocem
920 3224 1119 3296 erupit,
1150 3223 1368 3279 dicens:
1404 3223 1448 3279 Ο
1471 3224 1678 3278 utinam
1702 3223 1882 3278 anima
1911 3237 2031 3278 mea

431 3329 593 3377 esset
648 3320 702 3375 in
757 3332 986 3388 corpore
1009 3316 1128 3372 tuo!
1188 3315 1358 3384 Quem
1413 3331 1557 3380 mox,
1610 3325 1669 3371 ut
1697 3317 2030 3388 loqueretur,

435 3411 766 3483 suppliciter
809 3411 1122 3475 obsecrans,
1184 3407 1302 3478 ipso
1353 3407 1440 3465 die
1470 3409 1572 3464 hoc
1602 3408 1898 3479 impetrare
1924 3422 2030 3463 non

446 3502 642 3572 potuit.

522 3592 742 3647 Postera
760 3601 942 3647 autem
956 3591 1062 3658 die,
1087 3589 1387 3648 Romualdo
1401 3590 1465 3646 ad
1481 3590 1740 3661 palatium
1759 3589 2032 3656 veniente,

447 3699 576 3740 ccce
628 3683 1045 3739 Teutonicorum
1101 3683 1389 3738 multitudo
1430 3683 1679 3738 certatim
1725 3683 1856 3737 hinc
1911 3681 2036 3736 inde

449 3785 804 3843 concurrunt,
857 3776 1033 3845 capita
1084 3775 1384 3830 salutantes
1432 3773 1711 3828 humiliter
1783 3771 2032 3836 ﬂectunt,

447 3868 606 3924 villos
634 3883 850 3939 quoque
882 3868 1118 3938 pellicere
1139 3867 1324 3930 vestis,
1355 3881 1460 3935 qua
1495 3874 1615 3921 erat
1664 3866 1903 3931 indutus,
1933 3880 2031 3919 an-

449 3957 540 4012 xie
580 3958 952 4028 decerpentcs,
978 3973 1076 4028 pro
1099 3957 1269 4012 sacris
1297 3957 1540 4026 reliquiis
1568 3957 1619 4011 in
1645 3957 1874 4026 patriam
1906 3971 2038 4026 por-

451 4049 623 4101 taturi
647 4048 889 4102 studiose
922 4049 1240 4104 recondunt.
1266 4047 1394 4114 Qua:
1423 4048 1672 4104 videlicet
1692 4064 1775 4104 res
1808 4063 2034 4104 venera-

449 4141 616 4198 bilem
649 4140 822 4195 virum
845 4149 993 4195 tanto
1022 4134 1255 4196 mcerore
1279 4141 1474 4211 dejeeit
1496 4150 1576 4207 ut,
1625 4142 1726 4196 nisi
1754 4142 2037 4211 discipulis

450 4230 618 4304 479
637 4231 978 4287 obstantibus
1006 4232 1395 4301 acquiesceret,
1445 4233 1510 4286 ad
1559 4233 1750 4286 cellam
1791 4233 2038 4302 protinus

2131 3136 2312 3192 culum
2344 3138 2533 3192 mortis
2558 3138 2751 3193 evasit.

2692 3248 2919 3306 CAPUT
2957 3249 3162 3306 LXVII.

2133 3334 2210 3392 De
2229 3335 2559 3410 Romualdo,‘
2575 3339 2666 3406 qui
2692 3339 3072 3410 circumclusus
3094 3341 3268 3410 aquis,
3307 3341 3486 3394 cibum
3513 3342 3618 3397 sibi
3635 3342 3721 3398 ds-

2531 3407 2802 3476 ferendum
2833 3409 3031 3463 caelitus
3063 3407 3294 3479 agnovit.

2203 3497 2448 3554 Habebat
2502 3507 2682 3554 autem
2737 3498 2969 3556 Sanctus
3037 3501 3186 3572 (529)
3245 3503 3720 3569 consuetudinem,

2133 3604 2256 3644 cum
2287 3591 2677 3645 monasterium
2713 3600 2942 3656 teneret,
2978 3601 3055 3658 ut,
3080 3593 3182 3647 nisi
3207 3608 3328 3646 cum
3352 3590 3629 3662 jejunaret
3655 3593 3721 3648 ad

2133 3701 2478 3741 communem
2499 3701 2739 3742 mensam
2773 3703 2896 3741 curn
2929 3686 3186 3742 fratribus
3209 3688 3454 3758 quotidie
3480 3691 3719 3754 veniens,

2135 3794 2302 3832 unum
2337 3778 2552 3849 quidem
2601 3779 2935 3847 pulmentum
2988 3780 3151 3852 480
3203 3781 3550 3846 comederet;
3581 3789 3723 3851 post-

2137 3871 2354 3924 modum
2382 3884 2511 3925 vero
2538 3869 2778 3935 lectioni,
2809 3870 2889 3925 vel
2941 3872 3070 3942 quid
3108 3871 3272 3925 etiam
3327 3872 3477 3939 apud
3528 3887 3720 3926 unum-

2137 3975 2405 4032 quemque
2430 3971 2702 4032 ageretur,
2735 3963 2992 4027 iuteutus,
3023 3962 3089 4017 de
3109 3963 3336 4032 reliquis
3365 3979 3478 4017 non
3531 3974 3720 4034 gusta-

2141 4059 2241 4104 ret.
2272 4051 2735 4121 Quadragesimali
2789 4069 2915 4108 vero
2949 4064 3209 4122 tempore,
3251 4053 3352 4107 nisi
3395 4056 3724 4110 necessitate

2139 4144 2441 4199 inevitabili
2484 4154 2792 4216 cogeretur,
2822 4146 2876 4199 in
2909 4145 3097 4201 cellula
3140 4147 3342 4218 jugiter
3378 4151 3719 4204 morabatur.

2140 4235 2277 4289 Dum
2340 4234 2505 4304 igitur
2547 4235 2866 4304 praedictum
2919 4237 3226 4290 cmuobium
3259 4237 3342 4290 vir
3371 4237 3720 4293 beatissimus

449 4324 759 4396 repedaret.
782 4323 1059 4395 Ingressus
1090 4324 1252 4396 igitur
1271 4323 1338 4378 ad
1371 4338 1574 4394 regem,
1605 4341 1708 4380 non
1732 4339 1902 4394 pauca
1933 4324 2033 4379 sibi
2063 4367 2114 4424 Ι)
2143 4333 2380 4396 regeret,
2406 4325 2863 4396 quadragesimali
2905 4327 3014 4396 jam
3047 4328 3443 4396 propinquante
3495 4328 3719 4399 jejunio,

449 4414 664 4470 iocatus
690 4415 754 4470 de
778 4415 1111 4471 restituendo
1126 4414 1251 4485 jure
1275 4414 1658 4485 Ecelesiarum,
1691 4416 1757 4470 de
1780 4414 2034 4484 violentia

446 4514 759 4576 potentum,
787 4506 853 4561 de
881 4506 1230 4577 oppressione
1253 4522 1573 4577 pauperum,
1622 4515 1674 4562 et
1706 4515 1827 4578 post
1864 4506 2030 4561 multa

452 4613 619 4652 unum
651 4599 752 4653 sibi
804 4614 904 4670 pro
937 4600 1052 4655 suis
1099 4601 1374 4671 discipulis
1426 4602 1814 4657 monasterium
1857 4601 2031 4672 petiit.

445 4686 550 4742 Cui
573 4688 912 4757 postmodum
926 4705 1017 4744 rex
1044 4690 1240 4746 montis
1263 4689 1625 4762 (5‘23)Amiati
1645 4692 2032 4747 monasterium

451 4778 676 4832 tradidit
693 4787 749 4834 et
768 4778 1043 4845 abbatem,
1075 4780 1201 4851 quia
1219 4767 1402 4837 multis
1416 4792 1532 4837 erat
1562 4783 1720 4837 malis
1741 4784 2029 4848 obnoxius,

525 4951 673 5022 (525)
696 4953 893 5010 Ibidem
920 4957 1074 5010 viam.

510 5022 678 5104 X524)
701 5023 965 5104 Batonius
992 5030 1134 5104 hunc
1155 5025 1386 5081 'chrici
1417 5028 1469 5081 in
1499 5028 1705 5083 Italiam
1745 5030 2034 5086 adventum

2141 4416 2417 4488 qurerebat
2447 4431 2568 4471 cum
2616 4418 2894 4487 discipulis
2932 4435 3026 4488 per
3049 4419 3225 4473 vicina
3276 4420 3547 4473 montium
3585 4420 3720 4483 loca,

2142 4509 2229 4564 ubi
2261 4524 2500 4563 eremum
2521 4509 2700 4563 facere
2724 4510 3004 4578 potuisset.
3030 4511 3481 4581 Dumquelougas
3507 4514 3564 4568 in
3585 4526 3722 4584 qna-

2139 4602 2308 4655 rendo
2350 4615 2531 4655 moras
2557 4602 2958 4670 protrahereut,
3017 4612 3238 4670 repente
3288 4603 3445 4671 aquis
3491 4603 3722 4673 undique

2139 4690 2637 4746 circumﬂuentibus
2673 4692 2747 4746 ita
2781 4693 3019 4748 conclusi
3062 4701 3206 4756 sunt,
3233 4703 3292 4748 ut
3333 4710 3435 4750 nec
3479 4697 3581 4766 ipsi
3611 4697 3717 4767 jam

2141 4781 2338 4846 redire,
2370 4797 2470 4838 nec
2519 4783 2584 4837 de
2613 4785 2943 4839 monasterio
2977 4786 3262 4856 quisquam
3305 4787 3374 4842 ad
3417 4803 3514 4844 eos
3541 4796 3720 4860 posset

2146 4959 2449 5033 Pandectis,
2474 4977 2596 5033 pag.
2633 4961 2854 5029 228,0.
2898 4963 2962 5018 V.
2992 4963 3248 5020 Guidonis
3271 4963 3498 5020 Crandii
3521 4965 3718 5020 abbatis

2142 5029 2581 5103 Cantulrduilensis'.
