3992 5322
188 337 326 394 I005

1477 321 1640 378 ἯΤΔ
1681 319 1739 375 S.
1783 314 2158 374 ROMI'AU)‘.

3325 312 3462 368 1008

187 457 527 524 aliquatenus
543 448 916 506 transvadare.
945 443 1214 504 Vivebant
1241 451 1421 500 autem
1447 457 1512 498 ex
1534 441 1778 510 aliquan-
1806 445 1852 502 Α
1883 437 2122 500 deretur,
2177 444 2234 524 et
2289 433 2564 490 silentium
2611 449 2782 506 usque
2825 435 2893 490 ad
2926 443 3154 491 mortem
3194 445 3463 500 servaret,

191 551 256 602 tis
275 545 558 601 castaneis
605 557 742 612 quas
779 556 962 596 secum
1017 537 1342 594 detulerant.
1391 535 1635 604 Cumque
1661 533 1776 590 dies

191 640 504 695 Dominicus
559 637 886 698 advenisset,
942 642 997 690 et
1022 633 1126 687 alia
1174 632 1280 688 cibi
1309 645 1431 702 spes
1471 629 1618 684 nulla
1663 627 1776 698 jam

193 737 522 800 superesset,
545 735 828 797 cmperunt
851 725 1046 779 fratres
1067 721 1351 792 pauculas,
1396 735 1518 790 quae
1565 733 1778 774 reman-

192 829 396 885 serant,
429 826 714 874 castaneas
764 815 1072 886 deglubere,
1121 822 1176 868 et
1215 813 1326 884 jam
1381 809 1779 881 quodammodo

192 912 504 966 dubitantes
541 908 792 962 ultimum
849 921 916 962 ex
968 906 1048 960 eis
1094 903 1403 958 convivium
1447 915 1776 972 praeparare.

193 1003 528 1059 Romnaldus
559 1011 761 1066 autem,
786 1007 846 1054 ut
872 1007 993 1054 erat
1018 1011 1233 1066 semper
1274 995 1441 1048 alacri
1487 992 1660 1056 vultu,
1713 990 1779 1046 ft—

195 1099 384 1153 denter
415 1095 490 1147 ait
530 1094 686 1164 quia,
731 1091 838 1146 nisi
882 1091 1022 1144 Deus
1061 1089 1162 1144 sibi
1195 1102 1386 1156 panem
1420 1102 1518 1156 per
1544 1085 1782 1154 aliquem

193 1189 456 1248 mitteret,
486 1185 602 1254 ipso
627 1184 712 1239 die
743 1181 1050 1236 nullatenus
1095 1179 1468 1234 manducaret.
1525 1172 1782 1245 Discipuli

191 1292 324 1330 vero
373 1275 634 1327 mirantes
665 1273 808 1326 inter
831 1288 910 1336 se,
949 1270 1002 1324 in
1038 1284 1146 1340 qua
1193 1283 1292 1338 spe
1323 1267 1427 1321 hoc
1453 1265 1542 1320 ille
1581 1279 1784 1335 prorsu-

189 1375 388 1428 meret,
438 1365 573 1420 certi
615 1373 794 1418 tamen
839 1363 964 1433 quia
1015 1361 1274 1430 magister
1319 1357 1538 1412 incaute
1579 1355 1784 1425 aliquid

191 1473 394 1514 vovere
417 1473 519 1510 non
547 1465 746 1526 posset,
777 1453 1075 1523 ribnmjam
1105 1461 1268 1508 tanta:
1291 1451 1620 1506 solemnitati
1649 1465 1782 1506 con-

181 1555 391 1622 gruum
420 1557 706 1618 cmperunt
733 1546 1059 1602 tiducialiter
1087 1553 1428 1616 exspectare.
1461 1543 1626 1598 Sexta
1685 1541 1786 1612 igi-

193 1653 288 1696 tur
313 1643 419 1696 diei
453 1651 588 1698 hora
608 1639 1162 1710 jampropinquante,
1193 1653 1324 1694 ecce
1347 1647 1456 1692 tres
1481 1636 1582 1690 viri
1603 1634 1784 1692 onusti

195 1748 356 1803 pane,
391 1741 448 1787 et
475 1731 600 1788 vino
635 1740 690 1786 et
710 1731 832 1786 aliis
855 1730 990 1786 cibis
1015 1729 1332 1794 adveniunt,
1363 1728 1454 1798 qui
1479 1743 1538 1782 sc
1559 1728 1626 1783 de
1665 1726 1786 1780 lon-

1877 526 2136 580 instiluit.
2183 523 2328 580 Sane
2379 524 2564 594 viginti
2601 525 2758 580 annis
2784 535 2910 580 ante
2955 525 3114 580 linem
3155 525 3278 582 vitm
3329 541 3465 590 suae.

1877 617 2160 688 discipulis
2213 617 2326 672 suis
2373 616 2661 672 manifeste
2687 616 3039 687 praedixerat,
3068 618 3194 688 quia
3243 616 3296 672 in
3330 635 3470 686 prm-

1879 710 2024 765 dicto
2051 709 2382 764 monasterio
2405 717 2680 778 oporteret
2718 723 2840 762 eum
2871 709 3172 777 quiescere,
3207 708 3464 778 nulloque

1879 813 2092 858 astante
2138 803 2224 858 vel
2269 801 2445 859 funeri
2477 803 2768 872 exsequias
2794 802 3148 872 dependente,
3181 804 3466 872 expediret

1881 909 2003 950 eum
2053 895 2304 964 spiritum
2355 895 2632 950 exhalare.
2691 893 2862 950 Facto
2909 893 3096 962 itaque
3149 893 3468 957 reclusorio,

1882 1001 2004 1042 cum
2033 1001 2187 1040 mens
2210 986 2326 1055 ejus
2371 985 2424 1040 in
2466 1001 2532 1042 eo
2553 993 2718 1052 esset,
2752 993 2812 1038 ut
2835 999 2961 1039 mox
2985 983 3191 1038 includi
3223 983 3467 1046 deberet,

1883 1079 2048 1148 coepit
2073 1093 2269 1148 corpus
2297 1077 2416 1145 ejus
2457 1079 2631 1148 magis
2673 1077 2952 1146 magisque
2998 1073 3262 1130 molestiis
3281 1073 3472 1145 ingra-

1881 1183 2130 1234 vescere,
2171 1177 2226 1224 et
2277 1169 2530 1224 deorsum
2571 1167 2684 1238 jam
2714 1168 2862 1223 velut
2891 1184 2998 1224 non
3051 1179 3158 1224 tam
3209 1173 3474 1246 languore

1885 1279 2047 1334 quam
2093 1261 2352 1332 decrepiti
2379 1261 2722 1332 longmvitate
2775 1264 2914 1318 senii
2953 1264 3245 1322 declinare.
3275 1267 3410 1323 Nam
3437 1287 3472 1325 a

1886 1353 2066 1408 medio
2093 1352 2208 1408 fere
2232 1367 2374 1406 anno
2397 1353 2562 1406 nimia
2587 1353 2689 1408 sibi
2713 1352 2980 1424 ﬂegmatis
3003 1357 3330 1414 abundantia
3349 1377 3474 1417 cum

1887 1445 2002 1514 ipso
2025 1444 2138 1500 lmsi
2165 1444 2438 1516 pulmonis
2461 1459 2712 1500 marcore
2744 1445 3067 1514 deﬂuxerat,
3090 1457 3146 1503 et
3171 1449 3324 1520 gravi
3345 1467 3476 1506 eum

1888 1540 2051 1593 tussis
2079 1539 2426 1594 anhelatione
2455 1539 2707 1594 vexabat.
2735 1538 2852 1596 Non
2893 1549 3072 1596 tamen
3117 1551 3342 1612 propter
3369 1543 3474 1599 hoc

1886 1631 1970 1684 vir
1997 1640 2242 1698 sanctus,
2286 1631 2370 1686 vel
2421 1629 2565 1686 lecto
2618 1629 2967 1696 decumbere,
3011 1633 3092 1688 vel
3125 1633 3180 1688 in
3209 1643 3476 1704 quantum

1887 1723 2144 1792 possibile
2198 1732 2342 1786 erat,
2397 1723 2538 1778 soliti
2598 1723 2832 1794 rigorem
2879 1721 3070 1793 jejunii
3127 1727 3477 1797 acquieverat

191 1799 416 1898 ginquis
442 1824 688 1894 partibus
715 1838 838 1879 cunt
869 1821 1040 1878 multo
1079 1820 1268 1876 labore
1291 1819 1608 1890 pervenisse
1636 1816 1784 1885 (5'50)
1819 1799 1863 1856 Β
1895 1815 2160 1869 relaxare.
2189 1814 2430 1881 Quadam
2463 1815 2628 1887 igitur
2648 1816 2734 1871 die
2751 1817 2919 1886 coepit
2947 1817 3208 1887 paulatim
3233 1819 3480 1890 corporis

195 1915 405 1972 dicunt.
438 1913 590 1970 Tunc
640 1915 826 1985 itaque
863 1911 1094 1985 spiritali
1146 1925 1336 1966 omnes
1368 1909 1558 1980 repleti
1593 1909 1789 1978 gaudio

185 2009 587 2064 .benedicentes
607 2009 806 2073 Deum,
839 2007 1055 2077 .pariter
1080 2004 1288 2071 {cibum
1315 2011 1534 2056 sumunt
1561 2009 1618 2054 et
1657 2001 1790 2055 bea—

195 2109 315 2154 tum
338 2099 514 2154 virum
543 2116 642 2171 per
671 2099 1056 2154 revelationem
1091 2097 1198 2152 hoc
1235 2095 1454 2150 coalitus
1493 2093 1792 2164 agnovisse

195 2189 571 2246 indubitanter
594 2199 914 2264 agnoscunt.

741 2299 971 2358 CAPUT
1010 2297 1238 2354 LXVIII.

197 2391 284 2448 De
321 2392 462 2464 pisce
501 2393 591 2463 qui
617 2393 855 2447 inventus
885 2401 960 2446 est
991 2389 1268 2514 itcrat-etuti
1295 2389 1404 2444 rivo
1433 2388 1632 2443 meritis
1685 2385 1796 2440 Ro-

871 2479 1002 2514 mna
1063 2478 1103 2514 π.

871 2478 1103 2516 mtuum.

276 2552 521 2620 Quodam
577 2561 820 2624 tempore
865 2552 1122 2608 venitvir
1149 2548 1476 2606 venerabilis
1532 2547 1788 2618 Sytriam.

200 2643 309 2710 Qui
338 2660 460 2698 cum
491 2643 666 2699 adhuc
711 2641 928 2712 jejunus
955 2651 1119 2708 esset,
1147 2652 1202 2696 et
1249 2643 1452 2696 fratres
1476 2647 1534 2692 ut
1559 2649 1685 2709 pote
1739 2639 1794 2692 in

201 2737 400 2790 arduis
429 2737 700 2790 ntontibus
730 2737 956 2806 piscem,
990 2750 1152 2806 quem
1180 2735 1230 2790 ei
1285 2733 1354 2788 ad
1403 2731 1796 2787 comedendum

203 2837 566 2898 apponerent,
617 2843 722 2882 non
751 2830 1034 2892 haberent,
1067 2839 1354 2898 cmperunt
1411 2827 1556 2882 inter
1583 2841 1641 2880 se
1665 2841 1800 2896 quo-

201 2917 507 2971 dammo’do
535 2915 744 2972 confusi
769 2918 1116 2984 erubescere,
1147 2927 1202 2972 et
1221 2915 1350 2988 quid
1371 2931 1472 2986 pro
1497 2926 1606 2970 tam
1639 2931 1800 2972 vene-

199 3005 375 3061 rabili
403 3006 614 3076 hospite
643 3008 928 3078 acquirere
953 3009 1276 3078 potuissent,
1315 3009 1478 3063 anxie
1528 3008 1796 3080 cogitare.

187 3089 374 3152 ‘Tunc
403 3097 574 3151 frater
593 3097 834 3168 quidam,
887 3107 1016 3168 puto
1054 3099 1315 3153 divinitus
1355 3097 1673 3168 inspiratus,
1731 3097 1799 3152 ad

202 3188 421 3243 siccum
456 3204 592 3258 pene
620 3189 815 3256 rivum,
865 3191 956 3260 qui
1003 3191 1160 3262 juxta
1208 3189 1626 3260 praeterﬂuebat,
1671 3205 1797 3246 cum

200 3281 568 3337 festinatione
599 3284 863 3348 cucurrit,
893 3284 984 3338 ubi
1014 3283 1267 3338 nimirum
1290 3291 1345 3338 et
1367 3297 1518 3352 aqua:
1544 3283 1798 3352 exiguum

187 3371 364 3438 erat;
394 3373 558 3444 piscis
581 3387 708 3428 vero
733 3373 840 3428 illic
868 3376 1012 3430 visus
1038 3389 1314 3446 nunquam
1348 3375 1565 3442 penitus
1599 3371 1798 3428 fuerat.

197 3464 397 3535 Crepit
427 3465 607 3536 itaque
636 3465 802 3521 frater
827 3466 992 3521 Deum
1019 3467 1210 3522 devote
1241 3467 1556 3536 deposcere,
1599 3475 1658 3520 ut
1709 3466 1802 3536 qtti

197 3557 514 3636 Israelitico
551 3566 748 3630 pepulo
779 3575 973 3631 aquam
1001 3560 1178 3630 potuit
1205 3575 1269 3614 ex
1303 3559 1456 3614 arida
1489 3569 1640 3628 petra
1681 3573 1806 3628 pro-

191 3649 420 3705 ducere
442 3651 638 3721 (Num.
675 3669 835 3719 xxrx;
867 3649 1041 3706 Exod.
1071 3651 1238 3724 xvu),
1269 3653 1384 3722 ipse
1413 3651 1516 3706 sibi
1549 3651 1804 3722 dignare-

197 3751 303 3796 tur
331 3741 538 3810 piscem
571 3743 626 3796 in
656 3745 832 3798 arenti
864 3742 1036 3798 rivulo
1061 3744 1456 3798 demonstrare.
1505 3740 1804 3796 Confestim

199 3833 410 3904 igitur,
462 3834 626 3889 missa
673 3851 832 3890 manu
860 3837 912 3890 in
971 3836 1166 3907 exigua
1192 3834 1544 3906 aqua,&81
1601 3838 1806 3905 piscem

193 3925 450 3996 reperit,
505 3927 596 3996 qui
644 3927 802 3982 beato
834 3929 952 3982 viro
984 3928 1050 3982 ad
1075 3927 1422 3982 refectionem
1463 3929 1810 3982 abundanter

194 4017 471 4075 sufﬁcere
509 4019 700 4090 potuit.
755 4019 866 4073 Dco
910 4019 1118 4074 scilicet
1145 4033 1302 4074 servo
1349 4033 1446 4072 suo
1493 4018 1810 4088 providente

195 4115 558 4180 convivium,
589 4116 868 4170 inventum
897 4125 983 4172 est
1027 4117 1082 4170 in
1121 4131 1316 4172 saxoso
1337 4125 1394 4170 et
1421 4115 1574 4170 arido
1602 4125 1806 4181 monte,

194 4203 372 4260 velut
419 4203 472 4257 in
523 4205 736 4274 piscosa
765 4205 919 4267 valle,
969 4205 1256 4259 vivarium.
1313 4202 1419 4259 Sed
1443 4205 1568 4274 quia
1599 4205 1666 4260 de
1695 4207 1804 4258 vita

193 4295 364 4350 beati
413 4295 514 4348 viri
571 4295 707 4360 haec,
733 4311 849 4364 qua:
880 4296 1130 4350 nimirum
1159 4311 1326 4365 pauca
1354 4297 1420 4350 de
1461 4295 1644 4350 multis
1671 4296 1814 4350 dicta

193 4397 368 4454 sunt,
401 4384 645 4442 sufﬁcere
665 4387 953 4454 credimus,
967 4385 1083 4454 jam
1111 4387 1178 4440 ad
1209 4388 1491 4440 transitum
1513 4387 1812 4441 veniamus.

791 4479 1018 4534 CAPUT
1055 4478 1242 4534 LXIX.

659 4567 740 4622 De
795 4571 1022 4623 trtmsitu
1082 4567 1381 4622 Romualdi.

278 4659 398 4716 Vir
427 4659 661 4729 denique
675 4670 897 4716 sanctus
927 4677 1023 4731 per
1051 4662 1218 4715 multa
1251 4660 1356 4714 alia
1379 4661 1646 4716 habitavit
1668 4660 1809 4727 loca,

195 4754 400 4812 multa
453 4751 560 4806 alia
594 4753 862 4822 prmcipue
892 4768 924 4806 a
953 4751 1065 4808 suis
1093 4751 1372 4820 discipulis
1413 4766 1705 4820 perpessus
1729 4761 1816 4806 est

195 4846 392 4908 mala,
427 4843 584 4912 plura
613 4858 824 4912 quoque
877 4859 974 4914 per
1011 4857 1132 4898 eum
1180 4852 1310 4898 sunt
1348 4843 1488 4898 facta
1531 4843 1811 4908 miracula,

1890 1907 2092 1961 virtute
2120 1907 2342 1962 destitui
2387 1917 2443 1963 et
2477 1909 2765 1979 ingruente
2809 1909 3056 1966 molestia
3102 1912 3326 1981 gravius
3353 1913 3483 1968 fati-

1889 1999 2026 2068 guri.
2051 1998 2175 2054 Sole
2195 1999 2380 2070 itaque
2402 1998 2514 2068 jam
2533 2000 2598 2055 ad
2626 2017 2880 2057 occasum
2909 2013 3188 2074 vergente,
3217 2007 3479 2077 praecepit

1891 2089 2102 2144 duobus
2129 2089 2390 2146 fratribus
2419 2093 2510 2160 qui
2538 2093 2810 2157 astabant,
2842 2101 2901 2148 ut
2929 2094 3074 2150 foras
3103 2096 3337 2161 exirent,
3366 2096 3482 2152 cel-

1891 2177 2016 2234 lula:
2063 2189 2184 2249 post
2233 2195 2293 2235 se
2338 2179 2564 2250 januatn
2615 2181 2966 2249 clauderent;
2995 2183 3322 2239 celebraturi
3353 2199 3484 2240 vero

1891 2272 1994 2326 sibi
2019 2272 2314 2328 matutinos
2342 2274 2575 2344 hymnos
2613 2275 2682 2330 ad
2711 2290 2836 2330 eum
2886 2276 3121 2331 diluculo
3150 2287 3481 2334 remearent.

1893 2363 2136 2433 Cumque
2159 2363 2234 2418 illi
2256 2363 2322 2418 de
2347 2363 2464 2432 ejus
2491 2365 2597 2420 line
2625 2364 2840 2420 solliciti
2881 2367 3026 2422 velut
3057 2366 3213 2421 inviti
3243 2368 3480 2432 exirent,

1894 2471 2000 2510 non
2031 2456 2216 2510 statim
2250 2456 2316 2510 ad
2346 2457 2735 2535 quiescendum
2765 2465 3078 2528 properant,
3127 2457 3224 2514 sed
3253 2472 3320 2512 ne
3369 2473 3488 2512 nta-

1895 2549 2124 2618 gistrum
2167 2548 2320 2604 obire
2369 2550 2712 2620 contingeret
2761 2550 2928 2614 anxii,
2981 2550 3204 2621 pretiosi
3237 2551 3482 2606 thesauri

1896 2639 2162 2695 talentum
2217 2655 2380 2710 prope
2435 2640 2688 2696 cellulam
2739 2640 2976 2696 latentes
3027 2643 3343 2697 observant.
3375 2641 3487 2696 Ali-

1897 2731 2136 2800 quandiu
2163 2732 2326 2802 igitur
2351 2743 2778 2798 commorantes,
2803 2749 2927 2789 cum
2968 2735 3226 2804 deinceps
3250 2736 3489 2792 curiosis

1887 2824 2120 2892 auribus
2143 2824 2408 2880 attentius
2429 2824 2828 2889 auscultarent,
2857 2835 2912 2881 et
2934 2839 3110 2896 neque
3131 2835 3339 2881 motum
3363 2841 3484 2882 cor-

1897 2917 2066 2986 poris,
2101 2932 2274 2986 neque
2303 2932 2499 2972 sonum
2547 2918 2697 2974 vocis
2749 2919 3019 2984 audirent,
3047 2919 3156 2987 jant
3186 2921 3328 2990 quod
3360 2936 3488 2976 cve-

1901 3017 2056 3062 nerat
2111 3009 2377 3064 veraciter
2403 3009 2722 3079 opinantes,
2757 3011 2988 3080 impulsa
3011 3010 3194 3080 janua.
3229 3013 3493 3068 velociter

1904 3099 2136 3160 irruunt.
2166 3100 2346 3156 lumen
2379 3103 2706 3167 accendunt,
2735 3111 2791 3158 et
2813 3104 2969 3158 beata
3000 3103 3182 3159 anima
3209 3104 3258 3159 in
3288 3105 3489 3160 coelum

1902 3199 2082 3258 rapta,
2110 3191 2360 3261 supinum
2396 3192 2584 3261 jacere
2624 3202 2874 3248 sanctum
2923 3193 3156 3248 cadaver
3187 3194 3487 3248 inveniunt.

1901 3279 2124 3338 Iacebat
2149 3286 2332 3354 itaque
2363 3285 2512 3339 velut
2553 3287 2796 3356 neglecta
2848 3296 2976 3342 tunc
3005 3287 3248 3342 caelestis
3271 3303 3488 3358 marga-

1903 3373 2028 3436 rita,
2059 3373 2112 3427 in
2141 3375 2338 3427 summi
2369 3367 2711 3442 postmodum
2739 3374 2881 3445 regis
2905 3376 3158 3429 :erarium
3187 3375 3488 3432 honorifice

1903 3463 2236 3534 reponenda.
2267 3463 2531 3519 Nimirum
2561 3466 2652 3534 qui
2684 3467 2764 3520 sic
2790 3465 2943 3532 obiit,
2973 3475 3032 3519 ut
3057 3467 3326 3536 praedixit,
3359 3467 3492 3521 illuc

1906 3557 2160 3610 transivit
2196 3572 2303 3626 quo
2331 3557 2593 3627 speravit.
2637 3558 2786 3613 Vixit
2819 3565 3000 3613 autem
3027 3559 3114 3612 vir
3140 3557 3492 3614 beatissimus

1907 3659 2124 3705 centum
2153 3651 2342 3721 viginti
2373 3651 2538 3723 482
2570 3653 2748 3718 annis,
2767 3669 2833 3708 ex
2857 3654 3053 3722 quibus
3075 3655 3263 3724 viginti
3289 3671 3492 3724 expen-

1907 3742 1988 3796 dit
2027 3741 2078 3795 in
2127 3742 2345 3804 saeculo,
2375 3752 2486 3797 tres
2523 3743 2676 3797 duxit
2727 3743 2780 3798 in
2809 3746 3161 3808 monasterio,
3196 3747 3490 3818 nonaginta

1910 3840 2116 3900 septem
2147 3832 2199 3886 in
2229 3832 2511 3887 eremitico
2536 3833 2797 3902 transegit
2823 3835 3118 3902 proposito.
3147 3834 3298 3890 Nunc
3327 3837 3494 3905 igitur

1911 3923 2054 3978 inter
2081 3923 2230 3976 vivos
2261 3923 2500 3977 caelestis
2527 3923 2864 3978 Hierusalem
2914 3924 3120 3994 lapides
3151 3923 3500 3981 inell‘abiliter

1910 4015 2117 4080 rutilat,
2133 4031 2254 4071 cum
2277 4017 2464 4087 ignitis
2491 4017 2770 4072 beatorum
2795 4018 3077 4088 Spirituum
3107 4019 3298 4075 turmis
3317 4019 3500 4075 exsul-

1915 4115 2014 4172 tat,
2067 4108 2453 4163 candidissima
2509 4109 2642 4163 stola
2673 4109 3100 4166 immortalitatis
3146 4112 3410 4178 induitur,
3445 4122 3501 4167 et

1913 4200 1982 4254 ab
2009 4199 2126 4269 ipso
2151 4215 2277 4272 rege
2299 4217 2485 4273 regum
2513 4201 2762 4258 vibrante
2779 4203 2830 4257 in
2859 4214 3178 4273 perpetuum
3197 4203 3501 4260 diademate

1915 4303 2232 4348 coronatur.

2488 4389 2714 4444 CAPUT
2766 4388 2929 4442 LXX.

1837 4507 1890 4566 Β
1989 4474 2068 4530 De
2084 4477 2410 4531 damoniaco
2433 4495 2526 4546 per
2551 4477 2867 4546 particulam
2897 4475 3056 4530 ciz'icii
3082 4475 3194 4545 ejus
3216 4485 3422 4530 sanato.

1989 4565 2116 4620 Post
2144 4569 2572 4624 sacratissimum
2595 4577 2774 4622 autem
2796 4569 2896 4623 viri
2921 4567 3248 4623 venerabilis
3267 4567 3501 4634 obitum,

1919 4666 2120 4725 quanta
2153 4657 2534 4713 miraculorum
2559 4659 2706 4728 signa
2734 4675 2828 4729 per
2850 4674 2974 4714 cum
3015 4661 3155 4713 Deus
3184 4658 3506 4722 ostenderit,

1901 4751 2042 4820 ‘qttis
2067 4761 2272 4823 quaeret
2302 4761 2570 4809 transacta
2601 4753 2801 4822 legere,
2825 4765 2949 4808 cum
2985 4753 3305 4822 frequenter
3328 4750 3514 4806 vaieat

1920 4853 1972 4898 et
2003 4860 2139 4900 nova
2163 4844 2380 4900 videre?
2410 4845 2546 4914 Quia
2578 4845 2744 4914 igitur
2791 4861 2853 4899 ea
2884 4860 3014 4914 qua:
3041 4840 3182 4914 apud
3208 4839 3524 4908 sepulcrum

195 4952 335 5009 quae
365 4949 474 4988 nos
503 4933 814 4988 describere
843 4934 964 4988 ideo
991 4932 1476 5002 praetermittimus,
1527 4933 1654 5000 quia
1697 4931 1818 4986 lon-

195 5027 400 5102 gioris
432 5022 561 5093 styli
590 5022 958 5093 prolixitatem
991 5023 1250 5081 vitamus.
1273 5022 1405 5076 Post
1430 5032 1626 5077 cuncta
1653 5024 1818 5094 igitur

193 5116 638 5176 habitationum
686 5130 904 5171 suarum
947 5115 1082 5177 loca,
1141 5132 1264 5176 cum
1294 5111 1406 5180 jam
1457 5113 1620 5168 tinem
1659 5131 1818 5170 suum

195 5210 524 5268 immittere
583 5208 948 5276 cttnspiceret,
1006 5210 1221 5266 tandem
1299 5201 1364 5256 ad
1427 5205 1820 5259 monasterium

1922 4933 2038 5003 ejus
2083 4936 2236 4998 fiunt,
2287 4934 2556 4993 miracula
2588 4947 2738 4990 tanta
2765 4945 2910 5000 sunt.
2956 4949 3019 4996 ut
3047 4931 3245 4996 melius
3273 4937 3536 5001 putemus

1921 5041 2115 5086 cuncta
2145 5024 2361 5084 silentio
2387 5030 2674 5097 prmtet'ire
2714 5044 2877 5099 quam
2905 5045 3101 5098 pauca
3135 5038 3398 5086 narrare;
3433 5027 3551 5086 duo

1922 5119 2281 5185 solummodo,
2313 5133 2442 5187 qum
2477 5139 2570 5193 per
2613 5121 2862 5176 eumdem
2905 5118 3312 5186 beatissimum
3335 5116 3564 5176 confes-

1925 5227 2106 5269 sorem
2159 5212 2286 5268 alibi
2341 5210 2492 5268 facta
2545 5218 2688 5272 sunt,
2735 5211 2994 5273 sufﬁciat
3044 5207 3206 5274 nobis
3259 5217 3573 5271 exponere.
