3992 5322
505 164 680 237 ’1007

522 279 752 336 manicae
772 275 1113 349 praescissam
1138 290 1207 331 ex
1236 276 1380 331 beati
1406 274 1507 330 viri
1531 272 1711 330 cilicio
1740 273 1906 340 misit,
1931 283 1986 329 et
2003 275 2104 330 sub
2131 284 2180 339 Α

522 373 681 429 altari
737 367 1034 427 honoriﬁce
1088 367 1309 424 recondi
1361 367 1637 438 praecepit.
1695 366 1868 434 Quam
1926 373 2103 421 tamen

504 467 741 541 gerulus
767 463 868 521 sub
896 462 1078 529 altari,
1105 462 1248 518 sicut
1266 460 1453 532 jussus
1492 460 1684 524 fuerat,
1715 460 1983 515 collocare
2010 474 2105 515 ne-

508 558 710 632 ‘g’lexit,
744 557 842 613 sed
864 555 1084 611 missam
1110 553 1163 608 in
1207 554 1342 609 rima
1374 552 1601 624 parietis
1641 552 1862 607 incaute
1909 549 2104 605 dereli-

501 648 659 721 quit.
682 646 911 702 Factum
950 653 1035 701 est
1073 652 1260 716 postea
1291 650 1352 698 ut
1391 642 1758 698 dmmoniacus
1785 641 2002 712 quidam
2035 642 2103 698 ad

519 728 835 811 praedictam
863 737 1154 793 duceretur
1177 734 1485 791 ecclesiam.
1537 733 1783 805 Cumque
1823 742 2010 791 astans
2046 733 2101 788 in

519 829 733 894 medio,
761 828 868 883 huc
916 826 1151 897 illucque
1196 834 1383 881 rotans
1424 835 1607 895 caput,
1637 833 1832 879 cuncta
1865 823 2103 896 undique

504 904 985 990 circumspiCeret,
1036 916 1257 973 tandem
1304 924 1486 972 torvos
1514 916 1703 970 oculos
1730 916 1782 970 in
1812 916 1986 986 ipsum
2011 931 2102 986 pa—

517 1009 709 1065 rietem
737 1006 1055 1062 terribiliter
1076 1005 1245 1076 coepit
1288 1004 1534 1075 infigere,
1579 1013 1634 1059 et
1672 1004 1915 1058 intentus
1946 1002 2098 1068 illuc,

516 1099 609 1155 ubi
637 1099 814 1155 sancti
842 1098 1007 1153 cilicii
1032 1097 1253 1168 jacebat
1294 1095 1582 1167 particula,
1616 1093 1825 1150 crebris
1851 1110 1957 1149 nou
1984 1109 2104 1148 ces-

517 1190 676 1246 sabat
719 1189 947 1245 vocibus
997 1187 1304 1244 exclamare
1354 1204 1368 1241 :
1416 1186 1507 1242 Ille
1540 1202 1625 1243 me
1673 1186 1842 1259 ejicit,
1884 1184 1974 1241 ille
2015 1201 2100 1241 me

504 1279 698 1349 ejicit;
755 1287 813 1334 et
854 1279 928 1334 ita
958 1278 1225 1344 clamans,
1254 1277 1503 1348 protinus
1530 1277 1597 1331 ab
1625 1291 1691 1332 eo
1720 1274 1974 1346 expulsus
1995 1282 2097 1329 est.

496 1369 654 1426 .llinc
679 1385 812 1439 ergo
834 1368 960 1440 jure
986 1370 1363 1441 perpenditur,
1419 1367 1550 1439 quid
1604 1382 1703 1436 per
1747 1365 2099 1436 semetipsum

492 1463 659 1534 apud
680 1463 922 1518 divinam
943 1462 1290 1518 clementiam
1320 1462 1612 1532 impetrare
1638 1477 1743 1515 non
1768 1460 1957 1530 possit,
1974 1468 2101 1515 ante

492 1552 665 1624 cujus
704 1552 1084 1610 brevissimam
1147 1553 1457 1609 vestimenti
1510 1550 1830 1625 particulam
1887 1552 2095 1607 daemon

979 163 1038 221 S.
1078 162 1285 220 PETRI
1327 162 1605 220 DAMIANI
1646 161 1796 217 OPP.
1839 162 2018 219 PARS
2045 163 2178 221 εει]
2218 162 2542 221 TOMUSII.
2580 194 2652 205 —
2691 164 3117 223 SANCTORUM
3155 166 3360 225 VITAS.

3658 171 3795 228 ΙΟῢὸ

2760 274 2987 331 CAPUT
3032 276 3242 334 LXXII.

2241 364 2318 421 De
2373 381 2588 437 corpore
2645 363 2932 449 Romualdi
2989 385 3118 425 sano
3171 380 3286 441 post
3339 374 3757 444 quinquennium

2878 449 3105 493 invento.

2271 526 2403 583 Post
2430 525 2860 597 quinquennium
2886 543 3017 584 vero
3040 544 3071 584 a
3097 531 3271 587 sancti
3319 532 3421 587 viri
3451 534 3634 603 obitu,
3662 538 3790 596 data

2202 619 2489 674 monachis
2509 620 2577 675 ab
2601 620 2899 691 apostolica
2921 621 3049 677 sede
3077 622 3316 692 licentia,
3344 634 3404 680 ut
3429 643 3594 698 supra
3624 647 3789 688 vene-

2202 710 2376 766 rabile
2398 726 2598 783 corpus
2627 710 2745 781 ejus
2771 713 2946 769 altare
2990 725 3394 783 construerent,
3432 722 3545 777 Azo
3567 724 3788 793 quidam

2200 799 2371 856 frater
2394 802 2585 857 silvam
2629 804 2808 874 petiit,
2837 814 3108 882 quatenus
3154 809 3426 866 modicam
3456 829 3679 884 capsam
3709 816 3792 871 fa.

2202 899 2373 957 ceret,
2399 906 2520 962 qua:
2543 894 2719 949 sancti
2755 894 3085 952 confessoris
3107 912 3231 953 ossa
3279 908 3337 954 et
3366 901 3648 970 pulverem
3669 913 3784 961 tan-

2202 983 2481 1068 tummodo
2535 998 2731 1055 capere
2778 986 3063 1056 potuisset.
3116 986 3284 1045 Nocte
3324 991 3494 1063 igitur
3524 993 3781 1055 insecuta.

2202 1074 2494 1131 dormienti
2536 1075 2752 1132 cuidam
2783 1077 2939 1133 fratri
2993 1081 3323 1137 venerabilis
3360 1083 3585 1153 quidam
3624 1100 3782 1141 senex

2202 1169 2474 1238 apparuit,
2503 1185 2664 1239 quem
2707 1170 2956 1240 protinus
2999 1172 3365 1239 interrogans,
3417 1176 3536 1230 ait:
3570 1176 3669 1232 Ubi
3707 1187 3786 1233 est

2203 1257 2367 1327 hujus
2397 1260 2714 1314 monasterii
2744 1261 2932 1331 prior?
2961 1261 3114 1330 Quod
3138 1278 3264 1319 cum
3306 1264 3394 1320 ille
3417 1280 3478 1321 se
3521 1268 3665 1322 scire
3692 1284 3783 1323 ne-

2202 1355 2375 1418 garet,
2406 1347 2549 1403 illico
2575 1363 2743 1403 senex
2772 1348 2979 1406 addidit
3008 1365 3024 1406 :
3054 1351 3162 1407 Pro
3199 1352 3547 1421 fabricanda,
3590 1357 3781 1428 inquit,

2188 1444 2362 1509 eapsa
2397 1438 2478 1495 ire
2504 1440 2556 1495 in
2588 1440 2780 1495 silvam
2813 1442 3046 1509 studuit,
3077 1446 3171 1499 sed
3202 1445 3347 1525 beati
3372 1447 3473 1502 viri
3503 1464 3702 1519 corpus
3727 1453 3776 1504 in

2202 1535 2312 1584 tam
2339 1529 2595 1601 exiguum
2629 1532 2904 1586 vasculum
2932 1548 3039 1588 non
3070 1534 3321 1591 intrabit.
3367 1537 3597 1594 Postera
3628 1541 3783 1611 igitur

513 1620 661 1698 stare
688 1657 794 1698 non
818 1644 1029 1714 potuit;
1053 1651 1108 1698 et
1131 1643 1227 1714 qui
1270 1642 1396 1698 talia
1430 1620 1628 1698 absens
1679 1642 1919 1708 exhibet,
1965 1641 2097 1713 quid
2126 1625 2170 1685 Β
2198 1620 2286 1714 [lie
2320 1621 2490 1691 Ρτίονν
2521 1622 2845 1714 Αοοηὶιδοεῖίίι
2894 1638 3078 1695 θερεθο
3132 1629 3448 1693 "Wﬁlin".
3490 1640 3549 1686 ει
3602 1648 3721 1688 m0!
3752 1648 3779 1685 ξι

490 1750 612 1806 aper
638 1737 886 1807 corporis
911 1738 1255 1808 praesentiam
1284 1752 1394 1792 non
1423 1738 1678 1793 exercet?

720 1838 723 1839 ⁷
1071 1828 1302 1886 CAPUT
1339 1829 1526 1886 LXXI.

494 1922 588 1978 ~De
643 1922 845 1988 villico,
900 1924 992 1994 qui
1044 1939 1256 1978 vaccam
1316 1922 1517 1992 rapuit,
1574 1932 1621 1977 et
1662 1924 1842 1977 statim
1897 1924 2097 1979 exstin-

1181 2004 1294 2047 ειηδ
1321 2004 1417 2046 εει.

578 2084 698 2140 Alio
749 2099 966 2155 quoque
1015 2092 1259 2155 tempore
1306 2083 1458 2156 (352)
1511 2083 1820 2140 Castaldius
1874 2085 2096 2155 quidam

498 2174 855 2245 paupercula:
899 2175 1113 2231 mulieri
1166 2190 1391 2231 vaccam
1444 2175 1712 2231 violenter
1762 2175 2006 2241 abstulit,
2043 2184 2101 2230 et

426 2251 432 2257 ’
502 2280 627 2322 eam
658 2265 1052 2321 vociferantem
1098 2266 1393 2338 multisque
1414 2267 1671 2338 precibus
1717 2266 2097 2323 obsecrantem

506 2355 697 2412 audire
743 2357 1091 2427 contempsit.
1137 2357 1233 2412 llla
1288 2359 1555 2429 protinus.
1585 2374 1908 2425 aceurrens,
1960 2359 2096 2415 duos

502 2447 831 2519 gallinarum
860 2448 1036 2518 pullos
1064 2449 1132 2505 ad
1160 2448 1447 2505 ecclesiam
1500 2464 1664 2519 quam
1694 2464 1855 2520 supra
1885 2464 2093 2505 memo-

502 2538 1073 2606 ravimus,detulit,et
1095 2554 1190 2596 eos
1218 2555 1401 2596 secum
1434 2548 1559 2595 ante
1588 2540 1758 2595 altare
1774 2540 2093 2610 projiciens,

503 2629 815 2700 huiusmodi
842 2630 1025 2687 verbis
1066 2630 1307 2687 clamare
1332 2630 1586 2687 ﬂebiliter
1615 2632 1782 2702 coepit
1813 2650 1825 2686 :
1860 2630 1994 2687 Hem
2030 2632 2092 2689 S.

504 2721 833 2786 Romualde.
894 2722 1091 2778 exaudi
1151 2723 1430 2792 miseram,
1487 2737 1557 2779 ne
1611 2723 1882 2794 despicias
1937 2725 2097 2780 deso-

502 2812 693 2880 latam,
731 2822 788 2868 et
833 2813 1001 2871 redde
1046 2815 1180 2869 mihi
1208 2815 1646 2887 gubernatricem
1684 2830 1861 2872 meam
1892 2816 2093 2888 injuste

492 2902 669 2976 483
691 2903 981 2959 sublatam.
1012 2902 1146 2959 Mira
1179 2906 1295 2960 res!
1343 2905 1443 2962 Vix
1495 2906 1672 2960 adhuc
1714 2906 1929 2962 villicus
1964 2922 2090 2962 cum

2200 1710 2385 1777 fratre,
2442 1711 2533 1782 qui
2577 1712 2843 1768 visionem
2873 1715 3103 1781 viderat,
3147 1731 3268 1785 qua:
3313 1718 3464 1773 illum
3511 1736 3683 1776 causa
3721 1722 3781 1775 ad

2196 1802 2393 1858 silvam
2420 1803 2725 1869 invitasset,
2768 1804 3079 1876 inquiritur.
3123 1806 3277 1874 Quod
3324 1824 3449 1865 cum
3503 1811 3597 1866 ille
3644 1812 3783 1867 velut

2196 1895 2386 1950 labore
2412 1894 2657 1951 defessus
2683 1894 2868 1951 dicere
2911 1896 3195 1963 noluisset,
3227 1899 3371 1954 illico
3396 1898 3594 1967 frater,
3621 1911 3678 1957 et
3703 1903 3783 1957 sui

2197 2004 2418 2045 causam
2466 1989 2680 2045 itineris
2717 1990 2922 2057 retulit,
2951 1999 3006 2046 et
3034 1992 3179 2061 quod
3210 1992 3325 2063 ipse
3355 1993 3595 2061 viderat,
3625 2012 3785 2066 expo.

2198 2082 2376 2138 neudo
2398 2097 2496 2152 per
2510 2082 2754 2138 ordinem
2772 2097 2879 2137 nou
2896 2083 3109 2139 celavit.
3128 2084 3353 2141 Defosso
3369 2087 3541 2158 igitur
3560 2088 3782 2149 tumulo.

2198 2173 2270 2227 ita
2313 2174 2702 2245 propemodum
2751 2182 2926 2230 totum
2971 2177 3142 2231 sancti
3184 2178 3286 2233 viri
3331 2194 3535 2250 corpus
3590 2196 3779 2237 sanum

2199 2263 2577 2334 illibatumque
2623 2265 2924 2335 reperiunt,
2970 2266 3118 2322 velut
3159 2276 3286 2324 tunc
3314 2269 3521 2337 fuerat,
3552 2286 3678 2329 cum
3703 2287 3783 2328 se-

2198 2355 2429 2425 pultura:
2473 2355 2603 2410 illud
2656 2357 2911 2427 primitus
2959 2357 3323 2426 tradiderunt,
3370 2372 3609 2432 excepto
3645 2364 3779 2433 quod

2199 2448 2377 2503 tenuis
2414 2447 2663 2518 quaedam
2694 2447 2934 2503 mucoris
2983 2448 3182 2519 lanugo
3224 2451 3280 2504 in
3311 2452 3651 2521 quibusdam
3671 2452 3781 2523 ejus

2197 2541 2461 2598 membris
2481 2541 2793 2598 excrevisse
2809 2541 3113 2597 videbatur.
3130 2542 3352 2611 Rejecta
3379 2543 3553 2615 igitur
3574 2545 3779 2601 modica

2198 2648 2358 2704 capsa
2416 2648 2537 2703 quae
2583 2632 2726 2688 facta
2760 2631 2959 2699 fuerat,
3002 2632 3147 2688 illico
3175 2648 3273 2688 vas
3302 2642 3492 2704 aptum
3539 2635 3609 2689 ad
3639 2650 3780 2690 men-

2196 2739 2381 2780 suram
2406 2724 2553 2780 beati
2573 2724 2821 2795 corpnris
2851 2733 3185 2796 praeparant,
3201 2732 3258 2779 et
3286 2723 3351 2779 in"
3370 2740 3436 2779 eo
3464 2737 3779 2780 sanctarum

2195 2812 2547 2885 reliquiarum
2590 2814 2894 2883 patrocinia
2936 2814 3312 2881 recondentes,
3341 2815 3583 2886 desuper
3611 2815 3776 2870 altare

2196 2904 2516 2960 solemniter
2545 2913 2889 2961 consecrant.
2940 2903 3086 2961 Obiit
3112 2914 3293 2961 autem
3321 2906 3407 2960 vir
3433 2907 3777 2963 beatissimus

506 2975 623 3064 ipsa
656 2994 846 3064 rapina
876 2994 1026 3067 (555)
1062 3009 1092 3049 a
1122 2994 1285 3051 domo
1322 2995 1566 3051 mulieris
1607 2997 1839 3064 abierat,
1872 3006 1927 3053 et
1956 3012 2088 3053 con-
2118 2975 2166 3035 (ἶ
2194 2995 2530 3053 Romualdus
2544 2996 2759 3052 decimo
2774 2995 3307 3052 tertioKalendarum
3321 2996 3595 3051 Iuliarum
3610 2997 3774 3067 (554).

502 3087 661 3142 tinuo
686 3087 980 3144 emissione
1009 3087 1220 3159 sagitta:
1234 3100 1548 3159 percussus,
1573 3102 1796 3143 vaccam
1821 3088 1876 3143 in
1898 3089 2087 3167 eodem

504 3192 626 3234 ioco
660 3178 888 3241 dimisit.
938 3178 1135 3235 deinde
1186 3178 1406 3235 domum
1456 3178 1805 3250 perveniens,
1840 3179 2088 3251 protinus

502 3268 789 3339 expiravit.
1948 3284 1956 3289 ·

577 3407 728 3479 (552)
776 3406 891 3463 Hoc
930 3408 1164 3479 nomine
1213 3424 1244 3463 a
1291 3407 1662 3478 Longobartlis
1695 3408 1966 3475 villarum,
1989 3425 2086 3465 seu

503 3476 833 3547 praediorum
861 3476 946 3533 vel
970 3477 1210 3533 locorum
1239 3476 1496 3534 custodes
1535 3489 1590 3533 et
1612 3479 2085 3535 administratores

506 3549 945 3619 appellabantur;
979 3547 1112 3619 rimo
1164 3557 1219 3619 et
1272 3564 1378 3604 non
1426 3563 1552 3604 raro
1601 3549 1704 3619 ipsi
1760 3557 2084 3614 castrorum,

501 3617 719 3674 urbium
748 3626 802 3674 et
831 3617 1058 3689 alicujus
1108 3618 1276 3674 etiam
1317 3617 1881 3690 provinciae—prafecti
1913 3619 2087 3690 :Lege

504 3688 743 3745 Glossar.
775 3687 984 3745 Canait'.

576 3705 743 3743 osaar.
775 3705 984 3759 cangu.

576 3758 727 3831 (555)
756 3758 815 3831 ln
847 3758 1127 3831 Vaticano
1155 3759 1344 3815 codice
1392 3758 1472 3815 sic
1523 3758 1723 3831 legitur
1758 3774 1773 3813 :
1811 3758 1941 3831 Cum
1973 3759 2087 3829 ipsa

2194 3097 2458 3159 regnante
2479 3085 2710 3143 Domino
2735 3095 2922 3142 nostro
2936 3084 3064 3144 Iesu
3086 3087 3326 3153 Christo,
3352 3089 3448 3159 qui
3473 3105 3604 3145 cum
3626 3089 3776 3144 Patre

2194 3189 2251 3236 et
2296 3179 2504 3250 Spiritu
2555 3186 2748 3235 sancto
2796 3178 2931 3234 vivit
2986 3191 3043 3236 et
3095 3179 3361 3260 gloriatur
3409 3195 3515 3251 per
3573 3178 3776 3235 inﬁnita

2192 3271 2390 3328 saecula
2409 3271 2750 3328 saeculorum.
2781 3270 2979 3327 Amen.

2190 3409 2442 3464 continuo

2259 3479 2407 3552 (554)
2439 3479 2554 3560 Hae
2594 3479 2684 3560 die
2722 3479 2775 3533 in
2818 3479 3215 3560 Camalatulensi
3264 3479 3697 3561 congregatione
3722 3485 3774 3558 rt

2189 3550 2462 3605 nonnullis
2482 3558 2647 3619 etiam
2673 3565 2726 3602 Ill
2744 3549 2890 3619 locns
2916 3549 3026 3604 divi
3054 3549 3340 3604 Romualdt
3368 3551 3644 3619 lesuvrtas
3664 3564 3774 3619 agi-

2189 3629 2310 3685 tur;
2345 3634 2531 3675 verum
2561 3618 2630 3673 ab
2662 3618 2953 3674 universali
2969 3619 3208 3675 Ecclesia
3231 3620 3467 3688 septimo
3489 3618 3770 3673 Februarii

2189 3690 2417 3761 die.(qni
2450 3688 2822 3761 translationis
2851 3700 2933 3744 est
2978 3691 3224 3760 corporis
3251 3688 3665 3761 Saltoniualdi)
3688 3704 3775 3761 ce;

2191 3757 2451 3824 lebraiur,
2482 3773 2606 3812 cum
2638 3758 2738 3815 SS.
2764 3760 3011 3817 Gervasii
3037 3757 3092 3816 et
3110 3759 3341 3815 Protasii
3361 3757 3550 3815 ofﬁcio
3575 3757 3772 3816 die529

2507 3424 2771 3474 ercussus,
2794 3424 3026 3474 vaccam,
3049 3416 3157 3465 etc.

2488 3494 2554 3561 ac
2594 3479 2684 3560 die
2722 3479 2775 3561 in
2818 3478 3215 3561 Camalittilensi
3264 3478 3697 3561 congregatione
3722 3485 3776 3558 rt

502 3827 990 3897 rapina'emissione
1012 3829 1218 3900 sagiuw
1243 3848 1276 3884 a
1297 3830 1452 3884 domo
1492 3827 1727 3884 mulieris
1781 3827 2002 3895 abierat,
2026 3838 2075 3883 et
2180 3827 2325 3885 Junii
2353 3827 2718 3897 sitimpedita.

506 4010 3739 4045 W

1164 4199 1556 4334 VITA
1650 4199 2213 4332 SANCTI
2308 4203 3114 4335 RODULPHI

1785 4437 2087 4496 EPISCOPI
2127 4436 2455 4495 EUGUBlNl

2076 4608 2145 4647 ετ

1230 4726 1233 4727 έ
1304 4772 1431 4929 δε
1517 4738 2980 4887 ΒΟΜΙΝΙρΓΙλΟΒΙΟΑΤΙ.

975 4992 1185 5072 (Anno
1214 4990 1450 5053 Christi
1486 4989 1644 5053 1063
1701 4990 1780 5050 26
1822 4988 2023 5050 Junii.
2053 5024 2095 5033 —

2213 5002 2342 5049 nno
2371 4986 2609 5053 Christi
2645 4990 2824 5064 1062,
2859 4993 2888 5052 1
2928 4990 3274 5057 Octobris.i

1769 5153 1922 5217 Cum
1953 5157 2249 5234 anonymi
2278 5158 2469 5219 notis.
