3992 5322
259 307 282 361 i
292 309 396 364 0J9

1123 307 1286 363 VITA
1314 307 1434 394 βε.
1469 304 1818 364 RODULPHI
1864 305 1947 358 ΕΤ
1985 305 2289 365 ΒΟΜΙΝΙΟΙ
2326 310 2668 368 ιοΒιεΑτι.

3394 319 3530 375 1010

227 437 238 444 θ
333 417 569 503 Scribit
606 420 806 503 igitur
841 436 1064 503 mores,
1096 420 1304 503 sitqui
1345 429 1397 479 et
1435 419 1823 503 sanctissima
1857 427 2027 503 gesta
2062 419 2382 503 Rodulphi
2420 423 2700 502 episcopi
2727 423 3050 503 Eugubim'
3073 473 3090 500 ,
3125 436 3178 488 et
3215 431 3531 495 Dominiei

335 496 650 588 Loricam?
679 501 814 560 Ilo:
841 498 1156 588 proxumis
1181 496 1395 559 diebus
1427 496 1584 588 diem
1605 517 1783 588 suum
1809 496 2043 588 obriisse
2073 496 2559 588 certior/artus
2580 496 2734 588 erat,
2769 496 2932 564 et'ca:
2976 496 3306 588 utriusque
3337 511 3532 572 inter-

339 577 438 668 itu
470 595 596 637 non
628 596 855 670 parum
889 577 1596 670 molestiwﬂerceperat.
1667 579 1750 638 De
1794 577 1977 670 Retro
2011 577 2603 670 quoqueﬂodulphi
2636 584 2873 670 (rutro,
2895 592 2948 670 et
2981 584 3126 670 aliis
3162 577 3555 651 nionasterii-

337 655 438 717 sui
472 655 814 730 monachis,
858 656 1002 719 vitae
1030 655 1364 718 sanctitate
1390 674 1460 716 ac
1493 657 1963 719 conversatione
1991 655 2426 734 cElebbrrimis,
2458 655 2750 723 nonnihil
2785 663 3067 743 attingit.

855 818 1242 878 PROLOGUS.

330 913 538 969 Domno
567 911 898 966 Acsxtsnno
925 913 1244 967 beatissimo
1282 926 1434 972 pana:
1476 910 1694 968 Penus
1715 926 1841 982 pec-

253 1012 409 1060 cator
430 1005 728 1059 monachus
746 1004 1088 1060 servitutem.

325 1092 586 1164 Prarcepit
615 1093 746 1148 mihi
776 1093 1056 1148 beatitudo
1082 1102 1194 1157 tua,
1217 1092 1548 1147 venerabilis
1580 1102 1759 1162 pater,
1782 1100 1840 1147 ut

254 1203 530 1255 nunquam
583 1187 679 1242 tibi
738 1187 950 1242 litteras
977 1186 1270 1251 mitterem,
1305 1201 1428 1256 quae
1456 1185 1574 1240 leve
1601 1183 1753 1255 quid,
1785 1193 1841 1240 et

251 1279 526 1334 oblivione
578 1280 820 1349 dignum,
867 1294 933 1333 ac
987 1278 1241 1334 frivolum
1287 1278 1662 1343 continerent;
1703 1293 1841 1347 quas

255 1370 488 1436 scilicet,
545 1387 667 1426 mox
725 1379 784 1424 ut
841 1371 1018 1427 lcctor
1071 1369 1428 1426 transiliendo
1480 1369 1837 1439 percurrerit,

253 1464 391 1519 edax
412 1464 627 1519 ﬂamma
659 1463 964 1530 consumit;
1011 1463 1105 1519 sed
1137 1462 1242 1518 tale
1271 1463 1367 1518 tibi
1395 1477 1610 1533 semper
1635 1461 1839 1532 aliquid

251 1557 586 1623 scriberem,
639 1555 781 1624 quod
836 1563 892 1611 et
941 1554 1008 1609 ad
1066 1554 1484 1610 aedificationem
1545 1553 1837 1624 legentium

254 1649 477 1716 suscipi,
511 1655 566 1702 et
606 1647 748 1701 inter
791 1646 1093 1715 scripturas
1142 1653 1452 1700 mereretur
1497 1644 1841 1698 authenticos

256 1739 544 1794 reservari.
580 1738 734 1794 Unde
756 1738 906 1792 Patri
935 1737 1196 1792 luminum
1220 1737 1443 1807 agendae
1475 1745 1602 1792 sunt
1624 1737 1836 1806 gratiae,

254 1831 343 1900 qui
377 1830 676 1886 sacrarium
706 1831 780 1884 tui
807 1831 1042 1898 pectoris
1093 1830 1196 1885 hoc
1240 1830 1364 1900 igne
1390 1829 1475 1885 sui
1513 1829 1716 1884 amoris
1749 1845 1842 1883 ac-

251 1920 456 1985 cendit,
481 1930 541 1975 ut
569 1931 624 1977 et
668 1923 722 1975 in
754 1922 1102 1990 antiquorum
1141 1920 1364 1975 Patrum
1397 1921 1592 1976 studiis
1637 1921 1840 1990 jugiter

254 2011 600 2081 requiescas;
629 2021 685 2067 et
731 2012 974 2082 insuper,
1007 2013 1051 2067 si
1101 2012 1193 2082 qui
1223 2013 1319 2067 tibi
1349 2012 1601 2066 videntur
1635 2010 1837 2076 idonei,

249 2103 320 2158 ad
348 2103 696 2160 scribendum
719 2120 813 2160 eos
836 2118 1134 2173 provocare
1156 2120 1261 2159 non
1291 2103 1552 2175 negligas.

1870 826 1920 886 Α
1949 832 2054 890 que
2112 823 2552 894 redargutionum
2603 834 2766 896 atque
2826 830 3227 900 correptionum
3286 832 3550 904 longiora.

1941 912 2170 984 flagella,
2202 923 2454 985 tanquam
2485 918 2782 987 quaestione
2824 921 3037 989 pulsato
3087 925 3411 980 sententiam
3445 928 3530 982 iu—

1940 1003 2142 1068 ferens,
2187 1019 2285 1075 per
2332 1007 2691 1079 quadraginta
2737 1011 2852 1065 dies
2900 1009 3052 1066 illum
3089 1011 3216 1067 vino
3253 1015 3530 1072 abstinere

1938 1095 2193 1164 praecepi,
2221 1105 2277 1151 et
2305 1107 2484 1153 tamen
2513 1099 2841 1166 intentione,
2867 1110 2925 1156 ut
2945 1110 3153 1158 tantum
3188 1105 3256 1160 ad
3293 1121 3532 1175 praesens

1942 1187 2090 1241 illum
2119 1203 2242 1242 cum
2269 1189 2482 1244 caeteris
2529 1191 2598 1245 ab
2641 1190 2873 1247 incautis
2917 1195 3258 1251 sermonibus
3289 1197 3532 1254 deterre-

1940 1291 2077 1341 rem,
2117 1278 2461 1347 postmodum
2502 1294 2634 1334 vero
2681 1282 3008 1338 sententiam
3043 1285 3293 1342 discretae
3340 1289 3533 1344 remis-

1941 1367 2111 1452 sionis
2137 1367 2506 1425 moderamine
2528 1378 2909 1440 temperarem.
2944 1372 3050 1428 Sed
3081 1389 3204 1429 cum
3236 1392 3322 1431 me
3351 1377 3530 1431 conti-

1939 1460 2107 1530 gisset
2141 1459 2369 1516 diversis
2417 1461 2681 1516 intentum
2727 1479 2849 1519 esse
2896 1465 3149 1534 negotiis,
3197 1481 3375 1538 neque
3425 1468 3532 1524 hoc

1941 1553 2071 1610 mihi
2121 1553 2349 1622 quilibet
2396 1553 2450 1607 in
2499 1556 2818 1609 memoriam
2850 1566 3178 1621 revocasset,
3210 1556 3530 1628 elapsojam

1939 1644 2254 1713 praescripto
2283 1643 2494 1698 dierum
2536 1643 2766 1709 circulo,
2818 1645 3035 1700 tandem
3085 1649 3403 1702 recordatus
3431 1663 3529 1702 ex-

1939 1733 2084 1802 pavi,
2111 1742 2164 1787 et
2194 1733 2322 1804 quid
2348 1749 2413 1789 ex
2441 1734 2679 1802 injuncta
2704 1736 2804 1791 sibi
2836 1735 3359 1806 poenitentiaPetrus
3387 1739 3534 1809 egis-

1941 1834 2023 1879 set
2054 1826 2323 1879 attonitus
2347 1827 2638 1896 exquisivi.
2671 1825 2927 1881 Fratrum
2963 1829 3145 1897 itaque
3176 1830 3534 1885 relationibus

1940 1914 2104 1969 didici
2140 1917 2515 1986 paenitentiam
2547 1931 2669 1972 esse
2697 1926 2996 1987 peractam.
3029 1919 3308 1987 Pwnituit,
3335 1921 3532 1986 fateor,

1938 2007 2163 2078 prolata:
2193 2011 2495 2074 sententiae,
2529 2011 2622 2066 sed
2654 2011 2896 2082 gaudens
2926 2012 3224 2066 admiratus
3258 2028 3377 2067 sum
3408 2022 3527 2067 tan-

1944 2109 2053 2154 tam
2083 2101 2456 2170 paenitentiam
2503 2101 2690 2156 fratris
2732 2110 2791 2157 ut
2819 2118 2916 2172 pro
2947 2118 3054 2157 uno
3098 2103 3213 2158 solo
3242 2103 3409 2160 verbo
3450 2103 3532 2157 iu-

321 2195 366 2248 Δ
411 2195 564 2249 vobis
607 2195 791 2265 itaque
829 2211 1002 2264 nuper
1041 2211 1317 2266 egressus,
1351 2211 1475 2250 cum
1512 2193 1839 2250 Florentius:
1867 2183 1914 2243 Β
1943 2192 2186 2248 consulte
2210 2192 2418 2264 prolato
2445 2201 2554 2248 tam
2597 2193 2810 2265 longam
2859 2194 3232 2264 pwttilentiam
3262 2194 3564 2265 prmtulis»

250 2283 404 2339 urbis
449 2284 652 2340 mmnia
700 2285 864 2352 subii,
910 2285 1136 2340 nuntius
1179 2286 1309 2341 mihi
1359 2301 1481 2340 mox
1525 2286 1840 2354 repentinus

247 2375 512 2441 accurrit,
533 2375 626 2446 qui
660 2376 792 2431 mihi
823 2377 967 2432 diem
1003 2377 1240 2432 medium
1289 2379 1342 2432 in
1379 2376 1632 2435 tenebras
1654 2378 1840 2444 vertit,

245 2460 601 2536 amniumque
651 2482 898 2522 meorum
945 2468 1216 2524 viscerum
1269 2484 1432 2524 venas
1487 2469 1840 2524 amarissima:

248 2558 533 2630 legationis
554 2561 678 2617 lelle
707 2562 1033 2632 complevit;
1061 2563 1376 2634 episcopum
1419 2563 1628 2619 scilicet
1654 2563 1839 2634 Eugu-

245 2655 435 2709 binum
466 2669 588 2710 esse
613 2655 952 2721 defunctum,
975 2657 1134 2725 cujus
1174 2657 1364 2726 utique
1393 2655 1757 2722 conversatio,
1790 2655 1839 2712 si

245 2745 526 2812 remiitur,
553 2763 660 2802 non
690 2747 1044 2804 mediocriter
1070 2748 1342 2803 aadilicare
1388 2747 1588 2818 poterit
1614 2747 1840 2803 audien-

246 2845 350 2891 tes.
400 2835 559 2892 Valet
605 2838 750 2892 enim
781 2847 837 2893 et
877 2839 945 2892 ad
995 2838 1402 2908 exprimendam
1442 2846 1592 2893 recte
1620 2837 1837 2892 vivendi

245 2928 519 2994 formam,
576 2937 632 2982 et
679 2929 747 2983 ad
796 2928 1161 2983 adhibendam
1210 2927 1551 2998 corrigendis
1595 2926 1840 2980 moribus

245 3021 613 3090 disciplinam.
661 3021 797 3075 Nam
829 3031 955 3077 aute
1007 3022 1122 3077 fere
1173 3021 1519 3090 septeuuium
1571 3018 1662 3074 ille
1711 3033 1836 3074 cum

245 3121 420 3170 matre
447 3123 505 3167 et
549 3113 696 3184 (555)
744 3114 955 3170 duobus
985 3113 1248 3169 fratribus
1274 3129 1333 3168 se
1355 3115 1630 3184 paulisper
1679 3121 1837 3167 aetate

242 3205 698 3276 pmcedentibus,
744 3207 920 3260 servis
975 3205 1242 3260 duntaxat
1299 3205 1552 3260 libertate
1599 3204 1835 3269 donatis,

243 3304 486 3350 castrqu
535 3312 692 3350 suum
729 3298 860 3351 mihi
906 3297 1313 3367 inexpugnabili
1346 3297 1647 3350 munitione
1668 3295 1838 3349 valla-

246 3398 357 3442 tum
380 3405 502 3443 cum
529 3390 804 3453 omnibus,
836 3405 956 3461 qua:
980 3390 1060 3444 sui
1080 3389 1222 3457 juris
1250 3397 1428 3454 erant,
1459 3389 1676 3458 przcdiis
1701 3404 1832 3442 con-

244 3478 387 3546 tulit,
420 3491 585 3550 atque
609 3481 677 3534 ad
699 3496 943 3536 cremum
975 3481 1222 3546 veniens,
1253 3480 1496 3535 habitum
1518 3479 1834 3535 monastica:

243 3571 601 3642 professionis
631 3573 803 3644 (536).

743 3665 972 3722 CAPUT
1037 3665 1324 3722 PRIMUM.

601 3755 664 3814 S.
715 3756 1027 3826 Rodulpltus
1064 3757 1124 3826 ﬁt
1163 3757 1473 3812 monac/tus.

310 3849 699 3905 Monasterium
753 3850 914 3918 plane
963 3850 1016 3906 in
1075 3865 1265 3905 eorum
1309 3849 1655 3920 possessione
1703 3863 1833 3904 con-

241 3941 554 4002 struximus,
581 3941 648 3996 de
670 3941 827 4010 cujus
857 3957 1000 3994 nunc
1050 3949 1238 3994 sancto
1277 3950 1548 3995 conventu
1572 3938 1831 4011 regulari-

240 4038 322 4084 ter
350 4031 652 4093 victitante,
678 4032 814 4085 satis
839 4031 890 4084 in
913 4031 1140 4085 Domino
1155 4030 1516 4100 gratulamur,
1539 4031 1630 4085 ubi
1655 4040 1830 4084 matre

237 4127 293 4174 et
318 4121 510 4184 fratre,
543 4121 635 4191 qui
669 4121 935 4177 inﬁrmior
960 4132 1063 4186 est,
1109 4121 1443 4186 constitutis,
1489 4121 1591 4176 iste
1621 4121 1825 4176 llodul-

240 4213 401 4281 phus,
424 4213 514 4284 qui
533 4214 874 4284 postmodum
901 4215 966 4269 ad
993 4214 1338 4284 episcopatus
1365 4213 1580 4268 culmen
1603 4223 1828 4268 evectus

236 4314 342 4372 est,
383 4315 437 4359 et
488 4305 682 4361 Petrus
735 4308 1131 4376 primogenitus
1164 4306 1354 4371 frater,
1387 4305 1724 4361 eremiticam
1749 4305 1828 4359 vi-

239 4403 349 4450 tam
376 4395 541 4469 485
574 4407 684 4452 tam
711 4398 1075 4463 continenter,
1105 4407 1215 4452 tam
1245 4397 1493 4452 districto
1523 4397 1824 4459 duxerunt;

236 4495 298 4541 ut
321 4499 377 4541 et
407 4491 749 4546 audientibus
782 4490 1102 4560 prmdicavet
1143 4505 1237 4545 eos
1267 4489 1408 4543 fama
1439 4489 1734 4553 mirabiles,
1773 4501 1828 4544 et

235 4579 649 4635 conviventibus
678 4582 786 4634 vita
837 4589 1167 4635 monstraret
1207 4579 1462 4650 insignes.
1513 4579 1656 4633 Sane
1689 4578 1732 4632 si
1760 4579 1826 4632 de

233 4668 399 4726 Petro
439 4671 630 4727 vellem
663 4684 858 4729 cuncta
909 4673 1114 4728 referre
1149 4689 1268 4742 qua:
1319 4680 1631 4742 suppetunt,
1675 4670 1826 4742 prius

235 4762 496 4818 schedula
520 4761 770 4818 fortassis
801 4764 902 4818 ista
936 4763 1192 4818 deficeret
1235 4779 1358 4816 cum
1407 4762 1582 4818 adhuc
1612 4761 1822 4818 dicendi

236 4857 466 4910 materia
503 4865 831 4925 superesset.
870 4856 1002 4910 Nam
1037 4866 1095 4909 ut
1140 4872 1170 4910 e
1219 4855 1401 4910 multis
1435 4871 1600 4910 unum
1631 4853 1822 4910 saltem

234 4945 472 5001 breviter
500 4946 749 5010 referam,
770 4947 899 5000 dum
928 4945 978 4998 in
1006 4943 1244 5015 capitulo
1269 4944 1700 5006 consideremus,
1730 4943 1829 4998 ali-

235 5041 455 5108 quando
491 5039 558 5092 de
600 5038 901 5112 disciplinis
948 5036 1286 5107 regularibus
1316 5034 1681 5104 disputantes,
1713 5036 1826 5099 ille,

231 5141 288 5185 ut
332 5138 456 5185 erat
504 5128 754 5197 novitius,
809 5143 970 5180 unum
1021 5144 1083 5182 ex
1133 5123 1383 5181 saeculari
1434 5129 1830 5186 consuetudine

227 5222 596 5277 inordinatum
641 5220 868 5291 protulit
918 5219 1162 5274 verbum.
1208 5215 1362 5270 Tunc
1408 5231 1510 5288 ego
1549 5224 1693 5280 velut
1745 5223 1826 5279 ira

1941 2297 2046 2352 set,
2077 2298 2132 2342 et
2160 2303 2336 2358 neque
2364 2305 2464 2360 per
2508 2305 2567 2345 se
2623 2305 2799 2360 neque
2829 2305 2927 2360 per
2970 2291 3110 2347 alios
3140 2291 3565 2364 indulgentiam-

1941 2379 2292 2452 postulasset.

2563 2475 2793 2532 CAPUT
2833 2475 2897 2532 ll.

1941 2565 2002 2622 S.
2027 2565 2338 2638 Rodulpltus
2381 2567 2513 2622 nihil
2561 2570 2639 2650 de.
2669 2571 2844 2639 rigore
2885 2570 3174 2625 monastico
3227 2571 3438 2642 deponit
3479 2572 3533 2626 in

2558 2650 2882 2710 episcopatu.

2011 2748 2166 2804 Nunc
2191 2749 2357 2820 igitur
2382 2751 2451 2806 ad
2480 2750 2815 2821 episcopum,
2843 2766 2873 2805 a
2923 2767 3030 2822 quo
3061 2761 3324 2822 coeperat,
3352 2767 3534 2809 sermo

1939 2848 2210 2894 recurrat.
2235 2839 2495 2906 Quamvis
2525 2841 2670 2895 enim
2700 2839 2896 2896 Petrus
2925 2841 3090 2908 idem,
3119 2850 3178 2896 ut
3210 2840 3386 2911 major
3410 2852 3530 2898 erat

1938 2941 2119 2996 aetate,
2151 2932 2504 2988 nihilominus
2539 2933 2705 2986 etiam
2748 2933 2801 2986 in
2844 2933 3000 2988 ardui
3057 2935 3317 3004 propositi
3377 2943 3432 2990 et
3459 2935 3534 2988 di-

1939 3023 2145 3078 stricta:
2170 3024 2297 3078 vita:
2326 3037 2540 3092 semper
2565 3023 2898 3094 praecederet
2917 3024 3134 3090 itinere,
3157 3023 3246 3079 hic
3272 3033 3450 3079 tamen
3466 3027 3534 3080 ad

1938 3115 2287 3170 sacerdotalis
2302 3115 2462 3171 omcii
2480 3116 2603 3184 jura
2627 3123 2926 3185 promotus,
2948 3115 3091 3186 quod
3115 3115 3168 3169 in
3192 3131 3375 3170 eremo
3397 3117 3532 3170 didi-

1939 3209 2016 3262 cit
2063 3209 2114 3262 in
2145 3206 2387 3263 Ecclesia
2422 3224 2528 3263 non
2575 3208 2780 3263 omisit.
2814 3208 3029 3262 Eisdem
3079 3209 3275 3278 quippe
3317 3209 3534 3263 terebat

1939 3312 2156 3367 semper
2224 3299 2466 3353 membra
2514 3297 2746 3362 ciliciis,
2803 3297 3008 3352 eisdem
3074 3305 3362 3354 contentus
3409 3309 3531 3354 erat

1938 3391 2246 3461 perexiguis
2276 3389 2564 3445 admodum
2618 3404 2685 3442 ac
2731 3386 3149 3457 despicabilibus
3176 3387 3526 3444 indumentis.

1940 3481 2105 3538 Plane
2131 3483 2255 3536 dum
2282 3481 2536 3552 juvenilis
2563 3480 2741 3535 anatis
2771 3480 3055 3550 ingruente
3085 3488 3277 3536 natura
3321 3481 3530 3552 gravis:

1861 3539 1905 3602 ε
1939 3574 2130 3627 simam
2159 3587 2299 3642 smpe
2323 3579 2603 3641 pateretur
2640 3570 2903 3632 acediam,
2939 3569 3284 3640 laquearibus
3323 3572 3529 3628 cellulae

1937 3661 2206 3717 funiculos
2234 3661 2567 3727 iuueetebat,
2596 3661 2783 3730 sicque
2810 3660 2951 3715 ulnis
2977 3661 3198 3716 insertis
3213 3663 3524 3730 psalmodize

1932 3753 2116 3807 studio
2161 3751 2424 3822 pendulus
2461 3752 2768 3806 insistebat.
2817 3749 3103 3821 Nunquam
3162 3753 3342 3823 adipe,
3381 3770 3525 3809 nuu-

1933 3861 2094 3916 quam
2143 3845 2282 3911 ovis,
2319 3845 2406 3899 vel
2463 3860 2624 3899 caseo
2652 3844 2996 3899 vescebatur.
3031 3844 3084 3897 In
3132 3845 3339 3900 eisdem
3395 3861 3550 3900 vero,

1931 3953 2052 4010 quze
2075 3935 2485 4006 opponebantur
2511 3933 2708 3989 eduliis
2751 3933 3057 3995 continens.
3101 3932 3526 4004 eumjfrugalitas

1929 4028 2232 4092 cruciabat,
2266 4036 2324 4081 ut
2349 4024 2694 4082 discumbens
2721 4040 2828 4079 non
2860 4033 2968 4078 tam
2996 4039 3056 4080 se
3084 4024 3334 4080 reticeret
3357 4041 3520 4095 quam

1930 4129 2188 4186 certaret,
2238 4129 2294 4175 et
2340 4119 2660 4174 intestinum
2701 4119 2878 4188 potius
2922 4128 3068 4174 esset
3115 4117 3252 4188 gulze
3298 4117 3524 4178 bellum.

1929 4213 2071 4282 quod
2102 4213 2445 4268 extrinsecus
2489 4210 2775 4266 videbatur
2821 4225 2942 4265 esse
2989 4211 3319 4265 convivium.
3364 4210 3523 4277 Saepe

1929 4303 2164 4373 pugnavi
2218 4310 2275 4356 ut
2311 4301 2503 4356 saltem
2537 4301 2592 4355 in
2637 4299 2852 4354 hiemali
2899 4298 3241 4352 inclementia
3273 4297 3516 4365 frigoris,

1929 4406 2024 4450 aut
2048 4395 2324 4466 papyriua:
2348 4393 2448 4448 sibi
2474 4402 2668 4448 storem
2697 4400 2995 4445 stramenta
3045 4398 3395 4459 supponeret,
3431 4399 3533 4446 aut

1931 4487 2156 4541 ve5titus
2183 4485 2376 4539 saltem
2408 4492 2566 4538 nocte
2595 4482 2880 4536 dormiret.
2927 4481 2997 4536 At
3024 4481 3114 4535 ille
3137 4481 3192 4534 in
3218 4480 3365 4536 nuda
3393 4481 3500 4552 ligr

1930 4577 2110 4630 tabula
2151 4577 2351 4640 nudus,
2379 4575 2492 4630 sola
2517 4582 2804 4629 contentus
2835 4573 3064 4628 interula
3097 4573 3400 4628 cubitabat.
3435 4574 3460 4626 1ί

1927 4669 2148 4724 clesiam
2178 4682 2340 4737 porro
2362 4667 2657 4737 deputabat
2678 4665 3313 4736 hospitium,solitudi_nis
3344 4653 3473 4738 au‘.“

1928 4760 2174 4815 cellulam
2229 4757 2594 4813 habitaculum
2645 4758 2994 4813 decernebat.
3038 4756 3302 4812 lncouditi
3364 4745 3481 4800 οων

1930 4852 2052 4907 dem
2079 4864 2258 4904 mores
2284 4849 2489 4920 populi,
2521 4857 2577 4905 et
2599 4843 3019 4914 iudiscipliuata:
3040 4846 3338 4910 cervices,‘
3369 4819 3493 4922 ‘9.“
3527 4895 3538 4906 ,

1925 4943 2116 5017 iugum
2145 4939 2360 5010 (Maltlt-
2406 4942 2510 5011 XI).
2577 4937 2782 4994 Domini
2826 4951 3172 5009 nequaquam
3213 4920 3504 5017 si‘Pauc‘

1931 5012 2133 5093 bantur
2163 5031 2397 5102 imponi;
2435 5038 2541 5094 sed
2576 5029 2890 5086 muneribus
2922 5028 3152 5089 terrenis
3179 5012 3368 5080 ίιγιῖιι.
3405 5022 3524 5063 neu

1931 5145 2000 5187 ex
2028 5143 2122 5184 ore
2153 5124 2421 5194 pontificis
2461 5126 2572 5185 Dei
2603 5123 2787 5182 verbo.
2818 5125 2922 5178 sed
2975 5121 3142 5198 486
3187 5110 3431 5198 ι-ιξίιιιοιη
3461 5102 3534 5198 tle

1934 5222 2186 5278 manibus
2211 5216 2477 5287 praesidis,
2538 5213 2834 5276 commodis
2886 5217 3164 5274 ξηιιίηιηη,
3195 5190 3537 5322 Ηῖορρηῖῐη

2034 5316 2043 5322 ’
2370 5308 2382 5320 ⁸
2464 5311 2479 5322 ⁵
2648 5307 2680 5322 ἰ
2744 5320 2748 5322 -
2789 5302 2883 5322 -¹·-
3013 5310 3046 5322 ι·
3090 5300 3170 5322 hic
3229 5295 3258 5322 ἢ
3367 5294 3537 5322 .nnln.

2034 5316 2043 5322 .
2370 5308 2382 5320 ι
2464 5311 2479 5322 .
2648 5307 2680 5322 ο.
2744 5320 2748 5322 ,
2789 5302 2883 5322 _|-_
3013 5310 3046 5322 ι.
3090 5300 3170 5322 one
3229 5294 3292 5322 0.0
3329 5294 3550 5322 unum-
