3992 5322
479 354 611 436 tott
938 358 994 413 s.
1037 357 1238 415 rem
1274 362 1554 429 nanum
1585 362 1937 427 OPPJ’ARS
1973 365 2054 421 se

2159 366 2368 425 fOllUS
2405 366 2467 422 11.
2507 365 3020 425 -ΞΔΝΟῙΟΒΗΜ
3058 364 3273 429 VthE.
3598 365 3745 422 1⁷012

473 468 587 524 sius
615 473 881 524 exuberat
903 469 1071 523 vitiis.
1097 470 1366 541 Absegeno
1407 470 1672 540 siquidem
1717 470 2057 526 denominari
2086 480 2135 536 Α
2161 472 2299 528 bene
2326 474 2581 545 prodigus
2607 475 2659 530 in
2689 490 2955 547 pauperes
2994 475 3354 547 dispergebat.
3384 478 3738 546 congregans

473 559 687 614 videtur
723 558 1040 629 Eugubinm,
1067 559 1153 613 vel
1195 576 1358 632 egens
1379 559 1541 616 bono.
1570 558 1798 634 Ideoque
1828 578 1913 617 me
1940 562 2049 616 vim
2155 564 2460 622 annnaliter
2488 566 2774 638 synodum,
2804 564 3008 621 nullum
3040 576 3271 622 assueta:
3305 566 3622 633 oblationis,
3652 567 3736 622 vel
3774 550 3785 563 ’

475 649 751 721 ingerente
793 660 1032 716 coactus,
1064 652 1361 707 Ecclesium
1407 668 1567 723 quam
1608 655 1886 709 dimiserat
1928 662 2052 708 voto
2153 658 2727 714 seniorumcanonem
2758 675 2789 714 a
2818 658 3035 715 clericis
3078 658 3217 730 exigi
3243 659 3613 729 permittebat,
3642 659 3740 713 sed

475 741 743 797 retinebat
768 740 1055 808 ollicio;in
1077 758 1265 800 eremo
1285 753 1459 800 tamen
1487 745 1923 817 perseverantius
1953 746 2052 800 ha-
2154 761 2224 802 ne
2272 762 2307 801 a
2356 747 2524 817 lapsis
2590 747 2809 818 quidem
2869 748 3210 803 commodum
3263 748 3521 817 aliquod,
3568 746 3743 819 587

475 831 699 903 bitabat.
2151 844 2350 907 prmtcr
2391 836 2560 892 solam
2600 838 3015 906 paenitentiam,
3054 837 3369 908 requirebat
3398 855 3412 891 :
3441 826 3621 900 Absit,
3655 838 3737 890 in-

715 938 719 941 “
1084 928 1311 985 CAPUT
1350 929 1434 985 Ill.
2154 925 2365 995 quiens,
2419 934 2478 981 ut
2519 928 2782 998 synodum
2826 926 3057 982 vendam
3073 943 3097 993 ;.
3133 926 3311 997 lapsos
3356 928 3524 982 etiam
3552 928 3738 997 potius

2153 1017 2548 1087 erigamquam
2583 1032 2651 1073 es
2700 1034 2889 1074 eorum
2934 1020 3287 1075 cadaveribus
3319 1020 3545 1076 corvino
3585 1034 3738 1075 more

1084 928 1311 985 CAPUT
1350 929 1434 985 Ill.

934 1019 1259 1076 Abstinentia
1309 1021 1598 1092 Rodulph'r.

545 1123 989 1198 quandam,“un
1036 1130 1328 1200 impetrare
1370 1140 1585 1202 poterat
1634 1140 1694 1187 ιη
1749 1130 2053 1201 huiusmodi
2156 1108 2522 1202 pinguescam.
2557 1109 2740 1202 Taedet
2768 1111 2995 1167 ulterius
3022 1112 3305 1168 scribendo
3331 1114 3649 1183 procedere,
3677 1121 3749 1168 et

477 1220 641 1290 panis
663 1221 715 1274 in
747 1235 933 1275 eremo
982 1222 1158 1288 ﬁeret,
1187 1222 1383 1278 edebat
1409 1237 1625 1293 panem,
1658 1238 1764 1277 non
1800 1222 2051 1287 fratrum,

2159 1198 2295 1253 velut
2325 1208 2581 1267 paternas
2627 1217 2659 1254 a
2689 1201 2899 1272 pictura
2941 1217 3135 1258 manus
3172 1202 3326 1260 dolor
3358 1203 3579 1260 videtur
3620 1203 3741 1259 lca-

477 1324 589 1364 non
631 1310 866 1380 denique
889 1325 1212 1380 puerorum;
1246 1312 1339 1367 sed
1385 1329 1507 1367 eum
1558 1314 1649 1382 qui
1699 1312 1781 1367 vel
1824 1328 1890 1368 ex
1919 1326 2057 1383 puro

472 1400 627 1455 ﬁeret
654 1403 875 1467 hordeo,
918 1403 1000 1457 vel
1043 1419 1108 1457 ex
1158 1404 1419 1460 cantabro
1470 1405 1670 1475 potius,
1720 1405 1861 1474 quod
1892 1404 2056 1475 proji-

476 1492 727 1547 ciendnm
753 1493 978 1547 canibus
1007 1494 1073 1548 de
1103 1509 1390 1562 puerorum
1421 1496 1650 1566 panibus
1681 1496 2053 1550 remansisset.

477 1585 546 1639 Et
584 1584 710 1640 licet
736 1596 933 1655 praeter
973 1585 1298 1640 celebriores
1338 1586 1455 1641 dies
1500 1587 1601 1641 hoc
1644 1595 1787 1641 esset
1815 1586 2055 1656 quotidie

476 1690 617 1747 pane
641 1684 946 1742 contentus,
998 1692 1306 1732 mensuram
1357 1686 1538 1734 tamen
1587 1679 1851 1734 attentius
1888 1678 2057 1748 tequi-

475 1769 604 1824 tatis
649 1768 893 1825 lauribus
941 1770 1297 1840 appendebat.
1346 1768 1501 1825 Unde
1548 1770 1686 1825 mihi
1729 1770 2056 1841 quandoque

473 1868 801 1928 conquestus
826 1868 907 1914 est
939 1860 1064 1930 quia
1113 1859 1157 1913 si
1203 1860 1304 1932 sibi
1349 1874 1601 1915 mensura
1642 1859 2054 1922 concederetur,

472 1952 619 2006 hunc
661 1952 909 2006 eumdem
959 1965 1149 2021 panem
1178 1951 1441 2023 prurienti
1471 1951 1608 2023 gulae
1650 1951 1851 2022 largius
1882 1949 2057 2005 indul-

470 2049 642 2111 geret.
670 2039 840 2094 Tanta
867 2040 1065 2110 quippe
1080 2037 1427 2107 juveneulum
1451 2040 1724 2096 hominem
1752 2038 2060 2110 castigabat

468 2133 673 2196 inedia,
707 2142 767 2187 ut
796 2134 1154 2201 undecunque
1177 2132 1426 2187 solatium
1452 2132 1692 2187 alimenti
1726 2132 2054 2202 perciperet,

471 2235 646 2279 vacuo
666 2234 853 2279 ventre
875 2225 1186 2279 stomachus
1210 2238 1319 2279 non
1345 2231 1580 2280 curaret.
1598 2224 1901 2295 Aliquando
1926 2238 2057 2278 vero

470 2314 635 2372 etiam
672 2315 863 2371 diebus
891 2315 1186 2370 Dominicis
1206 2315 1544 2385 pulmentum
1577 2316 1849 2381 nesciens,
1877 2316 2055 2386 pomis

471 2412 681 2460 tantum
713 2413 769 2460 et
794 2421 933 2475 pane
957 2420 1079 2460 eum
1125 2420 1263 2475 aqua
1291 2406 1523 2460 vivebat.
1553 2405 1756 2462 Ferrea
1791 2406 1931 2460 circa
1962 2420 2056 2475 pe-

469 2507 592 2552 ctus
627 2497 833 2552 circulo
857 2496 1063 2568 jugiter
1084 2497 1434 2568 cingebatur;
1467 2511 1626 2567 quem
1656 2506 1836 2552 tamen
1865 2496 2052 2552 circu-

467 2589 583 2643 lum
617 2587 718 2643 sub
747 2587 836 2641 ilia
869 2588 1189 2653 dimersum,
1217 2586 1344 2642 dum
1372 2602 1556 2643 coram
1590 2583 1850 2642 fratribus
1880 2586 2050 2641 nuda-

468 2686 663 2743 retur,
726 2677 1040 2746 diligentius
1097 2677 1429 2734 occultabat.
1495 2676 1783 2749 Nunquam
1847 2676 2055 2732 scilicet

473 2770 709 2839 capi‘ulo
753 2768 1031 2825 confessor
1075 2770 1362 2835 intererat,
1408 2769 1463 2823 in
1501 2783 1742 2839 quonon
1784 2768 2054 2838 acciperet

469 2860 847 2930 disciplinam,
871 2871 927 2916 et
958 2872 1085 2916 tunc
1122 2860 1351 2917 festivus
1397 2861 1736 2930 exsultabat,
1769 2862 1814 2917 si
1846 2878 1954 2916 non
1983 2862 2052 2917 ab

2155 1302 2278 1344 reus
2299 1288 2447 1362 (557)
2475 1290 2763 1348 cohibere-

2765 1404 2993 1461 CAPUT
3028 1406 3139 1469 Π..

2682 1492 2840 1550 Felix
2867 1496 3037 1551 obitus
3060 1498 3176 1567 ejus

2224 1579 2320 1637 llis
2353 1580 2518 1653 igitur
2545 1590 2600 1639 et
2627 1582 2930 1653 hujusmodi
2962 1588 3218 1642 virtutum
3250 1585 3478 1644 ﬂoribus
3500 1588 3747 1643 adortu—

2156 1681 2290 1741 tum,
2321 1676 2477 1745 quasi
2505 1678 2745 1733 candens
2772 1678 2943 1733 lilium
2973 1679 3276 1736 immatura;
3318 1682 3514 1737 mortis
3544 1683 3737 1753 pruina

2157 1767 2393 1835 decoxit,
2421 1768 2495 1822 ita
2517 1778 2711 1825 utcum
2741 1771 2827 1825 vix
2854 1771 3072 1842 triginta
3102 1773 3220 1841 plus
3247 1773 3427 1829 minus
3454 1775 3743 1830 videretur

2157 1875 2444 1925 annorum,
2477 1862 2544 1916 ad
2572 1876 2715 1917 vera;
2767 1863 2904 1919 lucis
2955 1864 3246 1919 Auctorem
3287 1879 3354 1921 ex
3404 1867 3511 1924 hac
3536 1867 3747 1923 infelici

2157 1949 2289 2006 luce
2328 1951 2581 2022 migravit
2625 1952 2796 2024 (538).
2847 1951 3250 2010 Consummatus
3289 1954 3428 2009 ettim
3480 1958 3538 2011 in
3580 1956 3745 2023 brevi,

2157 2041 2300 2097 sicut
2350 2040 2633 2112 Scriptura
2678 2043 2940 2113 loquitur,
3000 2045 3218 2115 explevit
3263 2055 3500 2115 lenapora
3544 2046 3732 2100 multa.

2157 2137 2366 2193 Placila
2397 2138 2531 2193 enim
2558 2147 2669 2193 erat
2701 2138 2806 2193 Deo
2835 2139 3013 2192 anima
3037 2138 3180 2194 illius
3205 2138 3355 2209 (Sap.
3384 2139 3481 2209 tv).
3518 2138 3587 2193 Et
3613 2139 3743 2208 jure

2155 2238 2561 2285 consummatus
2585 2228 2637 2283 in
2660 2228 2834 2293 brevi,
2864 2229 3028 2283 multa
3062 2238 3301 2299 tempora
3324 2230 3527 2285 dicitur
3553 2229 3747 2300 exple.

2154 2319 2316 2383 visse,
2349 2320 2491 2386 quia,
2530 2318 2657 2375 dum
2684 2321 2737 2375 in
2763 2334 2831 2375 eo
2854 2335 3025 2391 parvo
3047 2320 3188 2389 quod
3218 2321 3353 2375 vixit
3370 2319 3605 2388 justitize
3632 2331 3735 2375 trao

2153 2411 2338 2466 mitem
2391 2412 2582 2473 lenuit,
2639 2419 2898 2480 quantum
2948 2412 3016 2465 ad
3064 2424 3123 2464 se
3167 2409 3349 2464 omnia
3398 2417 3647 2479 tempora
3680 2411 3745 2465 in-

2153 2502 2470 2572 obsequium
2493 2501 2803 2557 Conditoris
2828 2500 3105 2572 expendit.
3135 2499 3302 2554 Plane
3337 2500 3609 2569 quidquid
3633 2498 3738 2553 illic

2152 2590 2219 2646 de
2244 2601 2432 2646 sancto
2457 2592 2575 2647 viro
2596 2591 2875 2661 Sapientia
2902 2591 3160 2660 loquitur,
3191 2589 3261 2644 ita
3280 2589 3410 2644 huic
3435 2604 3537 2660 per
3556 2590 3734 2644 omnia

2152 2682 2423 2754 congruit,
2459 2697 2524 2737 ac
2555 2682 2602 2736 si
2635 2682 2702 2736 de
2751 2680 2842 2737 illo
2874 2680 3183 2751 specialiter
3224 2680 3547 2735 diceretur:
3575 2679 3741 2734 Sene-

2152 2784 2287 2837 ctus,
2305 2773 2822 2843 iuquit,venerabilis
2848 2782 2943 2836 est,
2992 2788 3096 2827 non
3117 2772 3373 2825 diuturna
3399 2787 3494 2825 nec
3519 2786 3743 2824 numero,

2151 2878 2410 2917 annorum
2438 2871 2758 2933 computata.
2786 2860 2920 2917 Cani
2944 2871 3065 2916 sunt
3087 2871 3262 2916 autem
3282 2877 3469 2915 sensus
3487 2861 3742 2926 hominis,

474 2969 583 3008 uno
608 2964 838 3020 tantum,
870 2955 965 3010 sed
993 2971 1023 3009 a
1050 2954 1260 3010 duobus
1306 2954 1565 3027 ﬂagellari
1602 2955 1864 3010 fratribus
1889 2953 2051 3023 jube-
2150 2964 2197 3009 et
2229 2962 2362 3010 tetas
2387 2955 2667 3009 senectutis
2691 2956 2795 3009 vita
2817 2953 3179 3020 immaculata,
3209 2953 3421 3024 placens
3437 2953 3570 3008 Deo.
3590 2952 3740 3009 Unde

471 3052 654 3097 retur.
687 3042 840 3112 Saepe
882 3043 1255 3113 paenitentiam
1284 3053 1500 3099 centum
1532 3044 1862 3114 suscipiebat
1887 3061 2052 3100 anno-
2149 3052 2205 3101 et
2246 3046 2528 3115 sequitur:
2561 3044 2761 3100 Factus
2794 3046 3037 3113 dilectus,
3063 3056 3111 3100 et
3141 3046 3314 3101 vivens
3342 3046 3483 3100 inter
3504 3055 3741 3115 peccato-

470 3147 618 3196 rum,
644 3148 807 3202 quam
835 3133 1044 3188 scilicet
1070 3148 1168 3204 per
1205 3134 1400 3205 viginti
1439 3134 1555 3189 dies
1583 3134 1829 3191 allisione
1860 3149 2051 3204 scopa-
2080 3167 2126 3231 ο
2155 3154 2258 3203 res,
2296 3137 2584 3192 translatus
2634 3148 2734 3193 est.
2787 3136 2990 3208 Raptus
3038 3147 3136 3202 est,
3172 3153 3238 3192 ne
3282 3135 3489 3191 malitia
3514 3144 3746 3190 mutares

468 3240 618 3289 rum,
658 3226 991 3295 exterisque
1025 3226 1361 3296 pmnitentite
1397 3226 1648 3282 remediis
1689 3226 2049 3297 persolvebat.

469 3317 795 3377 Psalterium
844 3320 1111 3391 quotidie,
1148 3335 1273 3375 cum
1320 3320 1430 3376 duo
1476 3335 1582 3377 non
1629 3328 1849 3391 posset,
1885 3334 2052 3375 unum

470 3410 664 3468 saltem
697 3428 802 3467 non
839 3412 1139 3484 negligehat
1168 3412 1413 3484 implere.
1442 3412 1597 3481 Quod
1623 3415 1899 3476 nimirum.
1930 3430 2052 3470 cum

473 3514 624 3561 esset
653 3505 706 3560 in
735 3505 927 3560 cellula
972 3506 1320 3572 constitutus,
1352 3516 1557 3561 armata
1601 3509 1781 3578 sc0pis
1825 3517 2054 3578 utraque

476 3612 665 3662 manu,
683 3604 861 3652 totum
878 3613 1000 3654 cum
1026 3597 1312 3669 disciplina
1332 3599 1653 3654 continuare
1673 3608 2051 3655 consueverat.

542 3690 713 3745 Porro
747 3698 926 3747 autem
957 3707 1080 3747 cum
1103 3693 1156 3747 in
1180 3693 1523 3763 expeditione
1552 3704 1694 3749 esset
1721 3694 1898 3764 aliqua
1924 3709 2055 3750 con-

468 3782 717 3848 stitutus,
750 3783 1088 3853 quantalibet
1113 3785 1453 3853 intempestae
1480 3785 1657 3840 noctis
1685 3785 2056 3855 profunditate

372 3942 381 3943 ί
467 3882 843 3947 consurgeret,
873 3876 1027 3930 nudis
1049 3891 1265 3946 semper
1290 3876 1543 3931 cruribus
1563 3886 1619 3931 et
1636 3878 1861 3947 pedibus
1886 3892 2055 3948 usque

472 3968 601 4021 dum
649 3967 1027 4032 dilucesceret,
1062 3968 1296 4039 psallere
1323 3984 1429 4024 non
1462 3970 1730 4025 cessabat.
1767 3971 1939 4039 Quam
1969 3971 2049 4025 vi-

474 4057 673 4113 delicet
724 4058 1195 4124 consuetudinem,
1243 4059 1370 4114 dum
1424 4060 1479 4114 in
1533 4059 1665 4115 cella
1711 4060 2053 4127 consisteret,

476 4147 668 4201 diebus
704 4164 767 4202 ac
795 4149 1042 4204 noctibus
1067 4150 1183 4204 sine
1211 4150 1516 4204 cessatione
1544 4149 1820 4205 servabat.
1853 4150 2058 4217 Quam-

470 4237 606 4294 libet
649 4240 830 4309 gravis
883 4241 1072 4294 bruma
1121 4242 1436 4309 rigesceret,
1492 4242 1832 4310 simplicibus
1882 4242 2056 4297 soccis

470 4332 752 4390 muniebat
781 4332 967 4402 pedes.
997 4342 1120 4387 cum
1153 4341 1330 4387 tamen
1363 4332 1533 4388 frater
1562 4333 1677 4402 ejus
1704 4335 1833 4388 solis
1857 4334 2056 4390 calceis

470 4430 761 4477 contentus
807 4431 952 4478 esset
979 4441 992 4476 :
1019 4422 1174 4493 Stepe
1219 4438 1306 4478 me
1351 4438 1449 4495 per
1480 4424 1821 4479 clementiam
1852 4425 2054 4480 Christi

2158 3229 2474 3284 intellectum
2499 3229 2637 3299 ejus,
2659 3238 2751 3283 aut
2783 3244 2844 3283 ne
2872 3228 3015 3298 ﬁctio
3038 3229 3293 3297 deciperet
3329 3228 3571 3281 animum
3598 3226 3743 3297 ejus.

2159 3318 2382 3388 Propter
2431 3319 2529 3372 hoc
2560 3319 2861 3390 properari:
2888 3318 3106 3375 educere
3138 3317 3305 3376 illum,
3334 3316 3401 3371 de
3433 3317 3617 3373 medio
3642 3317 3743 3372 iui:-

2153 3408 2367 3477 quitatis
2401 3406 2612 3480 (Μία).

2767 3499 2997 3558 (ΖΑΙἯΤ
3039 3498 3101 3554 ν.

2365 3589 2483 3646 Vita
2511 3591 2820 3646 uenerabilis
2850 3592 2949 3646 viri
2979 3590 3238 3645 Dominici
3265 3589 3521 3644 Loricati.

2226 3681 2332 3739 Sed
2361 3699 2508 3750 ecce,
2531 3685 2658 3740 dum
2686 3682 2846 3754 hujus
2871 3682 3114 3755 epistolae
3138 3681 3380 3753 gerulus,
3411 3681 3513 3751 qui
3546 3680 3619 3736 ad
3649 3695 3750 3736 vos

2156 3775 2336 3831 veniat
2355 3776 2619 3844 quaeritur
2646 3784 2702 3831 et
2732 3791 2839 3832 non
2863 3775 3124 3845 suppetit,
3146 3783 3381 3843 repente
3416 3772 3570 3827 aliud
3601 3772 3744 3843 quod

2155 3867 2375 3922 uberius
2403 3867 2470 3922 ad
2494 3867 2907 3923 aediﬁcatin
2934 3867 3200 3937 proiicere
3229 3865 3434 3925 valeat.
3460 3864 3508 3917 si
3536 3864 3746 3918 scriba—

2156 3967 2264 4025 tur,
2293 3959 2548 4014 occurrit.
2580 3959 2648 4014 Et
2684 3958 2940 4015 fortassis
2969 3958 3039 4013 ob
3084 3959 3189 4013 hoc
3240 3957 3467 4012 nuntius
3495 3956 3631 4011 mihi
3656 3971 3747 4011 su-

2155 4065 2325 4121 perna
2347 4048 2705 4119 dispositione
2746 4049 3106 4113 subtrahitur,
3136 4056 3198 4103 ut
3243 4047 3749 4112 iuterim,vacante

2155 4157 2264 4206 me,
2293 4141 2466 4213 stylus
2490 4142 2559 4198 ad
2586 4142 2730 4198 aliud
2757 4141 3137 4197 transferatur.
3171 4140 3268 4196 Vir
3297 4140 3485 4210 itaque
3512 4139 3611 4194 Dei
3644 4139 3747 4193 Do-

2124 4230 2388 4290 ‘miuicus
2415 4242 2589 4304 pater,
2615 4242 2671 4289 et
2699 4234 2951 4289 dominus
2988 4247 3142 4288 meus
3167 4242 3296 4287 ante
3319 4246 3526 4286 aurium
3552 4230 3751 4287 defun-

2158 4338 2278 4385 ctus
2303 4337 2407 4393 est,
2433 4329 2587 4399 cujus
2630 4329 2738 4383 vita
2769 4328 2811 4383 si
2841 4327 3136 4391 scribatur,
3167 4339 3364 4380 vereor
3388 4340 3458 4380 ne
3493 4322 3746 4379 fortassis

2159 4435 2188 4473 a
2234 4418 2553 4488 quibusdam
2607 4419 2868 4474 fratribus
2919 4417 3256 4473 incredibilis
3297 4415 3602 4484 judicetur.
3638 4414 3742 4470 Sed

496 4512 789 4569 terribiliter
811 4513 1114 4583 adjurahat,
1141 4524 1202 4569 ut
1230 4515 1274 4569 si
1308 4515 1525 4586 quando
1552 4515 1802 4571 fortass's
1825 4518 2054 4571 excede-
2083 4505 2134 4564 D
2160 4512 2304 4568 absit
2328 4528 2356 4566 a
2386 4527 2471 4566 me
2500 4513 2840 4568 mendacium
2867 4511 3123 4566 scribere.
3153 4507 3286 4563 Nam
3329 4509 3423 4577 qui
3456 4510 3743 4564 veritatem

530 4612 576 4669 1,
610 4620 950 4676 nequaquam
998 4621 1084 4661 me
1130 4606 1200 4661 ab
1242 4605 1358 4675 ejus
1407 4608 1748 4677 correptione
1794 4608 2060 4664 subduce-

2163 4620 2261 4676 pro
2296 4604 2500 4660 viribus
2532 4605 2803 4659 veraciter
2822 4603 2971 4668 colo:
2984 4610 3351 4657 commentum
3377 4600 3610 4655 fallaciae
3636 4613 3740 4653 non

534 4680 616 4759 r‘,
648 4697 742 4751 sed
772 4710 987 4751 onmem
1019 4696 1071 4750 in
1114 4712 1179 4751 eo
1223 4697 1519 4768 disciplina:
1548 4697 1788 4763 modum,
1827 4700 1917 4768 qui
1947 4715 2062 4754 mo-
2162 4697 2416 4752 admitto.
2462 4694 2645 4764 Neque
2691 4696 2836 4748 enim
2886 4693 3011 4747 illud
3059 4707 3156 4747 nos
3197 4690 3325 4745 latet
3356 4689 3747 4760 Apostoli,qni

524 4770 663 4864 φὺς
690 4788 1008 4851 debebatur,
1038 4787 1341 4859 implerem.
1392 4789 1467 4842 lta
1512 4789 1674 4859 plane
1721 4797 1777 4842 et
1818 4790 2057 4858 regulam
2160 4805 2284 4864 cum
2312 4789 2663 4859 praemisisset
2690 4805 2703 4841 :
2734 4786 2797 4842 Si
2828 4784 3073 4839 Christus
3103 4799 3206 4837 non
3230 4781 3543 4843 resurrexit,
3569 4779 3743 4835 inanis

521 4861 724 4953 TWTW
761 4888 818 4933 et
848 4877 1226 4932 τηιεῖοῑῗιειιθίη
1269 4879 1508 4949 episcopi
1540 4880 1639 4933 Sub
1666 4880 1869 4935 alterna
1901 4881 2060 4934 vicis—
2161 4861 2243 4939 est
2267 4900 2389 4953 ergo
2417 4880 2722 4953 prardicatio
2772 4888 2984 4943 nostra;
3017 4885 3212 4946 praesto
3259 4872 3742 4941 subjunxitdmte—

522 4938 882 5022 “nuntianda
892 4968 1077 5023 biliter
1094 4938 1436 5023 observabat.
1454 4938 1765 5028 UnDertune
1789 4970 2054 5028 siquidem

2164 4976 2341 5028 nimur
2368 4983 2545 5027 autem
2562 4970 2731 5028 Li!!!
2758 4979 2805 5016 ει
2834 4967 2958 5028 falsi
2986 4976 3138 5021 testes
3169 4965 3283 5027 Dei,
3312 4965 3573 5028 quoniam
3602 4961 3739 5016 testi-
