3992 5322
795 243 902 255 νιο-

251 283 390 342 ίῧίδ

1138 289 1297 346 VITA
1335 288 1437 351 SS.
1467 290 1822 352 εισῡυωιι-ιι
1855 292 1943 348 ΕΤ
1983 291 2280 351 DOMINICI
2317 294 2662 352 LORICATI.

3372 295 3538 352 1011ιὶ

246 413 373 471 θηηι
405 402 454 470 (Ῐ
490 403 612 458 σοῖο
654 404 764 474 XV).
822 405 882 464 In
938 409 1143 482 quibus
1185 412 1495 482 apostolicae
1542 415 1839 470 sententia:-
1859 416 1906 475 Α
1935 427 2130 482 pensas
2159 414 2213 468 in
2243 423 2427 470 ventre
2447 414 2606 469 simul
2640 414 2880 469 haberet.
2906 413 3075 468 Tanta
3104 413 3300 485 quippe
3327 431 3510 470 mace-

244 493 444 557 verbis,
473 503 530 546 ut
553 510 658 548 non
684 497 888 556 diutith
915 503 1282 571 immoremur,
1301 507 1353 560 in
1377 514 1626 577 promptu
1659 508 1830 562 lector

203 577 518 687 iintelligit,
549 587 810 654 quouitun
844 595 936 663 qui
979 597 1064 649 vel
1116 599 1304 660 Deum,
1351 598 1434 651 vel
1484 597 1576 652 Dei
1607 614 1825 653 servum

207 676 490 730 '«mirubile
515 677 642 745 quid
669 677 868 740 fecisse
896 687 1175 757 confingit,
1224 703 1329 742 non
1377 689 1537 744 modo
1578 690 1824 746 fabricati

242 765 497 832 Ιπεὲοοιιὶί
554 776 838 834 ρνὶιξηιίυηι
886 792 990 830 non
1043 787 1299 840 meretur,
1332 793 1518 832 verum
1545 781 1704 833 etiam
1733 781 1828 834 ad-

240 869 432 910 WI‘SHS
476 874 605 920 eum
640 882 800 936 quem
838 867 1170 935 laudaverat,
1217 867 1411 924 falsum
1459 871 1824 926 testimonium

240 946 535 1013 Ρτοιυῖἱεεο
567 957 927 1014 convincitur.

843 1049 1073 1106 CAPUT
1126 1051 1211 1105 VI.

696 1138 788 1193 Fit
817 1143 1103 1197 monac/ms
1134 1144 1372 1198 eremt'ta.

305 1225 631 1290 Dominicns
678 1234 860 1304 itaque
894 1250 1015 1289 cum
1054 1243 1200 1290 esset
1247 1237 1301 1291 in
1353 1237 1548 1292 saeculo
1571 1237 1822 1304 clericus,

238 1314 372 1394 ‘q'ula
403 1334 531 1381 tunc
574 1324 882 1381 Simoniaca
921 1327 1135 1397 vigebat
1179 1329 1420 1395 Ineresis,
1450 1346 1570 1400 quae
1599 1339 1653 1384 et
1681 1346 1827 1386 nunc

242 1417 453 1472 utinam
482 1433 705 1486 prorsus
751 1428 896 1473 esset
932 1422 1223 1487 exstincta,
1253 1431 1310 1475 ut
1337 1423 1621 1494 presbyter
1647 1423 1822 1487 fieret,

243 1521 273 1560 a
305 1509 618 1574 parentibus
655 1509 772 1577 ejus
816 1509 938 1562 data
970 1519 1054 1564 est
1099 1511 1354 1581 episcopo
1405 1511 1637 1567 Hircina:
1668 1513 1824 1581 pellis

244 1597 410 1660 aluta,
441 1598 586 1666 quia,
617 1600 759 1653 sicut
786 1602 862 1654 ait
901 1602 1233 1671 Apostolus:
1261 1603 1608 1673 Diligentibur
1653 1605 1822 1660 Deum

244 1689 422 1740 omnia
463 1703 808 1757 cooperantur
836 1691 889 1744 in
923 1692 1114 1746 bonum
1164 1692 1340 1764 (Rana.
1378 1695 1519 1764 VIII),
1571 1698 1685 1752 luec
1716 1713 1820 1752 una

1931 501 2192 556 rabantur
2226 503 2401 557 inedia
2432 510 2494 557 ut
2519 503 2704 557 aridus
2734 502 2890 572 panis
2919 501 3320 572 constiparctur
3344 503 3398 558 in
3427 503 3508 558 ili-

1927 591 2028 647 bus
2055 609 2119 647 ac
2143 593 2312 664 digeri
2339 592 2552 648 dilIicile
2574 594 2858 664 potuisset.

1998 685 2109 739 Illic
2135 687 2296 740 etiam
2323 687 2539 756 quidam
2574 687 2744 741 frater
2777 695 2916 752 erat,
2950 687 3042 756 qui
3065 701 3206 755 serpe
3230 688 3512 758 vagabun-

1927 775 2026 829 dus
2053 775 2231 845 egredi
2278 775 2343 830 de
2371 775 2504 830 cella
2538 783 2858 839 Ieutaverat,
2886 789 3045 844 quem
3101 773 3340 830 Joannes
3360 775 3512 846 prior

1925 866 2118 930 eremi,
2150 876 2311 936 prout
2361 868 2580 937 dignum
2629 875 2769 932 erat,
2796 867 2945 937 prius
2977 875 3194 922 austere
3223 869 3507 938 corripuit,

1925 960 2117 1015 deinde
2147 961 2200 1014 in
2231 976 2324 1015 sua
2357 961 2643 1031 praesentia
2671 961 2924 1030 vapulare
2948 959 3228 1032 praecepit.
3259 959 3504 1031 Cumque

1918 1051 2141 1119 jubente
2168 1052 2426 1122 magistro
2450 1065 2509 1106 se
2532 1051 2786 1121 coepisset
2810 1051 3052 1117 induere,
3100 1053 3335 1122 superbe
3366 1050 3513 1106 locu-

1925 1150 2012 1196 tus
2031 1150 2132 1196 est.
2159 1141 2330 1208 Quem
2365 1157 2550 1196 rursus
2574 1142 2829 1210 magister
2854 1141 2998 1206 exui,
3032 1155 3220 1195 rursus
3247 1140 3513 1210 praecepit

1925 1232 2223 1287 verberari.
2251 1231 2356 1286 Sed
2381 1232 2557 1286 adhuc
2585 1233 2748 1286 etiam
2773 1247 2833 1288 se
2857 1232 3057 1287 vestire
3093 1231 3376 1302 incipiens,
3416 1247 3514 1286 su-

1925 1325 2150 1394 perbum
2176 1322 2306 1392 quid
2357 1321 2575 1377 eﬂluere
2605 1338 2712 1378 non
2759 1324 3011 1378 cessavit.
3065 1321 3157 1377 Sic
3205 1322 3384 1387 tertio,
3431 1322 3513 1376 sic

1924 1422 2140 1482 quarto,
2165 1412 2281 1466 etsi
2314 1411 2416 1466 rite
2447 1419 2627 1476 teneo,
2660 1426 2831 1482 usque
2858 1411 3037 1467 sexies
3082 1410 3401 1466 verberatus
3425 1419 3512 1465 est

1925 1520 2027 1560 nec
2067 1505 2407 1560 emendatus.
2437 1504 2643 1559 Exutns
2672 1505 2814 1558 enim
2845 1513 2902 1560 et
2955 1503 3239 1559 reindutus
3287 1502 3516 1558 humilia

1925 1598 2252 1668 respondere
2272 1613 2378 1652 non
2407 1597 2597 1668 potuit.
2633 1595 2876 1667 Septima
2892 1611 3022 1651 vero
3047 1596 3165 1651 vice
3189 1594 3514 1667 ﬂagellatus,

1925 1703 2046 1742 cum
2076 1703 2136 1743 se
2169 1689 2423 1757 coepisset
2453 1689 2696 1753 induere,
2722 1688 2868 1743 clara
2898 1687 3063 1757 coepit
3089 1701 3224 1742 voco
3252 1686 3510 1751 clamare,

243 1774 389 1828 beati
423 1775 521 1830 viri
564 1777 721 1845 culpa
765 1780 1058 1835 multorum
1103 1792 1221 1852 post
1265 1782 1530 1839 bonorum
1565 1787 1825 1855 probatur
1855 1767 1899 1825 Β
1925 1778 2143 1834 dicens:
2169 1778 2306 1834 Ecce
2328 1778 2573 1833 diabolus
2604 1779 2758 1842 abiit,
2810 1789 2939 1834 ecce
2986 1777 3349 1847 nequissimus
3400 1777 3510 1832 mei

241 1864 518 1920 exstitisse
544 1869 792 1922 materia.
817 1869 948 1924 Nam
973 1873 1077 1926 hoc
1101 1888 1300 1941 pavore
1329 1877 1671 1946 perterritus,
1695 1895 1822 1934 con-

247 1955 466 2024 tempsit
514 1959 792 2025 smculum,
850 1961 1026 2016 induit
1073 1966 1432 2033 monachum,
1487 1969 1824 2041 arduumque

241 2059 368 2099 mox
419 2048 721 2102 eremitica}
757 2051 904 2115 vita,
939 2059 1195 2122 tanquam
1227 2055 1457 2111 bellator
1494 2058 1820 2130 intrepidus,

241 2134 474 2204 arripuit
521 2137 847 2192 institutum.
903 2141 1008 2195 Sed
1053 2143 1182 2212 quia
1231 2146 1371 2201 male
1413 2159 1689 2217 promotus
1719 2161 1820 2216 est,

243 2226 416 2282 donec
440 2229 672 2296 advixit,
713 2236 1053 2289 sacrosancti
1085 2237 1276 2293 altaris
1298 2256 1560 2310 usurpare
1588 2243 1824 2299 ministe-

241 2316 386 2372 rium
417 2334 522 2374 non
554 2325 916 2392 praesumpsit.
965 2325 1129 2398 Virgo
1159 2344 1330 2399 usque
1371 2333 1438 2386 ad
1464 2334 1670 2388 obitum
1702 2337 1820 2402 fuit,

242 2406 413 2461 vitam
441 2411 778 2466 eremiticam
810 2430 916 2468 non
951 2418 1155 2483 omisit,
1186 2421 1276 2474 ubi
1305 2422 1560 2478 nimirum
1582 2428 1684 2480 sub
1710 2443 1828 2481 ma-

241 2499 470 2568 gisterio
492 2506 665 2558 sancti
697 2506 798 2560 viri
835 2507 1080 2575 Joannis,
1119 2513 1210 2581 qui
1239 2513 1520 2570 dicebatur
1547 2518 1614 2571 de
1643 2528 1824 2574 monte

241 2591 476 2659 Feretri,
510 2610 604 2664 per
628 2597 888 2666 plurimos
918 2602 1053 2657 vixit
1083 2619 1275 2660 annos.
1305 2605 1360 2660 In
1392 2607 1481 2661 illa
1511 2608 1678 2680 igitur
1699 2626 1823 2667 ere-

240 2697 351 2744 mo,
382 2699 502 2752 qua:
527 2686 734 2744 scilicet
766 2700 886 2744 erat
933 2692 989 2746 in
1041 2696 1264 2764 regione
1303 2712 1425 2766 qua!
1477 2699 1678 2754 dicitur
1711 2701 1823 2756 LII-

240 2774 379 2829 ceoli
414 2777 586 2848 (559).
631 2783 948 2851 constituta,
995 2786 1181 2842 decem
1235 2798 1289 2844 et
1338 2799 1462 2846 octo
1501 2793 1825 2851 videbantur

240 2867 448 2923 cellulae
477 2871 543 2924 ad
576 2872 927 2930 habitandum
979 2877 1242 2937 fratribus
1294 2884 1586 2954 deputata},
1621 2889 1708 2943 ubi
1740 2890 1825 2943 ni-

240 2959 438 3014 mirum
465 2963 564 3016 sub
588 2965 687 3021 hac
713 2969 894 3038 regula
920 2970 1221 3038 vivebatur,
1247 2983 1305 3028 ut
1335 2991 1608 3046 nunquam
1637 2979 1819 3034 vinum

238 3048 508 3116 biberent,
537 3072 806 3127 nunquam
837 3061 993 3131 adipe
1023 3063 1281 3120 alimenta
1307 3069 1623 3135 condireut;
1652 3086 1820 3126 unum
1846 3117 1888 3140 η

238 3141 294 3198 in
325 3144 600 3202 Dominica
630 3150 734 3217 die,
767 3153 861 3206 sed
882 3162 936 3207 et
964 3154 1149 3222 quinta
1193 3156 1323 3212 feria
1364 3159 1696 3228 pulmentum
1725 3177 1817 3218 su-

238 3243 475 3302 merent,
522 3238 761 3308 quinque
809 3257 906 3311 per
935 3244 1325 3301 hebdomadam
1372 3249 1563 3305 diebus
1594 3252 1645 3306 in
1678 3268 1820 3322 pane

243 3333 300 3378 et
328 3339 467 3394 aqua
509 3326 777 3397 jejunium
827 3333 1202 3402 celebrarent;
1239 3338 1368 3394 solis
1396 3350 1576 3395 autem
1620 3345 1822 3399 oratio-

238 3413 399 3470 nibus
428 3427 705 3484 vacantes,
749 3421 832 3477 vel
882 3439 1136 3480 manuum
1180 3428 1436 3498 operibus
1489 3431 1822 3501 insistentes,

240 3521 346 3562 non
394 3510 774 3580 agriculturam
821 3517 1168 3583 exercebant,
1203 3535 1307 3574 non
1335 3522 1562 3590 praedia,
1607 3525 1689 3579 vel
1721 3527 1822 3580 ali-

237 3613 401 3668 quam
432 3601 806 3672 substantiam,
838 3617 1035 3677 praeter
1077 3625 1240 3664 unum
1284 3615 1609 3683 sagmarium
1653 3619 1825 3686 possi-

239 3689 458 3746 debant.
485 3693 619 3749 Cum
647 3712 755 3766 quo
795 3699 1005 3756 scilicet
1034 3703 1201 3757 asello
1254 3704 1337 3758 vel
1371 3721 1510 3776 equo
1538 3723 1680 3763 unus
1703 3720 1824 3766 erat

239 3784 510 3850 minister,
539 3789 628 3856 qui
680 3791 763 3844 vel
808 3794 875 3846 ad
907 3795 1289 3864 acquirendas,
1345 3798 1429 3851 vel
1471 3801 1537 3853 ad
1574 3804 1824 3859 Ierendas

238 3873 424 3945 fruges
455 3877 769 3934 indeficiens
819 3882 1180 3952 discurrebat,
1210 3887 1463 3958 solusque
1486 3905 1581 3945 eos
1609 3892 1660 3946 in
1688 3910 1823 3948 cun-

239 3965 344 4018 ctis
377 3969 788 4026 necessitatibus
812 3976 1170 4041 sustentabat,
1211 3977 1448 4035 Joannes
1475 3983 1702 4049 scilicet,
1731 3986 1822 4055 qui

239 4061 584 4125 postmodum
619 4062 719 4117 loci
751 4064 918 4122 abbas
949 4069 1142 4135 factus,
1171 4071 1272 4126 sub
1301 4074 1525 4129 honesta
1555 4078 1696 4131 rexit
1731 4079 1826 4132 ad-

237 4149 637 4209 ministratione
655 4167 996 4212 conventum.
1025 4159 1305 4218 Tenebant
1334 4173 1511 4219 autem
1537 4183 1633 4236 per
1655 4178 1823 4223 totam

240 4238 633 4298 hebdomadam
666 4246 910 4303 districta
959 4266 1189 4306 censura
1222 4253 1516 4322 silentium,
1548 4261 1690 4328 quod
1721 4261 1824 4314 uti-

240 4345 344 4399 que
360 4332 636 4390 Dominica
659 4338 744 4392 die
771 4351 892 4408 post
918 4357 1220 4412 vesperum,
1238 4346 1527 4418 cibumque
1555 4352 1824 4408 solventes

240 4419 516 4532 bibebant;
563 4425 814 4495 loquendi
864 4431 1089 4486 invicem
1128 4449 1298 4504 usque
1331 4439 1399 4491 ad
1449 4440 1825 4510 completionis
1854 4474 1902 4532 υ

237 4510 473 4566 officium
503 4514 826 4572 libertatem.
845 4520 1013 4577 Nudis
1038 4534 1293 4593 praeterea
1319 4529 1544 4596 pedibus
1570 4540 1625 4585 et
1656 4531 1824 4602 489

175 4647 186 4656 .
238 4602 490 4657 cruribus
516 4604 722 4676 jugiter
757 4609 810 4663 in
833 4610 1041 4666 cellulis
1065 4616 1436 4671 morabantur.
1469 4618 1615 4674 Dixit
1640 4631 1820 4676 autem

239 4693 370 4750 mihi
393 4696 542 4765 quia,
575 4713 697 4753 cum
747 4703 1084 4758 cohabitaret
1125 4707 1352 4771 Aesoni,
1401 4709 1651 4779 religioso
1679 4712 1826 4766 vide-

240 4785 366 4842 licet
425 4789 543 4845 viro
579 4807 736 4860 quem
779 4803 834 4847 et
877 4793 991 4862 ipse
1034 4796 1162 4860 vidi,
1213 4798 1452 4866 quotidie
1495 4817 1593 4870 per
1635 4816 1826 4857 onmcs

239 4879 404 4936 horas
432 4885 720 4938 canonicas
743 4884 1082 4954 disciplinam
1109 4888 1326 4942 sibimet
1369 4890 1600 4949 invicem
1628 4908 1823 4962 scopa-

238 4984 360 5025 rum
392 4972 587 5028 ictibus
615 4973 947 5044 ingerebant.
984 4978 1082 5045 Qui
1125 4977 1375 5032 videlicet
1417 4982 1566 5039 Anso
1595 4982 1695 5039 sibi
1725 4983 1823 5039 ali-

239 5061 455 5129 quando
483 5073 808 5134 conquestus
851 5073 930 5118 est
977 5067 1121 5139 quod
1165 5080 1356 5121 novem
1404 5070 1608 5130 diarias
1668 5074 1822 5143 panis

309 5205 452 5232 1⁸21οὶ
476 5205 497 5232 1
521 5208 760 5232 ..-θυαμ-κ
794 5205 979 5232 λευτι..-
1008 5209 1054 5232 ‘lY

1061 5205 1246 5232 ..-ιι-ται
1275 5221 1300 5232 Α
1329 5208 1488 5232 ι.ξκ...“ι

1925 1871 2107 1926 cordis
2154 1871 2431 1926 habitator
2479 1871 2707 1940 aulugit,
2777 1860 2984 1939 meque
3031 1869 3258 1924 nexibus
3315 1869 3514 1938 quibus

1925 1962 2265 2032 astringebar
2316 1960 2560 2017 ell‘ractis
2634 1961 2861 2017 liberum
2922 1960 3224 2030 dereliquit.
3280 1959 3509 2031 Jamjam

1925 2055 2142 2110 domino
2174 2062 2228 2109 et
2252 2055 2512 2124 magistro
2534 2068 2654 2109 meo
2683 2053 2915 2109 libenter
2946 2053 3257 2122 obtempero
3285 2050 3512 2121 ejusque

1926 2159 2012 2199 me
2034 2144 2370 2199 subdendum
2407 2143 2614 2215 legibus
2640 2157 2737 2211 per
2780 2141 2961 2197 omnia
3019 2141 3357 2211 repromitto.
3396 2138 3513 2196 Hoc

1925 2237 2083 2290 modo
2107 2236 2277 2290 frater
2299 2236 2386 2291 ille
2409 2236 2477 2291 ad
2497 2234 2817 2290 humilitatis
2845 2233 3143 2288 custodiam
3167 2233 3347 2296 rediit,
3378 2241 3428 2287 et
3457 2231 3512 2286 in

1923 2327 2114 2383 cellula
2141 2328 2345 2397 jugitet‘
2371 2341 2750 2398 perseverans,
2798 2326 2866 2383 de
2890 2335 3089 2382 caetero
3118 2321 3512 2395 irreprehensi-

1925 2419 2110 2474 biliter
2135 2419 2290 2473 vixit.

2533 2515 2762 2572 CAPUT
2799 2515 2916 2571 VII.

2207 2607 2296 2661 Fit
2327 2605 2391 2663 Β.
2418 2608 2567 2663 Petri
2589 2608 2841 2663 Damiani
2865 2607 3174 2678 discipulus.

1992 2699 2173 2770 Longe
2203 2715 2334 2754 vero
2376 2707 2520 2770 post,
2572 2698 2833 2770 magistro
2855 2698 3131 2768 praebente
3155 2712 3504 2766 consensum,

1922 2793 2172 2864 dignatus
2196 2800 2281 2848 est
2311 2792 2394 2846 vir
2419 2801 2642 2848 sanctus
2689 2791 2980 2862 praedictus
3012 2792 3143 2846 mihi
3193 2792 3419 2849 misero.
3449 2803 3510 2848 et

1923 2903 2082 2958 quem
2118 2887 2233 2957 ipse
2276 2886 2553 2956 suscipere
2593 2885 2933 2955 dignaretur,
2984 2885 3223 2956 indigno.
3264 2885 3402 2940 mira
3446 2900 3508 2941 se

1922 2993 2144 3048 prorsus
2167 2977 2478 3031 humilitate
2499 2976 2864 3048 committere,
2894 2985 2950 3030 et
2973 2977 3115 3031 sicut
3155 2975 3338 3031 abbati
3395 2991 3511 3031 Iro-

1923 3071 2156 3125 nachum
2199 3067 2512 3138 subjugare.
2538 3067 2640 3124 Cui
2679 3068 2935 3122 nimirum
2959 3067 3232 3138 praestitit,
3261 3083 3366 3123 non
3419 3083 3511 3124 ac-

1923 3161 2082 3231 cepit.
2102 3160 2168 3214 Et
2194 3174 2355 3230 quem
2380 3172 2725 3228 suseeperam
2745 3157 2956 3212 velutin
2983 3156 3317 3225 subiectione
3338 3156 3508 3212 clien-

1923 3260 2052 3313 tem,
2081 3249 2290 3319 gaudeo
2320 3263 2406 3302 me
2439 3246 2493 3302 in
2515 3246 2700 3302 schola
2713 3245 2912 3300 Christi
2939 3259 3070 3300 vere
3120 3244 3504 3314 philosophum

1921 3341 2230 3412 percepisse
2252 3340 2551 3394 doctorem.
2581 3337 2718 3394 Tota
2743 3338 2942 3408 quippe
2964 3337 3074 3392 vita
3097 3335 3215 3405 ejus
3235 3337 3504 3406 praedica-

1922 3435 1999 3488 tio
2022 3443 2078 3488 et
2096 3430 2300 3487 aediﬁca
2311 3431 2406 3496 tio,
2428 3429 2674 3485 doctrina
2694 3437 2816 3484 erat
2839 3438 2894 3483 et
2914 3426 3218 3497 disciplina.
3244 3425 3350 3483 Sed
3372 3427 3500 3497 quia

1923 3540 2020 3580 nos
2046 3522 2299 3580 nonnulla
2345 3519 2504 3590 hujus
2543 3520 2726 3574 sancti
2759 3519 2860 3573 viri
2888 3518 3056 3582 dicta,
3101 3517 3188 3572 vel
3214 3517 3360 3573 facta
3403 3533 3506 3588 per

1923 3617 2136 3672 diversa
2165 3614 2398 3668 dictatus
2429 3611 2600 3668 nostri
2616 3609 2728 3680 jam
2755 3609 3012 3681 opuscula
3038 3609 3360 3678 sparsimus,
3390 3625 3497 3664 non

1925 3709 2139 3762 videtur
2173 3705 2490 3770 absurdum,
2521 3703 2563 3758 si
2610 3704 2797 3757 eadem
2845 3703 2955 3766 hic,
3013 3717 3133 3771 qua:
3175 3710 3355 3757 tamen
3390 3717 3504 3771 pra:

1925 3798 2177 3855 manibus
2229 3797 2516 3860 habentur,
2548 3809 2614 3849 eo
2660 3794 2777 3863 ipso
2803 3792 2943 3862 stylo
2973 3807 3080 3862 quo
3123 3793 3324 3861 scripta
3377 3801 3506 3847 sunt

1925 3903 2278 3959 apponamns.
2328 3887 2473 3940 Sane
2522 3883 2784 3939 facilioris
2822 3890 2908 3937 est
2960 3883 3140 3937 exitus
3193 3896 3261 3935 ex
3311 3880 3506 3937 dolatis

1925 3981 2086 4053 lignis
2139 3980 2356 4033 domum
2403 3986 2718 4032 construere
2773 3990 2934 4045 quam
2978 3973 3215 4030 violando
3257 3973 3417 4029 simul
3450 3983 3506 4028 et

1927 4070 2292 4128 construendo
2317 4067 2518 4122 laboris
2543 4066 2859 4122 exercitium
2881 4065 3178 4135 geminare.
3205 4063 3338 4118 Nam
3359 4071 3415 4118 et
3439 4063 3509 4120 de

1927 4164 2127 4234 templo
2157 4161 2462 4217 Salomonis
2492 4159 2748 4228 scriptum
2777 4166 2862 4212 est
2892 4176 2904 4211 :
2935 4156 3136 4211 Domus
3175 4165 3350 4212 autem
3383 4171 3503 4209 cum

1925 4251 2576 4324 wdiﬁcareturlapidibus,
2599 4250 2662 4304 de
2687 4249 2852 4321 490
2874 4248 3066 4302 dolatis
3087 4257 3240 4316 atque
3263 4246 3508 4316 perfectis

1926 4347 2191 4416 wdi/icata
2219 4356 2329 4409 est;
2368 4353 2415 4398 et
2463 4342 2703 4406 malleus,
2735 4351 2783 4395 et
2813 4341 3034 4403 securis,
3076 4349 3124 4393 et
3147 4354 3296 4392 omne
3341 4337 3510 4408 ferra-

1927 4448 2180 4501 mentum,
2211 4452 2315 4490 nou
2344 4443 2463 4488 sunt
2495 4433 2678 4486 audita
2708 4433 2762 4484 in
2802 4432 2979 4494 domo,
3011 4446 3126 4482 cum
3152 4428 3517 4496 trdiﬁcaretur

1929 4530 1981 4599 (I
2015 4529 2145 4597 Reg.
2192 4527 2288 4595 VI).
2321 4526 2592 4580 Habemus
2643 4531 2700 4577 et
2744 4535 2862 4583 nos,
2885 4519 3037 4588 juxta
3083 4526 3284 4574 nostra:
3315 4536 3518 4585 manus

1928 4620 2280 4691 imperitiam,
2304 4617 2501 4687 politos
2539 4615 2765 4685 lapides,
2787 4627 2924 4682 quos
2959 4610 3144 4680 utique
3189 4608 3411 4678 suﬂicit
3433 4631 3530 4682 00‘

1927 4715 2033 4778 bis,
2061 4720 2118 4765 ut
2171 4711 2224 4764 in
2272 4717 2546 4765 structura
2577 4707 2862 4772 duntaxat,
2907 4704 2982 4758 ita
3029 4709 3090 4756 ut
3131 4701 3356 4766 inventi
3387 4716 3572 4780 sunt,

1930 4804 2248 4876 simpliciter
2270 4803 2603 4859 ordinenms.

2525 4887 2750 4946 CAPUT
2789 4888 2924 4944 VIII.

2017 4984 2080 5043 S.
2107 4983 2414 5040 Dominiqu
2443 4985 2612 5052 ferrea
2635 4979 2802 5034 lorica
2830 4981 2904 5036 ad
2936 4992 3154 5033 carnem
3179 4976 3530 5088 intra!“

1994 5079 2054 5136 In
2077 5073 2298 5146 epistola
2321 5075 2505 5146 itaque
2527 5071 2595 5128 ad
2611 5071 2877 5126 domuum
2907 5069 3206 5124 Teuzonem
3256 5064 3663 5203 (δέξῼρ

3085 5199 3148 5232 σιΙιι
3195 5199 3331 5232 αιιι,

2001 5230 2008 5231 κ
2029 5221 2042 5232 ο
2077 5209 2108 5232 ο
2168 5206 2346 5232 ὶια-ῗηι
2389 5206 2527 5232 ...κηιι
2553 5203 2888 5232 ΙΓΙΛηΛηΙῖΛ-η
2946 5201 3034 5232 an:
