3992 5322
424 272 561 328 1015

854 264 913 323 S.
952 264 1157 320 PETRI
1195 260 1479 319 DAMIANI
1507 258 1658 317 OPP.
1697 255 1880 315 PARS
1917 256 2048 313 SEU
2078 255 2319 314 TOML'S
2352 256 2417 313 ll.
2451 250 2522 299 -Ϊὲ
2550 255 2975 315 SANCTORUM
3018 255 3221 318 “TIR.

3552 265 3697 320 Ἠ.)ιεί

419 390 631 444 clusum
655 385 838 449 missa,
867 383 971 437 hoc
992 395 1078 436 me
1122 379 1405 449 scripsisse
1451 375 1696 448 reperio;
1729 394 1747 427 ι
1783 376 1877 431 sed
1905 391 2004 432 cur
2030 380 2077 435 Α
2109 372 2373 437 tabescat,
2421 373 2619 429 mirum
2650 375 2792 430 unde
2818 375 2893 431 illi
2927 386 3109 434 tantus
3153 378 3332 434 fervor
3379 380 3700 445 incandeat,

422 495 525 553 ego
571 487 793 534 sanctos
827 471 1306 531 commemorando
1345 468 1496 526 viros
1541 466 1761 524 diversa
1798 467 2002 537 passim

423 576 539 630 loca
588 566 1340 643 perlustro,quandoquidem
1372 565 1514 619 intra
1571 564 1761 629 limen,
1788 569 1844 616 et
1893 574 2005 630 prae

422 666 671 723 manibus
718 674 896 728 teneo,
926 663 992 717 ad
1021 660 1172 730 cujus
1221 660 1382 731 digne
1425 658 1697 715 efferenda
1736 654 2005 728 prreconia

422 758 597 826 impar
619 755 824 809 viribus
848 770 952 807 non
983 751 1245 822 assurgo?
1281 750 1438 806 Certe
1461 749 1671 805 cellulis
1685 747 2006 802 altrinsecus

420 845 887 905 constitutis,solo
916 843 1153 899 basilica:
1209 842 1497 897 taediantis
1540 839 1850 899 interstitio,
1903 852 2006 907 ego

420 939 617 1009 illeque
637 935 950 991 dividimur.
991 933 1157 1003 Cujus
1197 935 1244 990 si
1287 933 1576 988 virtutibus
1622 928 2007 999 enumerandis

419 1028 659 1102 iuvigilo,
697 1039 821 1084 aute
851 1027 966 1083 dies
986 1026 1221 1082 elabitur
1256 1041 1417 1097 quam
1455 1024 1729 1079 scribendi
1778 1023 2007 1080 materia

417 1122 648 1177 deiicere
673 1135 833 1190 posse
861 1118 1129 1174 videatur.
1172 1117 1511 1172 Dominicum
1557 1115 1700 1181 dico,
1732 1115 2006 1170 doctorem

416 1215 671 1270 videlicet
695 1222 747 1269 et
775 1214 1048 1269 dominum
1106 1229 1308 1275 meum,
1362 1212 1518 1282 cujus
1562 1209 1779 1281 quidem
1826 1209 2005 1278 lingua

418 1307 619 1362 rustica
642 1306 993 1373 est,sedvita
1036 1304 1328 1360 artiﬁciosa
1377 1304 1511 1359 satis
1560 1312 1615 1358 et
1637 1302 1835 1373 lepida.
1876 1301 2007 1368 Quae

416 1413 551 1454 sane
570 1398 681 1454 vita
703 1399 835 1454 satis
855 1398 1039 1452 utilius
1063 1398 1129 1452 ad
1156 1396 1567 1451 aedificationem
1591 1396 1730 1451 vivis
1753 1397 2008 1465 operibus

412 1489 676 1560 praedicat
696 1504 859 1561 quam
888 1490 1087 1544 sterilis
1134 1488 1494 1558 quorumdam
1540 1488 1744 1557 lingua,
1768 1504 1889 1558 qua:
1917 1503 2008 1543 ac-

415 1588 604 1637 curata
629 1581 925 1652 phaleratus
945 1581 1272 1636 urbanitatis
1293 1581 1454 1636 verba
1490 1581 1727 1635 inaniter
1756 1582 2003 1637 trutinat.

414 1672 602 1743 Longo
635 1672 750 1743 jam
797 1687 1065 1727 annorum
1105 1671 1354 1727 elabente
1396 1671 1688 1739 curriculo,
1713 1667 1889 1727 ferrea
1938 1672 2004 1726 ad

414 1776 635 1818 carnem
678 1760 851 1817 lorica
910 1763 1257 1832 przecinetus,
1302 1762 1729 1818 inloederabilem
1769 1778 2006 1833 pugnam

413 1866 538 1907 cum
570 1852 773 1921 iniquis
793 1853 1078 1922 spiritibus
1118 1853 1376 1918 conserit,
1409 1868 1734 1922 semperque
1781 1861 2007 1922 paratus

412 1942 481 1996 ad
507 1942 776 2013 prmlium,
807 1958 913 1997 non
944 1941 1118 1998 solum
1146 1943 1331 2006 corde,
1394 1944 1489 1999 sed
1519 1951 1575 1998 et
1607 1957 1836 2012 corpore
1863 1959 2005 2013 prre-

415 2033 626 2088 munito
651 2034 913 2089 adversus
941 2034 1169 2089 hostiles
1217 2034 1365 2088 acies
1393 2032 1633 2087 fervidus
1664 2031 1893 2086 bellator
1919 2032 2007 2086 in-

413 2123 577 2179 cedit.
607 2123 759 2179 llanc
780 2134 962 2180 autem
989 2125 1266 2181 continua:
1297 2124 1422 2178 vita:
1445 2122 1890 2177 consuetudinem
1919 2122 2005 2175 iu-

414 2218 729 2274 dill’erenter
757 2219 943 2283 habet,
972 2228 1029 2273 ut
1076 2219 1169 2273 vix
1204 2218 1322 2273 dies
1368 2217 1476 2271 ulla
1507 2226 1818 2288 praetereat.
1874 2219 2005 2287 quin

416 2310 525 2366 duo
553 2310 815 2381 psalteria
864 2309 1194 2365 modulaudo
1226 2318 1459 2379 utraque
1496 2324 1659 2363 manu
1691 2308 1870 2378 scepis
1920 2325 2009 2362 ar-

415 2408 564 2457 mata
600 2401 803 2455 nudum
825 2416 1023 2470 corpus
1054 2400 1264 2455 allidat.
1297 2400 1363 2455 Et
1405 2400 1510 2454 hoc
1547 2398 1846 2455 remissiori
1888 2400 2007 2469 qui-

414 2493 536 2547 dem
561 2498 820 2563 tempore.
855 2489 988 2546 Nam
1011 2490 1574 2562 quadragesimalibus
1596 2490 1840 2557 circulis,
1890 2491 2009 2547 sive

415 2597 540 2636 cum
583 2583 960 2652 pmnitentiam
1007 2583 1371 2653 peragendam
1401 2581 1565 2636 habet
1594 2579 1826 2651 (crebro
1858 2584 2002 2637 enim

418 2678 636 2724 centum
683 2685 950 2725 armorum
996 2669 1373 2740 penitentiam
1424 2668 1683 2739 suscipit)
1737 2678 1865 2724 tunc
1908 2685 2008 2739 per

413 2760 533 2816 dies
551 2758 815 2829 singulos,
838 2761 975 2815 dum
1010 2776 1069 2815 se
1100 2775 1389 2831 scoparum
1437 2761 1779 2816 tnusionibus
1818 2760 2007 2825 allicit,

414 2862 475 2903 ut
500 2850 698 2913 minus,
724 2851 825 2905 tria
849 2850 1104 2919 psalteria
1145 2850 1457 2905 meditando
1480 2850 2007 2918 persolvit.Ccutum

414 2948 596 2993 autem
619 2956 887 2995 annorum
923 2941 1264 3010 poenitentia.
1288 2940 1439 3012 (541)
1469 2942 1610 2997 sicut
1632 2943 1751 3011 ipso
1781 2953 2011 2999 auctore

414 3029 725 3095 didicimus,
750 3030 830 3085 sic
860 3031 1123 3099 expletur.
1168 3031 1339 3086 Porro
1376 3048 1498 3085 cum
1559 3034 1659 3087 tria
1708 3048 2001 3104 scoparum

2105 462 2257 518 utin
2311 463 2685 532 spiritualibus
2731 467 3011 522 exercitiis
3039 484 3098 523 se
3144 485 3361 541 semper
3407 471 3697 534 invictum.

2105 568 2322 625 semper
2340 553 2726 627 infatigabilem
2749 558 2962 614 reddat.
2992 558 3146 626 Nam,
3194 571 3254 616 ut
3276 563 3394 633 ipso
3425 563 3699 621 referente

2106 646 2354 716 cognovi,
2386 662 2529 717 smpc
2559 647 2665 703 duo
2692 648 2946 718 psalteria
2978 665 3101 706 cum
3151 652 3455 722 disciplinis
3500 655 3704 711 stando

2108 738 2412 805 continuat,
2444 739 2515 792 ita
2548 747 2608 793 ut
2636 755 2812 810 neque
2835 740 3054 797 interim
3077 744 3280 807 sedeat,
3307 762 3485 815 neque
3518 747 3600 801 vel
3633 750 3703 802 ad

2107 841 2440 885 momentqu
2463 846 2492 885 a
2523 833 2964 901 percussionibus
3012 835 3312 890 incredibili
3359 839 3561 893 mentis
3594 838 3703 893 fer-

2107 934 2235 974 vore
2261 921 2526 989 quiescat.
2553 920 2853 990 Inquirenti
2881 924 3010 977 mihi
3035 923 3326 993 aliquando
3368 936 3551 981 utrum
3574 945 3704 997 pos-

2108 1020 2188 1064 set
2211 1025 2334 1065 cum
2366 1009 2558 1066 ferrem
2581 1011 2748 1067 vestis
2775 1015 3013 1082 pondere
3041 1014 3436 1086 aliquantisper
3458 1033 3698 1087 genitum

2108 1099 2337 1155 ﬂexibus
2369 1101 2647 1167 insudare,
2676 1103 2778 1157 sub
2814 1104 2917 1158 hac
2973 1105 3106 1159 mihi
3157 1106 3307 1161 dedit
3358 1108 3704 1163 obscuritate

2111 1206 2425 1260 responsum
2466 1209 2479 1245 :
2516 1190 2651 1248 Cum
2708 1192 3072 1260 incolumitas,
3125 1195 3321 1266 inquit,
3353 1198 3487 1253 mihi
3520 1201 3705 1253 votiva

2110 1281 2421 1351 respondet,
2471 1281 2805 1352 quandoque
2855 1299 2954 1354 per
3001 1299 3192 1341 omnes
3238 1289 3404 1342 totius
3453 1289 3703 1359 psalterii

2107 1371 2411 1440 quindenos
2437 1371 2675 1443 psalmos
2693 1373 2906 1429 centies
2933 1389 3109 1444 genua
3150 1375 3372 1432 ﬂectere
3415 1378 3700 1435 consuevi.

2108 1461 2262 1527 Quod
2290 1463 2509 1531 quidem
2533 1472 2662 1520 tunc
2684 1478 2789 1519 non
2816 1464 3104 1536 diligenter
3117 1468 3707 1539 alteudi,postmodum

2110 1553 2402 1623 vero-quod
2452 1553 2656 1609 dictum
2709 1556 2905 1619 fuerat,
2954 1568 3138 1613 mente
3176 1559 3482 1627 revolvens,
3530 1578 3564 1617 a
3613 1564 3707 1617 de-

2109 1655 2300 1710 presso
2318 1642 2539 1698 homine
2561 1644 2706 1699 mille
2733 1655 3032 1703 metanteas
3053 1651 3105 1702 iu
3135 1664 3245 1704 uno
3268 1652 3532 1721 psalterio
3556 1651 3706 1715 ﬁeri,

2040 1733 2081 1792 Β
2112 1731 2414 1789 admiratus
2436 1735 2630 1805 expavi
2660 1734 2907 1805 (consule
2926 1738 3129 1793 scholia
3168 1740 3239 1793 ad
3274 1740 3475 1794 calcem
3516 1739 3707 1811 Vita).

2110 1819 2355 1888 Quadam
2390 1823 2479 1878 die
2502 1833 2625 1893 post
2654 1840 2960 1897 vesperam,
2987 1828 3238 1883 cellulam
3280 1846 3459 1885 meam
3494 1832 3708 1903 ingres-

2110 1928 2204 1967 sus
2236 1908 2553 1985 :Magister,
2582 1915 2760 1986 inquit
2803 1918 2948 1988 (hoc
2988 1919 3135 1974 enim
3168 1920 3392 1990 indigno
3436 1922 3709 1977 vocabulo

2108 2015 2198 2055 me
2218 2017 2287 2056 ex
2315 2002 2618 2059 humilitate
2636 2006 2923 2076 compellat
2939 2006 2981 2076 ),
3011 2007 3174 2063 hodie
3199 2008 3299 2063 feci
3326 2011 3472 2079 quod
3523 2011 3707 2067 hacte-

2112 2109 2215 2147 nus
2237 2107 2324 2148 me
2354 2092 2551 2150 fecisse
2575 2110 2685 2149 non
2737 2097 2983 2162 memini,
3026 2107 3151 2153 octo
3198 2115 3391 2169 nempe
3442 2100 3705 2171 psalteria

2108 2186 2253 2241 inter
2280 2186 2421 2241 diem
2449 2195 2506 2241 et
2544 2194 2759 2242 noctem
2804 2189 3109 2245 modulatus
3138 2191 3371 2259 explevi.
3408 2191 3708 2247 Videbatur

2109 2285 2290 2333 autem
2322 2286 2449 2333 tunc
2476 2286 2623 2334 totus
2648 2278 2831 2335 vultus
2861 2279 2980 2347 ejus
3003 2280 3075 2336 ita
3123 2281 3303 2350 scopis
3348 2283 3599 2347 attritus,
3640 2298 3707 2337 ac

2107 2368 2440 2424 sulcantibus
2472 2370 2795 2439 quibusdam
2810 2372 3077 2427 vibicibus
3106 2372 3409 2438 livcfactus,
3446 2385 3711 2444 tauquam

2107 2462 2150 2515 si
2184 2461 2288 2531 pila
2331 2460 2515 2528 fuerit,
2541 2462 2877 2532 ptisanarurn
2929 2464 3183 2520 videlicet
3225 2481 3378 2521 more
3420 2476 3701 2522 contusus.

2109 2547 2411 2605 I’salmodia
2438 2553 2567 2605 sane
2589 2550 2662 2605 illi
2695 2551 2898 2607 idcirco
2931 2561 3039 2607 tarn
3078 2554 3233 2609 lacile
3282 2563 3555 2625 provenit,
3578 2557 3711 2628 quia.

2108 2657 2215 2697 non
2238 2651 2347 2696 tam
2374 2643 2562 2708 verba,
2595 2652 2657 2698 ut
2709 2644 2827 2713 ipse
2851 2646 3067 2710 asserit,
3114 2646 3294 2715 lingua
3326 2656 3705 2717 perstrepente

2107 2731 2354 2799 revolvit,
2380 2748 2545 2803 quam
2572 2749 2793 2789 sensum
2820 2737 3023 2791 mentis
3055 2737 3341 2793 vivacitate
3362 2739 3656 2809 percurrit.
3679 2758 3703 2792 ι

2730 2843 2958 2900 CAPUT
3007 2845 3099 2901 IX.

2321 2934 2543 2989 Lautior
2568 2934 2716 2989 cibus
2735 2936 2855 3006 ejus
2871 2938 3025 3007 panis
3054 2954 3174 2992 cum
3205 2939 3461 3008 feuiculo.

2184 3046 2204 3080 σ
2236 3028 2542 3100 Aliquando
2571 3045 2601 3084 a
2631 3045 2723 3085 me
2744 3040 2986 3087 remotus
3012 3034 3316 3099 habitabat,
3349 3050 3588 3106 cumque
3636 3037 3707 3091 ad

416 3120 585 3174 millia
609 3137 774 3175 unum
802 3122 1141 3191 pwnitentia:
1164 3140 1364 3177 annum
1388 3130 1528 3193 apud
1555 3140 1654 3179 nos
1677 3095 2003 3195 regulariter
2030 3095 2075 3159 ε
2107 3135 2199 3176 me
2219 3121 2522 3191 ingressum
2545 3123 2743 3192 quibus
2770 3132 2900 3180 tunc
2922 3140 2980 3180 se
3004 3126 3127 3180 vita:
3156 3126 3362 3197 legibus
3384 3095 3576 3198 ageret
3623 3130 3703 3183 in-

415 3210 693 3280 expleant,
723 3209 912 3264 decem
968 3220 1149 3265 autem
1196 3212 1523 3281 psalmorum
1567 3214 1886 3279 modulatio,
1946 3228 2006 3271 ut

415 3315 559 3371 stupe
582 3301 869 3370 probatqu
900 3307 1003 3364 est,
1028 3300 1175 3356 mille
1201 3317 1392 3371 scopas
1418 3301 1693 3369 admittat,
1730 3304 1859 3360 dum
1882 3321 2007 3360 cen-

417 3402 528 3448 tum
553 3393 941 3465 quinquaginta
975 3392 1197 3464 psalmis
1244 3403 1495 3449 constare
1546 3395 1863 3464 psalterium
1896 3412 2005 3453 non

416 3487 732 3557 ambigitur,
764 3488 1007 3557 quinque
1060 3502 1328 3541 annorum
1377 3487 1697 3557 poenitentia
1746 3489 1797 3542 iu
1847 3489 2008 3545 unius

418 3578 660 3644 psalterii
714 3578 999 3648 disciplina
1050 3588 1199 3634 recte
1246 3580 1664 3649 supputantibus
1711 3580 2002 3635 invenitur.

417 3668 525 3724 Sed
551 3669 666 3725 sive
694 3654 1114 3741 quinquevicies
1138 3668 1325 3734 ducas,
1341 3669 1456 3724 sive
1485 3670 1670 3741 viginti
1694 3672 2002 3741 quinquies,

416 3759 576 3832 591
612 3768 827 3817 centum
860 3761 1087 3816 l‘aciunt.
1119 3760 1485 3831 Consequitur
1527 3777 1677 3833 ergo,
1707 3771 1761 3817 ιιι
1790 3765 1880 3833 qui
1926 3765 2007 3818 γε,

418 3850 561 3917 giuti
578 3851 836 3921 psalteria
868 3868 991 3906 cum
1014 3851 1297 3923 disciplina
1348 3852 1625 3916 decantat,
1658 3864 1876 3909 centum
1910 3871 2006 3909 an-

420 3955 612 3995 norum
632 3942 1012 4010 paenitentiam
1034 3958 1093 3997 se
1107 3942 1384 4012 peregisse
1398 3943 1650 3998 conlldat.
1681 3943 2001 4014 Quanquam

420 4041 477 4083 et
497 4030 561 4084 in
577 4029 681 4086 hoc
702 4030 997 4100 plerosque
1013 4039 1199 4087 noster
1235 4031 1550 4086 Dominicus
1588 4046 1828 4101 superet,
1876 4049 2004 4103 quia

422 4138 545 4175 eum
571 4123 809 4177 nonnulli
843 4138 1015 4177 unam
1057 4138 1277 4176 manum
1323 4122 1376 4176 in
1428 4121 1732 4192 disciplinis
1779 4123 2004 4193 agendis

422 4221 731 4276 exerceant,
770 4212 891 4275 iste,
924 4221 985 4267 ut
1035 4227 1225 4267 revera
1281 4212 1562 4282 Beujamin
1615 4214 1775 4278 filius,
1817 4226 2007 4270 contra

425 4304 663 4360 rebelles.
677 4303 860 4359 carnis
882 4305 1171 4361 illecebras
1190 4314 1424 4375 utraque
1459 4321 1621 4360 manu
1655 4305 2003 4377 infatigabili-

425 4406 507 4449 ter
530 4408 749 4469 pugnat.
777 4399 930 4454 lianc
959 4406 1149 4452 autem
1181 4405 1399 4452 centum
1434 4412 1703 4451 annorum
1736 4400 1999 4466 paeniten-

428 4491 575 4556 tiam,
597 4499 657 4546 ut
678 4491 808 4546 mihi
836 4491 949 4560 ipse
969 4489 1246 4559 professus
1275 4498 1375 4549 est.
1406 4488 1563 4543 facile
1592 4502 1686 4543 sex
1710 4489 1899 4544 diebus
1938 4505 2004 4545 ex

428 4596 575 4637 more
601 4590 968 4637 consummat.
1018 4580 1235 4636 Memini
1286 4594 1503 4651 quoque
1548 4581 1673 4650 quia
1722 4579 2003 4650 cujusdam

429 4671 858 4742 Quadragesimre
875 4671 1211 4727 imminentis
1234 4671 1414 4736 initio,
1431 4670 1577 4726 mille
1604 4687 1778 4726 annos
1806 4673 2005 4742 imponi

430 4760 529 4813 sibi
553 4777 645 4830 per
665 4778 762 4818 nos
783 4763 847 4817 ad
872 4762 1247 4833 paenitentiam
1271 4760 1450 4832 petiit,
1481 4777 1620 4830 quos
1643 4773 1793 4817 certe
1815 4777 2007 4818 omnes

431 4854 601 4903 ferme
648 4862 938 4924 antequam
967 4852 1158 4924 jejunii
1203 4863 1413 4924 tempus
1443 4854 1859 4925 transigeretur,
1907 4870 2005 4909 ex-

431 4939 598 5008 plevit
650 4941 815 5011 (342).
865 4944 933 4999 Et
972 4944 1132 5015 paulo
1185 4954 1311 5015 post
1366 4944 1467 5000 hoc
1504 4954 1824 5016 prosecutus
1861 4960 2006 5000 sum.

502 5028 655 5062 NII-ul!
703 5033 765 5062 αἱ..
792 5033 1128 5062 “Λαιυιειιεηιιω
1185 5035 1248 5062 ..Α
1280 5049 1382 5062 una
1407 5043 1640 5062 ΛωιιΑ-Αο

1695 5049 1875 5062 ann-pnas
1919 5050 1975 5062 Ἀ

2105 3209 2413 3277 quisissem,
2445 3210 2725 3281 respondit
2754 3227 2813 3268 se
2859 3213 3151 3269 carnaliter
3177 3214 3377 3280 vivere,
3407 3226 3464 3269 et
3497 3217 3705 3287 quintis

2106 3317 2318 3372 semper
2348 3301 2496 3357 feriis
2521 3318 2643 3359 cum
2668 3303 2967 3360 Dominicis
2995 3306 3186 3362 diebus
3213 3324 3241 3361 a
3265 3306 3425 3362 solito
3451 3324 3510 3362 se
3539 3308 3705 3363 absti-

2106 3392 2303 3447 nentia;
2325 3391 2490 3465 492
2526 3394 2705 3465 rigore
2758 3394 2965 3451 laxare.
3004 3397 3319 3466 Requisitns
3350 3408 3534 3453 utrum
3573 3415 3708 3469 quo-

2106 3484 2238 3538 libet
2266 3483 2565 3554 pulmento,
2599 3484 2719 3540 ovis
2764 3487 2848 3541 vel
2896 3502 3063 3542 caseo
3086 3498 3427 3554 vesceretur,
3460 3488 3707 3559 negavit;

2108 3587 2316 3638 rursus,
2349 3573 2395 3629 si
2441 3574 2682 3644 piscibus
2706 3584 2799 3630 aut
2833 3577 3030 3647 pomis.
3061 3576 3271 3643 Pisces,
3309 3579 3405 3644 ait,
3437 3589 3496 3632 et
3517 3594 3711 3648 poma,

2104 3666 2149 3719 si
2175 3680 2283 3735 qua
2320 3673 2466 3728 sunt,
2489 3667 2878 3734 aegrotantibus
2923 3669 3161 3739 prmbco,
3204 3684 3433 3739 quorum
3465 3683 3574 3724 non
3607 3669 3710 3723 mi-

2108 3755 2312 3811 nimam
2350 3755 2759 3812 multitudinem.
2786 3757 2970 3828 jacere
3012 3760 3066 3813 in
3116 3759 3322 3814 nostris
3348 3759 3600 3830 partibus
3626 3759 3714 3813 iu-
3758 3802 3769 3812 .

2111 3850 2369 3921 gemisco.
2400 3849 2644 3919 Cumque
2695 3849 2847 3905 illum
2904 3852 3070 3906 durus
3093 3860 3318 3906 exactor
3368 3852 3424 3905 in
3473 3860 3713 3923 angusto

2110 3939 2512 4003 concluderem,
2562 3940 2779 3996 dicens:
2809 3940 2961 3998 Unde
2987 3957 3118 4013 ergo
3142 3941 3248 3998 illis
3290 3942 3481 3998 diebus
3512 3943 3712 3997 remis-

2113 4033 2229 4087 sius
2254 4032 2414 4097 vivis,
2443 4032 2489 4087 si
2520 4032 2653 4087 nihil
2684 4047 2874 4088 eorum
2921 4035 3186 4099 comedis,
3232 4049 3354 4105 quae
3383 4049 3613 4090 necesse
3640 4036 3713 4088 sit

2113 4123 2194 4178 vel
2225 4123 2440 4193 ignibus
2468 4123 2696 4195 decoqui
2723 4124 2809 4180 vel
2837 4125 2893 4180 in
2947 4127 3235 4183 arboribus
3281 4126 3550 4181 inveniri?
3604 4126 3711 4181 Re.

2110 4215 2352 4282 spondit:
2369 4215 2648 4289 Feniculo,
2662 4215 2935 4286 inquiens,
2954 4233 3075 4273 cum
3093 4233 3231 4288 pauc
3249 4217 3483 4273 libenter
3493 4233 3707 4273 vescor.

2114 4304 2233 4360 Mox
2266 4306 2522 4362 nimirum
2567 4310 2741 4377 perite
2766 4311 2991 4381 cognovi
3025 4326 3187 4380 quam
3219 4309 3516 4365 carnaliter
3542 4311 3709 4365 homo

2115 4397 2321 4451 viveret
2345 4398 2439 4467 qui
2474 4413 2603 4453 suas
2653 4399 2876 4456 delicias
2919 4402 2974 4456 iu
3022 4401 3259 4457 feniculo
3311 4401 3704 4457 constituisset.

2115 4488 2288 4544 liabet
2308 4490 2467 4559 plane
2499 4490 2719 4545 uberem
2741 4491 3102 4563 lacrymarum
3131 4494 3387 4563 gratiam,
3413 4491 3511 4547 sed
3542 4490 3706 4546 alter-

2115 4595 2260 4634 nam.
2283 4578 2418 4634 Cum
2470 4580 2617 4635 enim
2665 4581 2912 4636 reclusus
2958 4583 3057 4637 sub
3088 4582 3336 4638 districto
3382 4598 3443 4638 se
3489 4582 3706 4639 silentio

2115 4671 2390 4741 reprimit;
2424 4688 2571 4734 mox,
2602 4682 2661 4726 ut
2686 4672 2935 4737 voluerit,
2975 4673 3259 4729 alliuenter
3301 4674 3524 4745 plangit.
3554 4673 3627 4729 At
3658 4673 3707 4734 si

2112 4764 2384 4834 colloquio
2436 4763 2830 4834 frequentatur,
2856 4764 3040 4820 lletum
3071 4781 3130 4821 se
3160 4765 3409 4820 amisisse
3467 4780 3703 4835 conque-

2116 4855 2272 4920 ritur,
2310 4871 2434 4910 nam
2459 4866 2514 4909 et
2535 4871 2636 4927 ego
2669 4855 2747 4911 illi
2780 4872 2923 4928 sazpe
2950 4858 3232 4928 penuriam
3256 4873 3390 4913 mea:
3432 4857 3703 4913 ariditatis

2119 4945 2447 5016 impropero,
2473 4945 2689 5001 dicens:
2714 4946 2863 5001 Heu!
2890 4948 3133 5019 inquam,
3162 4949 3425 5018 mipater.
3459 4950 3577 5004 ista:
3597 4957 3701 5005 tua:

2119 5034 2162 5060 l".-
2175 5050 2368 5060 -..ιο-μιᾳ*
2395 5034 2694 5060 ξ-ρρααιργ...
2724 5045 2843 5060 -.-με
2902 5054 2963 5060 ..κέ
