3992 5322
177 193 312 246 illi?

175 401 364 452 flerent
391 397 694 468 genitrices.
733 417 752 449 ι

249 487 306 541 In
333 487 518 557 regula
569 505 782 557 quoque
807 490 1087 546 eremitica
1117 491 1218 545 hoc
1241 491 1534 547 inseruisse
1564 507 1650 546 me
1677 509 1766 548 re-

173 580 314 634 colo.
351 579 560 635 Dicam.
623 579 728 634 Sed
763 581 886 650 quis
906 581 1043 636 sciat
1069 591 1247 636 utrum
1305 583 1436 638 fides
1477 583 1766 638 assertioni

177 673 506 728 ﬁdelissima:
536 675 876 744 praebeatur?
909 673 1014 728 Sed
1054 674 1549 744 parvipendendnm
1583 685 1666 730 est
1721 677 1765 730 si

177 769 412 822 humana
449 769 723 823 temeritas
746 779 938 838 arguat
966 783 1124 838 quem
1155 785 1365 822 summa
1397 769 1598 824 veritas
1620 769 1770 823 falsi-

177 859 308 914 tatis
328 867 568 912 excusat.
601 857 694 912 Est
753 859 892 911 inter
923 873 1024 912 nos
1067 859 1156 927 qui
1199 875 1610 928 nonnunquam,
1661 877 1768 915 uno

176 947 264 1000 die
291 949 610 1002 continuato
625 963 747 1003 cum
764 959 939 1014 nocte,
975 965 1164 1004 novem
1183 951 1436 1019 psalteria
1457 953 1768 1008 meditando

177 1039 450 1102 decurrat,
477 1049 532 1094 et
559 1041 774 1094 interim
806 1057 941 1109 pene
967 1055 1182 1110 semper
1203 1053 1430 1112 utraque
1453 1061 1614 1098 manu
1643 1061 1766 1100 sco-

175 1133 260 1201 pis
283 1142 494 1188 armata
527 1135 728 1188 nudum
753 1151 951 1206 corpus
975 1137 1190 1194 alliciat.
1227 1137 1530 1191 Notandum
1587 1147 1766 1189 autem

175 1225 324 1294 quia,
364 1228 492 1282 dum
521 1229 638 1283 haec
687 1243 946 1299 peragere
980 1231 1198 1301 satagit,
1231 1240 1388 1285 nocte
1419 1230 1500 1284 vel
1531 1229 1618 1283 die
1645 1229 1768 1284 dor-

175 1319 316 1372 mire
345 1335 452 1374 non
481 1331 660 1384 vacat,
684 1323 778 1376 sed
801 1323 1092 1392 aliquando
1124 1339 1296 1394 genua
1343 1321 1586 1386 flectens,
1639 1321 1767 1375 dum

174 1419 344 1480 caput
363 1421 522 1466 terra:
557 1413 796 1483 deponit,
829 1415 909 1468 sic
935 1417 1079 1470 nudo
1109 1423 1330 1486 repente
1359 1430 1582 1470 somnus
1610 1415 1769 1468 obre-

175 1500 272 1572 pit,
297 1515 408 1571 quo
439 1503 556 1556 solo
581 1513 870 1558 contentus
891 1517 995 1560 est.
1031 1507 1130 1561 Hic
1177 1505 1308 1559 mihi
1349 1503 1637 1573 aliquando
1659 1503 1769 1557 fra-

175 1597 331 1646 terna
362 1591 732 1649 familiaritate
755 1606 1086 1666 conquestus
1116 1607 1219 1660 cst,
1250 1597 1374 1666 quia
1417 1613 1540 1651 cum
1573 1613 1765 1652 novem

1029 193 1190 248 VITA
1221 193 1320 249 SS.
1366 195 1719 252 RODULPHI
1759 193 1848 248 ET
1889 193 2098 248 DO‘ilN
2128 193 2188 248 Cl
2225 191 2568 252 LOIllCATl.

175 309 354 362 minus
375 317 428 362 et
449 315 554 362 tua:
598 307 850 380 lacryma:
877 323 1120 362 mearum
1142 324 1357 380 quoque
1401 309 1762 380 lacrymarum
1793 315 1842 371 Α

3319 206 3456 262 illis

1946 326 1964 360 ι
2009 308 2140 364 Erat
2201 320 2380 365 autem
2439 327 2544 364 nox
2599 311 2684 364 illa
2747 315 3055 381 praecedens
3101 303 3442 376 Dominicam

1871 401 2011 456 diem
2071 413 2126 456 et
2163 403 2226 457 Β.
2271 401 2552 456 Michaelis
2595 401 2966 460 festivitatem.
3015 407 3258 478 Cumque
3307 411 3454 468 facto

1870 509 2028 547 mane
2054 495 2122 548 ad
2155 495 2472 563 praedicunt:
2517 511 2700 552 senem
2749 497 2920 552 frater
2969 498 3057 554 ille
3102 502 3362 566 venisset,
3389 502 3456 554 ti-

1869 597 2130 652 mensque
2155 601 2222 640 ne
2251 587 2316 638 de
2341 586 2671 642 discretione
2697 587 3136 658 redargueretur,
3161 607 3282 646 cum
3311 594 3454 662 quod

1868 687 2190 747 cgerat,per
2214 679 2462 733 ordinem
2493 679 2788 744 retulisset,
2825 682 2926 736 hac
2959 682 3202 737 ille.voce
3233 699 3456 754 respon-

1869 765 1949 818 dit
1981 783 1992 818 :
2025 763 2166 830 Noli,
2210 765 2398 832 frater,
2439 769 2801 837 pusillanimis
2827 787 2946 826 esse
2979 772 3062 826 vel
3097 789 3194 842 pro
3235 774 3334 828 hac
3365 783 3458 828 tua

1870 865 1990 927 qua:
2043 875 2186 920 nunc
2235 869 2338 924 cst,
2391 860 2710 916 infirmitate
2759 863 3039 926 dillidere;
3093 875 3266 933 potest
3309 867 3456 920 enim

1871 949 2012 1002 Deus
2058 965 2124 1004 ex
2173 950 2297 1004 imis
2347 961 2398 1004 te
2442 951 2507 1004 ad
2557 953 2750 1006 altiora
2803 955 3126 1022 provehere,
3184 963 3238 1009 et
3295 953 3454 1022 hujus

1869 1039 2108 1092 lacteola:
2139 1051 2240 1092 tua:
2271 1043 2703 1096 conversationis
2753 1042 3037 1098 infantiam
3089 1044 3156 1098 ad
3194 1043 3456 1112 juvenilis

1873 1135 2082 1189 roboris
2128 1135 2463 1190 incrementa
2517 1137 2760 1191 firmare.
2805 1138 2872 1192 Et
2909 1138 3170 1206 adjiciens
3197 1140 3314 1194 ait:
3350 1139 3460 1194 Nos

1869 1225 2035 1280 etiam
2083 1229 2262 1295 primo
2313 1227 2646 1294 pedetentim
2701 1229 2986 1298 cmpimus,
3034 1231 3347 1298 sensimque
3395 1229 3462 1284 ad

1870 1317 2012 1385 quod
2061 1333 2162 1371 nos
2205 1318 2388 1371 divina
2429 1318 2608 1390 pietas
2641 1320 2940 1388 perducere
2967 1321 3160 1384 voluit,
3194 1323 3324 1378 licet
3357 1323 3460 1378 imo

1870 1408 2090 1464 becilles
2115 1425 2180 1464 ac
2207 1407 2428 1478 fragiles
2451 1410 2632 1464 educti
2661 1427 2866 1466 sumus.
2922 1411 3120 1482 Sicque
3145 1414 3352 1468 factum
3377 1423 3464 1468 est

1873 1509 2060 1554 utnon
2103 1516 2226 1554 eum
2262 1503 2328 1555 de
2362 1501 2724 1555 immoderato
2753 1499 2988 1568 fervore,
3017 1504 3157 1556 sicut
3187 1503 3278 1558 ille
3311 1503 3466 1558 time-

1873 1592 1989 1656 bat,
2045 1600 2331 1662 argueret,
2387 1591 2480 1646 sed
2531 1606 2598 1646 ne
2644 1591 3010 1662 desperationi
3061 1595 3463 1659 succumberet,

175 1683 256 1738 Sic
277 1683 536 1754 psalteria
568 1703 710 1755 δωρεᾶ
737 1688 1064 1743 modulando
1081 1689 1389 1758 perliceret,
1416 1689 1482 1744 ad
1499 1689 1768 1746 decimum
1805 1669 1848 1728 Β
1878 1695 2132 1756 tanquam
2165 1686 2256 1754 qui
2293 1685 2578 1740 n'tinimum
2618 1685 2748 1754 quid
2795 1685 2988 1756 egerit,
3029 1687 3269 1740 animum
3319 1685 3466 1740 refo-

177 1791 458 1845 nunquam
483 1781 722 1848 potuerit
753 1783 1062 1850 pervenire.

245 1868 306 1922 In
335 1870 562 1939 epistola
595 1887 832 1941 quoque,
862 1889 1022 1942 quam
1051 1875 1262 1930 Blanca:
1305 1875 1596 1930 comitissa:
1631 1875 1774 1930 dire-

177 1959 381 2024 ximus,
415 1961 522 2016 hoc
541 1977 640 2017 nos
667 1963 928 2018 indidisse
961 1965 1210 2020 videmur
1244 1990 1256 2019 ι
1308 1966 1526 2022 Utinam
1552 1967 1774 2022 daretur

179 2053 272 2106 tibi
317 2069 463 2109 nunc
493 2055 750 2111 domnunt
799 2071 977 2112 meum
1029 2059 1214 2113 videre
1268 2059 1628 2124 Dominicum,
1680 2061 1772 2130 qui

177 2143 320 2210 quod
353 2143 614 2214 imperita:
641 2145 835 2216 lingua:
857 2162 1118 2202 conamur
1147 2149 1337 2214 ollirio,
1370 2149 1486 2219 ipse
1518 2159 1568 2203 te
1592 2149 1772 2204 effica-

177 2230 312 2287 ciori
365 2231 809 2289 luculentissima:
871 2237 996 2291 vita:
1029 2231 1285 2293 doceret
1341 2248 1396 2292 et
1457 2239 1777 2292 informaret

179 2321 448 2392 exemplo.
483 2321 582 2378 Hic
607 2325 840 2396 denique
867 2343 895 2380 a
925 2327 1097 2382 tribus
1128 2327 1240 2396 jam
1267 2329 1487 2384 circiter
1507 2346 1774 2384 annorum

179 2410 370 2468 lustris
395 2415 560 2469 lorica
589 2415 764 2470 ferrea
789 2418 1020 2472 vestitur
1041 2419 1106 2472 ad
1161 2436 1407 2482 carnem.
1437 2421 1645 2475 duobus
1675 2439 1770 2474 au-

182 2510 288 2558 tem
321 2503 516 2558 ferreis
535 2505 754 2560 circulis
781 2506 832 2560 in
862 2523 1094 2578 corpore
1121 2509 1382 2577 cingitur,
1415 2509 1622 2565 duobus
1645 2511 1774 2565 item

181 2607 276 2662 per
300 2591 650 2649 brachiorum
673 2610 856 2651 armos
882 2605 1126 2651 aretatur
1151 2597 1322 2669 (545).
1479 2589 1484 2594 λ

795 2712 1022 2768 CAPUT
1059 2712 1128 2768 X.

187 2799 477 2856 Duodecim
504 2801 754 2873 psalteria
785 2712 1546 2874 gifikefuiabsoh-it,virgis
1567 2805 1777 2859 interim

819 2889 875 2926 se
903 2873 1134 2927 credens.

253 2981 360 3036 Sed
393 2982 520 3051 quia
535 2983 600 3038 de
633 2982 724 3038 illo
753 2983 805 3036 in
831 2983 954 3038 aliis
977 2985 1180 3040 nostris
1201 2987 1480 3054 Opusculis
1495 2987 1606 3056 jam
1623 2985 1776 3056 plura

133 3053 136 3056 ’
187 3072 532 3142 digessimus,
566 3089 710 3126 nunc
733 3075 876 3142 quod
913 3074 1002 3128 vix
1063 3083 1190 3129 ante
1213 3053 1378 3148 ωε
1415 3053 1511 3132 sex
1540 3053 1656 3130 dies
1707 3076 1774 3130 ad

185 3177 284 3218 nos
301 3161 530 3216 veniens
559 3163 764 3226 retulit,
789 3162 1150 3234 proferamus.
1186 3165 1277 3220 Ait
1307 3166 1490 3236 itaque
1529 3183 1542 3218 :
1577 3184 1596 3217 ι
1630 3164 1772 3220 Con-

189 3255 304 3324 tigit
329 3269 420 3310 me
468 3270 648 3318 nosse,
681 3256 823 3323 quod
853 3257 1170 3326 scripseris,
1199 3271 1394 3312 novem
1437 3271 1524 3310 me
1559 3271 1666 3326 uno
1692 3257 1778 3311 die

193 3345 450 3414 psalteria
499 3347 816 3401 decantasse
869 3363 992 3402 cum
1027 3348 1402 3417 corporalibus
1454 3347 1775 3417 disciplinis.

187 3437 338 3504 Quod
365 3449 516 3493 certe
537 3453 661 3493 cum
691 3439 892 3504 audivi,
919 3439 1272 3496 tremefactus
1303 3441 1518 3509 expavi,
1567 3449 1624 3494 et
1647 3455 1780 3494 con-

187 3529 416 3586 scientia
442 3532 784 3586 remordente
809 3532 1112 3602 congemui.
1167 3531 1280 3596 νω,
1329 3531 1572 3602 inquam,
1624 3533 1777 3595 mihi,

188 3620 431 3676 cccehoc
458 3621 524 3675 de
549 3637 654 3686 me,
675 3623 948 3678 nesciente
971 3639 1077 3690 me,
1107 3623 1366 3693 scriptum
1390 3633 1573 3688 est;et
1601 3631 1778 3677 tamen

191 3721 370 3766 utrum
401 3727 430 3764 a
463 3729 548 3767 me
575 3713 676 3768 hoc
708 3713 823 3768 fieri
853 3715 1136 3783 potuisset,
1169 3715 1376 3785 ignoro.
1405 3715 1545 3783 Ergo
1591 3731 1780 3770 rursus

189 3803 466 3872 experior,
495 3813 548 3858 et
573 3819 640 3858 an
669 3805 772 3860 hoc
799 3805 1024 3875 implere
1071 3806 1364 3876 potuerim,
1417 3805 1782 3862 indubitanter

190 3907 504 3963 agnoscam.
530 3894 734 3962 Quarta
767 3897 932 3966 igitur
977 3897 1112 3952 feria
1150 3913 1236 3954 me
1262 3899 1502 3954 vestibus
1531 3899 1678 3962 exui,
1728 3907 1782 3952 et

191 3993 400 4038 armata
433 3987 612 4054 scopis
638 3997 866 4058 utraque
889 4005 1068 4054 manu,
1104 3999 1272 4044 totam
1297 4001 1507 4045 noctem
1539 3990 1782 4046 ducendo

191 4078 506 4148 pervigilem
559 4080 790 4150 psallere
843 4097 908 4136 ac
945 4099 1030 4136 me
1074 4084 1372 4138 verberare
1409 4099 1515 4137 non
1571 4083 1778 4146 destiti,

194 4171 362 4227 donec
373 4173 464 4228 die
484 4155 655 4228 altero
673 4175 914 4230 decursis
936 4175 1216 4231 duodecim
1233 4191 1296 4232 ex
1313 4191 1462 4231 more
1485 4176 1779 4245 psalteriis,

195 4260 278 4314 die
303 4263 465 4318 tertio
491 4264 706 4338 decimo
724 4266 789 4320 ad
818 4267 1104 4335 psalmum,
1133 4267 1304 4334 Beati,
1336 4283 1584 4337 quorum,
1609 4283 1782 4338 usque

197 4354 421 4422 ri-ptavi.
449 4353 638 4418 Porro,
669 4355 812 4424 quod
845 4356 1001 4410 nobis
1057 4358 1254 4412 durum
1305 4373 1446 4427 sirpe
1478 4357 1690 4413 videtur
1729 4365 1782 4412 et

199 4457 472 4512 asperum,
501 4461 662 4514 qualn
715 4446 804 4500 ille
839 4447 1046 4516 puerile
1087 4447 1308 4516 deputet
1354 4463 1418 4502 ac
1444 4449 1778 4517 despectum,

200 4546 306 4588 uno
351 4536 647 4590 doceamus
695 4537 963 4606 exemplo.
1024 4538 1218 4593 Frater
1273 4539 1494 4608 quidam
1550 4555 1673 4594 cum
1725 4555 1782 4592 se

201 4639 488 4696 scoparum
523 4630 720 4685 ictibus
749 4631 911 4685 nimis
951 4632 1274 4688 abhorreret
1321 4643 1578 4698 atterere,
1624 4642 1785 4701 atque

204 4732 260 4774 ut
282 4724 394 4792 ipse
415 4723 634 4778 sibimet
663 4723 850 4794 plagas
879 4723 1108 4780 inferret
1146 4713 1307 4794 atque
1353 4725 1638 4795 perferret,
1669 4741 1788 4794 gra-

205 4812 482 4868 E'Essimum
505 4812 797 4881 judicaret,
833 4814 1048 4866 tandem
1093 4823 1270 4867 tamen
1310 4815 1488 4868 donmi
1524 4813 1784 4870 Dominici

202 4903 448 4960 Crebrius
475 4903 772 4960 insistentis
789 4905 1261 4959 :ulhortationibus
1283 4907 1574 4976 acquievit,
1607 4923 1671 4962 ac
1693 4923 1790 4976 per

207 4993 629 5048 modulationem
663 4997 826 5050 totius
849 4995 1112 5065 psalterii,
1162 5004 1218 5048 et
1245 4997 1468 5066 insuper
1516 5001 1784 5072 quinqua-

209 5083 352 5152 ginta
377 5084 702 5152 psalmorum
731 5085 1306 5156 sibimetdisciplinam
1331 5086 1534 5148 inferre
1555 5091 1790 5162 propriis

212 5175 458 5230 manibus
477 5191 584 5230 non
613 5177 860 5232 cessavit.

1879 1784 2050 1830 veret.
2103 1773 2274 1845 llujus
2323 1775 2507 1844 itaque
2551 1775 2726 1828 sancti
2761 1775 2906 1829 senis
2935 1775 3180 1846 exemplo
3207 1775 3466 1831 facienda:

1875 1867 2176 1938 disciplina:
2211 1884 2328 1922 mus
2359 1867 2496 1922 adeo
2527 1868 2580 1921 in
2613 1868 2816 1922 nostris
2855 1869 3100 1937 partibus
3137 1869 3380 1934 inolevit,
3409 1880 3470 1923 ut

1877 1977 1984 2016 non
2018 1961 2178 2016 modo
2209 1961 2335 2026 viri,
2367 1961 2462 2016 sed
2486 1971 2541 2015 et
2565 1961 2772 2016 nobiles
2799 1964 3056 2018 mulieres
3082 1965 3184 2018 hoc
3213 1973 3468 2034 purgato-

1877 2053 1942 2107 rii
1965 2068 2137 2124 genus
2166 2053 2442 2106 inhianter
2471 2052 2799 2122 arriperent.
2833 2053 2967 2107 Nam
2997 2063 3052 2108 et
3087 2055 3274 2110 relicta
3303 2055 3472 2110 Teth-

1877 2143 2044 2208 baldi,
2077 2142 2326 2197 sublimis
2352 2143 2541 2212 utique
2568 2145 2802 2213 generis,
2842 2153 2896 2198 ct
2929 2160 3034 2199 non
3073 2145 3272 2200 infima:
3295 2145 3474 2215 digiti-

1879 2235 2026 2298 tatis,
2083 2233 2214 2288 mihi
2267 2233 2557 2304 aliquando
2605 2235 2811 2300 retulit,
2849 2251 2947 2304 per
2979 2235 3258 2305 prmlixam
3303 2235 3468 2304 hujus

1877 2327 2176 2398 disciplina:
2203 2327 2445 2398 regulam
2475 2337 2694 2382 centum
2717 2343 2984 2384 annorum
3007 2343 3064 2384 se
3091 2327 3470 2398 paenitentiam

1875 2421 2176 2491 peregisse.
2208 2440 2226 2472 ι

1949 2532 2006 2586 ln
2035 2531 2262 2601 epistola
2287 2532 2452 2586 etiam
2481 2531 2548 2584 ad
2578 2530 2842 2586 Joannem
2867 2533 3103 2602 priorem
3131 2531 3322 2594 eremi,
3351 2547 3472 2600 qua:

1871 2623 2028 2693 juxta
2065 2623 2410 2678 Suavicinum
2439 2621 2592 2692 (544)
2620 2631 2858 2678 montem
2891 2633 2974 2680 est
2999 2624 3316 2688 constituta,
3349 2639 3470 2678 cum

1877 2730 2002 2769 eum
2045 2713 2276 2782 ejusque
2319 2713 2594 2782 subjectos
2623 2714 2692 2768 ad
2723 2715 3096 2769 extensionem
3123 2713 3471 2770 brachiorum

1879 2803 1932 2858 in
1975 2805 2314 2858 orationibus
2359 2805 2732 2858 exhortatorie
2769 2819 3149 2874 provocarem,
3179 2807 3286 2860 dixi
3321 2805 3474 2874 prius

1884 2898 1952 2951 de
1997 2898 2232 2967 quodam
2285 2897 2683 2952 ferventissimo
2719 2897 2886 2970 495
2919 2898 2972 2952 in
3025 2913 3214 2953 amore
3267 2897 3476 2952 Christi

1889 2987 2062 3044 fratre
2100 2999 2310 3054 nostro,
2341 2987 2512 3042 Adam
2543 2988 2784 3054 nomine,
2823 2987 3018 3043 deinde
3045 2988 3386 3043 Dominicum
3419 2987 3476 3042 in

1880 3079 2128 3148 exemplo
2171 3078 2400 3148 subjeci,
2459 3078 2536 3132 ita
2591 3079 2882 3148 inquiens:
2914 3078 3228 3133 «Habemus
3279 3087 3466 3133 autem

1881 3171 2172 3238 quemdam
2213 3169 2566 3238 juvenculum
2611 3169 2859 3236 fratrem,
2901 3171 2992 3238 qui
3027 3170 3160 3224 mihi
3191 3171 3478 3224 confessus

1879 3269 1964 3314 est
1993 3275 2022 3312 a
2054 3259 2230 3328 capite
2265 3273 2436 3326 usque
2462 3258 2528 3311 ad
2563 3259 2722 3311 finem
2755 3259 2993 3328 psalterii
3019 3259 3228 3312 elevata
3257 3274 3316 3312 se
3343 3260 3474 3313 bra-

1881 3351 2002 3404 chia
2039 3360 2242 3412 tenere,
2284 3351 2412 3404 dum
2467 3349 2670 3419 psallit,
2719 3349 2792 3402 ita
2827 3359 2886 3402 ut
2915 3347 3140 3417 laquear
3173 3349 3476 3414 tabulatum

1880 3442 2086 3497 cellula:
2111 3441 2362 3496 manibus
2391 3455 2535 3510 saepe
2573 3441 2872 3510 contingat.
2911 3439 3026 3494 Hac
3066 3449 3242 3493 tamen
3271 3439 3478 3494 discre-

1883 3535 2030 3588 tione
2059 3543 2297 3596 servata,
2327 3541 2386 3586 ut
2415 3545 2514 3602 per
2546 3532 2960 3602 quinquagenos
2987 3531 3228 3599 psalmos
3258 3531 3325 3585 ad
3361 3549 3477 3588 mo-

1883 3635 2121 3679 mentum
2167 3624 2391 3680 brachia
2443 3625 2668 3680 remissa
2715 3626 2950 3694 deponat
3006 3633 3061 3679 ct
3091 3625 3342 3695 protinus
3367 3625 3477 3680 eri-

1881 3725 1988 3786 gat.
2023 3707 2308 3770 Habemus
2344 3723 2398 3770 et
2441 3715 2672 3770 alterum
2722 3716 3086 3784 provectioris
3136 3715 3338 3780 aztatis,
3390 3715 3472 3769 in-

1881 3821 2105 3860 curvum
2135 3805 2387 3859 videlicet
2435 3819 2643 3870 senem,
2690 3815 2764 3870 et,
2815 3811 2874 3858 ut
2920 3805 3016 3859 tibi
3057 3813 3270 3860 secrete
3305 3805 3478 3860 conli-

1883 3909 2021 3958 tear,
2055 3897 2142 3951 hic
2184 3895 2504 3951 Dominicus
2532 3905 2636 3950 est.
2687 3895 2738 3950 Is
2777 3895 2958 3966 itaque
2996 3896 3288 3966 quamdam
3339 3897 3476 3951 scri-

1885 3987 2219 4060 ptiunculam
2279 3989 2517 4060 reperit,
2579 3987 2670 4042 ubi
2725 3987 3045 4042 dicebatur:
3077 3987 3213 4054 Quia
3263 3987 3308 4042 si
3357 3988 3480 4056 quis

1885 4079 2170 4134 duodecim
2207 4079 2320 4134 illic
2352 4089 2567 4134 notatos
2601 4079 2839 4150 psalmos
2867 4079 3006 4134 vicie
3034 4087 3250 4154 quater,
3281 4079 3484 4133 erectis

1888 4174 1940 4228 in
1987 4175 2206 4228 modum
2244 4173 2424 4228 crucis
2472 4174 2722 4228 manibus
2765 4181 3006 4236 caneret,
3038 4188 3138 4240 pro
3165 4188 3274 4226 uno
3297 4183 3482 4241 posset

1885 4281 2028 4320 anno
2059 4267 2390 4336 pmnitentite
2431 4265 2750 4336 regulariter
2791 4277 3164 4333 compensare.
3219 4261 3484 4316 Protinus

1887 4361 1976 4416 ille
2009 4361 2060 4413 in
2120 4359 2441 4413 exercitium
2489 4359 2540 4411 id
2589 4357 2732 4428 quod
2787 4357 3090 4418 dicebatur,
3135 4355 3385 4422 arripuit,
3427 4366 3483 4408 et

1887 4449 2170 4504 duodecim
2199 4447 2317 4502 illos
2367 4446 2628 4516 psalmos,
2664 4445 2906 4500 extensis
2949 4447 3002 4498 in
3043 4443 3260 4498 modum
3301 4445 3478 4498 crucis

1889 4539 2146 4598 brachiis,
2197 4537 2338 4592 sicut
2383 4537 2586 4590 dictum
2618 4547 2724 4602 est,
2771 4535 2962 4606 viginti
3002 4551 3098 4588 sex
3141 4533 3354 4589 vicibus
3381 4530 3472 4588 sub

1893 4631 2037 4684 nullo
2074 4645 2298 4698 prorsus
2331 4627 2638 4690 intervallo,
2672 4627 2765 4682 sed
2797 4643 2910 4684 uno
2936 4627 3098 4682 ductu
3126 4627 3366 4693 quotidie
3381 4619 3482 4674 (ιε-ιλ

1893 4721 2206 4776 cantabat.»
2260 4717 2470 4790 Scripsi
2521 4733 2684 4786 super
2731 4718 2838 4772 hoc
2887 4729 2942 4774 et
2987 4717 3042 4772 in
3087 4715 3208 4768 aliis
3239 4711 3480 4770 fortassis

1893 4811 2190 4884 opusculis,
2219 4811 2314 4865 sed
2341 4813 2466 4882 quia
2491 4809 2576 4863 vel
2603 4811 2668 4864 ad
2695 4823 2944 4878 pl‘wsens
2973 4809 3194 4869 desunt,
3223 4805 3306 4862 vel
3331 4801 3496 4856 facile

1893 4904 2169 4962 memoria:
2197 4917 2300 4956 non
2337 4910 2657 4965 occurrunt,
2685 4899 2800 4970 jam
2841 4905 2914 4958 ab
2939 4909 3128 4956 eorum
3151 4892 3501 4962 replicatione

1893 5013 2014 5066 quae
2035 4997 2234 5066 scripta
2271 5009 2424 5064 sunt,
2457 4994 2524 5049 ad
2563 5009 2700 5047 nova
2729 4997 3007 5058 qualibet
3033 4981 3290 5039 articulus
3321 4990 3500 5036 trans-

1891 5088 2120 5146 feratur.
3130 5161 3141 5167 _
3198 5155 3208 5167 .
3315 5155 3326 5166 _

1967 5181 2254 5236 Enimvero
2298 5179 2456 5248 quasi
2489 5175 2712 5249 quidam
2753 5171 3002 5236 divinus
3035 5161 3168 5235 ignis
3197 5161 3253 5210 in
3281 5161 3400 5225 ejus
3425 5173 3521 5226 pe~
