3992 5322
423 299 566 356 1019

912 298 972 353 S.
997 297 1200 354 PETRI
1224 295 1508 352 DAMIANI
1533 295 1682 352 OPP.
1717 291 1897 350 PARS
1935 293 2063 349 SEU
2106 293 2341 351 TOMUS
2380 294 2444 350 ll.
2469 327 2536 337 —
2565 294 2987 355 SANCTORUM
3029 297 3232 355 VITE.

3570 297 3701 354 {090

421 420 574 465 ctore
614 409 816 480 juglter
859 412 1142 476 aestuabat,
1191 412 1281 481 qui
1342 427 1615 481 nunquam
1658 409 2011 481 permittebat
2037 414 2084 472 Α
2115 409 2216 462 hoc
2259 410 2420 463 etiam
2467 411 2623 466 nobis
2655 412 2708 466 in
2739 428 2804 467 eo
2832 413 3170 469 intolerabile
3207 413 3518 476 videbatur,
3577 414 3698 482 quia

421 515 544 552 eum
569 515 599 553 a
621 499 880 568 spiritalis
899 502 1144 556 exercitii
1169 501 1352 555 labore
1372 501 1672 570 quiesc.‘re.
1701 498 2002 569 Aliquando

423 605 658 659 namque
697 605 817 644 cum
865 605 964 661 ego
1006 593 1374 662 perquirercm
1411 601 1757 647 sacrosancto
1789 591 1874 644 die
1911 598 2008 660 pa-

427 682 597 737 schali
634 683 846 738 caneris
883 684 1316 752 fratribusjuxta
1349 700 1576 749 morem,
1606 684 1829 738 meridie
1851 683 2009 752 quic-

422 775 716 840 scentibus,
750 787 928 832 utrum
974 788 1028 832 et
1076 778 1188 848 ipse
1231 779 1543 842 dormisset,
1570 777 1680 831 ait:
1711 776 1892 838 Certe,
1918 789 2013 845 pa-

428 876 529 932 ter,
568 871 675 922 dixi
715 871 768 923 in
797 870 960 924 corde
999 886 1142 935 meo,
1166 871 1294 939 quid
1327 870 1456 924 mihi
1494 881 1599 924 tam
1631 870 1807 939 longis
1835 869 2011 923 adhuc

425 959 676 1015 noctibus
707 960 760 1014 in
786 960 872 1016 die
903 962 1175 1016 dormire?
1220 961 1472 1016 Extensis
1518 962 1697 1030 itaque
1740 961 1793 1013 in
1833 959 2012 1014 crucis

425 1047 652 1120 efﬁgiem
704 1052 971 1116 brachiis,
1030 1053 1349 1120 psalterium
1403 1052 1564 1120 cmpi,
1625 1067 1732 1121 quo
1790 1067 1876 1105 me
1932 1051 2014 1105 sic

427 1146 608 1194 stante
647 1141 897 1207 decurso,
937 1143 1146 1212 signum
1188 1144 1434 1211 protinus
1464 1143 1611 1196 hora:
1639 1158 1794 1197 nona:
1830 1157 2015 1212 perso-

429 1228 567 1281 nuit.
622 1227 734 1283 lloc
777 1230 959 1299 itaque
1004 1231 1163 1284 modo
1187 1230 1342 1298 junxi
1372 1231 1652 1284 victoriam
1683 1231 1864 1285 crucis
1889 1246 2013 1285 cum

431 1319 601 1390 gloria
625 1320 1082 1377 Resurrectionis.
1106 1321 1406 1392 Aliquando
1429 1340 1550 1378 cum
1577 1325 1642 1379 de
1663 1325 2014 1394 quotidianis,

431 1417 492 1464 ut
522 1425 638 1466 mos
671 1420 774 1476 est,
809 1413 1040 1468 invicem
1083 1414 1557 1470 confabularemur
1589 1415 1867 1485 operibus,
1899 1415 2014 1469 ait:

433 1500 547 1556 Hac
589 1502 754 1556 etiam
805 1512 964 1558 nocte
1005 1505 1132 1574 quid
1178 1505 1307 1560 mihi
1356 1505 1664 1576 contigerit,
1707 1505 2017 1562 manifesto;

433 1587 570 1643 Nam
616 1591 742 1645 dum
787 1593 994 1648 solutus
1033 1611 1226 1664 sopore
1262 1597 1495 1659 surrexi,
1547 1612 1670 1652 mox
1697 1597 1936 1652 brachiis
1964 1599 2018 1652 in

434 1682 652 1736 modum
689 1685 871 1740 crucis
905 1687 1168 1751 extensis,
1210 1688 1526 1758 psalterium
1567 1690 1739 1760 coepi;
1787 1706 2019 1760 cumque

2113 514 2234 552 cum
2263 500 2314 552 in
2339 515 2523 554 eremo
2554 517 2768 572 semper
2791 512 2846 558 et
2873 518 3062 561 ocreas
3091 503 3327 559 nesciret
3357 512 3412 558 et
3465 503 3698 564 calceos,

2112 597 2293 642 vestes
2324 599 2504 643 tamen
2539 591 2655 660 ejus
2702 593 2769 646 ad
2822 592 2984 647 tibias
3029 594 3119 646 vix
3155 593 3360 647 medias
3399 593 3703 646 descende-

2112 681 2262 734 bant.
2309 680 2552 736 Nudatus
2603 692 2780 736 autem
2831 685 2898 737 ad
2941 683 3341 752 suscipiendam
3381 683 3435 737 in
3468 682 3718 750 capitulo-

2113 772 2479 842 disciplinam,
2515 775 2660 841 quod
2702 775 2911 830 scilicet
2951 776 3206 828 omittere
3248 789 3528 844 nunquam
3558 773 3704 826 vole—

2113 863 2226 927 bat,
2259 864 2452 932 exesis,
2460 863 2668 933 jejunio
2725 867 2984 921 membris
3011 874 3066 920 et
3095 866 3326 920 hamata:
3351 865 3537 919 loricae
3568 864 3719 919 male

2115 954 2349 1018 detritis,
2395 951 2769 1023 Ethiopicant
2821 956 3157 1010 contraxisse
3186 955 3528 1026 nigredinem
3562 954 3709 1007 vide~

2115 1044 2297 1099 batur.
2360 1042 2694 1100 Vestimenta
2748 1061 2880 1102 vero
2922 1047 3096 1100 lurida
3140 1056 3194 1101 et
3231 1047 3477 1106 cariosa,
3527 1053 3587 1098 ut
3637 1046 3707 1097 ita

2117 1136 2374 1203 dixerim,
2404 1139 2730 1194 videbantur
2756 1149 3029 1194 vetustate
3058 1149 3403 1209 consumpta.
3433 1138 3550 1193 Hoc
3577 1139 3708 1192 mibi

2117 1242 2261 1298 saepe
2311 1228 2528 1284 dicebat
2555 1249 2567 1284 :
2595 1229 2652 1284 ln
2685 1231 2785 1284 hoc
2820 1230 3118 1300 psalmodia
3156 1230 3406 1300 provenit
3432 1229 3544 1283 cito
3572 1228 3711 1298 psal-

2115 1318 2271 1385 lenti,
2299 1321 2344 1375 si
2369 1337 2462 1376 cor
2487 1321 2552 1375 ad
2576 1321 2736 1376 verba
2763 1330 2963 1386 teneat,
2991 1322 3038 1375 si
3061 1321 3203 1392 quod
3233 1321 3417 1391 lingua
3443 1319 3706 1388 loquitur,

2117 1425 2273 1466 mens
2308 1411 2576 1466 veraciter
2600 1411 3056 1481 comprehendat;
3087 1411 3322 1478 alioquin
3355 1410 3403 1464 si
3429 1424 3529 1464 cor
3553 1423 3714 1477 vaga-

2119 1509 2230 1565 tur,
2280 1501 2609 1571 psalmorum
2652 1517 2844 1557 cursus
2875 1502 2942 1556 ad
2984 1501 3169 1566 linem,
3206 1501 3388 1571 lingua
3433 1514 3580 1553 nunc
3611 1498 3714 1552 fat.

2119 1593 2284 1657 lente,
2341 1610 2486 1649 nunc
2536 1603 2878 1664 tepescente,
2928 1595 3080 1649 tarde
3127 1593 3466 1664 perducitur.
3517 1593 3726 1645 Aiebat.

2119 1684 2282 1738 etiam
2310 1687 2436 1754 quia
2463 1700 2712 1740 somnum
2757 1701 2980 1741 somnus
3006 1686 3248 1748 adescat,
3275 1693 3336 1740 et
3354 1684 3553 1754 vigiliae
3582 1683 3716 1751 vigi-

432 1771 656 1840 psalmis
697 1776 948 1830 omnibus
991 1786 1046 1832 et
1082 1779 1330 1844 canticis,
1359 1795 1478 1849 qua:
1506 1789 1827 1850 sequuntur,
1861 1782 2019 1852 ltym-
2049 1782 2096 1842 B
2125 1775 2224 1831 lias
2272 1777 2509 1846 pariant.
2549 1777 2682 1831 Nam
2708 1792 2904 1847 corpus
2941 1777 3259 1840 humanum,
3307 1776 3363 1830 in
3393 1791 3505 1846 quo
3531 1775 3718 1844 paula-

437 1859 632 1928 nisque
680 1862 947 1930 decursis,
993 1881 1058 1920 co
1094 1866 1193 1920 loci
1227 1867 1336 1936 jam
1371 1883 1567 1932 essem,
1607 1878 1664 1923 ut
1693 1869 1806 1925 solo
1837 1871 2023 1925 catho-

434 1949 702 2009 licxe-fldei
756 1956 962 2025 psalmo
996 1957 1144 2030 (545)
1189 1969 1244 2013 et
1282 1959 1488 2015 litauiis
1523 1959 1776 2015 deberem
1827 1970 2024 2016 cuncta

435 2044 777 2112 concludere,
811 2049 1008 2103 accidit
1053 2051 1104 2104 in
1156 2060 1414 2115 mentem,
1466 2061 1525 2106 ut
1570 2051 1787 2106 interim
1816 2051 1918 2106 ista
1943 2052 2026 2107 di-

439 2137 736 2204 mitterem,
771 2155 834 2195 ae
859 2155 958 2210 pro
981 2141 1250 2198 defunctis
1270 2143 1606 2212 .psaltcrium
1650 2143 2021 2199 decantarent.

437 2227 606 2298 Igitur
649 2232 875 2286 brachia
907 2247 1012 2286 non
1041 2233 1336 2302 deponens,
1376 2234 1442 2289 ad
1480 2233 1856 2290 defunctorum
1885 2234 2030 2306 psal-

439 2319 636 2374 terium
661 2322 872 2387 transii,
900 2323 1043 2391 quod
1062 2323 1218 2394 juxta
1244 2340 1472 2391 morem,
1503 2341 1600 2394 per
1619 2327 2028 2396 quinquagenos

445 2411 682 2481 psalmos
726 2412 934 2468 trifaria
984 2414 1277 2470 lectionum
1322 2415 1737 2487 interpolatione
1776 2415 2024 2471 distinxi.

441 2499 560 2565 Quo
591 2500 669 2556 sic
701 2501 935 2572 expleto,
979 2503 1045 2558 ad
1077 2505 1127 2560 id
1161 2508 1407 2576 protinus
1431 2506 1575 2576 quod
1601 2507 1913 2571 omiseram,
1945 2521 2030 2562 re-

441 2589 545 2654 dii;
591 2598 754 2659 atque
785 2591 912 2657 hoc,
945 2593 1088 2663 quod
1127 2594 1193 2648 de
1242 2595 1417 2663 primo
1461 2595 1719 2664 psalterio
1761 2595 2030 2666 reliquum

445 2692 584 2744 erat,
619 2682 848 2752 explevi.
884 2683 1130 2756 Cumque
1177 2687 1245 2742 de
1292 2688 1453 2742 tertio
1497 2697 1894 2760 consequenter
1936 2706 2032 2761 ag-

445 2771 738 2840 grediendo
779 2775 1040 2844 psalterio
1088 2780 1411 2851 cogitarem,
1457 2781 1824 2846 benefactum,
1866 2792 1926 2837 ut
1956 2783 2030 2838 ita

445 2863 698 2930 dixerim,
751 2877 972 2939 repente
1011 2869 1224 2942 signum
1275 2881 1557 2930 nocturnae
1611 2875 1834 2946 synaxis
1880 2875 2031 2932 inso-

447 2953 589 3017 nuit,
618 2958 758 3024 quod
801 2975 887 3014 me
925 2959 1186 3031 depositis
1237 2963 1378 3018 ulnis
1414 2963 1578 3037 495
1622 2967 1856 3022 omcium
1905 2982 2031 3023 cum

449 3040 710 3100 fratribus
758 3047 1036 3106 celebrare
1087 3052 1293 3124 coegit;
1349 3063 1406 3108 et
1451 3063 1602 3110 certe
1651 3064 1779 3112 tunc
1819 3062 2030 3126 nescio,

449 3145 558 3200 quo
584 3134 712 3188 anni
743 3143 1005 3209 tempore,
1036 3150 1225 3196 noctes
1257 3143 1532 3198 breviores
1559 3152 1735 3199 erant.

1051 3269 1282 3329 CAPUT
1338 3274 1427 3330 XI.

875 3372 1093 3430 Scutica
1119 3389 1174 3432 se
1198 3375 1329 3428 mire
1348 3374 1606 3446 ﬂagellat.

524 3483 830 3555 Aliquantis
857 3501 1022 3557 porro
1045 3495 1172 3542 ante
1198 3487 1406 3542 obitum
1437 3489 1614 3552 annis,
1649 3490 1804 3559 quasi
1837 3507 2034 3548 novum

453 3577 702 3647 supplicii
730 3593 898 3649 genus
925 3579 1228 3647 inveniens,
1259 3581 1530 3652 virgarum
1558 3598 1749 3654 scopas
1777 3584 1832 3639 in
1859 3586 2036 3641 corri-

457 3671 666 3739 giarum
707 3671 943 3726 scuticas
975 3672 1172 3737 vertit;
1211 3672 1485 3743 semelque
1521 3683 1754 3744 gustato,
1783 3676 1910 3745 quia
1941 3678 2040 3731 du-

458 3764 632 3818 riores
681 3773 828 3830 sunt,
877 3765 928 3818 in
983 3765 1070 3819 his
1123 3767 1444 3819 verberandi
1485 3781 1542 3820 se
1587 3769 2037 3823 consuetudinem

456 3859 656 3926 posuit.
709 3858 821 3912 Hoc
869 3857 1158 3929 flagellum,
1212 3859 1255 3913 si
1303 3860 1521 3928 quando
1570 3861 1923 3930 egrederetur
1972 3863 2041 3916 ad

459 3949 738 4016 sa‘culum,
785 3935 1039 4019 portabat
1084 3949 1138 4003 in
1181 3950 1325 4016 sinu,
1377 3960 1435 4004 ut
1469 3951 1774 4021 ubicunque
1809 3967 1932 4007 eum
1957 3952 2043 4023 ja-

461 4055 585 4093 cere
631 4032 988 4110 contingerét,
1045 4056 1072 4093 a
1124 4041 1444 4095 verberibus
1495 4058 1598 4096 non
1648 4052 1889 4098 vacaret.
1935 4045 2045 4100 Ali-

464 4131 679 4196 quando
730 4145 859 4182 vero
903 4145 1023 4183 cum
1077 4129 1178 4184 loci
1233 4133 1447 4185 occasio
1497 4148 1602 4186 non
1657 4135 1944 4202 praeberet,
1986 4146 2046 4189 ut

463 4230 632 4276 totum
663 4236 720 4273 se
746 4230 927 4289 posset
955 4237 1176 4286 exuere,
1204 4237 1301 4291 per
1328 4238 1485 4277 crura
1519 4225 1705 4279 saltem
1735 4236 1789 4280 et
1813 4227 2040 4290 femora,

465 4325 560 4378 per
609 4321 770 4380 caput
815 4322 978 4382 atque
1017 4313 1284 4368 cervicem
1319 4329 1438 4369 sese
1467 4331 1570 4368 non
1623 4321 1873 4373 cessabat
1907 4318 2043 4373 allli-

451 4393 610 4472 ‘gere.
645 4405 877 4460 Circulis
916 4421 1130 4476 quoque
1161 4406 1354 4462 ferreis
1385 4416 1638 4477 quatuor,
1671 4411 1798 4478 quia
1829 4411 2046 4467 sibimet

2126 1865 2222 1922 tim
2253 1868 2402 1937 prius
2427 1868 2722 1933 enutritur,
2766 1869 2819 1922 in
2850 1867 2951 1922 hoc
2980 1883 3076 1938 per
3103 1867 3439 1922 incrementa
3469 1877 3714 1936 postmo-

2125 1959 2251 2014 dum
2285 1959 2594 2014 roboratur.

2199 2050 2304 2105 Sed
2334 2051 2422 2106 hic
2452 2068 2536 2107 me
2559 2052 2824 2122 quispiam
2857 2050 3087 2107 fortasse
3119 2051 3432 2121 redarguat,
3485 2051 3582 2121 qui
3629 2049 3714 2103 vi-

2127 2140 2345 2208 delicet,
2393 2159 2500 2198 non
2551 2153 2656 2198 tam
2708 2160 2870 2214 quem
2921 2144 3135 2198 vivendi
3183 2144 3431 2198 ordinem
3464 2142 3564 2197 Vir
3590 2159 3714 2196 san-

2126 2241 2248 2287 ctus
2279 2232 2551 2300 habuerit,
2589 2232 2683 2288 sed
2714 2234 2910 2303 quibus
2943 2232 3216 2288 miraculis
3241 2233 3293 2286 in
3322 2233 3427 2286 hac
3457 2232 3571 2285 vita
3604 2231 3712 2285 cla-

2129 2321 2318 2387 ruerit,
2351 2321 2541 2378 audire
2571 2320 2810 2376 festinat.
2844 2319 2946 2376 Cui
2975 2336 3060 2376 me
3088 2320 3325 2376 breviter
3355 2321 3462 2374 hoc
3492 2335 3712 2388 respon-

2129 2411 2260 2468 dere
2304 2411 2552 2477 sutliciat,
2611 2413 2867 2482 quoniam
2921 2423 2973 2468 et
3020 2411 3184 2466 Maria
3221 2421 3273 2466 et
3303 2409 3548 2466 Joannes
3584 2411 3718 2480 Bap—

2129 2505 2256 2560 tista
2302 2506 2622 2560 miraculum
2671 2505 2864 2560 fecisse
2911 2520 3016 2558 non
3066 2505 3338 2574 leguntur,
3386 2511 3715 2557 cumtamen

2130 2611 2316 2650 eorum
2346 2597 2454 2650 vita
2493 2612 2598 2651 non
2643 2595 2883 2665 qualibet
2928 2593 3228 2665 Scriptura,
3281 2595 3374 2648 sed
3423 2593 3717 2664 Evangelio

2133 2697 2390 2752 testante,
2442 2696 2716 2742 narretur.
2763 2686 3083 2755 Quanquam
3115 2684 3284 2738 Maria
3319 2685 3370 2738 in
3409 2684 3528 2738 solo
3564 2694 3717 2753 partu

2131 2793 2292 2848 quem
2315 2777 2502 2842 edidit,
2548 2777 2788 2832 omnium
2822 2775 3008 2846 procul
3045 2775 3206 2829 dubio
3246 2784 3568 2829 sanctorum
3609 2775 3718 2827 vir~

2133 2873 2274 2921 tutes
2305 2880 2366 2920 ac
2395 2865 2547 2936 signa
2592 2861 2870 2934 praecellit.
2920 2859 3033 2915 Hoc
3077 2859 3242 2914 etiam
3295 2860 3558 2923 inseram,
3593 2859 3720 2927 quia

2133 2957 2438 3012 uberiorem
2489 2955 2720 3008 fructum
2765 2951 2971 3023 prasbet
3018 2949 3364 3004 audientibus
3400 2946 3570 3019 496
3599 2964 3722 3001 san-

2133 3060 2345 3103 ctorum
2375 3047 2614 3101 virorum
2644 3042 2907 3100 mirabilis
2961 3042 3067 3096 vita
3101 3057 3260 3110 quam
3297 3049 3523 3095 ostensa
3557 3038 3722 3092 mira-

2059 3131 2106 3196 C
2137 3139 2276 3195 cula.
2306 3138 2396 3193 llla
2425 3138 2690 3210 siquidem
2745 3135 2915 3206 exigit
2959 3133 3342 3198 imitationem,
3395 3131 3497 3186 ista
3549 3131 3718 3184 solam

2135 3233 2386 3306 ingerunt
2429 3229 2864 3286 admirationem.
2913 3225 3170 3282 Miracula
3213 3225 3410 3278 docent
3450 3223 3721 3295 quomodo

2134 3323 2214 3380 illi
2265 3323 2438 3378 sancti
2488 3320 2737 3385 fuerunt;
2789 3317 2898 3372 vita
2947 3330 3078 3372 vero
3119 3315 3361 3370 insinuat
3395 3313 3636 3383 qualiter
3670 3320 3724 3366 et

2135 3427 2282 3468 nunc
2331 3411 2576 3468 homines
2625 3408 2742 3462 fieri
2789 3405 3007 3460 valeant
3059 3403 3254 3459 sancti.
3308 3401 3584 3457 Praeterea
3634 3400 3725 3469 qui

2136 3507 2458 3564 miraculum
2489 3503 2707 3575 quaeris,
2739 3515 2918 3558 nonne
2946 3499 3040 3554 tibi
3063 3498 3277 3552 videtur
3303 3510 3422 3550 esse
3451 3494 3724 3558 mirabile,

2138 3598 2415 3655 hominem
2460 3594 2634 3666 fragili
2685 3593 2862 3647 adhuc
2905 3603 3075 3644 carne
3110 3586 3535 3647 circumdatum,
3567 3593 3627 3637 ut
3654 3584 3725 3636 ita

2139 3690 2350 3760 loquar,
2381 3685 2650 3757 angelitus
2680 3682 2882 3748 vivere,
2914 3680 3047 3734 adeo
3073 3686 3129 3732 ut
3157 3679 3297 3731 inter
3322 3674 3726 3744 quamplurima

2141 3759 2420 3837 hominum
2445 3775 2613 3830 millia
2644 3775 2732 3828 vix
2763 3788 2928 3826 umtm
2956 3771 3070 3840 ejus
3100 3768 3330 3824 similem
3361 3767 3545 3820 valeas
3578 3759 3739 3834 repe—'

2142 3871 2288 3927 rire?
2319 3869 2385 3923 Et
2418 3877 2567 3922 certe
2603 3880 2764 3936 quam
2799 3863 2979 3932 plures
3006 3862 3274 3930 hodieque
3299 3867 3422 3912 sunt
3450 3855 3731 3911 inferioris

2141 3962 2288 4025 vitm,
2320 3975 2416 4030 per
2444 3972 2579 4028 quos
2627 3955 2768 4009 Deus
2803 3951 3152 4021 omnipotens
3203 3949 3454 4018 dignatur
3497 3948 3730 4002 virtutes

2145 4053 2452 4109 ostendere.

2213 4144 2341 4200 Jesu
2367 4150 2526 4206 teste,
2551 4154 2656 4194 non
2681 4136 2935 4198 mentior,
2955 4135 3078 4203 quia
3105 4134 3330 4188 necdum
3356 4139 3468 4184 tres
3494 4145 3734 4193 menses,

2143 4235 2311 4304 elapsi
2359 4241 2506 4296 sunt,
2545 4247 2608 4284 ex
2653 4243 2761 4298 quo
2803 4227 2869 4281 ad
2918 4241 3022 4289 me,
3069 4225 3122 4276 in
3165 4221 3430 4290 Gamugni
3483 4221 3735 4274 videlicet

2145 4341 2331 4382 eremo
2355 4329 2739 4385 dtversantem,
2768 4319 2874 4372 duo
2897 4317 3263 4371 adolescentes
3290 4314 3542 4368 monachi
3575 4329 3733 4366 vene-

2151 4427 2300 4479 runt,
2340 4431 2568 4487 quorum
2615 4413 2753 4467 alter
2784 4413 2849 4465 de
2885 4410 3160 4481 Spoletina
3206 4407 3525 4461 monarrhia
3560 4406 3737 4474 (546),

479 4505 578 4559 pra:
603 4496 758 4566 longa
783 4498 1172 4553 consuetudine
1193 4500 1343 4567 quasi
1367 4499 1476 4569 jam
1505 4501 1794 4567 viluerant,
1819 4514 2029 4571 quatuon

2158 4513 2293 4567 alter
2319 4483 2450 4565 vero
2483 4511 2547 4564 de
2584 4507 2821 4563 Venetia:
2850 4504 3114 4575 partibus,
3145 4501 3359 4557 Polensi
3397 4499 3548 4569 (557)
3585 4500 3729 4552 vide-

479 4582 598 4640 itcn
637 4589 1026 4656 snperaddidit,
1069 4598 1127 4642 ut
1157 4590 1368 4645 duobus
1396 4591 1450 4645 in
1481 4592 1650 4656 coxis,
1682 4591 1892 4649 duobus
1919 4610 2050 4649 con-

484 4687 764 4743 sequenter
790 4679 840 4732 in
868 4679 1118 4734 cruribus
1162 4681 1538 4750 stringeretur.
1571 4683 1725 4736 Enim
1759 4700 1890 4740 vero
1916 4686 2048 4740 lori-

481 4779 597 4828 cas,
663 4771 856 4842 quibus
909 4772 1163 4826 utebatur
1213 4782 1469 4841 tanquam
1527 4775 1705 4829 cilicia
1754 4776 1839 4830 vel
1896 4776 2052 4833 lanea

481 4859 725 4924 qualibet
749 4863 1080 4928 indumenta,
1113 4873 1234 4934 post
1263 4879 1495 4931 menses,
1527 4866 1640 4920 sive
1672 4877 1792 4939 post
1815 4867 2047 4937 spatium

481 4950 747 5019 prolixius
784 4956 1079 5024 abluebat,
1129 4966 1188 5010 ut
1234 4958 1536 5028 rubiginem
1610 4959 1942 5027 deponerent
1996 4967 2052 5014 et

485 5041 654 5100 aridis
683 5045 1020 5116 inger-endam
1050 5051 1306 5107 membris
1329 5055 1604 5108 uredinem
1634 5069 1741 5108 non
1771 5055 2050 5109 haberent.

2158 4603 2283 4657 licet
2311 4601 2465 4663 urbe,
2498 4597 2755 4652 oriundos
2784 4610 2843 4650 se
2873 4609 2991 4649 esse
3017 4592 3286 4646 dixerunt.
3323 4588 3429 4644 Sed
3476 4587 3733 4649 Venetus,

2158 4691 2420 4749 vocabulo
2450 4688 2696 4752 Michael,
2730 4687 2874 4742 sicut
2918 4683 3073 4738 nobis
3103 4684 3154 4736 in
3184 4679 3527 4736 confessione
3556 4679 3734 4747 perhi-

2158 4786 2306 4850 buit,
2353 4785 2404 4838 in
2454 4783 2569 4850 ipso
2617 4794 2726 4834 sua:
2773 4775 3144 4832 conversionis
3191 4773 3368 4834 initio,
3420 4770 3628 4824 circulo
3680 4783 3736 4822 se

2158 4874 2339 4930 ferreo
2386 4872 2486 4927 sub
2532 4870 2634 4924 hac
2677 4867 2931 4922 desiderii
2977 4865 3058 4919 sui
3105 4864 3354 4933 pactione
3385 4859 3732 4921 constrinxit,

2157 4978 2357 5033 rogans
2408 4961 2501 5015 Dei
2549 4957 2932 5027 omnipotentis
2987 4954 3184 5009 obnixe
3244 4951 3624 5012 clementiam,
3679 4957 3735 5000 ut

2157 5069 2280 5110 cum
2309 5053 2482 5106 locum
2508 5049 2666 5104 saluti
2687 5063 2797 5102 suae
2818 5060 3111 5114 congruum
3134 5042 3419 5112 reperiret,
3447 5038 3733 5093 confestim
