3992 5322
267 202 402 258 ωιιι

255 413 698 483 compunctionis
752 429 874 468 cum
933 415 1160 486 spiritus
1216 419 1268 470 in
1327 417 1593 488 lacrymas
1653 419 1844 484 solvit,

253 506 562 576 eoden‘ique
597 516 874 562 momento
921 506 1156 562 circulus
1205 509 1294 564 ille
1335 510 1539 566 fractus
1575 512 1846 582 apparuit.

257 595 418 664 Quod
437 597 782 660 miraculum,
809 599 1066 666 quoniam
1089 599 1216 653 alibi
1235 599 1348 668 jam
1371 616 1472 655 nos
1493 601 1848 672 descripsisse

253 689 630 752 meminimus,
655 689 911 744 celeriter
932 701 1394 756 transcurrentes,
1420 687 1653 762 sequeris
1676 693 1848 758 aliud,

251 777 406 848 quod
452 778 682 834 necdum
731 778 929 835 litteris
961 782 1228 837 insertum
1255 791 1356 848 est,
1387 783 1728 840 enucleatius
1767 785 1847 840 di—

249 882 534 937 geramus.

873 961 1100 1020 CAPUT
1128 963 1241 1018 Xll.

519 1072 586 1128 B.
626 1073 733 1130 Viri
762 1076 814 1129 in
837 1077 1102 1132 dontamlu
1131 1095 1289 1134 carne
1315 1095 1576 1136 excessus.

326 1187 498 1245 Paulo
521 1199 642 1259 post
669 1207 904 1260 namque
917 1191 1227 1247 Ravennam
1256 1194 1470 1260 urbem,
1497 1210 1583 1248 me
1593 1193 1838 1265 jubente,

245 1279 526 1347 perrexit,
569 1290 628 1335 ut
664 1283 876 1336 reculas
905 1299 1034 1337 snas
1061 1295 1224 1354 atque
1253 1285 1574 1350 sarcinulas,
1603 1301 1739 1356 quas
1769 1287 1840 1340 ibi

247 1371 322 1425 de
359 1373 479 1424 navi
509 1373 766 1441 prodiens
795 1375 1109 1444 reliquerat,
1141 1387 1477 1446 exportaret.
1521 1379 1632 1434 Illic
1658 1380 1842 1449 itaque

244 1462 396 1530 apud
457 1463 678 1519 fabriles
737 1465 980 1520 ollicinas
1035 1483 1174 1521 nova
1233 1467 1535 1524 ferreornm
1599 1485 1836 1525 nexuum

239 1563 593 1608 armamenta
655 1555 936 1616 confinxit,
999 1559 1291 1628 multisque
1345 1575 1404 1614 se
1458 1560 1694 1615 vinculis
1741 1576 1840 1630 per

241 1641 466 1696 diversa
497 1645 738 1699 membra
771 1645 884 1714 ipse
913 1645 1128 1701 sibimet
1151 1647 1313 1715 iudex
1342 1659 1396 1704 et
1419 1665 1545 1704 reus
1573 1650 1840 1705 violenter
1865 1679 1914 1738 Β

237 1734 502 1786 aretavit.
565 1734 700 1788 Nam
762 1735 870 1790 duo
933 1737 1306 1807 dependebant
1354 1741 1570 1796 vincula
1624 1741 1836 1798 cervice

237 1832 412 1880 tenus
463 1841 562 1896 per
611 1827 872 1882 humeros
919 1828 1263 1894 altrinsecus,
1319 1831 1448 1885 hinc
1494 1831 1562 1884 ad
1613 1845 1833 1896 sexum,

235 1915 397 1970 illinc
466 1932 636 1986 usque
685 1920 752 1972 ad
805 1917 1024 1984 femur;
1091 1921 1228 1974 duos
1273 1937 1399 1976 vere
1451 1921 1502 1974 in
1553 1921 1834 1978 coxalibus

233 2008 500 2073 circulos,
533 2010 668 2064 duos
699 2011 938 2080 suscepit
965 2011 1016 2064 in
1055 2012 1213 2065 ulnis.
1249 2011 1500 2083 Undique
1531 2015 1692 2084 igitur
1725 2023 1832 2068 tam

233 2100 529 2170 multiplici
592 2103 985 2158 constrictione
1049 2103 1319 2168 vallatus,
1386 2104 1454 2160 ad
1509 2121 1609 2161 nos
1673 2107 1833 2174 rediit

230 2199 474 2253 secrete,
504 2191 646 2259 quod
691 2192 838 2246 circa
884 2209 944 2248 sc
985 2191 1190 2248 factum
1221 2197 1642 2261 eratostendit;
1697 2211 1832 2252 neve

228 2279 386 2348 quod
419 2279 624 2335 fecerat
657 2283 1024 2349 immutarem,
1069 2285 1159 2339 vix
1193 2287 1408 2340 tandem
1455 2288 1562 2342 voti
1610 2303 1832 2357 compos

227 2372 496 2426 obtinuit.
548 2371 654 2428 Sed
703 2389 825 2429 cum
869 2377 984 2431 haec
1027 2377 1177 2432 illum
1217 2379 1357 2433 ultra
1385 2379 1532 2435 vires
1561 2389 1830 2434 tormenta

226 2473 565 2531 gravarent,
617 2473 672 2520 et
724 2483 790 2522 ex
841 2469 1048 2524 attritis
1096 2471 1355 2526 carnibus
1405 2470 1630 2540 jamjam
1691 2473 1832 2528 fetor

226 2569 570 2631 erumperet,
623 2562 848 2631 insuper
885 2565 1142 2630 accessit,
1189 2567 1332 2634 quod
1373 2582 1468 2621 cor
1498 2567 1684 2622 fratris
1713 2567 1826 2639 glo-

225 2651 376 2705 riam
407 2655 714 2721 respuentis
742 2655 925 2710 acrius
960 2656 1318 2724 perturbavit.
1353 2657 1532 2727 Coepit
1558 2658 1702 2712 enim
1735 2659 1831 2713 liu-

221 2743 319 2811 jus
344 2745 590 2815 mysterii
617 2744 761 2799 fama
787 2759 1165 2816 prorumpere,
1196 2748 1423 2818 etprius
1451 2763 1548 2817 per
1573 2747 1824 2812 fratrum,

224 2835 430 2890 deinde
450 2851 545 2905 per
559 2853 655 2891 ora
677 2838 1172 2906 supervenientium
1196 2839 1558 2909 quorumlibet
1577 2839 1825 2894 volitare.

223 2925 464 2996 Rogavit
505 2928 688 2997 itaque
732 2929 1116 3000 omnipotentis
1143 2932 1238 2986 Dei
1273 2933 1734 2996 misericordiam,
1769 2942 1828 2987 ut

1099 207 1256 266 VITA
1297 209 1396 266 SS.
1440 209 1792 269 RODULPlll
1833 210 1920 268 ΕΤ
1963 201 2264 280 DDMINICI
2299 225 2624 286 LORlCATl

259 327 354 375 est
409 317 596 382 idiota,
647 324 922 388 utcunque
973 321 1284 392 syllabatim
1342 324 1569 395 legeret,
1629 333 1850 394 repente
1879 330 1926 386 Α
1957 345 2058 390 nus
2109 335 2316 392 addidit

3397 241 3537 300 {622

2367 359 2381 392 :
2447 339 2568 410 Ipse
2613 341 2758 394 dabit
2813 342 3051 398 virtutem
3093 353 3142 398 et
3173 345 3534 412 fortitudinem

1951 425 2088 496 plebi
2107 445 2219 484 suae
2248 429 2416 500 (Psal.
2449 435 2635 506 van).
2669 435 2784 492 Non
2815 440 2888 492 ait
2921 443 3095 512 signa,
3127 445 3240 500 sive
3266 447 3534 520 prodigia,

1953 520 2046 574 sed
2083 521 2197 590 ipse
2227 523 2378 580 dabit
2406 526 2657 582 virtutem
2684 539 2740 584 et
2765 529 3162 592 fortitudinem.

1983 691 1986 694 ,
2023 632 2292 703 Praeterea
2335 651 2458 692 cum
2489 637 2766 694 Romanus
2812 642 3056 712 quidam,
3088 643 3395 714 Stephanus
3435 664 3532 702 no-

1950 723 2118 790 mine,
2139 724 2302 792 judcx
2331 729 2472 782 sacri
2503 729 2686 800 palatii
2709 747 2978 789 summam
3010 737 3332 806 praesulatus
3359 740 3534 794 admi-

1949 815 2208 872 nistraret
2256 818 2512 887 Auximi,
2547 823 2794 896 exigente
2845 843 3031 894 causa,
3089 831 3403 887 Dominicus
3457 833 3528 888 ad

1947 921 2072 962 eum
2120 911 2288 976 venit,
2343 925 2578 983 eumque
2625 931 2790 986 super
2827 922 3062 990 quadam
3100 925 3268 980 eremi
3309 941 3532 994 posses«

1947 999 2122 1066 sione,
2149 1017 2312 1071 quam
2345 1021 2410 1060 ex
2435 1004 2559 1073 jure
2588 1011 2732 1064 sedis
2757 1013 3065 1080 apostolicae
3091 1016 3387 1083 detinebat,
3433 1019 3532 1072 ob-

1945 1091 2076 1146 nixe
2119 1093 2348 1162 rogavit.
2385 1095 2557 1162 Quem
2591 1098 2678 1176 ille
2720 1109 2906 1170 utpote
2941 1104 3083 1158 nulla
3123 1107 3354 1162 vestium
3382 1123 3530 1163 com-

1943 1181 2214 1250 positione
2247 1183 2522 1248 festivum,
2547 1187 2852 1256 despiciens
2879 1195 3112 1262 sprevit;
3139 1196 3296 1266 eique
3331 1198 3405 1252 nil
3439 1213 3534 1253 eo-

1945 1288 2066 1326 rum
2091 1288 2214 1342 qua:
2253 1276 2530 1342 poscebat,
2565 1277 2806 1334 indulsit.
2837 1273 3082 1354 Cumque
3107 1287 3208 1341 sibi
3236 1304 3264 1342 a
3297 1290 3530 1344 circum-

1944 1365 2216 1418 stantibus
2259 1365 2532 1420 diceretur
2555 1407 2570 1422 .
2607 1369 2722 1424 Noli
2753 1387 2878 1426 eum
2921 1383 3032 1429 tam
3060 1377 3196 1434 dure
3226 1382 3524 1451 suscipere,

1943 1465 2164 1510 sanctus
2213 1457 2359 1512 enim
2405 1458 2490 1512 vir
2539 1469 2640 1515 est.
2703 1462 2796 1518 llle
2834 1473 3088 1536 tanquam
3137 1469 3206 1526 fel
3246 1487 3528 1540 evomens,

1945 1547 2066 1602 ait:
2119 1547 2202 1602 Sit
2252 1557 2496 1614 sanctus,
2557 1559 2618 1604 ut
2673 1553 2837 1610 vultis
2879 1573 2894 1610 :
2947 1559 3042 1613 sed
3087 1559 3277 1617 beatus
3333 1561 3528 1620 Petrus

1943 1649 2090 1692 certe
2143 1641 2382 1696 sanctior
2436 1650 2544 1706 est,
2593 1642 2748 1710 cujus
2787 1660 2888 1715 ego
2939 1663 3156 1704 causam
3201 1653 3253 1706 in
3285 1654 3387 1709 liae
3433 1657 3530 1708 ad—

1943 1731 2338 1788 ministratione
2389 1733 2640 1792 defendo.
2689 1737 2858 1808 Igitur
2886 1739 3059 1807 impos
3086 1742 3249 1812 empti
3282 1743 3525 1798 Domini-

1936 1838 2034 1878 cus
2061 1824 2202 1877 redit
2225 1825 2292 1878 ad
2323 1826 2572 1880 cellulam
2595 1845 2608 1892 ;
2642 1829 2728 1882 ille
2753 1845 2966 1899 quoque
2989 1839 3110 1899 post
3131 1831 3402 1901 paululum
3439 1848 3526 1888 re-

1935 1929 2126 1969 versus
2151 1925 2238 1970 est
2261 1915 2512 1972 Romani.
2565 1918 2734 1973 Porro
2763 1935 2894 1988 puer
2915 1919 3134 1990 quidam
3165 1923 3312 1993 (548)
3343 1923 3525 1994 despi-

1933 2009 2144 2072 cabilis,
2183 2010 2272 2079 qui
2309 2012 2378 2065 ad
2423 2013 2824 2081 exsequendum
2855 2015 3212 2084 quodcunque
3247 2018 3524 2088 negotium

1933 2101 1988 2155 in
2035 2101 2506 2156 administratione
2565 2103 2850 2168 remansit,
2901 2106 3160 2174 quidquid
3207 2105 3525 2162 Dominicus

1933 2193 2158 2261 petierat
2187 2209 2216 2246 a
2239 2194 2444 2262 judice,
2472 2203 2670 2248 cuncta
2709 2203 3017 2249 reverenter
3045 2195 3306 2266 implevit.
3345 2196 3520 2254 Judex

1931 2295 2110 2338 autem
2141 2299 2247 2337 non
2277 2283 2364 2338 diu
2394 2295 2680 2353 postquam
2715 2285 2780 2338 ad
2825 2286 3040 2355 propria
3081 2271 3377 2357 repedavit,
3425 2290 3528 2344 lio-

1931 2373 2145 2428 stilibus
2166 2373 2357 2443 gladiis
2385 2373 2664 2443 perfossus
2693 2375 2918 2438 interiit,
2959 2375 3260 2445 multasque
3279 2375 3528 2445 divitias,

1932 2467 2056 2536 quia
2085 2466 2326 2522 sobolem
2355 2479 2458 2519 non
2500 2465 2755 2531 habebat,
2787 2467 3066 2522 extraneis
3097 2467 3400 2524 bmredibus
3429 2471 3524 2526 dc-

1931 2557 2168 2626 reliquit.

2002 2647 2131 2702 Erat
2149 2655 2408 2717 practerea
2427 2645 2742 2701 Dominicus
2765 2660 2919 2701 value
2942 2655 3136 2701 cautus
3163 2645 3216 2700 in
3238 2645 3444 2714 verbis,
3459 2655 3522 2701 ut

1931 2747 2054 2806 apte
2072 2737 2174 2790 sibi
2199 2743 2526 2806 congrueret
2553 2735 2640 2789 illa
2673 2735 2968 2796 sententia,
2995 2749 3100 2804 qua
3124 2733 3358 2790 Jacobus
3385 2751 3518 2806 apo-

1930 2830 2102 2886 stolus
2121 2830 2228 2884 ait:
2261 2826 2320 2882 Si
2347 2829 2464 2898 quis
2493 2827 2549 2881 in
2576 2827 2728 2881 verba
2755 2843 2858 2880 non
2887 2826 3122 2893 offendit.
3155 2826 3239 2879 hic
3261 2827 3520 2896 perfectus

1929 2932 2004 2974 est
2049 2923 2126 2974 vir
2170 2919 2314 2986 (Jac.
2362 2920 2470 2990 in).
2512 2917 2648 2972 Nam
2701 2917 2746 2972 si
2786 2917 3004 2988 quando
3038 2917 3202 2972 etiam
3250 2933 3522 2987 quaerere-

219 3019 393 3098 497
423 3023 553 3091 quia
581 3023 682 3078 sibi
719 3039 884 3096 super
916 3026 1020 3082 hoc
1067 3035 1246 3097 οωριο
1277 3025 1537 3098 placeret,
1570 3042 1668 3098 per
1705 3043 1816 3083 sum
1842 3031 1890 3096 α
1926 3033 2033 3083 tur,
2057 3022 2218 3086 quota
2243 3012 2350 3068 diei
2385 3011 2518 3066 liora
2564 3020 2736 3075 esset,
2779 3023 3056 3079 nunquam
3089 3008 3337 3064 absolute
3371 3010 3524 3066 dice-

220 3115 450 3172 virtutis
473 3117 728 3172 indicium
756 3119 1034 3174 evidenter
1067 3121 1400 3177 ostenderet.
1441 3117 1662 3175 Interim
1693 3135 1824 3175 vero

219 3208 358 3262 dum
406 3205 714 3276 huiusmodi
753 3209 1005 3278 precibus
1035 3211 1354 3280 frequenter
1399 3213 1696 3275 insisteret,
1741 3211 1824 3266 bis

216 3291 328 3368 per
354 3297 626 3354 somnium
669 3295 1005 3355 confortatus
1051 3301 1256 3356 audivit
1288 3319 1302 3355 :
1341 3301 1466 3369 quia
1495 3300 1822 3356 ferramenta

219 3389 314 3444 illa
349 3390 464 3460 jam
495 3399 682 3446 essent
711 3391 972 3446 divinitus
1007 3392 1263 3446 resoluta.
1321 3391 1492 3448 Porro
1543 3399 1723 3444 autem
1767 3390 1820 3444 in

217 3483 526 3539 festivitate
555 3485 839 3540 beatorum
889 3483 1253 3555 apostolorum
1299 3484 1536 3540 Simonis
1564 3491 1619 3538 et
1648 3482 1819 3548 Judze,

217 3591 390 3644 quam
431 3577 744 3645 nuperrime
766 3576 1180 3644 celebravimus,
1209 3579 1336 3632 dum
1383 3586 1648 3632 nocturno
1697 3591 1820 3632 cum

217 3667 489 3723 fratribus
529 3671 818 3724 interesset
847 3669 1040 3732 ollieio,
1091 3679 1313 3740 repente
1357 3673 1465 3726 duo
1506 3671 1593 3726 illa
1648 3673 1821 3728 ferra-

218 3769 406 3814 menta
435 3777 556 3831 qua:
581 3777 746 3831 super
789 3763 1044 3818 humeros
1071 3765 1244 3834 posita
1291 3767 1547 3836 utrinque
1591 3767 1820 3823 inferius

217 3852 622 3921 dependebant,
651 3865 1007 3926 ventremque
1036 3873 1158 3911 cum
1197 3859 1414 3914 renibus
1443 3861 1814 3926 coarctabant,

215 3957 448 4011 prorsus
477 3944 700 4001 effracta
731 3956 886 4014 sunt,
920 3956 974 4001 et
1005 3965 1170 4002 unum
1201 3949 1250 4003 in
1280 3950 1434 4014 duas,
1480 3951 1708 4027 alterum
1763 3951 1815 4005 in

215 4044 334 4092 tres
361 4039 594 4092 divisum
623 4048 706 4094 est
731 4049 934 4108 partes.
966 4039 1160 4096 Caneri
1193 4057 1324 4096 vero
1352 4043 1538 4096 circuli
1568 4059 1672 4097 non
1696 4045 1816 4114 qui-

216 4127 341 4184 dem
375 4145 474 4198 per
503 4141 682 4200 partes
709 4132 945 4200 abrupti,
979 4132 1072 4186 sed
1105 4133 1178 4186 ita
1211 4133 1374 4186 laxati
1417 4145 1561 4196 sunt,
1595 4144 1648 4188 et
1677 4151 1814 4204 qua-

219 4219 344 4274 dam
363 4218 496 4274 facti
527 4231 648 4276 sunt
679 4222 881 4275 mollita
917 4222 1136 4276 lenitate.
1163 4223 1443 4288 flexibiles,
1473 4234 1531 4278 ut
1555 4227 1816 4294 quodam-

219 4313 386 4367 ιιιοιιο
421 4329 528 4368 ιιοη
562 4324 666 4368 tam
700 4314 860 4368 ferrei
880 4330 1043 4384 quam
1068 4315 1301 4382 plumbei
1325 4317 1816 4383 viderentur,adeo

1931 3113 2044 3174 bat,
2079 3116 2188 3163 tota
2215 3113 2326 3170 est;
2371 3102 2466 3158 sed
2509 3101 2678 3174 498
2715 3116 2838 3156 cum
2885 3101 3254 3156 additamento
3281 3115 3524 3170 semper,

1929 3217 2098 3273 prope
2130 3198 2288 3254 tertia
2317 3197 2453 3250 hora
2486 3203 2592 3260 est,
2625 3209 2794 3264 prope
2823 3202 2974 3248 sexta
3004 3193 3138 3247 liora
3167 3205 3268 3248 est.
3297 3191 3524 3261 Inquisi-

1929 3303 2014 3348 tus
2043 3309 2073 3346 a
2115 3305 2202 3345 me
2246 3303 2346 3344 cur
2387 3299 2602 3354 semper
2645 3285 2718 3340 ita
2767 3286 3010 3340 diceret:
3044 3285 3100 3338 ln
3145 3285 3270 3348 hoc,
3321 3285 3516 3356 inquit,

1927 3382 2274 3439 mendacium
2297 3393 2484 3434 caveo.
2515 3375 2648 3430 Nam
2679 3378 2792 3432 sive
2819 3378 2890 3431 sit
2921 3377 3050 3431 liora
3082 3385 3378 3444 transacta,
3403 3378 3521 3432 sive

1925 3475 2100 3530 adhuc
2127 3472 2375 3527 fortassis
2402 3469 2697 3530 immineat,
2733 3467 3033 3538 propinqua
3054 3476 3234 3522 tamen
3265 3476 3371 3532 est,
3394 3481 3516 3536 qua:

1925 3563 2177 3620 videlicet
2234 3577 2264 3616 a
2304 3569 2583 3616 momento
2622 3558 2677 3614 in
2719 3573 2828 3628 quo
2863 3557 3158 3628 loquimur,
3204 3573 3312 3613 non
3363 3559 3520 3613 elon-

1922 3643 2124 3725 gatUrC

1993 3769 2238 3824 Habebat
2285 3766 2580 3834 aliquando
2624 3761 2872 3818 cellulam
2909 3761 3061 3832 juxta
3097 3761 3513 3829 monasterium,

1919 3861 2062 3930 quod
2093 3859 2292 3912 dicitur
2338 3853 2706 3924 Conjunctuli.
2761 3853 2815 3906 In
2863 3852 3042 3923 vigilia
3099 3852 3280 3922 itaque
3327 3853 3515 3908 Domi-

1917 3951 2051 4005 nicaa
2096 3947 2445 4013 Nativitatis,
2490 3960 2614 4000 cum
2666 3953 2778 3998 tota
2825 3945 3146 4014 prmcedenti
3203 3943 3515 4014 Quadrage—

1915 4043 2052 4096 sima
2103 4039 2251 4111 (5m)
2304 4039 2598 4094 mansisset
2651 4036 2914 4102 inclusus,
2971 4038 3244 4106 tantisque
3288 4035 3514 4107 jejuniis

1916 4143 2077 4203 atque
2111 4130 2385 4186 laboribus
2419 4139 2564 4185 esset
2587 4129 2934 4184 vehementer
2955 4126 3208 4194 alllietus,
3249 4127 3512 4181 invitante

1916 4209 2082 4295 gloria
2134 4223 2494 4278 solenmitatis
2534 4236 2807 4292 egressus,
2859 4219 3042 4274 abbati
3085 4218 3188 4272 loci
3232 4217 3514 4271 humiliter

1920 4315 2175 4385 procidit,
2210 4316 2418 4367 veniam
2469 4314 2653 4383 petiit,
2689 4320 2845 4366 actus
2876 4325 3002 4365 suos
3045 4316 3099 4364 et
3147 4307 3508 4376 cogitationes

219 4411 280 4455 ut
329 4404 502 4457 etiam
534 4405 577 4458 si
625 4405 784 4458 vellet
813 4404 1172 4462 defluentibus
1203 4407 1283 4462 eis
1318 4424 1382 4463 ac
1411 4409 1815 4478 prolabentibus
1843 4388 2348 4480 1)lacrymabiliter
2373 4406 2670 4460 accusavit.
2699 4405 2790 4459 Ille
2831 4411 3034 4466 autem,
3075 4409 3133 4454 ut
3162 4407 3278 4454 erat
3314 4398 3502 4470 juven-

218 4498 523 4566 astringere
552 4513 632 4560 se,
667 4497 808 4551 ultra
851 4513 955 4552 non
984 4507 1186 4568 posset.
1233 4497 1323 4554 Sic
1373 4501 1452 4555 sic
1483 4501 1673 4566 frater,
1721 4503 1811 4572 qui

220 4598 426 4642 sanctae
447 4589 748 4644 devotionis
773 4590 1023 4644 aestuanti
1055 4589 1228 4644 fuerat
1251 4593 1445 4645 ardore
1463 4594 1812 4656 constrictus,

217 4677 306 4744 pio
339 4680 432 4733 Dei
457 4678 663 4746 judicio
693 4688 776 4732 est
817 4679 1142 4736 mirabiliter
1171 4683 1474 4738 absolutus.
1516 4684 1654 4751 Quid
1684 4700 1814 4756 ergo

219 4783 472 4840 magnum
503 4769 546 4824 si
577 4785 674 4839 per
712 4770 1072 4836 Dominicum,
1106 4773 1411 4830 mirabilem
1445 4776 1694 4831 videlicet
1729 4780 1810 4832 vi-

218 4871 358 4924 rum,
389 4860 604 4930 signum
632 4860 846 4929 aliquod
879 4862 1021 4916 Deus
1047 4863 1305 4919 voluisset
1344 4868 1651 4932 ostendere,
1685 4883 1806 4924 cum

216 4947 268 5002 in
301 4951 418 5021 ipso
461 4952 544 5006 sui
589 4953 823 5008 tirocinii
873 4956 1094 5010 exordio
1141 4971 1240 5025 per
1285 4959 1430 5013 hunc
1459 4957 1804 5026 juvenculum

217 5037 318 5097 duo
341 5041 606 5096 miracula
631 5044 884 5114 dignatus
903 5055 987 5100 est
1013 5046 1287 5110 exhibere,
1328 5063 1452 5102 eum
1483 5050 1806 5108 laudabilius

217 5132 284 5186 sit
331 5133 495 5190 fortia
550 5139 822 5208 peregisse
873 5152 1037 5206 quam
1068 5139 1244 5194 nova?
1295 5139 1448 5198 Unde
1477 5143 1644 5198 David
1680 5161 1800 5201 eum

217 5225 568 5290 praemisisset
600 5243 611 5278 :
643 5225 904 5282 Mirabilis
935 5228 1078 5284 Deus
1125 5227 1180 5282 in
1225 5231 1421 5284 sanctis
1456 5233 1598 5298 suis;
1635 5235 1803 5304 proti-

1918 4501 2091 4566 culus,
2120 4500 2254 4555 levis
2277 4501 2518 4554 moribus
2547 4507 2602 4554 et
2646 4497 2890 4554 consiliis
2921 4493 3292 4565 spiritualibus
3323 4493 3502 4548 insue-

1921 4601 2025 4656 tus,
2076 4608 2199 4648 cum
2245 4592 2346 4646 sibi
2379 4589 2650 4648 sufficeret
2693 4603 2856 4642 unum
2888 4586 3154 4658 psalmum
3185 4583 3270 4636 vel
3297 4579 3503 4653 perexi-

1917 4699 2079 4757 guum
2107 4685 2234 4752 quid
2261 4685 2560 4754 imponere,
2591 4680 2848 4751 praecepit
2887 4687 2942 4731 ut
2969 4692 3066 4747 pro
3097 4677 3184 4730 his
3223 4689 3340 4746 qua:
3371 4687 3504 4726 cou-

1917 4775 2096 4832 fessus
2122 4773 2324 4836 fuerat,
2353 4773 2572 4842 triginta
2607 4767 2864 4838 psalteria
2893 4769 3230 4823 decantaret.
3271 4765 3380 4827 Qua
3425 4762 3510 4816 iii-

1917 4869 2114 4925 tnirum
2148 4863 2233 4918 ille
2261 4863 2530 4918 sententia
2560 4863 2704 4916 velut
2734 4859 2938 4931 sagitta
2977 4855 3280 4927 percolata,
3320 4855 3385 4908 ad
3416 4871 3513 4910 cor

1918 4959 2098 5023 rediit,
2131 4965 2292 5024 atque
2337 4953 2442 5009 hoc
2481 4951 2794 5021 provenisse
2838 4967 2910 5007 ex
2959 4943 3133 5002 divini
3161 4943 3544 5006 dispositione

1910 5053 2102 5133 judicii
2131 5051 2422 5120 deputavit.
2459 5048 2640 5116 Itaque
2665 5046 2953 5115 regressus
2988 5042 3042 5133 in
3069 5030 3356 5133 cellulam,
3384 5051 3530 5133 nun—

1920 5127 2082 5224 quani
2117 5141 2337 5210 prodiit,
2369 5141 2540 5194 donec
2585 5135 2869 5206 prtefixum
2920 5132 3136 5224 indicta:
3175 5127 3536 5224 pmnitenlitp

1921 5213 2183 5300 cntionem
2213 5226 2606 5285 instantissime
2640 5223 2934 5284 sedulitate
2961 5213 3242 5296 persolvit.
