3992 5322
473 327 614 384 1023

1069 435 1297 492 CAPUT
1336 434 1470 490 XIII.

874 519 1027 582 Felix
1067 526 1180 597 ejus
1212 543 1452 580 excessus
1482 544 1509 581 e
1536 528 1661 582 vita.

544 619 768 674 Solebat
815 629 998 673 autem
1051 634 1151 688 per
1200 618 1504 683 intervalla,
1557 618 1682 673 licet
1721 616 2061 689 parcissime,

471 710 656 764 vinum
701 710 918 775 bibere;
965 712 1061 765 sed
1107 709 1264 778 longe
1306 719 1594 778 antequam
1637 709 1924 764 defunctus
1953 717 2060 773 est,

471 801 710 855 decrevit
760 801 828 855 ab
873 815 938 856 eo
982 801 1198 871 penitus
1249 803 1545 873 abstinere.
1605 801 1674 858 Ut
1720 803 1902 873 itaque
1947 802 2060 870 jam

471 894 694 947 omissis
712 894 923 948 caeteris
952 895 1017 947 ad
1045 894 1251 948 obitum
1278 895 1580 960 veniamus,
1607 895 1914 965 patiebatur
1934 911 2060 966 gra-

471 986 721 1040 vedinem
752 987 1039 1050 stomachi,
1076 987 1284 1043 crebris
1309 989 1528 1058 insuper
1555 989 1750 1058 capitis
1783 988 2062 1042 doloribus

468 1077 836 1132 cruciabatur.
892 1078 960 1131 Et
987 1079 1241 1148 quoniam
1274 1079 1503 1132 alterum
1545 1094 1685 1147 saepe
1725 1080 1969 1148 procedit
1994 1093 2060 1133 ex

468 1167 660 1228 altero.
689 1171 971 1238 proposuit
997 1170 1063 1224 ad
1096 1171 1434 1238 purgandum
1468 1170 1810 1224 stomachum
1834 1170 2059 1224 antidoti

465 1271 682 1312 sumere
722 1259 994 1328 poculum.
1047 1258 1213 1314 Sexta
1248 1259 1413 1328 igitur
1441 1259 1571 1312 feria
1618 1275 1716 1330 per
1740 1260 2058 1314 continuum

466 1348 610 1402 diem
660 1349 748 1402 vix
793 1349 975 1415 desiit,
1007 1348 1089 1402 vel
1134 1349 1474 1403 modulandis
1515 1350 1738 1418 psalmis
1784 1349 2056 1419 insistere,

465 1438 550 1490 vel
582 1439 939 1508 corrigiarum
973 1453 1032 1492 se
1066 1439 1260 1493 ictibus
1288 1438 1575 1508 llagellare.
1606 1438 1772 1493 Nocte
1807 1455 1938 1494 vero
1970 1455 2058 1494 so-

467 1542 600 1594 pore
630 1529 892 1596 dcposito,
922 1531 1158 1598 suscepit
1188 1529 1513 1593 antidotum,
1545 1530 1735 1584 deinde
1765 1529 1930 1597 carpit
1957 1544 2057 1582 an-

466 1619 720 1688 gustiari,
755 1631 810 1676 et
839 1624 905 1676 de
942 1621 1204 1675 stomachi
1252 1621 1438 1675 dolore
1483 1621 1723 1692 graviter
1769 1622 2050 1690 conqueri.

464 1709 593 1764 Post
643 1711 927 1766 decursum
974 1713 1154 1782 itaque
1202 1721 1483 1768 nocturna:
1533 1715 1756 1784 synaxis
1790 1713 2045 1776 officium,

901 325 960 381 S.
993 325 1196 381 PETRI
1237 324 1516 380 DAMIANI
1557 323 1706 382 OPP.
1752 323 1932 380 PARS
1967 322 2049 378 SE

2154 321 2380 380 I‘OMUS
2419 323 2482 380 Il.
2516 355 2584 366 -—
2624 323 3047 382 SANCTORUM
3086 323 3294 381 γιτΑζ.

3612 331 3746 385 10⁸34

2083 436 2134 494 Α
2164 443 2304 498 rant,
2331 444 2390 490 ut
2422 445 2545 505 post
2571 450 2760 490 eorum
2796 449 2992 490 manus
3027 445 3082 490 et
3127 436 3350 490 brachia
3390 437 3752 495 districtionis

2164 539 2422 583 extremae
2457 528 2570 583 Io‘ra
2621 530 2911 584 cohibeant
2940 527 3084 599 (Gal.
3112 529 3253 600 vin).
3287 531 3610 586 Dominicus
3653 548 3748 584 au-

2165 627 2271 672 tem
2319 627 2505 673 noster
2551 621 2804 690 stigmata
2858 619 2984 675 Jesu
3027 621 3266 689 portavit
3317 621 3370 674 in
3399 637 3656 691 corpore,
3695 632 3751 678 et

2163 708 2416 762 vexillum
2445 710 2621 764 crucis
2654 726 2757 764 non
2790 719 3000 764 tantum
3032 711 3084 764 in
3127 709 3306 765 fronte
3334 712 3604 780 depinxit,
3652 715 3746 767 sed

2163 801 2372 854 cunctis
2399 802 2562 855 etiam
2595 803 2832 872 undique
2867 803 3124 858 membris
3162 803 3458 873 impressit.
3509 806 3749 860 Exustus

2161 901 2217 947 et
2246 893 2430 948 aridus
2456 894 2523 948 ab
2550 895 2776 948 humore
2797 895 3014 960 calami,
3041 905 3094 949 et
3116 895 3272 965 junci
3296 896 3558 952 uberibus
3591 899 3750 953 coale-

2163 983 2261 1036 stis
2287 983 2475 1052 gratia:
2503 985 2703 1038 meruit
2732 985 2996 1038 imbribus
3026 985 3262 1054 irrigari.
3315 985 3416 1040 llic
3445 988 3623 1041 ferrea
3673 989 3748 1041 lo-

2165 1073 2275 1126 rica
2308 1074 2674 1143 prmcingitur,
2708 1074 2817 1128 illic
2865 1075 3038 1128 niveis
3067 1075 3323 1144 angelica:
3350 1077 3536 1146 glorite
3577 1080 3745 1134 vesti-

2161 1162 2264 1215 bus
2318 1163 2625 1217 decoratur.
2685 1163 2783 1218 llic
2817 1165 3012 1218 duritia
3067 1165 3258 1219 cubilis
3309 1168 3582 1228 atteriuir,
3640 1167 3745 1222 illic

2162 1253 2305 1306 molli
2339 1254 2768 1322 patriarcharum
2820 1255 3027 1325 gremio
3066 1255 3407 1310 confovetur.
3459 1256 3596 1310 Tota
3631 1258 3742 1313 lucc

2160 1345 2266 1396 vita
2297 1342 2437 1397 facta
2464 1354 2546 1398 est
2573 1345 2672 1399 sibi
2707 1361 2999 1414 parasceve
3023 1347 3220 1408 crucis,
3246 1346 3354 1401 illic
3379 1357 3564 1402 autem
3592 1347 3741 1404 festi-

2161 1449 2258 1487 vus
2287 1441 2340 1487 et
2384 1435 2697 1503 splendidus
2733 1445 2991 1490 aeternam
3024 1435 3264 1491 celebrat
3293 1437 3521 1508 gloriam
3566 1454 3741 1494 resur-

2161 1525 2436 1579 rectionis.
2488 1525 2643 1580 Nunc
2694 1527 2836 1582 inter
2882 1529 3081 1597 ignitus
3107 1544 3355 1598 supernze
3404 1530 3740 1588 Hierusalem

2157 1613 2364 1682 lapides
2408 1617 2626 1683 emicat,
2658 1633 2803 1673 nunc
2851 1629 3076 1674 ornatus
3119 1621 3470 1676 victoriarum
3521 1640 3742 1678 suarum

2157 1706 2325 1761 titulis
2353 1716 2557 1764 aeterna
2589 1710 2747 1764 laude
2793 1711 3107 1782 triumphat,
3141 1723 3303 1778 atque
3333 1714 3385 1768 in
3415 1714 3506 1768 illa
3550 1716 3740 1770 beato-

463 1811 582 1868 post
613 1803 911 1858 matutinos
941 1804 1196 1874 hymnos,
1232 1821 1354 1858 cum
1386 1805 1560 1874 prima
1583 1803 1694 1872 jam
1726 1805 1855 1858 hora
1885 1804 1986 1858 sibi
2019 1820 2047 1858 a
2081 1777 2124 1836 Β
2156 1815 2272 1853 rum
2301 1801 2496 1856 Civium
2519 1801 2757 1870 jucunda
2785 1805 3045 1859 societate
3072 1804 3388 1872 conjubilat.

468 1892 732 1947 fratribus
754 1894 845 1962 qui
876 1895 1101 1949 aderant
1144 1904 1479 1961 cantaretur,
1514 1906 1761 1950 sanctum
1792 1896 1902 1949 Deo
1943 1897 2053 1964 spi-

462 1982 625 2035 ritum
644 1983 895 2038 reddidit.
916 1983 1239 2039 Invenerunt
1267 1996 1448 2040 autem
1479 1995 1534 2040 et
1557 1985 1779 2039 alteram
1804 1984 2048 2051 loricam,

462 2084 661 2143 praeter
685 2090 804 2130 eam
832 2092 936 2145 qua
969 2077 1190 2132 indutus
1219 2087 1356 2139 erat,
1380 2076 1642 2131 lateribus
1667 2076 1784 2144 ejus
1807 2074 2051 2131 sindonis

463 2181 614 2220 more
648 2167 999 2222 substratam.
1036 2168 1188 2224 Unde
1222 2169 1477 2239 suspicati
1526 2179 1652 2223 sunt
1683 2168 1910 2254 fratres,
1949 2170 2052 2225 hoc

461 2255 566 2309 sibi
603 2266 800 2326 pr:eter
829 2260 1278 2313 consuetudinem
1331 2259 1640 2315 nullatenus
1659 2260 1952 2324 accidisse,
1997 2269 2050 2316 et

459 2345 586 2413 quia
619 2361 678 2400 se
722 2348 824 2401 sub
865 2362 984 2402 eam
1014 2365 1178 2403 sanus
1224 2358 1411 2405 tenere
1459 2359 1842 2416 consueverat,
1888 2365 2051 2420 super

458 2451 623 2505 quam
653 2437 901 2494 videlicet
930 2450 983 2494 et
1011 2441 1411 2508 in,inlirmitate
1435 2444 1671 2512 jacebat.

532 2525 913 2583 Somniaverat
957 2540 1139 2585 autem
1184 2541 1312 2586 tunc
1341 2533 1561 2603 quidam
1603 2533 1776 2589 frater
1825 2535 1890 2590 de
1937 2551 2046 2602 me,

456 2616 606 2685 quod
654 2617 934 2672 oculorum
984 2619 1162 2674 lumen
1212 2622 1524 2676 amiseram.
1579 2623 1731 2690 Quod
1775 2624 1902 2679 dum
1947 2641 2049 2694 ego

467 2705 836 2765 ﬂildebrando
867 2712 1162 2766 venerabili
1207 2713 1465 2769 Romana:
1493 2716 1746 2772 Ecclesia:
1776 2719 2048 2773 archidiao

453 2813 595 2853 cono
622 2800 770 2872 (550)
818 2802 873 2856 in
921 2801 1277 2861 Lateranensi
1308 2807 1506 2877 palatio
1537 2809 1842 2866 retulissem
1874 2824 1891 2865 :
1937 2810 2047 2866 Ne-

457 2906 752 2958 quaquam,
787 2892 982 2961 inquit,
1015 2903 1074 2948 ut
1117 2897 1294 2960 times,
1325 2898 1426 2952 hoc
1473 2900 1564 2956 tibi
1596 2903 1911 2972 propinqua:
1963 2911 2048 2959 est

456 2979 651 3032 mortis
680 2979 962 3048 indicium,
993 2985 1086 3038 sed
1116 2985 1398 3051 familiaris
1413 2988 1580 3060 499
1606 2992 1702 3045 tibi
1731 2993 1928 3063 aliquis
1951 3010 2047 3050 ex-

455 3069 783 3138 stinguetur,
814 3073 904 3140 qui
955 3074 1048 3127 tibi
1097 3085 1152 3129 et
1191 3077 1388 3132 charns
1440 3080 1530 3145 sit,
1573 3082 1714 3137 sicut
1759 3085 1946 3140 oculus
1992 3094 2046 3141 et

457 3156 638 3212 lumen
692 3171 865 3228 tuum,
900 3179 963 3219 ac
1012 3165 1266 3235 splendor
1297 3169 1347 3221 iu
1383 3169 1536 3225 bonis
1585 3173 1838 3240 operibus
1866 3176 2050 3230 videa-

459 3263 569 3307 tur.
603 3255 692 3318 Et,
721 3271 754 3310 ο
795 3272 1006 3326 verum,
1060 3261 1154 3314 sed
1194 3263 1432 3316 amarius
1480 3266 1626 3320 omni
1679 3266 1798 3322 felle
1848 3284 2050 3338 praesa-

454 3345 600 3412 gium
627 3347 640 3400 !
675 3346 859 3404 Tertio
889 3350 974 3405 die
1008 3362 1290 3423 postquam
1339 3354 1598 3412 Romanis
1629 3358 1900 3415 mmnibus
1927 3377 2048 3416 sum

453 3451 730 3504 egressus,
775 3455 903 3496 ecce
935 3444 1066 3498 mihi
1112 3447 1306 3500 relatio
1346 3451 1582 3507 crudelis
1617 3455 1871 3518 occurrit,
1926 3471 2048 3525 quae

453 3528 584 3582 mihi
613 3530 745 3584 nihil
775 3532 954 3587 minus
1000 3537 1244 3604 opinanti
1288 3551 1548 3596 caecatum
1582 3560 1668 3597 me
1711 3547 2044 3602 remansisse

451 3618 1068 3685 perhibuit:Dominum
1097 3628 1307 3684 scilicet
1326 3640 1380 3685 et
1423 3632 1840 3689 illuminalorem
1867 3651 2043 3691 meum

462 3710 806 3768 Dominicum
852 3731 916 3770 ex
970 3719 1074 3773 hoc
1117 3723 1315 3775 szeculo
1346 3740 1518 3794 nuper
1559 3743 1856 3797 egressum.
1899 3728 2045 3784 Illico

457 3802 588 3856 mihi
622 3802 824 3873 liquido
855 3809 1050 3876 patuit,
1095 3811 1222 3865 dum
1254 3813 1342 3867 ille
1383 3817 1538 3884 petiit
1566 3817 1700 3873 lucis
1742 3829 2042 3886 auctorem,

453 3893 507 3946 in
544 3897 889 3951 tenebrarum
923 3916 1008 3955 me
1047 3905 1376 3960 remansisse
1405 3907 1658 3978 caligine.
1699 3909 1921 3964 Fratres
1949 3927 2045 3966 au-

456 3989 566 4036 tem
598 3999 794 4054 corpus
836 3987 974 4058 ejus,
1015 4005 1082 4046 ne
1111 4007 1141 4045 a
1175 3993 1368 4048 vicinis
1396 3998 1680 4052 monachis
1711 4013 1902 4054 eorum
1949 4016 2041 4054 ra.

453 4081 672 4139 peretur
703 4090 732 4128 e
761 4079 1028 4142 manibus,
1073 4082 1128 4136 in
1171 4084 1362 4137 eadem
1414 4086 1467 4138 in
1494 4103 1599 4156 qua
1643 4088 1929 4144 defunctus
1960 4101 2044 4144 est

451 4161 668 4224 cellula,
702 4164 917 4220 defossa
956 4168 1141 4234 humo,
1171 4171 1427 4227 celeriter
1459 4176 1775 4230 obruerunt.
1803 4177 1911 4233 Nos
1953 4195 2046 4232 au-

455 4259 562 4306 tem
598 4253 714 4324 ipso
740 4255 826 4310 die
856 4258 1135 4313 Dominico
1164 4277 1270 4330 quo
1296 4279 1538 4318 eremum
1578 4267 1803 4336 ingressi
1833 4285 2040 4335 sumus,

455 4355 701 4402 sanctum
725 4366 925 4420 corpus
947 4353 1069 4408 inde
1090 4355 1360 4410 sublatum
1386 4367 1724 4423 reverenter,
1749 4361 2040 4432 utdignum

468 4445 601 4527 erat,
635 4438 686 4491 in
735 4441 972 4510 capitulo
1018 4444 1380 4513 sepelivimus.
1437 4446 1652 4502 Etcum
1681 4464 1853 4504 nonus
1894 4462 2039 4506 esset
2067 4467 2117 4527 ι)

459 4520 806 4589 depositionis
845 4531 962 4600 ejus
992 4534 1128 4601 dies,
1159 4537 1476 4604 praedictum
1505 4553 1703 4609 corpus
1736 4555 1929 4596 sanum
1966 4541 2033 4596 il-

459 4610 792 4689 libatumque
821 4624 1144 4691 reperimus.

443 4733 454 4740 -
530 4701 664 4764 Eant
707 4726 846 4766 nunc
873 4713 965 4782 qui
1010 4715 1192 4770 carnis
1219 4732 1330 4771 sure
1375 4719 1715 4776 delectantur
1750 4723 2034 4786 illecebris,

460 4794 716 4856 medullas
757 4803 1086 4858 absorbeant
1131 4807 1495 4877 voluptatum,
1530 4821 1584 4864 et
1630 4813 1919 4868 occisionis
1953 4817 2039 4868 vi-

459 4882 639 4938 ctima:
661 4887 728 4941 ad
750 4900 1009 4946 aeternum
1043 4897 1352 4952 nutriantur
1380 4899 1713 4968 incendium,
1756 4905 1809 4958 in
1842 4921 2033 4976 super-

443 4972 562 5027 »Iiize
609 4989 671 5032 se
718 4984 967 5040 cornibus
996 4985 1243 5053 efferant,
1276 4992 1534 5047 ventilent
1580 4972 1925 5061 innocentes,
1967 4997 2032 5050 ad

463 5071 649 5118 votum
670 5069 894 5128 molliter
924 5077 1127 5143 vivant,
1159 5088 1217 5132 ut
1246 5096 1432 5135 eorum
1461 5084 1667 5138 viscera
1690 5087 2032 5154 postmodum

453 5155 630 5256 pteuis
683 5173 888 5230 semper
947 5167 1230 5224 ultricibus
1267 5184 1631 5230 amarescant.
1681 5176 1834 5232 Nunc
1889 5179 2034 5232 velut

2221 1891 2367 1948 Obiit
2414 1903 2594 1948 autem
2652 1894 2713 1948 Β.
2767 1895 3080 1952 Dominicus
3141 1896 3315 1967 pridie
3385 1898 3510 1952 Idus
3576 1899 3739 1955 Octo-

2151 1983 2265 2038 bris
2316 1984 2484 2054 (55l),
2535 1995 2794 2055 regnante
2823 1987 3052 2041 Domino
3095 1997 3285 2042 nostro
3322 1987 3451 2044 Jesu
3501 1989 3736 2059 Christo,

2151 2073 2242 2141 qui
2272 2088 2393 2127 cum
2425 2074 2532 2128 Deo
2568 2073 2729 2130 Patre
2753 2083 2808 2128 et
2839 2073 3046 2145 Spiritu
3079 2085 3268 2131 sancto
3303 2077 3438 2132 vivit
3461 2086 3518 2133 et
3548 2092 3739 2150 regnat

2152 2163 2204 2218 in
2235 2165 2432 2221 saecula
2460 2166 2808 2222 saeculorum.
2839 2168 3036 2222 Amen.

2785 2348 3098 2406 SCIIOLIA.

2219 2458 2262 2510 Α
2294 2459 2536 2525 depresso
2564 2461 2772 2513 homine
2807 2461 2949 2514 mille
2996 2470 3278 2514 metantem
3307 2460 3363 2514 in
3393 2477 3500 2514 uno
3542 2464 3732 2528 psalte-

2151 2529 2230 2581 rio
2260 2529 2396 2596 ﬁeri.
2456 2530 2723 2583 Metanira
2780 2531 2879 2584 hoc
2930 2531 3047 2584 loco
3099 2547 3204 2583 non
3261 2530 3349 2584 illa
3413 2531 3735 2599 intelligitur

2150 2614 2310 2664 quam
2337 2601 2672 2653 carminibus
2697 2600 2970 2654 Ausonius
2997 2600 3289 2654 describit:
3311 2621 3328 2650 ι
3358 2599 3488 2666 Quae
3514 2601 3737 2666 facti,ut

2151 2669 2238 2721 ille
2270 2669 2362 2732 ait,
2393 2685 2500 2743 non
2522 2669 2961 2743 factiqneexigit
2988 2685 3196 2743 poenas.
3234 2690 3251 2720 θ
3288 2670 3598 2743 Licetvera
3626 2691 3734 2743 ger-

2151 2755 2417 2807 manaque
2446 2738 2605 2806 hujus
2637 2738 2871 2794 nominis
2891 2738 3141 2809 acceptio
3170 2741 3310 2807 apud
3340 2741 3606 2809 probatos
3628 2738 3730 2795 'au-

2149 2821 2327 2862 ctores
2361 2810 2504 2863 illam
2540 2811 2826 2878 signiticet.
2856 2812 2947 2865 Est
2977 2813 3120 2864 enim
3144 2813 3382 2879 μιτάνοια
3406 2813 3728 2878 ρωιιὶιειιεὲσ,

2151 2879 2528 2947 resipiscentin,
2577 2896 2697 2933 cum
2753 2892 2872 2949 post
2904 2882 3100 2934 factum
3149 2880 3408 2947 sapimus.
3465 2881 3733 2935 Caeterum

2151 2949 2238 3002 hic
2271 2949 2396 3002 illud
2428 2949 2651 3004 denotat
2697 2951 2839 3018 quod
2884 2951 3024 3020 apud
3075 2949 3294 3005 Grmcos
3335 2951 3736 3005 ecclesiasticos

2151 3020 2450 3089 scriptores
2478 3021 2796 3090 posterioris
2826 3023 3023 3083 :etatis,
3058 3022 3148 3089 qui
3179 3022 3229 3074 id
3261 3021 3514 3074 vocabuli
3568 3032 3735 3075 trans-

2157 3090 2391 3143 tulerunt
2423 3093 2490 3144 ad
2513 3107 2606 3144 eas
2633 3093 2878 3158 corporis
2908 3092 3321 3160 prostrationes,
3348 3106 3486 3157 quas
3525 3093 3734 3160 publice

2155 3160 2234 3214 vel
2259 3162 2507 3228 privatim
2530 3161 2690 3231 500
2716 3162 2915 3216 Christi
2941 3162 3124 3215 fideles
3146 3169 3335 3231 sponte
3361 3161 3442 3212 vel
3469 3176 3500 3212 e
3528 3173 3736 3215 Sancto-

2153 3247 2271 3284 rum
2301 3231 2613 3300 przescripto
2645 3247 2908 3285 canonum
2931 3231 3545 3299 οιήιιςιιιῑεμετανοῦντες·
3570 3233 3730 3295 enim,

2151 3301 2234 3382 vel
2275 3306 2323 3356 οὶ
2357 3305 2408 3356 ἐν
2451 3299 2672 3382 prmia
2711 3299 2848 3362 ὄντες
2897 3302 3250 3382 dicebantur,
3313 3301 3404 3370 qui
3466 3301 3731 3382 publicam

2151 3371 2276 3424 olim
2319 3370 2692 3440 paenitentiam
2725 3376 2975 3439 agebant.
3027 3370 3265 3425 Fuerunt
3313 3381 3497 3440 autem
3533 3373 3736 3424 crebre

2154 3442 2204 3494 iu
2258 3439 2458 3496 terram
2517 3444 2910 3512 prostrationes
2963 3443 3016 3496 in
3051 3457 3168 3505 usu,
3216 3448 3275 3494 ut
3320 3455 3384 3493 ex
3428 3439 3737 3494 Sozomcno

2149 3511 2448 3581 colligitur;
2483 3511 2537 3565 et
2575 3514 2714 3582 apud
2746 3513 2964 3566 Cui-recns
3000 3512 3409 3578 quibuscunqne
3459 3512 3732 3579 paeniten-

2157 3583 2301 3635 tibus
2353 3584 2422 3635 ita
2468 3597 2544 3636 ea:
2581 3584 2972 3652 prostrationes
3008 3582 3447 3649 injungehantur,
3507 3590 3570 3652 ut
3615 3595 3733 3652 eam

2151 3652 2220 3705 ob
2252 3669 2364 3706 rem
2395 3651 2785 3722 prostrationes
2817 3655 2868 3706 in
2902 3662 3100 3706 terram
3132 3653 3348 3720 proprio
3371 3651 3527 3718 quasi
3572 3651 3733 3704 veca-

2151 3723 2590 3798 littl0_p.trc§v0tat,
2619 3724 2716 3798 _\_'eI
2744 3727 2973 3798 efﬁceret!
3015 3727 3274 3798 parévomt
3307 3723 3625 3798 Ittlncupnri-
3647 3738 3732 3788 pu-

2151 3792 2370 3865 tiierint.
2403 3795 2539 3847 Sunt
2585 3794 2703 3847 alia:
2747 3792 3055 3865 isctpta'tt'mt,
3082 3807 3200 3865 qum
3226 3792 3340 3844 sine
3364 3793 3733 3865 prostratione

2150 3862 2304 3915 flexis
2335 3865 2707 3917 tantummodo
2737 3860 2961 3932 genibus
3010 3862 3388 3932 absolvuntur,
3425 3860 3730 3932 cujusinodi

2149 3943 2235 3986 est
2266 3934 2356 3986 illa
2398 3932 2536 4000 apud
2587 3929 2911 4002 GregOrinm
2963 3933 3225 3986 adversus
3272 3929 3506 3988 Judaros,
3550 3931 3733 3989 xli-mc

2147 4005 2204 4058 τὸ
2227 4006 2348 4074 γόνυ
2375 4006 2470 4065 ἕως
2501 4002 2866 4078 ἐδαφουςτείς,
2891 4005 3242 4078 καὶγάνασ-τάς,
3261 4004 3353 4078 ’κριὲ
3383 4002 3610 4062 incisa;
3638 4005 3731 4061 τὰς

2151 4071 2342 4146 χεῖρας
2374 4078 2525 4129 αὐτοῦ
2558 4071 2629 4135 εἷς
2677 4075 2761 4130 τὸν
2810 4077 3041 4148 οὖρανᾷντ
3093 4071 3219 4148 εἷπε·
3259 4072 3309 4124 Μ
3343 4083 3446 4132 est,
3489 4082 3570 4122 ter
3599 4086 3730 4138 gena

2147 4144 2359 4214 ﬂectens
2393 4147 2460 4198 nd
2499 4155 2692 4196 terram
2731 4144 2914 4213 usque,
2960 4144 3145 4214 deinde
3189 4157 3428 4210 surgens,
3460 4151 3508 4193 et
3543 4157 3729 4214 manus

2147 4209 2216 4266 iul
2245 4215 2428 4268 uelum
2473 4216 2710 4277 tendens,
2758 4209 2912 4268 dixit.
2967 4213 3124 4266 Plura
3154 4209 3447 4279 suppetunt
3477 4209 3725 4276 exempla

2148 4287 2286 4352 apud
2330 4285 2798 4354 Cltrysostmuum,
2843 4285 3121 4345 Basiliuin,
3154 4281 3444 4348 Evagrinm
3485 4281 3730 4347 aliosque

2147 4356 2462 4425 sctiplores,
2493 4355 2583 4422 qui
2615 4356 3004 4430 monachorum
3045 4369 3130 4407 res
3154 4361 3350 4430 et_acta
3381 4359 3508 4403 sunt
3542 4364 3727 4430 prose.

2145 4422 2276 4489 cuti,
2316 4442 2451 4493 quos
2479 4427 2565 4478 hic
2594 4423 2794 4478 referre
2840 4434 3086 4479 notarum
3135 4422 3272 4493 ratio
3301 4436 3407 4473 non
3435 4422 3725 4487 permittit.

2147 4495 2251 4550 Sed
2282 4492 2353 4549 illi
2379 4495 2948 4567 purioriettltiorique
2992 4492 3252 4567 vocabulo
3294 4507 3387 4567 eas
3425 4499 3727 4567 inetanteas

2146 4559 2409 4620 vocarunt
2429 4566 2766 4641 _7ovuz)._iqia;
2783 4605 2797 4629 ,
2852 4559 3259 4641 genuflen’ones.
3309 4561 3552 4641 Denique
3566 4629 3577 4641 .
3599 4559 3726 4641 illud

2145 4637 2308 4690 etiam
2354 4629 2530 4690 obiter
2572 4629 3026 4702 addatnusfquo'd
3077 4649 3190 4685 rem
3243 4629 3725 4702 magisdeclaral,

2146 4708 2272 4776 quia
2302 4706 2441 4779 apud
2472 4707 2765 4779 monachos
2792 4699 3143 4779 sa_li'ilatioues
3189 4702 3321 4779 [inut
3356 4699 3438 4754 vel
3469 4699 3720 4779 .demissa

2147 4768 2390 4846 corporis
2428 4777 2738 4836 inflexione,
2775 4776 2857 4828 vel
2887 4775 3053 4828 etiam
3085 4772 3324 4846 curvatis
3361 4769 3614 4846 genibus,
3658 4768 3728 4818 ob

2150 4848 2199 4900 id
2229 4837 2492 4917 ᾀιῖανοία,
2529 4846 2778 4917 salutatio
2802 4857 2883 4917 est
2913 4844 3102 4917 :_quod
3132 4837 3535 4917 legimus—apud
3565 4837 3729 4892 Joan-

2150 4909 2268 4970 nem
2296 4915 2662 4986 .lerosolymit.
2693 4918 2744 4969 in
2788 4909 3268 4986 vitaDainascfet
3300 4911 3438 4986 apud
3475 4909 3725 4986 I_)ai_nasc._

2148 4988 2236 5040 Iib.
2274 5003 2286 5039 l
2328 4988 2399 5040 De
2435 4978 2626 5055 imag,
2679 4995 2729 5038 et
2780 4985 2918 5054 apud
2978 4983 3265 5036 Maximum
3315 4978 3368 5055 in
3430 4979 3601 5055 schol.
3659 4978 3726 5028 ad

2145 5057 2409 5131 Areopag.
2457 5049 2586 5131 "fire
2624 5049 2840 5131 quidam
2890 5056 3033 5123 apud
3066 5055 3256 5131 Aitast.
3309 5051 3506 5131 Sinait.
3555 5049 3607 5102 ἕν
3652 5069 3727 5127 τρι-ρ

2143 5122 2973 5204 ὁδηγῷο-,έυηξοτβιη,’ίιιξθι-τοείλι
3003 5140 3070 5178 ειη
3103 5122 3292 5204 retis!"
3338 5122 3431 5200 si"
3465 5135 3590 5204 “3'!”
3632 5122 3727 5204 9“?

2143 5190 2255 5252 sibi
2273 5190 2596 5250 {ill'endiculo
2623 5195 2804 5257 fuerit,
2831 5190 3068 5249 salutare
3095 5213 3108 5245 ι
3132 5193 3319 5266 βάλλω,
3365 5190 3562 5260 inquit,
3589 5191 3728 5261 αὐτῷ
