3992 5322
273 265 408 324 In“

1293 261 1538 318 PASSIO
1579 259 1680 316 SS.
1719 255 1974 314 FLORJ'.
2016 256 2104 314 ET
2139 255 2488 312 ιυοιιωε.

3401 256 3542 316 1026

279 451 3534 482 u—WW

539 615 872 716 passm
957 573 1540 714 SANGTARUM
1611 613 2104 714 VIRGINUM
2177 613 2534 714 monia
2608 616 2733 712 ET
2811 617 3286 716 LUCILLXE.

1743 841 1840 918 {-29
1873 837 2083 920 Julii.)

1147 1007 1302 1068 Cum
1333 1003 1852 1066 adnotationibus
1883 1003 2212 1066 Guittelmt'
2245 1004 2483 1084 Cupert'
2511 1008 2580 1069 S.
2617 1010 2686 1072 J.

3223 995 3252 1006 κ

1725 1193 2058 1208 ᾑ-

871 1321 1140 1380 PROLOG
1151 1321 1260 1380 US.

349 1427 521 1482 Deum
551 1418 854 1477 mirabnem
887 1417 942 1470 in
973 1413 1177 1472 sanctis
1213 1413 1348 1476 suis,
1374 1409 1664 1466 Psalmista
1703 1415 1868 1472 teste,

281 1517 571 1574 didicimus
599 1510 772 1584 (Psat.
813 1507 1006 1576 van),
1035 1521 1142 1562 non
1171 1503 1343 1560 solum
1393 1502 1446 1556 in
1485 1517 1550 1557 eo
1579 1501 1722 1570 quod
1765 1498 1871 1552 mi-

281 1609 480 1664 rabilia
513 1607 664 1672 signa
691 1618 788 1672 per
823 1615 918 1657 eos
964 1607 1223 1670 operatur
1265 1597 1318 1651 in
1349 1597 1436 1651 his
1464 1594 1556 1666 qui
1589 1593 1870 1648 infirman-

1887 1323 1936 1383 Α
1965 1315 2284 1383 maximum,
2316 1333 2542 1375 cernere
2571 1336 2696 1376 eum
2726 1324 2818 1392 qui
2848 1323 3192 1384 Christianus
3219 1348 3324 1386 non
3353 1334 3559 1400 fuerat,

1975 1412 2274 1476 cervicem,
2309 1428 2405 1482 pro
2427 1413 2645 1470 Christo
2685 1419 2934 1484 tendere;
2963 1431 3016 1476 et
3042 1438 3164 1476 eum
3192 1425 3283 1494 qui
3325 1428 3564 1482 nondum

1975 1508 2092 1554 erat
2123 1509 2343 1556 renatus
2369 1501 2716 1572 baptismate,
2744 1523 2840 1575 per
2865 1511 3110 1580 martyrii
3135 1511 3369 1582 palmam
3393 1513 3568 1584 bapti-

1979 1591 2116 1644 zatis
2135 1592 2383 1660 plurimis
2406 1593 2696 1652 anteferri!
2721 1595 2827 1652 Sed
2853 1599 2966 1668 ipsa
2991 1602 3144 1656 nobis
3167 1603 3388 1658 historia
3415 1604 3568 1678 (355)

285 1709 410 1762 tur;
443 1713 632 1753 verum
655 1696 816 1750 etiam
844 1693 986 1762 quod
1021 1707 1119 1762 per
1147 1705 1270 1745 cum
1301 1689 1400 1758 ipsi
1434 1687 1876 1743 convalescentes
1974 1681 2091 1751 jam
2126 1682 2400 1752 loquatur,
2433 1685 2550 1754 ipsa
2603 1687 2759 1743 nobis
2788 1701 3098 1746 sanctorum
3133 1693 3419 1765 originem,
3453 1697 3568 1768 ipsa

283 1789 354 1844 de
395 1787 716 1843 inﬁrmitate
759 1781 1057 1846 communi,
1099 1781 1266 1835 fortes
1295 1779 1419 1834 facti
1447 1787 1572 1833 sunt
1609 1779 1663 1832 in
1711 1777 1872 1832 bello.

283 1879 578 1934 lnfirmitas
600 1877 740 1933 enim
763 1875 1046 1931 hominum
1076 1883 1194 1928 avet
1226 1883 1455 1926 mortem
1481 1869 1874 1940 fugere,maxi-

285 1987 376 2026 me
401 1985 534 2026 vero
557 1969 602 2024 si
633 1969 848 2023 sitcum
873 1966 1206 2022 cruciatibus
1234 1963 1537 2019 inferemla.
1565 1963 1672 2018 Sed
1697 1963 1875 2018 sancti

283 2071 556 2131 martyres
584 2059 724 2114 hanc
763 2057 1134 2112 infirmitatem
1175 2071 1268 2126 per
1299 2055 1392 2109 Dei
1427 2055 1658 2122 gratiam
1688 2068 1882 2124 supcr-

290 2161 471 2219 antes,
512 2165 621 2206 non
653 2149 828 2206 solum
873 2147 1051 2204 oblata
1078 2147 1346 2220 pertulere
1375 2155 1662 2214 tormenta,
1694 2155 1748 2201 et
1785 2163 1884 2217 per

285 2244 406 2312 ipsa
457 2257 610 2298 suam
649 2241 816 2296 vitam
863 2239 1148 2303 fuderunt;
1199 2253 1390 2292 verum
1425 2238 1590 2292 etiam
1636 2237 1778 2294 ultro
1822 2253 1881 2294 se

283 2332 536 2404 tyrannis
567 2341 622 2386 et
653 2330 1003 2386 carnificibus
1057 2327 1124 2382 ad
1157 2343 1348 2399 pamas
1389 2328 1760 2384 atrocissimas
1789 2329 1882 2385 ob-

283 2421 550 2476 tulerunt.
595 2421 750 2489 Quod
783 2421 1061 2476 hominum
1097 2433 1268 2490 genus
1314 2419 1521 2488 Optimo
1565 2417 1690 2487 iure
1732 2419 1884 2474 dixe-

284 2515 430 2579 rim,
483 2511 666 2567 divino
713 2527 957 2578 munere,
1011 2509 1384 2564 fortitudinem
1417 2525 1570 2565 suam
1615 2521 1880 2568 mutasse.

286 2603 452 2670 Cum,
476 2603 618 2674 quod
641 2617 740 2673 per
761 2611 1014 2658 naturam
1039 2609 1270 2666 amatur,
1291 2601 1440 2656 nullo
1469 2609 1696 2672 cogente
1721 2601 1884 2672 depo-

1977 1775 2172 1826 eor'um
2219 1773 2344 1827 vita:
2367 1789 2736 1846 progressum,
2768 1779 2886 1850 ipsa
2915 1785 3274 1839 consummati
3305 1789 3568 1844 certami-

1979 1863 2064 1919 nis
2090 1864 2316 1936 gloriam
2339 1867 2450 1938 jam
2475 1881 2762 1941 proponat.

2497 1983 2726 2040 CAPUT
2765 1985 3056 2044 PRIMUM.

1983 2067 2206 2130 Harum
2241 2083 2548 2128 sanctarum
2584 2077 2848 2150 virginum
2861 2079 3074 2150 pietas,
3131 2080 3410 2150 captivitas
3439 2089 3488 2136 et
3517 2082 3576 2137 in

2497 2149 2799 2215 captivitate
2831 2147 3070 2202 (ibertas.

2057 2235 2258 2293 Urbem
2291 2235 2523 2290 Romam
2556 2237 2840 2292 universas
2884 2239 3044 2294 urbes
3087 2241 3232 2294 omni
3276 2241 3578 2298 nobilitatis

1985 2345 2181 2400 genere
2223 2327 2602 2398 pra-cessisse,
2654 2337 2708 2381 et
2747 2337 2908 2397 caput
2950 2329 3098 2384 orbis
3138 2330 3306 2386 fuisse
3343 2330 3576 2386 manife-

1986 2429 2130 2474 stum
2174 2427 2276 2473 est.
2319 2417 2376 2472 Si
2410 2435 2554 2472 ennn
2586 2428 2711 2472 ante
2747 2417 2949 2472 Christi
2997 2421 3206 2474 Domini
3231 2421 3574 2476 nativitatem

1988 2513 2304 2568 consideres
2327 2553 2342 2577 ,
2383 2511 2659 2566 Romanos
2695 2511 2905 2578 invenis
2947 2528 3130 2566 rerum
3164 2513 3454 2580 dominos;
3489 2513 3574 2568 sin

1989 2612 2131 2674 post,
2155 2619 2251 2674 per
2271 2603 2331 2657 Β.
2359 2601 2503 2657 Petri
2535 2603 2718 2658 sedem
2744 2611 2907 2672 caput
2927 2605 3077 2660 orbis
3104 2604 3354 2660 effectam
3387 2607 3570 2671 vides;

287 2702 450 2758 nunt,
475 2701 530 2748 et
559 2693 700 2762 quod
723 2679 1044 2746 naturaliter
1067 2691 1408 2755 exhorretur,
1441 2691 1544 2761 ipsi
1567 2707 1662 2746 sua
1688 2700 1882 2762 Sponte
1910 2691 1955 2752 Β
1984 2694 2032 2748 si
2071 2693 2217 2746 viros
2241 2691 2329 2763 qui
2359 2701 2725 2762 provenerant
2758 2691 2809 2746 in
2836 2707 2922 2758 ea,
2956 2702 3134 2748 mente
3158 2697 3426 2762 revolvas,
3449 2711 3580 2752 con-

285 2791 612 2853 sequuntur.
634 2781 789 2848 Quod
815 2781 1083 2850 siquidem
1107 2781 1302 2836 mentis
1329 2782 1519 2846 robur,
1559 2783 1808 2850 quamvis
1831 2783 1884 2838 in

285 2871 428 2926 viris
459 2871 589 2942 ipsis
625 2869 874 2924 mirabile
897 2870 988 2934 sit,
1021 2877 1076 2924 et
1105 2871 1334 2924 summis
1355 2870 1611 2926 laudibus
1634 2872 1883 2942 dignum,

287 2960 450 3032 longe
511 2969 694 3014 tamen
728 2969 813 3014 est
853 2958 1155 3014 mirabilius
1193 2967 1248 3014 et
1292 2959 1614 3017 laudabilius
1655 2961 1710 3016 in
1755 2977 1888 3016 sexu

291 3051 452 3122 501
487 3050 720 3106 femineo
745 3089 762 3116 ,
805 3050 898 3120 qui
933 3050 1232 3119 frigiditate
1278 3067 1390 3108 suae
1429 3061 1637 3109 naturae
1669 3055 1888 3110 timidus

289 3152 350 3196 et
380 3141 558 3196 mollis
584 3151 702 3206 est;
749 3149 806 3197 et
834 3141 975 3198 sicut
1023 3141 1180 3197 bellis
1233 3141 1602 3212 ineptissimus
1649 3153 1765 3209 cst,
1812 3145 1888 3201 ita

295 3232 517 3304 gladios
559 3235 674 3288 odit
717 3243 772 3288 et
801 3249 992 3300 arma;
1031 3243 1087 3288 et
1121 3249 1226 3290 non
1279 3235 1454 3290 solum
1511 3249 1886 3307 conspectum,

293 3327 484 3383 sedet
529 3327 847 3382 memoriam
877 3327 1159 3397 sanguinis
1213 3327 1602 3395 perhorrescit.
1649 3329 1774 3383 limc
1809 3329 1890 3384 id-

293 3417 452 3472 circo
471 3417 826 3487 prtemiserim
856 3426 914 3470 ut
943 3415 1279 3486 intelligatis,
1317 3417 1519 3472 fratres
1552 3417 1887 3483 charissimi,

293 3507 490 3577 quales
510 3515 834 3578 quantaeque
863 3507 972 3561 sint
999 3507 1257 3575 virgines,
1283 3505 1350 3560 ad
1376 3521 1603 3574 quarum
1627 3507 1891 3562 solemnia

295 3599 606 3654 convenitis
655 3597 828 3670 (359.),
864 3597 920 3652 in
969 3597 1166 3668 quibus
1217 3612 1324 3650 non
1353 3596 1527 3652 solum
1579 3597 1892 3666 religionem

295 3689 550 3744 venerari
591 3689 871 3755 debemus,
927 3704 1030 3744 nec
1055 3687 1420 3760 virginitatem
1464 3697 1695 3754 tantum,
1727 3689 1896 3744 sedet

299 3780 481 3850 ipsum
505 3781 848 3852 martyrium,
871 3793 972 3834 nec
992 3779 1367 3849 qualecunque
1411 3779 1756 3850 martyrium,
1797 3779 1894 3833 sed

299 3869 414 3924 tale
438 3869 504 3923 ad
533 3870 680 3940 quod
713 3870 842 3940 ipsa:
869 3885 964 3924 sua
989 3877 1184 3940 sponte
1207 3871 1274 3924 de
1309 3869 1536 3924 remotis
1575 3870 1896 3940 regionibus

301 3975 414 4016 non
449 3975 608 4016 secus
653 3977 814 4032 quam
843 3962 912 4016 ad
959 3975 1200 4016 summas
1228 3961 1448 4016 delicias
1491 3976 1803 4016 cucurrere.
1835 3961 1892 4016 In

1988 2783 2110 2838 silio
2156 2793 2372 2847 cautos,
2407 2791 2659 2838 strenuos
2703 2783 2906 2848 armis,
2940 2783 3258 2841 fortitudine
3303 2803 3578 2853 summos,

1988 2883 2313 2944 praestantes
2351 2872 2594 2942 justitia,
2651 2873 2962 2930 moderatos
3013 2876 3066 2930 in
3117 2877 3280 2933 rebus
3327 2878 3582 2935 omnibus

1988 2964 2386 3034 comprobabis.
2421 2963 2594 3019 Utntm
2633 2965 2778 3034 quod
2821 2974 2944 3020 ante
2973 2965 3250 3020 Christum
3298 2967 3580 3036 defuerat,

2002 3055 2123 3109 fidei
2155 3053 2364 3124 scilicet
2385 3055 2589 3122 pietas,
2613 3069 2712 3124 per
2739 3054 2958 3109 Petrum
2995 3057 3140 3110 illata
3161 3098 3176 3120 ,
3201 3059 3388 3114 urbem
3413 3100 3428 3124 ,
3460 3075 3585 3130 quas

1995 3156 2220 3200 eatenus
2247 3144 2298 3198 in
2329 3145 2544 3198 caeteris
2593 3157 2819 3200 caeteras
2857 3159 3246 3218 superaverat,
3277 3149 3585 3207 nobilitavit

1997 3235 2151 3294 adeo,
2185 3243 2246 3287 ut
2273 3235 2324 3288 in
2357 3237 2460 3290 hoc
2481 3235 2645 3289 etiam
2675 3245 2901 3290 cmteras
2925 3239 3235 3293 antecedat.
3265 3239 3402 3307 Quid
3434 3243 3583 3300 enim

1994 3325 2224 3382 sufficiat
2258 3341 2545 3378 munerare
2581 3327 2722 3395 quod
2758 3327 2915 3396 hujus
2949 3327 3095 3381 urbis
3135 3329 3403 3399 indigena:
3429 3329 3589 3386 Chri-

1995 3418 2186 3474 stianis
2215 3417 2544 3487 temporibus
2579 3417 2718 3472 bello
2751 3434 2992 3487 paceque
3020 3419 3358 3475 claruerint?
3403 3422 3588 3478 Vincit

1997 3509 2218 3577 quidem
2249 3507 2560 3576 opinionem
2589 3523 2776 3562 eorum
2811 3523 3090 3574 numerus,
3121 3511 3290 3565 vincit
3319 3521 3372 3566 et
3399 3511 3583 3566 fidem.

1999 3599 2107 3654 Sed
2151 3599 2292 3654 inter
2328 3613 2420 3653 eos
2448 3599 2538 3668 qui
2567 3600 2898 3654 cruciatibus
2937 3600 3048 3654 suis
3093 3585 3320 3671 regnum
3365 3601 3590 3657 caleste

1998 3689 2220 3744 mercati
2235 3697 2382 3752 sunt,
2404 3689 2484 3741 ha:
2505 3687 2780 3750 nimirum,
2797 3689 2864 3742 ad
2884 3704 3111 3756 quarum
3148 3688 3404 3744 solemnia
3425 3689 3587 3760 502

1999 3779 2305 3834 convenitis
2329 3819 2344 3844 ,
2391 3779 2678 3848 specialem
2711 3777 2958 3832 obtinent
2989 3778 3329 3848 dignitatem.
3361 3777 3584 3833 Virilem

2001 3869 2272 3937 siquidem
2329 3870 2571 3922 animum
2643 3868 2960 3933 induentes,
3013 3867 3197 3922 limum
3259 3870 3588 3939 progenita},

2003 3959 2189 4015 Roma:
2220 3959 2625 4029 religiosissime
2653 3959 2833 4012 vivere
2859 4000 2870 4021 ,
2911 3959 3098 4012 Roma:
3129 3957 3344 4030 defungi
3373 3961 3588 4016 domum

301 4066 414 4121 quo
439 4066 667 4106 summae
701 4051 1036 4108 fortitudinis
1081 4061 1204 4108 actu
1235 4067 1341 4107 non
1389 4051 1560 4108 solum
1601 4054 1893 4120 emicuere,
1925 4051 1970 4112 C
2002 4051 2444 4106 constantissime
2481 4057 2817 4104 meruerunt.
2851 4051 3113 4104 Gloriosa:
3147 4050 3312 4121 igitur
3342 4051 3582 4122 virgines

303 4141 402 4196 sed
423 4143 586 4196 etiam
644 4158 754 4198 sua:
803 4143 1131 4214 virginitatis
1185 4142 1476 4213 exemplo,
1539 4143 1896 4198 barbarorum

303 4248 492 4304 regem
518 4235 758 4288 nondum
789 4234 1130 4304 baptismatis
1160 4234 1300 4288 unda
1341 4241 1611 4298 renatum,
1663 4232 1730 4286 ad
1759 4233 1900 4286 idem

303 4335 624 4392 certamen,
681 4327 868 4382 eodem
931 4325 1267 4382 subeundum
1321 4322 1514 4379 affectu
1563 4325 1904 4378 aemulatione

307 4419 679 4482 sanctissima,
707 4419 1097 4488 perduxerunt.
1129 4416 1274 4484 Quas
1323 4417 1538 4487 quidem
1563 4417 1804 4488 virgines
1845 4425 1901 4471 et

307 4525 496 4581 regem
533 4513 578 4566 si
609 4525 990 4581 comparemus
1041 4509 1109 4564 ad
1159 4510 1392 4564 invicem
1449 4509 1502 4563 in
1564 4517 1686 4566 actu
1741 4519 1901 4564 tanta:

307 4601 554 4668 virtutis,
599 4617 734 4657 sexu
760 4601 979 4672 quidem
1027 4611 1288 4673 superant
1313 4601 1520 4672 pietate
1545 4611 1599 4656 et
1629 4602 1896 4670 c:emplo;

313 4701 639 4762 superantur
664 4701 844 4748 autem
875 4709 904 4747 a
931 4707 1080 4763 rege,
1109 4693 1252 4762 quod
1284 4693 1328 4747 is
1351 4691 1586 4746 nondum
1617 4707 1903 4762 regenera-

313 4789 404 4837 tus
445 4783 500 4836 in
527 4783 765 4848 Christo,
802 4785 1105 4840 tirocinium
1141 4799 1298 4838 sumn
1329 4799 1356 4835 a
1404 4791 1548 4836 tanta
1580 4781 1901 4836 celsitudine

313 4873 670 4943 perfectionis
705 4877 904 4946 incepit
932 4915 947 4942 ,
993 4885 1050 4932 ut
1081 4876 1234 4946 prius
1271 4885 1482 4946 martyr
1525 4874 1700 4938 fieret,
1734 4887 1896 4942 quam

314 4963 444 5022 fidei
473 4969 774 5038 susciperet
797 4980 1228 5028 sacramentutn;
1272 4976 1328 5021 et
1353 4967 1443 5036 qui
1473 4968 1616 5023 lotus
1640 4979 1776 5034 aqua
1801 4981 1905 5020 non

317 5051 520 5126 fuerat,
547 5073 645 5116 suo
666 5058 930 5131 sanguine
979 5059 1282 5114 lavaretur.
1313 5057 1356 5111 Ο
1387 5073 1512 5112 vero
1539 5052 1908 5127 spectaéulum

399 5303 540 5322 ’-νηὶ
581 5305 644 5322 η·
703 5319 712 5322 -
769 5303 902 5322 --ΙΙ⁶.
929 5319 938 5322 -
1002 5306 1016 5322 I
1047 5319 1056 5322 _
1089 5317 1140 5322 _-
1206 5299 1408 5322 ..-_..-a:

1649 5183 1702 5238 ι.
1739 5183 2015 5266 eorum
2051 5189 2278 5257 NOTAE.

2003 4139 2164 4195 Flora
2195 4151 2247 4195 et
2270 4123 2470 4194 Lu’cilla
2497 4155 2743 4200 sorores.
2779 4141 3111 4210 temporibus
3132 4151 3392 4212 quantum
3425 4142 3589 4198 intel-

2005 4231 2095 4301 ligi
2121 4239 2315 4301 potest,
2344 4241 2398 4284 et
2421 4231 2602 4295 datur,
2629 4231 2904 4294 Antonini,
2928 4241 3290 4302 cognomento
3314 4231 3393 4286 Pii
3419 4233 3589 4302 (554),

2006 4336 2128 4374 cum
2175 4321 2360 4375 Romae
2407 4321 2519 4376 suis
2565 4322 2768 4376 sanctis
2819 4322 3063 4376 moribus
3109 4322 3160 4375 in
3197 4325 3582 4390 conspectibus

2005 4411 2200 4466 divinis
2243 4411 2496 4466 arderent
2535 4429 2549 4476 ;
2605 4411 2740 4466 foris
2792 4427 2921 4465 vero
2969 4411 3267 4465 secundum
3309 4413 3581 4467 nominum

2001 4517 2222 4556 suorum
2253 4502 2640 4570 proprietatem
2669 4499 2928 4555 ﬂorerent
2961 4509 3016 4555 ct
3040 4500 3305 4568 lucerent,
3334 4497 3584 4572 aposoli-

2004 4609 2120 4649 cam
2147 4596 2311 4647 vitam
2341 4593 2688 4664 delegerunt,
2719 4609 2826 4663 qua
2865 4609 2923 4648 sc
2965 4609 2994 4646 a
3025 4603 3366 4648 terrenarum
3409 4604 3586 4646 amore

2005 4688 2377 4753 retraherent,
2406 4697 2459 4743 et
2489 4689 2734 4757 corporis
2759 4689 2841 4742 sui
2875 4689 3212 4744 sanctificata
3245 4686 3454 4746 vascula
3485 4702 3586 4758 pu-

2003 4779 2200 4836 dicitia:
2230 4779 2658 4835 sanctiﬁcatione
2691 4779 2910 4834 litarent
2937 4800 2949 4835 :
2977 4788 3032 4835 et
3059 4794 3178 4850 quae
3201 4785 3464 4834 noverant.
3489 4791 3586 4848 per

2005 4871 2310 4943 superbiam
2328 4872 2547 4942 angelos
2563 4871 2839 4925 corruisse
2856 4914 2870 4938 ,
2895 4889 2992 4944 per
3013 4871 3366 4926 lmmilitatem
3395 4869 3498 4924 sibi
3521 4866 3591 4920 ad

2013 4965 2179 5027 caelos
2201 4973 2458 5034 pararent
2481 4975 2788 5017 ascensum.
2811 4961 2952 5020 Cum
2975 4963 3136 5034 igitur
3161 4977 3256 5032 per
3275 4960 3390 5014 haec
3410 4970 3464 5014 et
3489 4959 3600 5012 alta

2021 5059 2305 5124 benefacta
2348 5057 2460 5114 Deo
2501 5056 2932 5126 hominibusque
2971 5057 3274 5128 placerent;
3303 5053 3472 5108 voluit
3511 5065 3606 5106 cas

2531 5319 2544 5322 _
2605 5301 2673 5318 Ἀ
2719 5298 2816 5318 .l!--!
