3992 5322
478 92 617 162 {027

903 93 961 150 S.
1001 91 1206 148 PETRI
1244 90 1528 149 DAMIANI
1566 91 1717 150 OPP.
1751 92 1930 151 PARS
1971 91 2105 151 SEU
2131 88 2366 151 'I'OMUS
2401 91 2466 150 ll.
2491 121 2564 137 -υ
2594 93 3015 154 SANCTORUM
3055 97 3261 155 ἾΙΤΛΕ.

478 207 740 263 Dominus
767 221 862 278 per
894 207 1296 273 tribulationes,
1324 206 1483 263 veluti
1519 223 1709 263 aurum
1739 195 1836 278 pei-
1866 208 2043 277 ignem
2086 213 2137 274 Α
2164 206 2522 275 deservireut,
2582 217 2772 280 utpote
2813 211 3024 269 ancillis
3069 212 3161 268 Dei
3211 213 3302 285 qui
3335 224 3649 273 moraretur
3684 219 3734 275 in

477 297 727 365 probare,
762 307 822 353 ut
855 313 950 353 eas
973 300 1113 368 apud
1138 313 1197 353 se
1231 298 1578 369 gloriosiores
1620 296 1872 354 ediceret.
1920 297 2056 353 Cum

480 387 624 441 enim
662 388 803 442 Deus
832 387 1070 459 virgines
1111 398 1333 444 sanctas
1362 388 1564 444 virtute
1611 388 1944 443 fortitudinis
1974 388 2058 441 in-

481 479 801 543 struxisset,
829 477 1001 534 noluit
1020 494 1117 536 eas
1146 478 1354 545 latere,
1383 479 1477 535 sed
1513 481 1567 535 in
1597 495 1846 548 campum
1877 488 2057 534 certa-

467 571 641 627 minis
680 574 897 642 prodire
936 591 951 628 :
1008 583 1070 629 ut
1102 588 1223 643 quae
1257 574 1341 630 sui
1381 575 1629 642 corporis
1661 575 1943 643 passiones
2001 581 2057 628 et

476 659 675 715 diaboli
710 662 1036 718 teutationes
1064 663 1341 728 vicerant,
1380 664 1555 732 ipsum
1592 663 1756 718 etiam
1797 663 2053 719 smculum

477 762 815 822 superarent.
829 753 873 807 A
886 753 1174 810 levioribus
1188 755 1352 826 igitur
1370 770 1590 811 sumens
1603 754 1812 810 initium
1832 753 2056 810 consilio

477 853 666 899 sancto
702 859 831 909 suo,
873 846 1149 914 quomodo
1182 846 1247 901 de
1288 846 1447 901 malis
1476 847 1641 902 etiam
1681 845 1828 901 elicit
1874 846 2051 912 hma,

474 946 695 990 sanctas
729 936 794 990 de
828 937 1047 1007 regione
1077 952 1171 991 sua
1210 935 1436 992 subduci
1473 936 1747 1006 permisit,
1785 945 1846 990 ut
1879 946 1933 991 et
1958 952 2055 1005 pa-

479 1026 686 1081 tientiae
714 1028 968 1081 meritum
993 1037 1288 1099 sumerent,
1321 1036 1375 1082 et
1403 1043 1599 1083 nomen
1628 1027 1826 1082 Christi
1852 1027 2056 1081 exteris

473 1117 724 1188 gentibus
740 1118 1082 1183 nuntiarent,
1096 1126 1152 1173 et
1171 1133 1265 1173 eas
1278 1118 1343 1172 ad
1358 1116 1474 1186 ejus
1485 1118 1687 1172 cultum
1703 1117 2051 1171 adducerent.

542 1221 673 1277 Erat
695 1223 959 1292 siquidem
981 1238 1082 1292 per
1109 1238 1173 1279 ea
1198 1233 1433 1294 tempora
1460 1224 1513 1279 in
1540 1222 1736 1279 Africae
1757 1223 1905 1293 (555)
1933 1240 2057 1294 par-

472 1312 619 1368 tibus
645 1329 739 1368 rex
766 1314 1034 1369 barbarus
1056 1354 1072 1380 ,
1099 1316 1315 1370 nomine
1344 1315 1615 1387 Eugegius
1633 1356 1648 1380 ,
1682 1316 1772 1385 qui
1799 1316 2055 1370 Romanis

471 1404 784 1474 regionibus
818 1402 1077 1470 infestus,
1111 1420 1205 1460 eas
1241 1405 1568 1474 depOpulare
1594 1404 1744 1475 (556)
1789 1414 2015 1461 conatus
2037 1446 2053 1472 ,

470 1492 615 1549 inter
656 1493 892 1563 reliquos
921 1495 1199 1564 captivos,
1244 1496 1483 1567 virgines
1521 1505 1776 1562 sanctas,
1819 1498 2038 1553 volente

2156 298 2332 354 caelis.

2231 384 2489 444 Videntes
2512 388 2677 460 igitur
2705 399 2909 447 sanctae
2930 407 3147 449 sorores
3184 402 3391 450 tantam
3422 397 3522 452 Dei
3557 401 3735 468 provi-

2157 475 2398 531 dentiam
2429 479 2575 533 circa
2617 494 2696 543 se,
2724 496 2832 550 qua
2871 483 2938 538 de
2966 485 3219 553 praedone
3253 496 3553 557 patronum
3582 499 3638 543 et
3675 490 3739 546 de

2154 578 2477 636 corruptore
2506 569 2730 638 pudoris
2768 581 3096 628 assertorem
3134 573 3420 640 effecerat,
3448 585 3507 631 et
3529 578 3737 647 princi-

2154 673 2283 727 pum
2312 660 2520 714 curiam
2549 662 2602 715 in
2633 664 2993 718 monasticum
3018 665 3319 721 claustrum
3346 679 3733 735 commutant,

2156 748 2395 803 divinum
2435 752 2717 807 consilium
2760 754 3073 817 admiratte,
3120 758 3326 828 gratias
3373 760 3615 829 agebant
3658 761 3736 814 iw

2156 848 2341 908 gentes
2369 842 2610 897 omnium
2655 843 2918 899 bonorum
2949 848 3158 901 auctori
3188 848 3280 916 qui
3313 857 3370 902 et
3400 849 3457 905 in
3508 851 3737 920 captivi-

2156 938 2267 983 tate
2304 931 2544 1000 positas,
2578 934 2717 1002 apud
2749 934 3108 1005 alienigenam
3157 952 3338 1007 regem
3379 947 3588 993 tantam
3620 955 3734 1009 gra-

2156 1019 2286 1074 tiam
2325 1020 2567 1076 invenire
2598 1023 2836 1087 fecisset,
2865 1040 2964 1095 pro
2991 1025 3144 1095 cujus
3170 1027 3545 1082 incolumitate
3576 1029 3733 1084 simul

2156 1121 2212 1165 et
2248 1113 2422 1167 salute
2457 1125 2713 1184 perpetua
2734 1157 2746 1178 ,
2785 1116 2948 1171 Deum
2970 1157 2985 1183 ,
3026 1129 3186 1188 prout
3207 1119 3417 1189 justum
3446 1128 3602 1186 erat,
3633 1121 3733 1177 fre-

2156 1214 2386 1273 quenter
2416 1209 2680 1272 orabant,
2719 1224 2787 1263 ne
2832 1225 2938 1279 qua
2972 1211 3149 1277 notari
3196 1220 3422 1281 possent
3451 1213 3734 1283 ingratitu-

2161 1295 2308 1351 diuis
2347 1297 2575 1351 macula.
2627 1298 2919 1353 Formatur
2963 1300 3180 1355 interim
3218 1301 3435 1356 animus
3475 1302 3624 1373 regis
3667 1302 3733 1361 ad

2158 1382 2350 1451 ﬁdem,
2396 1396 2452 1441 et
2494 1386 2548 1441 in
2587 1396 2795 1442 tantum
2837 1404 3025 1444 earum
3067 1390 3240 1445 sacris
3275 1391 3533 1461 precibus
3569 1390 3734 1447 conﬁ-

2155 1473 2350 1542 dehat,
2387 1484 2446 1529 ut
2474 1487 2531 1531 et
2574 1477 2912 1547 profecturus
2944 1479 3010 1533 ad
3042 1480 3275 1548 bellum,
3322 1495 3383 1536 se
3415 1481 3501 1536 eis
3530 1481 3736 1537 instau-

467 1583 597 1647 μεθ’
631 1583 683 1638 in
711 1599 863 1639 suam
908 1586 1183 1656 regionem
1214 1565 1475 1641 adﬁxi“
1506 1603 1642 1658 quas
1672 1603 1794 1643 cum
1816 1588 2047 1657 juveni“
2082 1581 2125 1640 ῃ
2158 1565 2368 1658 tissime
2389 1569 2814 1623 connuendaret.
2847 1569 2886 1645 Δ
2916 1570 3114 1640 quibus
3137 1586 3260 1626 cum
3276 1570 3571 1641 juberetur
3594 1569 3735 1629 bono

467 1680 629 1727 etate
662 1681 720 1727 et
745 1672 1150 1743 pulchritudine
1179 1684 1499 1746 praestantes
1525 1677 1750 1742 videret,
1778 1678 1831 1731 in
1852 1693 2045 1732 earnm

473 1762 684 1817 exarsit
714 1778 980 1819 amorem.
1009 1763 1218 1832 Quibus
1261 1780 1385 1821 cum
1416 1765 1565 1820 cultu
1594 1768 1746 1837 regio
1785 1767 2047 1823 mundum

471 1851 792 1907 muliebrem
831 1852 1073 1908 exhiberi
1103 1864 1352 1919 curaret,
1384 1853 1544 1909 Flora
1574 1856 1728 1926 virgo
1754 1856 2052 1925 prudenter

466 1936 762 1998 advertens
792 1943 921 2013 quid
966 1943 1277 2001 intenderet
1312 1944 1614 2011 barbarus,
1656 1948 1733 2001 ait
1763 1947 1829 2001 ad
1866 1962 1990 2003 eum
2023 1967 2038 2003 :

386 2049 394 2058 ·
461 2031 610 2108 _Vide
639 2032 767 2103 quid
801 2031 989 2090 facias.
1024 2033 1161 2090 Nam
1198 2036 1635 2106 potentissimum
1665 2053 1921 2108 sponsum
1950 2039 2048 2094 ha-

456 2105 686 2188 bemus,
717 2124 808 2192 qui
841 2124 1045 2180 nostris
1072 2105 1295 2195 suisque
1342 2136 1622 2196 permotus
1647 2105 1881 2196 injuriis,
1899 2129 2053 2185 furo-

475 2227 592 2267 rem
627 2227 784 2268 suum
819 2215 1115 2284 exagitabit
1154 2216 1210 2271 in
1259 2225 1332 2272 te.
1375 2216 1527 2272 Furit
1560 2219 1760 2275 auditis
1800 2220 1886 2275 bis
1923 2222 2052 2275 har-

467 2303 671 2380 barus;
699 2313 754 2358 et
793 2306 1059 2376 superbiae
1104 2308 1342 2362 vanitate
1386 2309 1663 2379 turgidus,
1695 2326 1802 2365 non
1852 2320 2050 2382 putans

466 2392 700 2449 inveniri
728 2409 887 2464 posse
918 2411 1244 2467 quemquam
1280 2400 1371 2469 qui
1406 2398 1459 2452 in
1507 2414 1566 2454 se
1590 2402 1763 2470 possit
1788 2417 2044 2458 exercere

466 2484 787 2553 vindictam,
819 2487 1034 2541 turbata
1063 2497 1245 2544 mente
1267 2498 1324 2543 et
1366 2492 1643 2561 arroganti
1668 2507 1800 2547 voce
1822 2509 2049 2564 respon-

467 2578 585 2655 dit:
617 2577 688 2633 Et
709 2579 831 2649 quis
857 2588 942 2635 est
974 2596 1205 2651 sponsus
1246 2593 1447 2649 vester,
1480 2584 1702 2653 cujusve
1728 2587 2044 2655 potestatis,

462 2654 793 2741 nfinjurias
836 2687 964 2727 suas
1014 2673 1101 2727 vel
1146 2685 1359 2729 vestras
1405 2674 1459 2729 in
1506 2690 1591 2730 me
1621 2677 1792 2746 possit
1823 2678 2049 2736 ulcisci?

463 2759 631 2832 Virgo
652 2775 781 2816 vero
808 2761 1023 2817 Domini
1060 2762 1220 2817 Flora
1258 2764 1392 2818 nihil
1423 2766 1697 2834 trepidans
1725 2776 1781 2820 et
1799 2766 2048 2825 feminea:

465 2850 780 2919 cogitationi
803 2852 1014 2907 virilem
1038 2853 1290 2908 ﬁduciam
1314 2855 1595 2921 inserens;
1628 2857 1818 2921 Deum,
1847 2860 2045 2927 inquit,

2148 1656 2331 1710 animo
2357 1672 2496 1722 esse,
2521 1658 2604 1714 vel
2637 1660 2847 1715 audiret
2876 1676 2935 1716 se
2963 1661 3181 1718 domum
3210 1676 3333 1717 cum
3353 1662 3535 1719 salute
3552 1678 3736 1720 rever-

2152 1763 2377 1813 surum,
2425 1751 2581 1820 quasi
2634 1752 2841 1807 caelesti
2890 1754 3132 1808 munitus
3172 1753 3434 1819 oraculo,
3489 1754 3734 1810 victoria

2150 1851 2301 1908 spem
2336 1848 2542 1893 certam
2566 1840 2901 1911 concipiens,
2927 1843 3290 1899 descendebat
3315 1842 3371 1898 in
3399 1842 3652 1914 prclium
3678 1850 3735 1899 et

2150 1945 2366 2000 semper
2397 1941 2529 1985 nutu
2564 1933 2657 1988 Dei
2698 1933 2983 1989 victoriam
3016 1936 3345 2004 reportabat.
3375 1934 3591 2003 Quibus
3613 1934 3729 1992 evi-

2150 2022 2482 2080 dentissimis
2520 2041 2707 2081 earum
2747 2026 2917 2098 signis
2960 2029 3268 2084 sanctitatis
3296 2044 3392 2084 rex
3421 2029 3730 2098 intelligens

2149 2126 2252 2181 per
2288 2127 2477 2168 earum
2517 2130 2577 2170 se
2620 2131 2808 2185 preces
2853 2132 2972 2173 esse
3007 2126 3311 2187 protectum
3340 2133 3371 2172 a
3408 2119 3558 2184 Deo,
3586 2128 3644 2174 et
3675 2118 3728 2173 iu

2149 2205 2362 2259 cunctis
2390 2206 2614 2273 agendis
2636 2208 2899 2278 adjutum,
2938 2207 3126 2278 majori
3163 2209 3403 2281 virgines
3431 2222 3725 2280 proseque-

2150 2292 2310 2348 batur
2339 2295 2567 2361 Imnore,
2609 2305 2665 2352 et
2701 2296 2851 2353 velut
2881 2313 3082 2353 matres
3116 2298 3374 2365 habebat,
3409 2298 3635 2353 beatum
3670 2310 3727 2353 se

2140 2380 2394 2451 judicans
2436 2392 2492 2440 et
2543 2400 2768 2457 regnum
2814 2402 2970 2441 suum
3018 2386 3169 2458 (557)
3216 2388 3360 2457 quod
3404 2386 3726 2443 ancillarum

2147 2476 2352 2532 Christi
2383 2478 2768 2549 protegebatur
2799 2477 3010 2533 meritis
3031 2487 3085 2533 et
3108 2478 3359 2548 precibus
3387 2476 3727 2534 firmabatur.

2773 2626 3001 2684 CAPUT
3036 2627 3103 2687 ΙΙ.

2160 2738 2431 2811 Virginum
2458 2756 2486 2794 e
2512 2740 2808 2811 captivitate
2837 2741 3104 2804 liberalia,
3151 2740 3348 2794 reditus
3380 2741 3451 2794 ad
3475 2739 3698 2795 Romam

2413 2820 2461 2865 et
2488 2812 2798 2881 martyrium
2826 2827 2933 2864 una
2959 2825 3077 2863 cum
3108 2826 3202 2864 suo
3231 2821 3461 2881 raptore.

464 2941 823 2996 etDominum
844 2942 1029 2998 Iesum
1053 2941 1326 2999 Christum
1355 2960 1613 3015 sponsum
1638 2948 2042 3019 habemus,,qui
2074 2954 2118 3016 c
2221 2941 2533 3012 Virginibus
2562 2940 2726 3011 igitur
2764 2941 2971 2997 sanctis
2999 2940 3052 2995 in
3080 2938 3336 2995 Africana
3377 2940 3605 3011 regione
3630 2938 3725 2992 sub

461 3031 660 3089 malum
703 3041 1015 3105 terramque
1058 3037 1124 3092 de
1162 3036 1332 3092 nihilo
1361 3038 1640 3105 condidit,
1689 3048 1745 3093 et
1790 3040 2042 3095 universa

460 3139 583 3195 qua:
629 3125 752 3181 cmii
804 3127 1010 3182 ambitu
1057 3129 1431 3185 continentur.
1474 3128 1571 3184 Cui
1617 3138 1810 3185 cuncta
1861 3130 2046 3187 deser-

426 3222 431 3225 ‘
461 3217 651 3285 viunt,
692 3218 781 3273 cui
818 3219 952 3274 nihil
991 3229 1169 3289 potest
1206 3234 1328 3275 esse
1368 3218 1615 3287 dimcile;
1648 3221 1774 3277 huic
1815 3221 2045 3279 Domino

464 3307 578 3364 Deo
617 3323 717 3365 nos
747 3309 889 3379 ipsas
910 3310 1317 3380 speponditnus,
1352 3310 1479 3364 huic
1506 3310 1853 3368 immaculato
1883 3315 2045 3368 corde

461 3407 517 3453 et
542 3411 770 3468 corpore
793 3400 1079 3454 servimus.
1105 3398 1257 3465 Quod
1281 3398 1490 3463 violari,
1517 3401 1659 3470 quod
1686 3401 1870 3471 pollui,
1902 3405 2043 3472 quod

462 3490 787 3546 tuaelibidini
811 3490 1086 3547 deservire
1105 3490 1455 3562 503,quam
1470 3493 1729 3547 absonum
1742 3508 1921 3563 ,qnam
1943 3495 2043 3550 im—

468 3582 642 3653 pium,
684 3566 957 3654 quamque
980 3581 1052 3637 sit
1074 3582 1405 3653 impossibile
1446 3582 1651 3638 videas.
1693 3583 1878 3654 Neque
1897 3585 2041 3640 enim

460 3682 641 3743 potest
666 3676 993 3745 persuadere
1018 3674 1137 3740 tibi,
1170 3673 1216 3730 si
1250 3674 1510 3745 templum
1540 3673 1659 3739 Dei,
1689 3674 1831 3745 quod
1857 3690 2043 3730 sumus

465 3780 586 3832 nos,
618 3766 820 3820 violare
848 3766 1187 3831 tractaveris,
1223 3775 1274 3821 te
1300 3768 1520 3838 impune
1570 3766 1772 3821 iturum
1832 3766 1890 3838 (ι
1916 3765 2038 3821 Cor.

455 3869 539 3918 ιιι,
608 3856 720 3925 in);
783 3857 876 3912 sed
938 3866 1090 3912 certo
1134 3858 1339 3912 certius
1389 3857 1481 3912 tibi
1550 3859 1882 3928 persuadere
1946 3858 2041 3913 de-

459 3944 557 3999 bes
603 3955 654 3999 te
688 3948 932 4015 protinus
955 3947 1372 4017 disperdentlum
1395 3949 1462 4003 ab
1482 3963 1546 4003 eo
1564 3964 1724 4019 quem
1750 3949 1802 4002 in
1840 3948 2041 4003 nostris

458 4031 686 4088 lacessis
748 4034 982 4104 injuriis.
1032 4036 1128 4091 His
1178 4038 1418 4103 auditis,
1470 4038 1863 4094 invictissimus
1907 4052 2036 4103 rex,

459 4132 665 4180 tantam
697 4123 913 4180 feminze
954 4126 1183 4182 miratus
1212 4130 1576 4183 constantiam
1599 4170 1613 4195 ,
1657 4130 1960 4185 facundiam
1986 4140 2040 4186 et

465 4216 724 4271 tastitatis
758 4210 1024 4281 antorem,
1062 4217 1273 4271 Domini
1318 4227 1450 4272 nutu
1484 4226 1744 4284 terretur,
1779 4228 1834 4273 et
1868 4220 2041 4289 impu-

471 4316 582 4361 rmn
625 4306 878 4363 affectum
902 4349 916 4373 ,
957 4324 1066 4378 quo
1096 4309 1401 4380 virginibus
1428 4319 1676 4381 stuprum
1714 4321 2033 4381 paraverat,

468 4392 525 4447 in
563 4397 873 4469 religionem
907 4409 1286 4467 commutans,
1330 4402 1497 4456 Deum
1536 4417 1809 4458 summum
1847 4411 1903 4458 et
1940 4418 2034 4460 ve-

466 4497 591 4539 rum
635 4490 688 4544 in
754 4507 944 4547 earum
995 4494 1311 4562 pectoribus
1360 4505 1679 4561 veneratur;
1740 4497 2033 4569 statimque

462 4571 626 4642 jussit
670 4581 743 4636 tis
780 4592 1052 4638 secretum
1087 4593 1143 4638 et
1180 4593 1431 4639 ornatum
1472 4586 1780 4641 cubiculum
1819 4593 2033 4658 praepa-

466 4666 577 4718 rari
604 4707 619 4732 ,
645 4667 873 4740 adquod
919 4674 1047 4728 nulli
1077 4675 1318 4729 virorum
1343 4684 1553 4745 pateret
1578 4676 1860 4748 ingressus
1881 4719 1896 4744 ,
1938 4680 2033 4734 sed

467 4752 601 4810 solis
625 4759 944 4830 virginibus,
979 4780 1115 4834 quas
1145 4775 1408 4837 perpetuo
1439 4777 1752 4823 sanctarum
1773 4769 2035 4839 obsequio

466 4841 826 4907 dedicaverat.
873 4854 1083 4921 Quibus
1123 4857 1289 4912 etiam
1330 4860 1607 4915 mandavit
1641 4872 1702 4915 ut
1735 4862 1803 4916 ab
1846 4875 2034 4916 earum

465 4932 770 4995 ministerio
790 4960 890 4999 non
913 4948 1252 5016 recederent,
1274 4949 1368 5005 sed
1391 4951 1472 5006 eis
1495 4966 1704 5008 summa
1730 4954 2037 5007 reverentia

2149 3035 2390 3107 Eugegio
2427 3049 2586 3104 rege,
2640 3034 2891 3104 religiose
2934 3044 3225 3104 sancteque
3272 3032 3629 3103 degentibus,
3674 3037 3726 3084 et

2148 3145 2274 3198 rege
2290 3127 2508 3199 jugibus
2531 3127 2650 3182 illas
2672 3127 2943 3197 obsequiis
2968 3137 3023 3183 et
3045 3125 3319 3182 beneﬁciis
3339 3130 3723 3194 prosequente,

2139 3222 2252 3293 jam
2283 3236 2459 3276 annus
2501 3219 2795 3291 vigesimus
2831 3221 3113 3291 agebatur,
3151 3235 3216 3274 ex
3249 3232 3358 3287 quo
3404 3215 3630 3270 fuerant
3662 3213 3728 3267 de

2145 3328 2241 3367 sua
2275 3310 2490 3382 propria
2525 3310 2746 3365 civitate
2780 3310 3084 3380 captivam.
3124 3308 3253 3363 Post
3288 3305 3437 3375 quod
3472 3302 3731 3373 temporis

2145 3403 2376 3473 spatium
2402 3442 2418 3466 ,
2448 3402 2635 3457 volens
2677 3401 2936 3457 Dominus
2971 3399 3128 3457 Jesus
3171 3397 3524 3454 ﬁdelissimos
3565 3409 3729 3465 spon-

2144 3508 2234 3549 sas
2260 3492 2423 3565 504
2454 3508 2581 3547 suas
2607 3493 2673 3547 de
2698 3491 2877 3547 saeculi
2908 3490 3193 3562 praesentis
3219 3502 3414 3544 eruere
3454 3484 3729 3540 laborioso

2142 3583 2478 3647 certamine,
2509 3592 2564 3637 et
2596 3583 2647 3637 in
2682 3583 2856 3652 ipsum
2892 3582 3171 3637 cmlestem
3211 3580 3511 3634 thalamum
3554 3578 3726 3631 intro-

2142 3675 2359 3737 ducere,
2386 3682 2441 3729 et
2466 3675 2641 3729 sciens
2666 3673 2784 3729 illas
2804 3672 2871 3728 ad
2899 3672 3216 3747 martyrium
3242 3668 3585 3725 subeundum
3607 3681 3730 3723 esse
3828 3740 3831 3743 ἤ

2141 3762 2592 3833 promptissimas,
2620 3762 2791 3818 noluit
2820 3779 2914 3818 eas
2939 3761 3250 3818 domesticis
3280 3767 3493 3814 tantum
3520 3759 3718 3813 trium-

2140 3856 2264 3926 phis
2291 3855 2506 3916 ornari;
2549 3869 2736 3909 verum
2791 3855 2847 3910 in
2893 3870 3142 3925 campum
3172 3853 3420 3923 prodire,
3467 3860 3527 3905 et
3567 3859 3728 3906 aucto

2141 3946 2440 4001 certamine
2469 3945 2757 4016 gloriosam
2785 3946 2952 4000 vitam
2981 3944 3200 4016 gloriosi
3236 3942 3484 4014 martyrii
3534 3942 3727 3996 trium-

2140 4039 2249 4109 pho
2276 4039 2450 4093 finire.
2502 4037 2618 4093 Non
2647 4038 2788 4092 enim
2819 4037 3019 4093 frustra
3044 4054 3135 4092 rex
3170 4045 3354 4093 noster
3376 4035 3581 4090 milites
3602 4049 3727 4089 suos

2140 4128 2457 4185 fortissimis
2486 4128 2655 4182 armis
2693 4128 2949 4200 accingit,
2991 4127 3133 4197 quod
3182 4124 3429 4197 proiecto
3472 4134 3606 4180 tunc
3642 4123 3724 4178 fa-

2141 4230 2311 4284 ceret,
2345 4220 2390 4275 si
2422 4235 2560 4289 quos
2588 4219 2654 4275 ad
2688 4219 3005 4290 martyrium
3037 4219 3337 4281 roboraret,
3364 4226 3424 4270 et
3442 4224 3723 4271 certamen

2064 4308 2114 4368 D
2141 4328 2246 4368 non
2270 4321 2590 4383 opponeret,
2622 4319 2677 4366 et
2700 4319 2905 4366 natura:
2931 4311 3134 4366 sineret
3162 4310 3215 4364 in
3240 4325 3374 4381 pace
3398 4309 3721 4364 concedere.

2213 4403 2456 4474 Sponsus
2483 4403 2650 4473 igitur
2682 4416 2815 4457 suus
2845 4402 2945 4458 sub
2972 4402 3316 4470 intempesta:
3352 4399 3533 4456 noctis
3560 4399 3726 4455 silen—

2140 4495 2217 4551 tio
2235 4510 2331 4565 per
2346 4494 2610 4549 visionem
2628 4500 2877 4565 apparet,
2893 4502 2945 4549 et
2960 4508 3054 4549 eas
3075 4493 3159 4548 his
3185 4492 3363 4548 verbis
3386 4491 3686 4562 alloquitur
3706 4507 3720 4543 :

2140 4588 2361 4643 Dilecta:
2409 4600 2650 4658 sponsae,
2700 4585 2902 4641 nullam
2937 4584 3076 4640 ultra
3111 4600 3318 4640 moram
3349 4584 3403 4639 in
3434 4585 3522 4639 his
3549 4582 3723 4653 regio-

2139 4679 2300 4736 nibus
2329 4678 2510 4745 facite,
2538 4678 2632 4733 sed
2657 4685 2942 4746 surgentes
2971 4678 3039 4731 ad
3069 4678 3296 4748 patriam
3331 4683 3575 4730 vestram
3601 4672 3723 4729 ι·εῶ

2142 4773 2247 4836 ite,
2318 4774 2410 4829 ubi
2440 4786 2538 4827 vos
2575 4777 2791 4841 oportet
2816 4784 2914 4839 per
2945 4769 3268 4839 martyrium
3326 4764 3719 4823 consummari.

2142 4860 2348 4928 Quibus
2377 4860 2603 4924 auditis,
2643 4858 2882 4929 virgines
2919 4858 3119 4928 gavisae
3162 4857 3359 4929 gaudio
3399 4869 3601 4924 magno
3625 4865 3723 4923 pro

2144 4958 2297 5005 tanto
2331 4949 2517 5004 nuntio
2552 4957 2608 5003 et
2658 4947 2929 5004 beneﬁcio
2979 4961 3179 5018 sponso
3224 4945 3448 5002 Christo
3479 4956 3724 5000 summas

1768 5086 1820 5141 J.
1860 5086 2113 5144 CUPEBI
2150 5085 2380 5143 NOTIE.

534 5182 683 5268 (335)
723 5183 905 5241 Patria
941 5189 1099 5268 hujus
1136 5193 1307 5268 reguli
1355 5194 1409 5249 in
1446 5198 1616 5253 tribus
1653 5198 2034 5268 manuscriptis

464 5265 712 5308 aetorum
759 5263 1080 5322 apographis
1120 5262 1327 5322 siletur.
1396 5276 1457 5322 ut
1520 5269 1574 5322 in
1633 5262 2032 5322 commentario

2136 5205 2494 5322 noiggi'i'iii'c
2540 5265 2672 5322 ditio
2722 5265 2877 5322 istius
2929 5268 3168 5322 dvnastae
3205 5271 3435 5319 vocatur
3484 5278 3723 5322 regnum,
