3992 5322
238 193 376 250 1029

1261 181 1501 239 PASSIO
1539 177 1641 236 SS.
1676 172 1930 232 FLORE
1965 172 2054 229 ET
2090 171 2435 232 LUCILLE.

3347 166 3486 221 ωδ.»

218 303 435 376 gratias
462 308 709 371 egerunt,
746 307 801 356 et
825 313 981 354 mane
1016 311 1115 353 suo
1147 294 1391 366 principi
1427 298 1806 352 narravet'unl,
1835 338 1841 348 .

1946 323 2098 362 arum
2139 306 2500 362 constantiam
2550 303 2872 366 admirante,
2923 316 2952 356 a
2991 299 3271 356 lictoribus
3314 311 3490 367 captte

227 403 483 466 rogantes
521 401 574 445 ut
613 391 713 446 sibi
749 391 933 444 liceret
977 389 1042 443 ad
1073 388 1324 458 patriam,
1356 385 1648 441 secundum
1674 397 1803 437 ora-

229 486 412 539 culum
444 484 515 538 ad
571 497 631 536 se
681 479 881 535 factum
929 479 994 533 ad
1049 479 1282 549 palmam
1322 475 1568 546 martyrii
1617 487 1808 529 consc—

229 575 503 644 quendam
529 611 544 637 ,
589 571 785 626 redire.
833 570 982 624 Tunc
1027 584 1154 624 vero
1194 569 1307 622 haac
1347 567 1575 621 audiens
1614 581 1706 620 rex
1756 573 1809 618 et

233 663 575 733 perpendens
607 661 827 728 impium
861 659 1018 713 simul
1046 666 1100 714 et
1131 657 1460 727 impossibile
1501 657 1697 710 divinis
1725 671 1811 710 re-

221 750 436 820 ‘fragari
463 749 766 819 prmeeptis,
790 757 844 801 et
865 747 971 800 alta
995 747 1425 802 consideratione
1452 753 1809 815 pertractans,

225 850 463 894 eatenus
499 854 559 892 se
588 853 684 907 per
717 836 1056 906 prazsentiam
1088 836 1360 905 virginum
1387 835 1441 887 in
1475 835 1635 888 rebus
1659 832 1814 886 belli-

220 932 317 986 'cis
347 946 452 985 non
484 930 644 984 modo
673 937 946 984 servatum
971 943 1112 994 esse,
1141 929 1236 983 sed
1264 937 1500 991 auctum,
1525 935 1578 980 et
1603 940 1698 994 per
1722 939 1815 978 cas

238 1021 294 1076 in
325 1021 578 1076 omnibus
612 1019 907 1090 gloriosum
941 1019 1189 1074 effectum
1210 1060 1224 1083 ,
1269 1035 1366 1088 per
1395 1033 1583 1072 earum
1617 1017 1813 1070 absen-

237 1111 370 1164 tiam
391 1110 494 1164 sibi
519 1111 747 1178 vitaeque
769 1124 878 1163 sua:
899 1109 1093 1162 timens
1115 1108 1357 1171 exitium,
1378 1106 1814 1162 decrevitearum

239 1200 530 1256 itincribus
573 1200 826 1254 comitem
869 1214 927 1253 se
974 1198 1245 1262 tribuere,
1297 1205 1352 1251 et
1395 1197 1531 1250 dixit
1573 1195 1639 1248 ad
1683 1207 1816 1248 cas:

226 1293 698 1362 Quandoquidem
735 1293 889 1346 vobis
928 1291 1284 1345 recedendum
1325 1298 1408 1343 est
1450 1296 1503 1343 et
1554 1287 1818 1355 integrum

243 1384 380 1438 mihi
418 1399 526 1438 non
563 1383 636 1437 sit
676 1391 799 1452 post
827 1390 1065 1436 vestrum
1097 1381 1395 1436 discessum
1431 1379 1482 1432 in
1531 1379 1613 1432 his
1647 1378 1822 1446 regio-

241 1475 402 1530 nibus
441 1475 736 1538 remorari,
774 1475 821 1527 si
863 1472 1208 1544 permittitis,
1240 1471 1452 1525 veniam
1497 1479 1551 1524 et
1583 1470 1697 1538 ipse
1728 1484 1821 1524 v0-

243 1564 476 1620 hiseum.
509 1563 863 1618 lnnucntibus
901 1571 1082 1615 autem
1127 1561 1206 1614 eis
1232 1568 1286 1614 et
1316 1560 1366 1613 id
1408 1559 1522 1612 fieri
1555 1557 1822 1627 cupienti-

243 1655 376 1720 bus,
404 1665 461 1710 et
489 1653 857 1709 asserentibus
895 1652 1112 1721 insuper
1147 1651 1320 1722 ipsum
1348 1649 1658 1704 Christiano
1681 1648 1829 1719 gregi
1858 1627 1904 1686 Β

233 1755 400 1802 certo
445 1745 650 1801 certius
697 1743 1118 1816 aggregandum,
1153 1741 1306 1811 quasi
1349 1740 1532 1794 divino
1572 1754 1830 1810 responso

241 1847 548 1908 permotus,
579 1851 767 1907 regno,
793 1836 937 1899 ﬁliis,
965 1840 1019 1890 et
1044 1847 1212 1888 uxore
1245 1830 1486 1896 dimissa,
1516 1830 1832 1886 ancillarum

228 1928 456 1983 'Christi
500 1943 687 1983 comes
713 1926 965 1991 edicitur,
1001 1935 1058 1982 et
1085 1925 1174 1995 qui
1205 1923 1317 1994 jam
1353 1924 1592 1996 virgines
1633 1923 1831 1978 barba-

233 2019 365 2073 rico
393 2017 578 2074 furore
622 2021 688 2074 de
720 2018 1028 2090 regionibus
1074 2033 1264 2073 earum
1306 2017 1637 2082 abduxerat,
1669 2013 1829 2085 quasi

237 2118 405 2179 pater
453 2110 862 2165 amantissimus
912 2109 1226 2164 reducebat.
1269 2108 1415 2165 lnter
1456 2117 1744 2178 utrumque
1787 2107 1835 2163 si

247 2200 538 2266 conferas,
584 2203 939 2256 mutationem
999 2201 1192 2256 divinae
1241 2200 1481 2255 dexterae
1526 2201 1825 2256 contueris.

240 2290 502 2346 lbi-enim
531 2291 827 2362 Eugegium
860 2290 1043 2361 lupum
1076 2290 1473 2345 ferocissimum
1497 2290 1724 2356 invenis,
1750 2291 1838 2344 hic

240 2383 754 2438 mansuetissitnum
797 2398 1017 2453 agnum.
1070 2383 1261 2437 Aliena
1295 2391 1423 2437 tunc
1462 2397 1682 2451 rapere,
1729 2383 1839 2436 vir-

248 2475 537 2547 ginitatem
577 2489 961 2546 corrumpere,
1029 2475 1344 2529 innocentes
1391 2474 1637 2529 occidere
1676 2488 1840 2529 cona-

254 2567 451 2631 batur;
508 2575 564 2620 at
619 2581 763 2619 nunc
811 2581 906 2620 sua
948 2580 1053 2634 pro
1095 2564 1263 2618 nihilo
1297 2564 1478 2627 ducit,
1525 2564 1840 2632 pudicitiam

253 2659 491 2722 asserit,
519 2673 619 2728 pro
644 2657 862 2712 Christo
893 2657 1028 2711 mori
1071 2656 1344 2710 desiderat
1377 2664 1538 2725 atque
1575 2657 1640 2709 ad
1671 2659 1841 2710 vitam

253 2747 569 2819 ponendam
618 2761 719 2816 pro
766 2746 985 2801 Christo
1029 2760 1126 2799 sua
1175 2754 1365 2814 sponte
1414 2746 1482 2799 de
1535 2745 1845 2816 longinquis

256 2838 573 2908 regionibus
603 2838 860 2892 occurrit.
904 2836 1166 2891 Mirentur
1185 2835 1302 2890 haec
1330 2835 1556 2904 gentiles
1591 2849 1646 2892 et
1670 2837 1847 2891 incre-

231 2931 406 2996 .duli;
441 2930 706 2985 mirentur
731 2930 1030 2984 nescientes
1062 2929 1229 2985 Deum
1267 2929 1318 2984 in
1361 2931 1562 2984 sanctis
1587 2930 1700 2983 suis
1726 2942 1845 2985 esse

257 3021 574 3076 mirabilem
600 3021 774 3089 (Psal.
810 3021 1006 3090 vau),
1037 3020 1179 3075 sicut
1221 3018 1432 3089 prtefati
1461 3035 1646 3074 sumus
1673 3018 1840 3089 (558).

259 3111 380 3167 Nos
425 3114 573 3168 enim
610 3111 914 3184 hujnsmodi
950 3129 1054 3168 non
1087 3114 1305 3178 mirari,
1339 3113 1430 3168 sed
1463 3128 1646 3167 amare
1684 3113 1846 3168 debe-

260 3220 415 3270 mus,
447 3203 697 3259 ﬁdelibus
730 3205 908 3258 omnia
941 3205 1178 3259 scientes
1205 3204 1506 3273 possibilia.

343 3293 745 3362 lmperantibus
791 3293 954 3363 igitur
989 3293 1171 3347 Romae
1221 3291 1290 3345 M.
1343 3293 1577 3348 Antonio
1610 3293 1747 3348 Vero
1794 3302 1850 3350 et

266 3385 576 3442 Commodo
602 3385 820 3440 Aurelio
845 3385 994 3455 (559)
1017 3426 1032 3450 ,
1067 3401 1210 3440 anno
1245 3386 1452 3440 scilicet
1483 3387 1694 3441 Domini
1719 3402 1850 3441 cen-

268 3476 473 3530 tesimo
494 3475 824 3545 octogesimo
847 3475 930 3529 vel
954 3475 1122 3539 circa,
1157 3483 1355 3530 sancta:
1381 3476 1616 3544 virgines
1628 3461 1784 3530 Flora
1799 3483 1853 3530 et

265 3568 481 3623 Lucilla
499 3583 741 3632 sorores,
765 3583 888 3622 cum
915 3567 1150 3638 Eugegio
1186 3582 1308 3637 rege
1339 3568 1404 3620 ad
1427 3569 1741 3636 martyrium
1765 3583 1853 3622 su-

261 3659 613 3730 scipicndum
642 3675 740 3728 pro
761 3658 976 3713 Christo
1003 3658 1191 3712 urbem
1215 3657 1442 3711 Romam
1467 3658 1748 3723 intrantes,
1775 3658 1852 3711 inc

266 3751 525 3814 veniunt,
547 3748 706 3818 505
737 3757 926 3817 agente
954 3747 1208 3816 praefecto
1237 3749 1409 3812 urbis,
1437 3748 1587 3802 llelio
1618 3735 1852 3810 nomine,

268 3838 520 3892 furorem
535 3838 813 3906 gentilium
835 3848 1022 3892 contra
1039 3838 1389 3894 Christicolas
1404 3838 1856 3905 desaevire.Quem

268 3930 383 3986 illa:
407 3932 631 3986 minime
652 3933 832 3986 verita:
858 3933 1034 4002 palam
1059 3947 1115 3986 se
1136 3933 1506 3998 ostenderunt,
1531 3942 1585 3987 et
1605 3949 1634 3986 a
1661 3934 1860 3988 satelli—

264 4023 424 4078 tibus
438 4025 862 4094 comprehensae,
875 4024 1128 4094 praefecto
1144 4025 1291 4079 urbis
1308 4024 1608 4095 flclio(560;
1627 4039 1862 4095 praesen-

267 4123 490 4168 .tantur.
517 4114 562 4169 A
589 4130 695 4184 quo
726 4116 791 4169 de
821 4115 1132 4170 Christiano
1155 4114 1297 4169 cultu
1323 4123 1682 4184 percunctatus
1703 4116 1861 4170 Chri-

267 4203 494 4258 stianas
524 4204 903 4258 incunctanter
933 4219 991 4258 se
1019 4212 1284 4266 astruunt,
1320 4203 1636 4272 adjicientes
1663 4219 1722 4258 se
1746 4211 1867 4275 post

271 4312 556 4352 annorum
593 4297 781 4367 viginti
821 4297 1188 4365 captivitatem
1229 4294 1383 4363 jussu
1412 4296 1610 4351 Christi
1639 4296 1864 4350 Romam
1897 4321 1942 4381 υ

271 4388 354 4442 ad
395 4389 716 4458 martyrium
765 4389 1010 4442 rediisse.
1055 4385 1259 4453 Quibus
1289 4386 1472 4442 Helius
1496 4405 1507 4438 :
1535 4386 1864 4456 Prteccptum

273 4480 680 4548 imperatorum
712 4479 903 4534 asserit
937 4490 991 4532 et
1017 4478 1249 4532 inculcat
1283 4479 1333 4533 id
1359 4493 1481 4532 esse
1510 4487 1567 4531 ut
1595 4476 1867 4532 Christani

275 4568 394 4623 diis
437 4567 611 4632 litent,
657 4568 740 4623 vel
790 4568 1042 4638 gravibus
1091 4567 1364 4636 suppliciis
1412 4567 1744 4622 occidantur.
1786 4566 1868 4620 Ad

276 4660 408 4714 haec
448 4660 688 4730 virgines
735 4659 1125 4728 responderunt
1171 4668 1389 4726 paratas
1423 4673 1479 4712 se
1505 4674 1602 4726 pro
1628 4658 1749 4711 vivo
1779 4671 1870 4711 ve-

277 4765 466 4820 roque
494 4751 604 4805 Deo
631 4752 794 4805 vitam
828 4749 1099 4821 propriam
1125 4763 1344 4818 ponere,
1376 4749 1441 4802 ad
1470 4749 1613 4816 quod
1637 4748 1766 4818 ipsa:
1786 4763 1872 4802 rc-

278 4841 567 4896 velatione
589 4843 768 4896 divina
799 4844 864 4896 de
892 4840 1196 4909 longinquis
1225 4839 1408 4892 mttndi
1442 4839 1746 4909 regionibus
1772 4839 1870 4893 ad-

276 4931 592 4988 venissent.
627 4932 778 4986 Tune
808 4930 1002 4998 itnpius
1028 4929 1231 4992 Helius,
1255 4927 1441 4981 videns
1465 4945 1557 4983 eas
1585 4944 1688 4982 non
1717 4944 1875 4998 posse

280 5024 359 5078 de
391 5031 583 5077 sancto
609 5023 883 5092 proposito
913 5019 1172 5081 amoveri,
1194 5017 1352 5084 jussit
1393 5033 1488 5071 eas
1513 5017 1653 5072 felici
1682 5033 1874 5075 cruore

279 5113 568 5170 damnari.
599 5113 753 5168 Juxta
796 5110 946 5179 cujus
975 5107 1281 5180 imperium,
1312 5114 1525 5161 astante
1551 5107 1787 5176 Eugegio
1821 5119 1877 5166 et

1909 398 2104 466 plexze,
2134 397 2378 468 martyrii
2409 409 2662 449 coronam
2694 394 2900 461 adeptae
2931 400 3075 445 sunt.

1979 488 2109 542 Post
2137 503 2363 556 quarum
2395 501 2699 548 excessum,
2727 484 2914 538 videns
2945 483 3210 553 Eugegius
3246 497 3338 536 rex
3363 481 3494 534 Flo~

1911 595 2028 633 ram
2057 588 2114 633 et
2141 577 2398 632 Lucillum
2431 585 2628 630 matres
2656 591 2780 628 suas
2803 582 2855 626 et
2883 573 3126 626 dominas
3153 587 3247 640 per
3287 581 3494 626 tantam

1912 668 2270 724 constantiam
2298 674 2582 722 coronatas
2609 679 2667 720 se
2693 663 3034 731 superstitem
3060 661 3362 730 reliquisse,
3403 653 3491 714 ar-
3560 682 3564 688 ι

1914 762 2047 815 deus
2092 772 2279 813 amore
2323 755 2590 826 martyrii,
2636 753 2786 822 cujus
2836 753 2888 806 in
2931 765 3059 805 sexu
3105 753 3340 805 femineo
3381 751 3495 822 jam

1914 850 2162 920 exempla
2192 855 2588 918 processerant,
2615 844 2869 914 praefecto
2899 843 3042 896 ultro
3067 857 3124 896 se
3159 842 3372 906 obtulit,
3413 841 3500 895 di-

1916 956 2076 995 cens:
2103 939 2165 992 Et
2189 953 2272 992 me
2309 940 2480 1007 ipsum
2526 951 2646 990 cum
2671 936 2748 988 eis
2772 937 2996 1003 depone,
3047 933 3300 1002 quoniam
3326 932 3498 984 ambas

1919 1027 2150 1082 domina:
2183 1041 2315 1079 mea:
2356 1033 2502 1088 sunt,
2533 1032 2582 1077 et
2617 1033 2740 1092 post
2766 1038 2951 1076 earnm
3002 1036 3283 1076 excessum
3316 1021 3501 1074 vivere

1919 1131 2108 1170 renuo.
2143 1113 2510 1184 Interrogatus
2538 1122 2717 1166 autem
2747 1113 2866 1180 quis
2891 1119 3055 1172 esset,
3103 1126 3298 1164 nomen
3332 1110 3502 1164 edicit

1918 1214 1976 1260 et
2001 1205 2260 1274 patriam,
2288 1203 2554 1272 virginum
2584 1217 2798 1270 quoque
2825 1210 2879 1254 et
2911 1216 3062 1254 suam
3090 1215 3302 1253 onmem
3333 1200 3503 1253 ltistoo

1921 1310 2060 1348 rtam
2089 1293 2421 1357 manifestat,
2445 1290 2704 1358 adjiciens
2737 1305 2795 1344 se
2821 1305 2918 1359 pro
2946 1291 3165 1344 nomine
3193 1288 3318 1343 Jesu
3347 1288 3506 1342 Chri-

1921 1389 1991 1442 sti
2025 1397 2256 1442 mortem
2301 1394 2573 1455 appetere.
2619 1384 2970 1438 Retractabat
3024 1382 3209 1435 llclius
3247 1388 3302 1435 et
3352 1395 3508 1435 revo-

1924 1478 2084 1534 cabat
2115 1478 2166 1532 in
2197 1477 2416 1530 dubium
2447 1476 2588 1544 quod
2620 1475 2727 1534 hic,
2755 1474 2847 1542 qui
2870 1473 3211 1527 Christianus
3234 1488 3340 1526 non
3364 1479 3505 1536 erat,

1930 1569 2092 1624 vellet
2119 1583 2218 1638 pro
2241 1567 2458 1622 Christo
2487 1564 2730 1635 defungi.
2773 1564 2870 1619 Cui
2901 1580 2995 1618 rex
3029 1563 3291 1633 Eugegius
3337 1562 3504 1616 dixit:

1931 1661 2136 1718 Etiusio
2181 1662 2286 1716 mei
2331 1657 2609 1729 sanguinis
2656 1671 2744 1711 tne
2771 1654 2968 1710 Christi
2999 1653 3257 1708 cultorem
3294 1650 3508 1716 eﬂiciet,

1931 1754 2024 1822 qui
2055 1766 2142 1807 tne
2165 1765 2196 1804 a
2220 1765 2316 1805 sua
2342 1747 2515 1819 gratia
2546 1747 2781 1800 alienum
2828 1758 2935 1798 non
2963 1743 3141 1797 ducet.
3192 1741 3323 1796 Post
3346 1754 3510 1810 quam

1931 1845 2058 1901 fidei
2088 1841 2481 1900 confessionem
2507 1838 2592 1892 vir
2622 1834 2944 1892 venerabilis
2970 1831 3124 1900 jussu
3158 1830 3394 1900 praefecti
3421 1843 3514 1884 ca-

1932 1935 2043 2005 pite
2072 1940 2376 1987 truncatur.
2427 1928 2520 1984 Sic
2547 1925 2787 1996 virgines
2832 1924 3101 1994 gloriosae,
3131 1921 3289 1976 Flora
3318 1927 3374 1974 et
3401 1917 3513 1972 Lu-

1933 2025 2078 2090 cilla,
2126 2040 2250 2080 cum
2288 2023 2526 2094 Eugegio
2570 2035 2697 2090 rege
2744 2018 2940 2088 capitis
2992 2015 3409 2070 obtruncatione
3458 2020 3517 2066 et

1935 2127 2110 2176 morte
2138 2115 2602 2175 immortalitatem
2633 2111 3002 2182 aequis-ierunt
3032 2123 3083 2162 tv
3112 2106 3231 2162 Kal.
3261 2103 3514 2176 Augusti,

1937 2226 2074 2282 quas
2110 2211 2177 2265 ad
2205 2206 2499 2263 thalamum
2539 2202 2735 2258 summi
2767 2199 2963 2270 Sponsi
3017 2198 3241 2268 spiritus
3289 2194 3516 2266 angelici

1937 2304 2316 2365 deduxerunt;
2351 2313 2511 2366 quem
2544 2297 2670 2350 dum
2698 2293 2972 2357 viverent,
3002 2299 3054 2347 et
3091 2290 3146 2345 in
3182 2297 3376 2353 marte,
3409 2293 3518 2341 toto

1938 2394 2142 2450 mentis
2199 2390 2395 2446 aﬂ'ectu
2451 2398 2613 2457 atque
2665 2399 2850 2441 amore
2896 2393 3195 2455 prosecutae
3226 2391 3370 2445 sunt,
3420 2395 3520 2450 pro

1941 2500 2050 2555 quo
2077 2483 2316 2546 divitias,
2363 2477 2690 2547 voluptates,
2745 2477 2981 2530 honores
3025 2483 3080 2528 et
3111 2474 3274 2526 vitam
3323 2466 3516 2540 ipsam,

1941 2589 2048 2644 qua
2075 2571 2210 2628 nihil
2240 2568 2446 2625 homini
2493 2567 2746 2630 charius,
2786 2563 3142 2619 libentissime
3183 2570 3523 2629 contempse-

1944 2670 2091 2717 runt.
2133 2660 2190 2714 ln
2235 2675 2343 2729 quo
2383 2658 2730 2728 quiescentes
2778 2662 2834 2709 et
2878 2654 3047 2706 beata:
3089 2666 3188 2720 pro
3217 2648 3522 2703 voluntaria

1942 2760 2260 2823 paupertate
2313 2746 2715 2805 inaestimabiles
2739 2753 2795 2798 et
2824 2759 2980 2798 veras
3018 2741 3234 2796 divitias
3261 2737 3526 2806 acquisie-

1947 2853 2105 2908 runt;
2138 2858 2236 2914 pro
2270 2839 2654 2910 temporalibus
2696 2836 2950 2906 jejuniis,
2998 2843 3201 2889 aeterna
3247 2831 3522 2894 convivia;

1947 2951 2044 3006 pro
2058 2943 2366 3003 contemptu
2385 2931 2628 3001 pruritus
2647 2927 2955 2992 fmdissimi,
2980 2926 3318 2980 honestatem
3335 2930 3390 2976 et
3409 2935 3531 2989 per-

1945 3036 2138 3096 petuas
2173 3025 2504 3092 voluptates;
2555 3035 2653 3090 pro
2682 3017 2923 3074 ridiculis
2949 3025 3004 3071 et
3046 3014 3344 3085 puerilibus
3373 3011 3530 3080 hujus

1944 3119 2090 3183 vita},
2124 3131 2303 3181 veros,
2340 3115 2542 3170 solidos
2588 3121 2642 3166 et
2667 3111 3028 3179 sempiternos
3059 3109 3320 3169 honores;
3354 3114 3407 3157 et
3432 3116 3533 3172 pro

1946 3216 2344 3266 momentanea'
2361 3205 2647 3276 fragilique
2663 3244 2678 3268 ,
2700 3204 2864 3256 vitam
2878 3241 2892 3268 ε
2916 3213 3165 3254 meruere
3197 3204 3530 3267 perpetuam.

2566 3310 2794 3368 CAPUT
2833 3308 2919 3364 Ill.

2084 3429 2400 3486 Sanctorum
2426 3441 2702 3496 corporum
2734 3423 3002 3496 sepultura
3031 3431 3078 3476 et
3106 3419 3402 3474 translatio.

2021 3543 2264 3613 Corpora
2291 3556 2422 3596 vero
2467 3555 2652 3594 eorum
2691 3553 2720 3592 a
2757 3537 3004 3592 ﬁdelibus
3041 3535 3265 3590 collecta
3307 3540 3434 3587 sunt
3483 3541 3539 3588 et

1955 3635 2265 3692 Christiana
2314 3634 2518 3703 pietate
2574 3630 2780 3701 sepulta
2836 3630 2891 3682 in
2942 3627 3254 3682 suburbano
3304 3626 3538 3680 civitatis

1957 3727 2241 3792 Ostiensis,
2293 3726 2383 3780 ubi
2434 3725 2754 3794 quieverunt
2802 3736 2972 3774 annos
3008 3718 3170 3789 506
3195 3733 3292 3788 per
3339 3718 3541 3786 septin-

1958 3831 2152 3891 gentos
2192 3827 2247 3873 et
2277 3818 2438 3882 ultra,
2469 3815 2716 3871 videlicet
2760 3828 2929 3882 usque
2976 3812 3042 3865 ad
3091 3825 3289 3864 annum
3326 3809 3540 3864 Domini

1959 3913 2425 3985 nongentesimum
2490 3911 2746 3980 primum.
2799 3897 2917 3974 Quo
2969 3914 3210 3973 tempore
3259 3901 3542 3970 religiosus

1960 4017 2116 4078 pater
2137 4005 2373 4060 Joannes
2402 4004 2685 4071 episcopus
2713 3999 2990 4063 Aretinus,
3017 3993 3368 4050 cancellarius
3393 3993 3542 4062 pala-

1965 4101 2132 4162 tinus,
2166 4113 2320 4152 sacra
2362 4104 2672 4151 sanctarum
2698 4091 2870 4145 Florae
2909 4099 2964 4144 et
2993 4087 3212 4142 Lucili-.1:
3239 4097 3295 4141 et
3324 4083 3544 4153 Eugegii

1967 4192 2112 4260 regis
2170 4203 2394 4257 corpora
2445 4202 2474 4240 a
2519 4183 2810 4238 Benedicto
2861 4181 2978 4250 ejus
3027 4177 3259 4234 nominis
3301 4175 3546 4249 Romano

1967 4279 2222 4353 pontiﬁce
2267 4278 2331 4333 lll
2380 4277 2533 4348 petiit
2578 4284 2632 4327 et
2685 4272 2912 4340 accepit.
2966 4269 3096 4334 Quae
3142 4281 3237 4335 per
3283 4263 3544 4316 familiam

1971 4389 2125 4430 suam
2151 4371 2347 4425 deferri
2377 4368 2623 4437 relZgiose
2661 4378 2859 4418 curans
2883 4359 3126 4413 Aretium
3171 4370 3378 4418 versus,
3411 4353 3534 4421 ips:.

1972 4487 2040 4526 ne
2073 4483 2169 4537 per
2205 4466 2479 4519 Romanos
2523 4458 2963 4527 impedimentum
3004 4448 3219 4518 aliquod
3249 4454 3538 4537 pateretur,

1975 4531 2087 4631 per-
2112 4558 2272 4610 aliam
2325 4554 2468 4606 viam
2517 4563 2769 4604 reversus
2801 4553 2903 4601 est.
2956 4542 3177 4597 Volentc
3226 4547 3406 4592 autem
3430 4531 3542 4584 Deo

1976 4649 2194 4708 nomina
2242 4645 2545 4713 meritaque
2589 4639 2857 4709 virginum
2927 4636 2993 4690 ad
3049 4647 3203 4688 suam
3257 4637 3312 4684 et
3361 4637 3545 4679 carum

1977 4741 2202 4816 gloriam
2249 4735 2547 4806 divulgare,
2585 4731 2812 4801 contigit
2854 4729 3086 4799 quadam
3127 4723 3213 4776 die
3256 4715 3550 4816 familiares

1976 4808 2216 4904 episcopi
2245 4842 2367 4880 cum
2399 4826 2599 4882 sanctis
2643 4822 2965 4892 corporibus
3011 4812 3275 4884 hospitari
3301 4814 3444 4862 inter
3473 4808 3555 4862 la-

1977 4898 2126 4987 cum,
2154 4917 2448 4972 Disortium
2479 4917 2716 4980 nomine,
2745 4921 2800 4966 et
2828 4912 3109 4969 Aretinam
3136 4899 3403 4972 paludem.
3455 4898 3559 4954 Ac-

1978 5018 2110 5074 colae
2143 5026 2270 5064 vero
2297 5008 2401 5062 loci
2420 5049 2434 5069 ,
2463 5008 2664 5064 domini
2699 5012 2877 5060 autem
2920 4997 3185 5072 inprimiS,
3211 5005 3270 5043 ex
3301 5003 3564 5044 reverell‘

1980 5111 2050 5166 tia
2099 5101 2200 5157 loci
2247 5105 2301 5150 et
2361 5099 2624 5169 religione
2682 5095 2900 5149 fatnilire
2946 5088 3327 5160 cognoscentes
3384 5094 3572 5134 sacras

1605 5218 1654 5274 J.
1696 5219 1947 5280 CUPERI
1987 5212 2224 5279 ΝΟΤᾸΞ-
