3992 5322
485 226 619 285 1051

909 221 969 277 S.
1006 217 1210 276 PETRI
1250 215 1534 273 DAMIANI
1572 217 1725 273 OPP.
1765 216 1949 274 PARS
1987 215 2090 274 SE1

2196 212 2397 272 'OMUS
2435 213 2499 269 η.
2532 210 3068 282 -δΑΝοτοῐιυδι
3112 216 3317 272 ῩΙΤιΕ.

3644 224 3774 278 NH

483 342 763 412 rdiquias,
808 344 944 393 nutu
986 335 1082 391 Dei
1135 332 1431 404 quamdam
1478 348 1547 387 ex
1593 333 1674 388 eis
1722 331 2087 402 impetravere
2116 339 2159 396 Α
2191 339 2384 400 sponte
2433 331 2738 385 veterinum
2790 331 2991 386 animal
3054 333 3384 390 advolasset.
3439 336 3564 405 Quo
3622 337 3777 404 facto,

484 433 830 506 particulam.
874 427 940 484 Ut
975 440 1156 480 autem
1189 423 1489 479 secundum
1531 424 1837 494 apostolica,
1879 425 2083 478 monita

488 526 652 581 tantis
685 521 779 576 Dei
825 517 1105 575 beneficiis
1145 523 1333 571 essent
1368 516 1532 585 grati,
1582 516 1637 569 in
1668 515 1932 569 honorem
1966 513 2085 577 Dei,

487 624 543 668 et
568 614 626 667 Β.
655 611 861 674 Mariae,
891 623 957 663 ac
985 606 1089 662 SS.
1116 606 1288 661 Flora:
1322 617 1378 660 et
1399 605 1623 661 Lucilio:
1646 606 1928 661 basilicam
1955 620 2087 661 con-

486 704 761 766 diderunt,
795 709 852 756 et
880 714 977 770 per
1005 706 1224 754 sanctas
1258 712 1447 753 eorum
1485 697 1746 767 reliquias
1794 697 1964 752 dicari
2011 698 2090 752 fe-

485 802 699 849 cerunt.
745 790 950 846 Nomen
1000 791 1165 843 etiam
1220 788 1402 859 oppidi
1445 789 1889 859 principatusque
1936 791 2088 861 sniza

484 892 688 937 sancta:
730 881 904 936 Flora:
966 881 1186 934 nomine
1231 880 1572 935 denominari
1611 880 1915 948 jusserunt,
1964 896 2087 935 cum

484 975 716 1043 primmn
753 972 1009 1044 oppidum
1038 971 1225 1038 Antia,
1273 981 1331 1026 ct
1372 971 1475 1042 ipsi
1501 973 1730 1028 Amiatte
1754 973 1984 1028 comites
2004 972 2090 1039 di-

484 1081 645 1121 ceren
654 1075 759 1119 tur.

556 1158 641 1211 Ab
669 1155 869 1227 oppido
899 1155 1066 1226 igitur
1097 1163 1304 1211 sancta:
1335 1155 1512 1212 Florae
1539 1164 1595 1212 et
1624 1156 1893 1226 religiosis
1921 1158 2091 1214 comi-

485 1247 631 1303 tibus
654 1249 916 1302 abcuutcs
943 1248 1048 1302 iter
1072 1248 1544 1317 prosequebantur
1570 1249 1844 1318 inceptum
1866 1247 2090 1319 jamque

487 1343 558 1397 ad
607 1342 891 1397 Arctinam
939 1341 1220 1411 planitiem
1277 1341 1735 1412 propinquabant,
1793 1359 1915 1396 cum
1960 1358 2088 1398 ecce

486 1432 718 1487 consilio
746 1432 862 1497 Dei,
906 1430 1212 1500 iumentum
1242 1432 1387 1501 quod
1415 1446 1571 1486 sacra
1601 1446 1853 1502 corpora.
1880 1434 2090 1489 defere-

484 1521 599 1584 bat,
652 1520 885 1575 ulterius
936 1535 997 1575 se
1043 1520 1233 1575 deduci
1292 1520 1453 1576 nullis
1501 1520 1976 1577 adhortationibus
2003 1523 2085 1578 vel

484 1613 807 1668 verberibus
854 1612 1196 1667 admittebat.
1245 1612 1481 1667 Attoniti
1523 1613 1779 1678 ministri,
1825 1622 1882 1670 et
1913 1625 2088 1670 semet

2188 424 2409 477 brutum
2449 422 2649 477 animal
2683 423 2752 479 ab
2778 424 2986 496 angelis
3017 425 3131 490 Dei,
3161 429 3480 498 sanctisque
3532 434 3780 501 martyri-

2190 516 2293 571 bus
2314 516 2556 581 ductum,
2588 517 2746 588 quasi
2774 519 2839 573 de
2865 519 3179 574 carceribus
3226 502 3577 592 erumperet,
3626 540 3778 579 cursu

2192 604 2532 660 velocissimo
2581 615 2842 673 montem,
2892 607 2984 677 qui
3039 616 3164 663 tunc
3208 607 3438 666 Titanus
3478 612 3779 678 dicebatur,

2195 696 2460 762 ascendit,
2490 705 2545 751 et
2584 697 2635 751 in
2668 696 2789 752 loco
2820 707 2974 754 certo
3004 700 3208 755 sanctis
3238 701 3459 757 caelitus
3488 704 3781 760 consti'uto

2192 787 2460 851 constitit,
2503 786 2595 857 qui
2642 787 2710 841 ab
2757 788 2892 842 urbe
2920 788 3142 843 Aretina
3183 806 3279 859 per
3311 792 3421 846 duo
3455 792 3629 848 millia
3676 794 3783 852 fore

2192 893 2448 949 passuum
2496 879 2681 933 distat.
2725 878 2827 933 Ubi
2870 878 3020 934 brevi
3066 880 3349 936 devotione
3399 882 3643 940 fidelium
3688 887 3780 941 ba-

2192 971 2343 1026 silica
2390 970 2530 1026 facta
2564 982 2669 1035 est,
2719 981 2774 1027 et
2811 974 3197 1029 monachorum
3246 977 3596 1046 coenobium,
3645 982 3781 1051 quod

2193 1073 2483 1120 sanctitate
2524 1066 2979 1122 commorantium
3012 1071 3065 1122 in
3092 1083 3158 1123 eo
3187 1080 3243 1124 et
3279 1071 3590 1127 interventu
3621 1075 3784 1144 virgi-

2194 1173 2321 1210 num
2351 1156 2559 1211 crebris
2595 1157 2911 1227 magnisque
2946 1156 3226 1212 miraculis
3275 1159 3331 1213 in
3380 1161 3590 1217 multos
3620 1179 3781 1216 annos

2194 1247 2522 1301 mirabiliter
2551 1248 2807 1303 adolevit.
2860 1247 2965 1302 Pro
2990 1248 3145 1319 cujus
3174 1249 3494 1306 celebritate
3523 1254 3779 1316 cinnobii,

2193 1346 2249 1393 ct
2276 1337 2563 1393 devotione
2603 1346 2914 1393 sanctarum
2936 1379 2951 1403 ,
2987 1349 3227 1395 castrum
3265 1341 3339 1396 ibi
3373 1344 3659 1398 conditum
3681 1354 3779 1406 est,

2191 1438 2247 1484 et
2275 1444 2306 1483 a
2333 1438 2522 1484 sancta
2547 1422 2732 1494 Flora,
2761 1429 2903 1485 sicut
2933 1438 2986 1484 et
3014 1446 3171 1485 mons
3207 1431 3321 1501 ipse
3353 1442 3524 1497 totus,
3573 1434 3778 1502 accepit

2192 1536 2386 1576 nomen
2415 1522 2556 1591 quod
2589 1521 2746 1578 annis
2774 1521 3022 1591 plurimis
3050 1520 3251 1577 ﬂoruit.

2264 1611 2412 1684 (56])
2460 1612 2843 1668 Monasterium
2895 1630 3017 1669 vero
3066 1632 3207 1669 anno
3249 1615 3464 1672 Domini
3507 1618 3781 1673 millesimo

487 1703 721 1758 invicem
756 1713 1135 1773 exspectantes
1176 1711 1232 1758 et
1270 1704 1403 1773 quid
1430 1704 1535 1759 sibi
1567 1704 1769 1760 vellent
1816 1716 2085 1778 martyres
2115 1718 2161 1777 Β
2189 1704 2469 1757 centesimo
2507 1704 2846 1774 nonagesimo
2873 1706 3026 1759 tertio
3048 1722 3142 1774 per
3165 1705 3430 1774 factiones
3451 1708 3783 1763 Aretinorum

486 1794 817 1865 ignorantes,
853 1793 1128 1864 episcopo,
1175 1793 1268 1863 qui
1299 1792 1413 1863 jam
1457 1795 1705 1850 Arctium
1739 1807 2085 1866 pervenerat,

485 1887 618 1956 quid
650 1886 752 1941 sibi
791 1887 1109 1956 contigisset
1158 1886 1413 1941 intimare
1457 1902 1566 1941 non
1601 1888 1897 1959 negligunt.
1933 1890 2087 1945 Tunc

488 1979 720 2034 devotus
758 1979 1010 2044 antistes,
1052 1985 1275 2048 accepto
1318 1978 1542 2043 nuntio,
1572 1990 1627 2033 et
1655 1981 1894 2034 maxima
1928 1982 2090 2037 dedu-

487 2080 610 2128 ctus
640 2070 985 2125 multitudine
1030 2070 1354 2126 clericorum
1400 2080 1458 2125 et
1500 2070 1682 2141 populi
1728 2073 1966 2141 perrexit
1992 2074 2090 2128 ob-

487 2162 633 2217 viam
660 2162 882 2227 sanctis,
915 2170 971 2216 et
994 2160 1290 2232 prannissis
1314 2161 1568 2231 precibus
1610 2165 1784 2217 sacris
1811 2173 1867 2218 et
1910 2163 2084 2237 lacry-

487 2255 593 2310 mis
628 2269 882 2325 aspersus
911 2268 1008 2323 per
1045 2254 1284 2323 seipsum
1326 2252 1636 2321 iumentum
1686 2256 1819 2311 illud
1868 2273 2084 2314 movere

487 2355 718 2399 conatus
765 2353 868 2400 est.
920 2343 1072 2410 Quod
1119 2359 1242 2399 cum
1284 2354 1342 2398 et
1383 2346 1498 2416 ipse
1549 2362 1655 2401 non
1698 2359 1904 2416 posset,
1948 2349 2085 2405 inito

486 2452 612 2491 cum
641 2437 755 2491 suis
782 2436 1029 2497 consilio,
1051 2434 1360 2503 jumentum
1392 2436 1545 2492 abire
1569 2437 1775 2503 sinunt,
1806 2455 1905 2509 pro
1933 2450 2085 2499 certo

482 2528 669 2601 sciens
696 2542 821 2584 eum
867 2528 1048 2583 locum
1083 2543 1115 2583 a
1145 2528 1353 2584 sanctis
1396 2528 1656 2595 electum,
1693 2530 1762 2586 ad
1793 2549 1955 2602 quem
1987 2550 2086 2591 sua

2188 1791 2408 1863 Gltelfas
2436 1803 2484 1847 et
2510 1790 2835 1848 Ghitellinos
2862 1794 3098 1849 dirutum
3125 1807 3221 1849 est.
3253 1795 3372 1862 Qua
3398 1798 3562 1868 507
3585 1799 3785 1854 desola-

2188 1883 2329 1937 tione
2355 1893 2600 1953 peracta,
2631 1901 2751 1937 cum
2782 1886 2981 1939 sanctis
3018 1885 3251 1956 reliquiis
3282 1888 3605 1941 translatum
3634 1900 3710 1942 est
3734 1888 3784 1942 ia

2188 1975 2372 2030 urbem
2397 1976 2586 2042 Arctii,
2617 1975 2705 2030 ubi
2735 1994 2897 2049 usque
2924 1976 3079 2032 hodie
3115 1980 3339 2049 virgines
3368 1989 3574 2035 sanctor
3598 1997 3785 2050 magna

2188 2067 2366 2143 populi
2410 2069 2744 2123 veneratione
2794 2069 3064 2125 coluntur.
3120 2070 3369 2127 Castrum
3417 2090 3540 2129 vero
3587 2085 3783 2144 postea,

2192 2178 2332 2215 anno
2358 2159 2569 2216 Domi‘m‘
2599 2162 2875 2218 miHcsimo
2925 2165 3207 2220 centesimo
3244 2167 3587 2237 nonagesimo
3623 2176 3783 2229 sexto,

2191 2263 2403 2324 propter
2450 2254 2663 2309 easdem
2702 2255 2989 2324 frictiones,
3020 2257 3253 2312 dirutum
3290 2267 3366 2313 est
3412 2257 3784 2330 regnantem-

2192 2345 2335 2398 mino
2358 2355 2535 2400 nostra
2556 2346 2684 2400 Jesu
2708 2345 2939 2413 Christo,
2962 2349 3051 2419 qui
3081 2348 3202 2403 vivit
3229 2359 3277 2403 et
3303 2360 3492 2421 regnat
3520 2351 3578 2403 in
3596 2357 3783 2403 scruta

2192 2435 2530 2490 swculorum.
2577 2438 2764 2492 Amen.

653 2696 659 2707 ν
1832 2629 1863 2684 J
1926 2630 2182 2692 CUPERI
2220 2635 2452 2693 ΝΟΤᾸΞ.

564 2737 714 2812 (361)
738 2736 936 2794 Addita
960 2738 1078 2794 haec
1098 2754 1325 2809 prorsus
1347 2747 1475 2796 sunt
1498 2741 1565 2798 de
1588 2759 1745 2801 ruma
1773 2750 2093 2805 monasterii
2133 2760 2188 2806 et
2212 2753 2381 2808 castri
2410 2763 2612 2810 sancta:
2638 2754 2827 2811 Florae.

1023 2950 3401 2969 ————-——--—————-—_—-——_—————_-.————
3408 2954 3763 2972 -—_—

634 3093 1155 3194 EXPOSITIO
1229 3094 1695 3197 VISIONUM
1770 3098 1891 3195 SS.
1968 3095 2525 3199 MARTYBUM
2600 3100 3025 3201 MARIANI
3100 3104 3226 3201 ET
3296 3104 3675 3205 JACOBI’.

1937 3299 2038 3382 (30
2068 3297 2361 3384 Aprilis.)

496 3462 747 3526 Horum
772 3471 1135 3549 sanctorum
1160 3464 1372 3549 fitom
1410 3466 1493 3549 ob
1550 3471 1811 3549 auctore
1858 3462 2111 3549 oculata
2157 3470 2307 3549 teste
2337 3473 2761 3549 conscriptam
2809 3473 3237 3537 Henschenius
3269 3474 3436 3538 inter
3462 3476 3629 3541 Acta
3654 3497 3789 3539 san-

570 3544 927 3637 citorumfzd
960 3543 1119 3604 diem
1153 3545 1232 3606 30
1255 3545 1509 3637 ‘Aprilis.
1538 3543 1825 3634 vulgavit
1855 3550 1911 3634 et
1957 3542 2311 3637 illustrauit
2342 3542 2891 3637 adnotationibus.
2928 3556 3125 3637 Sacra
3150 3574 3366 3616 eorum
3400 3575 3683 3637 corpora
3722 3559 3785 3618 in

573 3622 916 3715 Eugubina
948 3622 1355 3716 asservantur
1384 3623 1662 3716 ecclesig,
1696 3641 1865 3716 quin“
1887 3622 2196 3716 ipsorum.
2227 3623 2419 3685 titulo
2454 3636 2542 3688 est
2604 3629 2909 3709 insignita
2941 3656 2960 3704 ;
2996 3635 3289 3714 ipsorum
3322 3622 3533 3697 autem
3559 3646 3789 3716 marty-

572 3697 741 3762 rium
773 3702 945 3763 circa
978 3720 1210 3763 annum
1241 3703 1483 3764 Christi
1511 3702 1631 3763 239
1661 3697 1966 3762 accidisse
1998 3697 2305 3762 traditur.
2360 3760 2380 3770 ,

1904 3891 2115 3908 ——..

564 4050 879 4113 Jamvero,
912 4056 971 4102 ut
1001 4055 1067 4102 de
1096 4057 1217 4102 lSllS
1240 4047 1541 4104 visionibus
1589 4047 1817 4102 istorum
1869 4054 2078 4101 sanctn-
2114 4047 2158 4108 C
2262 4044 2415 4112 Quod
2468 4051 2649 4099 autem
2693 4042 2754 4095 Β.
2792 4042 3099 4098 Marianum
3153 4044 3205 4099 in
3255 4043 3506 4101 altiorem
3559 4045 3792 4103 Catasta

500 4159 621 4199 rum
652 4142 835 4210 aliqua
866 4140 1140 4194 succincte
1178 4149 1610 4208 pertractemus,
1645 4139 1767 4208 quis
1798 4147 1901 4202 cst,
1935 4151 2095 4206 quem

497 4234 696 4290 beatus
745 4230 1020 4284 Marianus
1065 4229 1304 4299 judicent
1360 4230 1414 4284 in
1444 4228 1696 4283 tribunali
1726 4229 1959 4293 viderat,
1990 4227 2096 4282 nisi

498 4323 611 4388 ille,
638 4322 729 4394 qui
761 4321 811 4376 in
840 4319 978 4376 cmlo
1010 4318 1325 4390 praesidens,
1356 4328 1585 4388 accepto
1619 4336 1646 4371 a
1678 4320 1838 4373 Patre
1866 4318 2094 4386 judicio,

511 4416 570 4469 de
603 4415 742 4470 vivis
784 4423 839 4469 et
889 4413 1119 4469 mortuis
1157 4411 1411 4482 iudicat?
1457 4410 1610 4467 Sicut
1656 4411 1924 4480 scriptum
1976 4421 2091 4466 est:

512 4497 670 4559 Pater
714 4520 817 4558 non
860 4502 1067 4571 judico:
1114 4520 1463 4575 quemquam,
1509 4504 1600 4558 sed
1647 4519 1800 4558 omne
1832 4502 2096 4572 judicium

508 4582 652 4648 dedit
687 4595 1037 4667 Filioann.
1066 4580 1139 4668 v).
1178 4597 1279 4664 Qui
1326 4598 1557 4652 honesta
1608 4605 1666 4651 et
1713 4596 1908 4652 decora
1961 4595 2098 4650 facie

511 4682 821 4752 videbatur;
862 4688 985 4756 quia
1032 4687 1123 4742 hic
1162 4698 1249 4744 est
1277 4689 1344 4745 tie
1370 4705 1478 4758 quo
1521 4689 1722 4743 dicitur
1764 4706 1777 4742 :
1821 4687 2096 4753 Speciosus

512 4762 684 4845 {arma
724 4795 826 4846 pm
869 4777 996 4848 ﬁliis
1041 4779 1314 4833 hominum
1364 4777 1538 4849 (Psal.
1564 4778 1735 4848 XLIV).
1779 4778 1877 4832 llic
1915 4778 2097 4847 itaque

513 4866 583 4920 ad
631 4875 893 4925 torui-mla
942 4870 1293 4925 confcssores
1352 4870 1700 4940 praecipiebat
1765 4871 2094 4932 ascendere.

512 4955 645 5024 quia
671 4959 1066 5026 quantumlibet
1112 4959 1406 5015 furibunda
1436 4969 1845 5030 persecuturum
1876 4960 2099 5017 demen-

514 5045 589 5090 lia
622 5048 825 5090 ςείινὶιὶι-
851 5050 1243 5090 niinnlnmlilml
1284 5049 1350 5090 ad
1399 5052 1713 5090 nnlinnrhtm
1756 5066 1856 5090 nm
1881 5050 2099 5090 (Tltricln

2199 4134 2378 4189 locum
2413 4143 2624 4205 martyr
2650 4132 2958 4206 Cyprianus
2992 4134 3205 4201 extulit,
3239 4137 3339 4191 hoc
3371 4136 3679 4207 intelligere
3704 4139 3792 4192 tle-

2198 4227 2411 4291 bemus,
2440 4226 2567 4296 quia
2599 4225 2822 4295 speciali
2869 4226 3136 4295 dignitate
3168 4227 3416 4298 martyrii
3456 4243 3584 4282 enm
3617 4229 3792 4282 Dami-

2199 4332 2301 4371 nus
2332 4316 2473 4370 inter
2517 4325 2787 4386 martyres
2835 4314 3167 4370 sublimavit.
3210 4316 3317 4372 Sed
3352 4318 3481 4387 quid
3511 4329 3597 4373 est
3624 4319 3785 4388 quod,

2198 4407 2541 4476 praecipiente
2571 4406 2823 4468 Domino,
2855 4406 2916 4460 Β.
2944 4415 3150 4479 martyr
3198 4407 3248 4461 in
3300 4408 3480 4462 locum
3526 4410 3789 4480 passionis

2199 4498 2458 4563 ascendit,
2490 4498 2583 4551 sci
2617 4508 2745 4553 tunc
2774 4499 3043 4568 passionis
3073 4502 3391 4571 martyrium
3422 4517 3528 4555 non
3559 4504 3785 4572 accepit,

2198 4591 2300 4646 nisi
2330 4591 2472 4660 quod
2512 4590 2594 4643 vir
2622 4591 2856 4660 quisque
2914 4592 3211 4662 perfectus,
3241 4595 3332 4662 qui
3357 4592 3471 4662 jam
3506 4611 3566 4652 se
3606 4597 3659 4651 in
3686 4597 3788 4651 vir-

2202 4692 2377 4739 tutum
2412 4698 2541 4739 arce
2581 4683 2779 4745 erexit,
2831 4684 2957 4753 quia
3003 4682 3140 4752 jann
3167 4686 3293 4739 totis
3331 4687 3544 4741 nisibus
3587 4688 3657 4740 ad
3688 4702 3786 4741 mo.

2200 4777 2448 4832 ricndum
2481 4791 2581 4846 pro
2605 4775 2827 4830 Clll‘lSlO
2862 4777 3059 4832 mentis
3108 4775 3471 4832 intentionem
3514 4776 3782 4831 ﬁrmavit:

2199 4866 2305 4920 line
2333 4875 2513 4921 tamen
2548 4865 2816 4930 dill'ertur,
2846 4875 3114 4936 quatenus
3145 4866 3263 4935 ejus
3289 4865 3620 4921 desiderium
3670 4882 3786 4919 am-

2200 4958 2343 5027 plius
2376 4957 2619 5026 quotidie
2652 4957 2952 5028 augeatur?
2996 4955 3149 5011 Unde
3195 4957 3248 5010 in
3280 4957 3380 5011 hac
3406 4956 3616 5011 visione
3647 4965 3787 5011 recte

2199 5047 2433 5090 «linitur:
2463 5046 2771 5090 Eram-oon:
2800 5047 2959 5090 iunior
2990 5047 3056 5090 ad
3089 5046 3401 5090 nrmtnrinm
3449 5061 3607 5090 suum
3655 5043 3783 5090 ibat-
