  <div class='ocr_page' id='page_1' title='image "/cluster/home/n/w/nwhite01/storage/ocr_20150623/144/hvd.32044010574010/522.png"; bbox 0 0 3992 5322; ppageno 0'>
   <div class='ocr_carea' id='block_1_1' title="bbox 312 291 452 345">
    <p class='ocr_par' dir='ltr' id='par_1_1' title="bbox 312 291 452 345">
     <span class='ocr_line' id='line_1_1' title="bbox 312 291 452 345; baseline 0.007 -1"><span class='ocrx_word' id='word_1_1' title='bbox 312 291 452 345; x_wconf 69' lang='grc'><strong>1035</strong></span> 
     </span>
    </p>
   </div>
   <div class='ocr_carea' id='block_1_2' title="bbox 1183 275 2680 343">
    <p class='ocr_par' dir='ltr' id='par_1_2' title="bbox 1183 275 2680 343">
     <span class='ocr_line' id='line_1_2' title="bbox 1183 275 2680 343; baseline 0 -3"><span class='ocrx_word' id='word_1_2' title='bbox 1183 284 1424 342; x_wconf 74' lang='lat' dir='ltr'><strong>EXPOS.</strong></span> <span class='ocrx_word' id='word_1_3' title='bbox 1475 284 1796 342; x_wconf 71' lang='lat' dir='ltr'><strong>VISIONUM</strong></span> <span class='ocrx_word' id='word_1_4' title='bbox 1835 283 1933 338; x_wconf 86' lang='lat' dir='ltr'><strong>SS.</strong></span> <span class='ocrx_word' id='word_1_5' title='bbox 1979 275 2261 339; x_wconf 69' lang='grc' dir='ltr'><strong>ΜΑΒΙἈΝΙ</strong></span> <span class='ocrx_word' id='word_1_6' title='bbox 2300 283 2387 340; x_wconf 81' lang='lat' dir='ltr'><strong>ET</strong></span> <span class='ocrx_word' id='word_1_7' title='bbox 2425 283 2680 343; x_wconf 77' lang='lat' dir='ltr'><strong>JACOBI.</strong></span> 
     </span>
    </p>
   </div>
   <div class='ocr_carea' id='block_1_3' title="bbox 3411 287 3552 344">
    <p class='ocr_par' dir='ltr' id='par_1_3' title="bbox 3411 287 3552 344">
     <span class='ocr_line' id='line_1_3' title="bbox 3411 287 3552 344; baseline -0.007 0"><span class='ocrx_word' id='word_1_8' title='bbox 3411 287 3552 344; x_wconf 61' lang='lat' dir='ltr'><strong>l0“</strong></span> 
     </span>
    </p>
   </div>
   <div class='ocr_carea' id='block_1_4' title="bbox 307 395 3547 473">
    <p class='ocr_par' dir='ltr' id='par_1_4' title="bbox 307 395 3547 473">
     <span class='ocr_line' id='line_1_4' title="bbox 307 395 3547 473; baseline -0.002 -10"><span class='ocrx_word' id='word_1_9' title='bbox 307 407 418 463; x_wconf 84' lang='lat' dir='ltr'><strong>mul</strong></span> <span class='ocrx_word' id='word_1_10' title='bbox 449 420 569 461; x_wconf 91' lang='lat' dir='ltr'><strong>cum</strong></span> <span class='ocrx_word' id='word_1_11' title='bbox 596 405 674 460; x_wconf 89' lang='lat' dir='ltr'><strong>eis</strong></span> <span class='ocrx_word' id='word_1_12' title='bbox 705 404 804 467; x_wconf 86' lang='lat' dir='ltr'><strong>ire,</strong></span> <span class='ocrx_word' id='word_1_13' title='bbox 823 403 933 459; x_wconf 87' lang='lat' dir='ltr'><strong>&#39;sed</strong></span> <span class='ocrx_word' id='word_1_14' title='bbox 961 403 1263 473; x_wconf 64' lang='lat' dir='ltr'><strong>praecedere</strong></span> <span class='ocrx_word' id='word_1_15' title='bbox 1306 403 1534 467; x_wconf 77' lang='lat' dir='ltr'><strong>asserit;</strong></span> <span class='ocrx_word' id='word_1_16' title='bbox 1566 401 1691 472; x_wconf 85' lang='lat' dir='ltr'><strong>quia</strong></span> <span class='ocrx_word' id='word_1_17' title='bbox 1725 399 1876 453; x_wconf 87' lang='lat' dir='ltr'><strong>vide-</strong></span> <span class='ocrx_word' id='word_1_18' title='bbox 1903 399 1954 459; x_wconf 78' lang='grc' dir='ltr'>Α</span> <span class='ocrx_word' id='word_1_19' title='bbox 1979 395 2102 451; x_wconf 88' lang='lat' dir='ltr'><strong>dem</strong></span> <span class='ocrx_word' id='word_1_20' title='bbox 2129 406 2346 454; x_wconf 77' lang='lat' dir='ltr'><strong>:etatem</strong></span> <span class='ocrx_word' id='word_1_21' title='bbox 2384 401 2656 470; x_wconf 79' lang='lat' dir='ltr'><strong>pervenit,</strong></span> <span class='ocrx_word' id='word_1_22' title='bbox 2687 411 2743 456; x_wconf 92' lang='lat' dir='ltr'><strong>et</strong></span> <span class='ocrx_word' id='word_1_23' title='bbox 2772 399 2824 455; x_wconf 90' lang='lat' dir='ltr'><strong>in</strong></span> <span class='ocrx_word' id='word_1_24' title='bbox 2854 401 3062 456; x_wconf 88' lang='lat' dir='ltr'><strong>senium</strong></span> <span class='ocrx_word' id='word_1_25' title='bbox 3091 415 3196 456; x_wconf 89' lang='lat' dir='ltr'><strong>non</strong></span> <span class='ocrx_word' id='word_1_26' title='bbox 3236 401 3547 458; x_wconf 74' lang='lat' dir='ltr'><strong>declinavit.</strong></span> 
     </span>
    </p>
   </div>
   <div class='ocr_carea' id='block_1_5' title="bbox 305 493 1877 566">
    <p class='ocr_par' dir='ltr' id='par_1_5' title="bbox 305 493 1877 566">
     <span class='ocr_line' id='line_1_5' title="bbox 305 493 1877 566; baseline -0.008 -12"><span class='ocrx_word' id='word_1_27' title='bbox 305 498 434 554; x_wconf 63' lang='lat' dir='ltr'><strong>licet</strong></span> <span class='ocrx_word' id='word_1_28' title='bbox 454 496 761 566; x_wconf 84' lang='lat' dir='ltr'><strong>quicunque</strong></span> <span class='ocrx_word' id='word_1_29' title='bbox 785 495 851 549; x_wconf 91' lang='lat' dir='ltr'><strong>ad</strong></span> <span class='ocrx_word' id='word_1_30' title='bbox 877 508 1125 564; x_wconf 66' lang='lat' dir='ltr'><strong>superna:</strong></span> <span class='ocrx_word' id='word_1_31' title='bbox 1166 493 1467 548; x_wconf 83' lang='lat' dir='ltr'><strong>mansionis</strong></span> <span class='ocrx_word' id='word_1_32' title='bbox 1494 493 1736 561; x_wconf 84' lang='lat' dir='ltr'><strong>requiem</strong></span> <span class='ocrx_word' id='word_1_33' title='bbox 1768 499 1877 545; x_wconf 89' lang='lat' dir='ltr'><strong>ten-</strong></span> 
     </span>
    </p>
   </div>
   <div class='ocr_carea' id='block_1_6' title="bbox 306 575 1876 658">
    <p class='ocr_par' dir='ltr' id='par_1_6' title="bbox 306 575 1876 658">
     <span class='ocr_line' id='line_1_6' title="bbox 306 575 1876 658; baseline -0.006 -14"><span class='ocrx_word' id='word_1_34' title='bbox 306 575 523 653; x_wconf 84' lang='lat' dir='ltr'><strong>dimus,</strong></span> <span class='ocrx_word' id='word_1_35' title='bbox 571 589 877 658; x_wconf 88' lang='lat' dir='ltr'><strong>quicunque</strong></span> <span class='ocrx_word' id='word_1_36' title='bbox 921 587 1010 656; x_wconf 87' lang='lat' dir='ltr'><strong>pia</strong></span> <span class='ocrx_word' id='word_1_37' title='bbox 1059 585 1412 641; x_wconf 83' lang='lat' dir='ltr'><strong>conversione</strong></span> <span class='ocrx_word' id='word_1_38' title='bbox 1479 584 1544 638; x_wconf 92' lang='lat' dir='ltr'><strong>ad</strong></span> <span class='ocrx_word' id='word_1_39' title='bbox 1594 583 1876 637; x_wconf 86' lang='lat' dir='ltr'><strong>beatorum</strong></span> 
     </span>
    </p>
   </div>
   <div class='ocr_carea' id='block_1_7' title="bbox 307 673 1876 741">
    <p class='ocr_par' dir='ltr' id='par_1_7' title="bbox 307 673 1876 741">
     <span class='ocr_line' id='line_1_7' title="bbox 307 673 1876 741; baseline -0.005 -7"><span class='ocrx_word' id='word_1_40' title='bbox 307 679 641 734; x_wconf 84' lang='lat' dir='ltr'><strong>consortium</strong></span> <span class='ocrx_word' id='word_1_41' title='bbox 692 678 1025 741; x_wconf 84' lang='lat' dir='ltr'><strong>festinamus,</strong></span> <span class='ocrx_word' id='word_1_42' title='bbox 1078 685 1388 731; x_wconf 85' lang='lat' dir='ltr'><strong>sanctorum</strong></span> <span class='ocrx_word' id='word_1_43' title='bbox 1434 675 1574 739; x_wconf 82' lang='lat' dir='ltr'><strong>vias,</strong></span> <span class='ocrx_word' id='word_1_44' title='bbox 1618 673 1728 727; x_wconf 90' lang='lat' dir='ltr'><strong>Deo</strong></span> <span class='ocrx_word' id='word_1_45' title='bbox 1778 687 1876 726; x_wconf 91' lang='lat' dir='ltr'><strong>nos</strong></span> 
     </span>
    </p>
   </div>
   <div class='ocr_carea' id='block_1_8' title="bbox 303 763 1876 840">
    <p class='ocr_par' dir='ltr' id='par_1_8' title="bbox 303 763 1876 840">
     <span class='ocr_line' id='line_1_8' title="bbox 303 763 1876 840; baseline -0.007 -13"><span class='ocrx_word' id='word_1_46' title='bbox 303 770 662 840; x_wconf 59' lang='lat' dir='ltr'><strong>praecedente,</strong></span> <span class='ocrx_word' id='word_1_47' title='bbox 692 775 880 824; x_wconf 90' lang='lat' dir='ltr'><strong>tenere</strong></span> <span class='ocrx_word' id='word_1_48' title='bbox 905 783 1220 838; x_wconf 85' lang='lat' dir='ltr'><strong>possumus;</strong></span> <span class='ocrx_word' id='word_1_49' title='bbox 1265 765 1464 820; x_wconf 81' lang='lat' dir='ltr'><strong>Christi</strong></span> <span class='ocrx_word' id='word_1_50' title='bbox 1492 779 1621 818; x_wconf 91' lang='lat' dir='ltr'><strong>vero</strong></span> <span class='ocrx_word' id='word_1_51' title='bbox 1650 763 1876 832; x_wconf 86' lang='lat' dir='ltr'><strong>vestigia</strong></span> 
     </span>
    </p>
   </div>
   <div class='ocr_carea' id='block_1_9' title="bbox 304 853 1876 932">
    <p class='ocr_par' dir='ltr' id='par_1_9' title="bbox 304 853 1876 932">
     <span class='ocr_line' id='line_1_9' title="bbox 304 853 1876 932; baseline -0.006 -15"><span class='ocrx_word' id='word_1_52' title='bbox 304 861 504 918; x_wconf 88' lang='lat' dir='ltr'><strong>imitari</strong></span> <span class='ocrx_word' id='word_1_53' title='bbox 526 860 763 932; x_wconf 82' lang='lat' dir='ltr'><strong>quidem,</strong></span> <span class='ocrx_word' id='word_1_54' title='bbox 789 859 882 914; x_wconf 90' lang='lat' dir='ltr'><strong>sed</strong></span> <span class='ocrx_word' id='word_1_55' title='bbox 911 859 976 912; x_wconf 89' lang='lat' dir='ltr'><strong>ad</strong></span> <span class='ocrx_word' id='word_1_56' title='bbox 1007 858 1227 928; x_wconf 89' lang='lat' dir='ltr'><strong>plenum</strong></span> <span class='ocrx_word' id='word_1_57' title='bbox 1255 856 1512 926; x_wconf 84' lang='lat' dir='ltr'><strong>consequi</strong></span> <span class='ocrx_word' id='word_1_58' title='bbox 1563 853 1876 909; x_wconf 86' lang='lat' dir='ltr'><strong>omnimodo</strong></span> 
     </span>
    </p>
   </div>
   <div class='ocr_carea' id='block_1_10' title="bbox 303 946 1877 1020">
    <p class='ocr_par' dir='ltr' id='par_1_10' title="bbox 303 946 1877 1020">
     <span class='ocr_line' id='line_1_10' title="bbox 303 946 1877 1020; baseline -0.006 -10"><span class='ocrx_word' id='word_1_59' title='bbox 303 969 412 1010; x_wconf 93' lang='lat' dir='ltr'><strong>non</strong></span> <span class='ocrx_word' id='word_1_60' title='bbox 435 953 695 1010; x_wconf 85' lang='lat' dir='ltr'><strong>valemus.</strong></span> <span class='ocrx_word' id='word_1_61' title='bbox 724 951 802 1006; x_wconf 91' lang='lat' dir='ltr'><strong>llli</strong></span> <span class='ocrx_word' id='word_1_62' title='bbox 828 967 1063 1020; x_wconf 85' lang='lat' dir='ltr'><strong>namque</strong></span> <span class='ocrx_word' id='word_1_63' title='bbox 1092 951 1277 1005; x_wconf 91' lang='lat' dir='ltr'><strong>dicunt</strong></span> <span class='ocrx_word' id='word_1_64' title='bbox 1305 949 1572 1005; x_wconf 84' lang='lat' dir='ltr'><strong>veraciter</strong></span> <span class='ocrx_word' id='word_1_65' title='bbox 1619 946 1877 1002; x_wconf 77' lang='lat' dir='ltr'><strong>confiten-</strong></span> 
     </span>
    </p>
   </div>
   <div class='ocr_carea' id='block_1_11' title="bbox 301 1043 1877 1114">
    <p class='ocr_par' dir='ltr' id='par_1_11' title="bbox 301 1043 1877 1114">
     <span class='ocr_line' id='line_1_11' title="bbox 301 1043 1877 1114; baseline -0.006 -12"><span class='ocrx_word' id='word_1_66' title='bbox 301 1057 385 1103; x_wconf 81' lang='lat' dir='ltr'><strong>tes</strong></span> <span class='ocrx_word' id='word_1_67' title='bbox 410 1063 423 1100; x_wconf 89' lang='lat'><strong>:</strong></span> <span class='ocrx_word' id='word_1_68' title='bbox 454 1045 512 1101; x_wconf 87' lang='lat' dir='ltr'><strong>Si</strong></span> <span class='ocrx_word' id='word_1_69' title='bbox 533 1047 754 1098; x_wconf 77' lang='lat' dir='ltr'><strong>dicimus</strong></span> <span class='ocrx_word' id='word_1_70' title='bbox 783 1045 906 1113; x_wconf 86' lang='lat' dir='ltr'><strong>quia</strong></span> <span class='ocrx_word' id='word_1_71' title='bbox 932 1054 1198 1114; x_wconf 77' lang='lat' dir='ltr'><strong>peccatum</strong></span> <span class='ocrx_word' id='word_1_72' title='bbox 1232 1059 1332 1096; x_wconf 88' lang='lat' dir='ltr'><strong>non</strong></span> <span class='ocrx_word' id='word_1_73' title='bbox 1355 1043 1626 1105; x_wconf 77' lang='lat' dir='ltr'><strong>habemus,</strong></span> <span class='ocrx_word' id='word_1_74' title='bbox 1653 1050 1877 1094; x_wconf 86' lang='lat' dir='ltr'><strong>nosmet-</strong></span> 
     </span>
    </p>
   </div>
   <div class='ocr_carea' id='block_1_12' title="bbox 300 1127 1871 1206">
    <p class='ocr_par' dir='ltr' id='par_1_12' title="bbox 300 1127 1871 1206">
     <span class='ocr_line' id='line_1_12' title="bbox 300 1127 1871 1206; baseline -0.006 -15"><span class='ocrx_word' id='word_1_75' title='bbox 300 1139 437 1206; x_wconf 81' lang='lat' dir='ltr'><strong>ipsos</strong></span> <span class='ocrx_word' id='word_1_76' title='bbox 460 1137 775 1199; x_wconf 84' lang='lat' dir='ltr'><strong>seducimus,</strong></span> <span class='ocrx_word' id='word_1_77' title='bbox 800 1146 846 1188; x_wconf 74' lang='lat' dir='ltr'><strong>et</strong></span> <span class='ocrx_word' id='word_1_78' title='bbox 871 1135 1059 1188; x_wconf 84' lang='lat' dir='ltr'><strong>veritas</strong></span> <span class='ocrx_word' id='word_1_79' title='bbox 1083 1135 1136 1186; x_wconf 90' lang='lat' dir='ltr'><strong>in</strong></span> <span class='ocrx_word' id='word_1_80' title='bbox 1161 1134 1306 1186; x_wconf 88' lang='lat' dir='ltr'><strong>nobis</strong></span> <span class='ocrx_word' id='word_1_81' title='bbox 1332 1148 1433 1185; x_wconf 89' lang='lat' dir='ltr'><strong>non</strong></span> <span class='ocrx_word' id='word_1_82' title='bbox 1455 1141 1527 1185; x_wconf 88' lang='lat' dir='ltr'><strong>est</strong></span> <span class='ocrx_word' id='word_1_83' title='bbox 1555 1131 1606 1200; x_wconf 91' lang='lat' dir='ltr'><strong>(I</strong></span> <span class='ocrx_word' id='word_1_84' title='bbox 1623 1130 1786 1183; x_wconf 84' lang='lat' dir='ltr'><strong>Joan.</strong></span> <span class='ocrx_word' id='word_1_85' title='bbox 1812 1127 1871 1193; x_wconf 88' lang='lat' dir='ltr'><strong>t).</strong></span> 
     </span>
    </p>
   </div>
   <div class='ocr_carea' id='block_1_13' title="bbox 299 1220 1875 1290">
    <p class='ocr_par' dir='ltr' id='par_1_13' title="bbox 299 1220 1875 1290">
     <span class='ocr_line' id='line_1_13' title="bbox 299 1220 1875 1290; baseline -0.007 -8"><span class='ocrx_word' id='word_1_86' title='bbox 299 1228 550 1282; x_wconf 85' lang='lat' dir='ltr'><strong>Christus</strong></span> <span class='ocrx_word' id='word_1_87' title='bbox 578 1241 704 1280; x_wconf 89' lang='lat' dir='ltr'><strong>vero</strong></span> <span class='ocrx_word' id='word_1_88' title='bbox 740 1225 908 1280; x_wconf 84' lang='lat' dir='ltr'><strong>dicit:</strong></span> <span class='ocrx_word' id='word_1_89' title='bbox 943 1222 1094 1277; x_wconf 80' lang='lat' dir='ltr'><strong>Venit</strong></span> <span class='ocrx_word' id='word_1_90' title='bbox 1131 1224 1366 1290; x_wconf 76' lang='lat' dir='ltr'><strong>princeps</strong></span> <span class='ocrx_word' id='word_1_91' title='bbox 1401 1222 1584 1274; x_wconf 82' lang='lat' dir='ltr'><strong>mundi</strong></span> <span class='ocrx_word' id='word_1_92' title='bbox 1617 1220 1794 1288; x_wconf 87' lang='lat' dir='ltr'><strong>hujus,</strong></span> <span class='ocrx_word' id='word_1_93' title='bbox 1825 1227 1875 1272; x_wconf 89' lang='lat' dir='ltr'><strong>et</strong></span> 
     </span>
    </p>
   </div>
   <div class='ocr_carea' id='block_1_14' title="bbox 297 1311 1872 1386">
    <p class='ocr_par' dir='ltr' id='par_1_14' title="bbox 297 1311 1872 1386">
     <span class='ocr_line' id='line_1_14' title="bbox 297 1311 1872 1386; baseline -0.006 -15"><span class='ocrx_word' id='word_1_94' title='bbox 297 1319 353 1371; x_wconf 86' lang='lat' dir='ltr'><strong>in</strong></span> <span class='ocrx_word' id='word_1_95' title='bbox 387 1334 468 1372; x_wconf 87' lang='lat' dir='ltr'><strong>me</strong></span> <span class='ocrx_word' id='word_1_96' title='bbox 502 1334 605 1372; x_wconf 87' lang='lat' dir='ltr'><strong>non</strong></span> <span class='ocrx_word' id='word_1_97' title='bbox 640 1316 789 1370; x_wconf 86' lang='lat' dir='ltr'><strong>habet</strong></span> <span class='ocrx_word' id='word_1_98' title='bbox 820 1315 1102 1386; x_wconf 84' lang='lat' dir='ltr'><strong>quidquam</strong></span> <span class='ocrx_word' id='word_1_99' title='bbox 1144 1313 1326 1383; x_wconf 84' lang='lat' dir='ltr'><strong>(Joan.</strong></span> <span class='ocrx_word' id='word_1_100' title='bbox 1361 1313 1492 1382; x_wconf 79' lang='lat' dir='ltr'><strong>xw).</strong></span> <span class='ocrx_word' id='word_1_101' title='bbox 1535 1311 1678 1365; x_wconf 88' lang='lat' dir='ltr'><strong>Bene</strong></span> <span class='ocrx_word' id='word_1_102' title='bbox 1707 1311 1872 1364; x_wconf 85' lang='lat' dir='ltr'><strong>etiam</strong></span> 
     </span>
    </p>
   </div>
   <div class='ocr_carea' id='block_1_15' title="bbox 298 1403 1872 1480">
    <p class='ocr_par' dir='ltr' id='par_1_15' title="bbox 298 1403 1872 1480">
     <span class='ocr_line' id='line_1_15' title="bbox 298 1403 1872 1480; baseline -0.004 -17"><span class='ocrx_word' id='word_1_103' title='bbox 298 1410 389 1480; x_wconf 90' lang='lat' dir='ltr'><strong>qui</strong></span> <span class='ocrx_word' id='word_1_104' title='bbox 434 1417 727 1480; x_wconf 82' lang='lat' dir='ltr'><strong>martyrem</strong></span> <span class='ocrx_word' id='word_1_105' title='bbox 770 1407 1021 1462; x_wconf 89' lang='lat' dir='ltr'><strong>comitem</strong></span> <span class='ocrx_word' id='word_1_106' title='bbox 1066 1406 1228 1460; x_wconf 82' lang='lat' dir='ltr'><strong>habet</strong></span> <span class='ocrx_word' id='word_1_107' title='bbox 1279 1405 1329 1458; x_wconf 92' lang='lat' dir='ltr'><strong>in</strong></span> <span class='ocrx_word' id='word_1_108' title='bbox 1377 1404 1588 1466; x_wconf 90' lang='lat' dir='ltr'><strong>itinere,</strong></span> <span class='ocrx_word' id='word_1_109' title='bbox 1634 1403 1872 1471; x_wconf 91' lang='lat' dir='ltr'><strong>judicem</strong></span> 
     </span>
    </p>
   </div>
   <div class='ocr_carea' id='block_1_16' title="bbox 299 1487 1872 1570">
    <p class='ocr_par' dir='ltr' id='par_1_16' title="bbox 299 1487 1872 1570">
     <span class='ocr_line' id='line_1_16' title="bbox 299 1487 1872 1570; baseline -0.006 -12"><span class='ocrx_word' id='word_1_110' title='bbox 299 1503 462 1558; x_wconf 88' lang='lat' dir='ltr'><strong>habet</strong></span> <span class='ocrx_word' id='word_1_111' title='bbox 498 1502 712 1567; x_wconf 91' lang='lat' dir='ltr'><strong>ducem,</strong></span> <span class='ocrx_word' id='word_1_112' title='bbox 745 1500 1001 1570; x_wconf 84' lang='lat' dir='ltr'><strong>quoniam</strong></span> <span class='ocrx_word' id='word_1_113' title='bbox 1038 1499 1125 1553; x_wconf 90' lang='lat' dir='ltr'><strong>ille</strong></span> <span class='ocrx_word' id='word_1_114' title='bbox 1154 1498 1419 1567; x_wconf 88' lang='lat' dir='ltr'><strong>Propheta</strong></span> <span class='ocrx_word' id='word_1_115' title='bbox 1449 1487 1619 1566; x_wconf 67' lang='lat'><strong>~508</strong></span> <span class='ocrx_word' id='word_1_116' title='bbox 1661 1504 1744 1550; x_wconf 90' lang='lat' dir='ltr'><strong>est</strong></span> <span class='ocrx_word' id='word_1_117' title='bbox 1785 1494 1872 1550; x_wconf 88' lang='lat' dir='ltr'><strong>cui</strong></span> 
     </span>
    </p>
   </div>
   <div class='ocr_carea' id='block_1_17' title="bbox 296 1587 1870 1664">
    <p class='ocr_par' dir='ltr' id='par_1_17' title="bbox 296 1587 1870 1664">
     <span class='ocr_line' id='line_1_17' title="bbox 296 1587 1870 1664; baseline -0.008 -14"><span class='ocrx_word' id='word_1_118' title='bbox 296 1595 566 1664; x_wconf 89' lang='lat' dir='ltr'><strong>Propheta</strong></span> <span class='ocrx_word' id='word_1_119' title='bbox 605 1593 771 1647; x_wconf 91' lang='lat' dir='ltr'><strong>dicit:</strong></span> <span class='ocrx_word' id='word_1_120' title='bbox 808 1590 1032 1660; x_wconf 84' lang='lat' dir='ltr'><strong>Propter</strong></span> <span class='ocrx_word' id='word_1_121' title='bbox 1070 1606 1255 1644; x_wconf 86' lang='lat' dir='ltr'><strong>nomen</strong></span> <span class='ocrx_word' id='word_1_122' title='bbox 1295 1598 1441 1641; x_wconf 84' lang='lat' dir='ltr'><strong>tuum</strong></span> <span class='ocrx_word' id='word_1_123' title='bbox 1476 1589 1585 1642; x_wconf 80' lang='lat' dir='ltr'><strong>dua:</strong></span> <span class='ocrx_word' id='word_1_124' title='bbox 1613 1587 1740 1640; x_wconf 86' lang='lat' dir='ltr'><strong>mihi</strong></span> <span class='ocrx_word' id='word_1_125' title='bbox 1767 1587 1870 1641; x_wconf 87' lang='lat' dir='ltr'><strong>eris</strong></span> 
     </span>
    </p>
   </div>
   <div class='ocr_carea' id='block_1_18' title="bbox 294 1683 1086 1755">
    <p class='ocr_par' dir='ltr' id='par_1_18' title="bbox 294 1683 1086 1755">
     <span class='ocr_line' id='line_1_18' title="bbox 294 1683 1086 1755; baseline -0.01 -12"><span class='ocrx_word' id='word_1_126' title='bbox 294 1699 344 1743; x_wconf 84' lang='lat' dir='ltr'><strong>et</strong></span> <span class='ocrx_word' id='word_1_127' title='bbox 368 1689 597 1742; x_wconf 83' lang='lat' dir='ltr'><strong>enntries</strong></span> <span class='ocrx_word' id='word_1_128' title='bbox 623 1702 704 1739; x_wconf 90' lang='lat' dir='ltr'><strong>me</strong></span> <span class='ocrx_word' id='word_1_129' title='bbox 735 1683 906 1755; x_wconf 89' lang='lat' dir='ltr'><strong>(Psal.</strong></span> <span class='ocrx_word' id='word_1_130' title='bbox 934 1683 1086 1754; x_wconf 75' lang='lat' dir='ltr'><strong>xxx).</strong></span> 
     </span>
    </p>
   </div>
   <div class='ocr_carea' id='block_1_19' title="bbox 1980 487 3551 565">
    <p class='ocr_par' dir='ltr' id='par_1_19' title="bbox 1980 487 3551 565">
     <span class='ocr_line' id='line_1_19' title="bbox 1980 487 3551 565; baseline 0.005 -23"><span class='ocrx_word' id='word_1_131' title='bbox 1980 487 2223 544; x_wconf 72' lang='lat' dir='ltr'><strong>Proceraa</strong></span> <span class='ocrx_word' id='word_1_132' title='bbox 2271 499 2450 546; x_wconf 90' lang='lat' dir='ltr'><strong>autem</strong></span> <span class='ocrx_word' id='word_1_133' title='bbox 2501 501 2723 548; x_wconf 66' lang='lat' dir='ltr'><strong>staturae</strong></span> <span class='ocrx_word' id='word_1_134' title='bbox 2770 503 2918 557; x_wconf 90' lang='lat' dir='ltr'><strong>erat,</strong></span> <span class='ocrx_word' id='word_1_135' title='bbox 2970 495 3095 565; x_wconf 88' lang='lat' dir='ltr'><strong>quia</strong></span> <span class='ocrx_word' id='word_1_136' title='bbox 3149 495 3439 550; x_wconf 81' lang='lat' dir='ltr'><strong>exsultavit</strong></span> <span class='ocrx_word' id='word_1_137' title='bbox 3492 506 3551 550; x_wconf 88' lang='lat' dir='ltr'><strong>ut</strong></span> 
     </span>
    </p>
   </div>
   <div class='ocr_carea' id='block_1_20' title="bbox 1979 579 3552 656">
    <p class='ocr_par' dir='ltr' id='par_1_20' title="bbox 1979 579 3552 656">
     <span class='ocr_line' id='line_1_20' title="bbox 1979 579 3552 656; baseline 0.008 -26"><span class='ocrx_word' id='word_1_138' title='bbox 1979 579 2127 649; x_wconf 76' lang='lat' dir='ltr'><strong>gigas</strong></span> <span class='ocrx_word' id='word_1_139' title='bbox 2161 580 2226 634; x_wconf 88' lang='lat' dir='ltr'><strong>ad</strong></span> <span class='ocrx_word' id='word_1_140' title='bbox 2259 583 2580 636; x_wconf 88' lang='lat' dir='ltr'><strong>currendam</strong></span> <span class='ocrx_word' id='word_1_141' title='bbox 2610 583 2752 637; x_wconf 90' lang='lat' dir='ltr'><strong>viam</strong></span> <span class='ocrx_word' id='word_1_142' title='bbox 2784 582 2956 654; x_wconf 86' lang='lat' dir='ltr'><strong>(Psal.</strong></span> <span class='ocrx_word' id='word_1_143' title='bbox 2992 584 3170 656; x_wconf 81' lang='lat' dir='ltr'><strong>xvut).</strong></span> <span class='ocrx_word' id='word_1_144' title='bbox 3219 585 3392 654; x_wconf 89' lang='lat' dir='ltr'><strong>Caput</strong></span> <span class='ocrx_word' id='word_1_145' title='bbox 3420 600 3552 642; x_wconf 87' lang='lat' dir='ltr'><strong>vero</strong></span> 
     </span>
    </p>
   </div>
   <div class='ocr_carea' id='block_1_21' title="bbox 1978 672 3550 745">
    <p class='ocr_par' dir='ltr' id='par_1_21' title="bbox 1978 672 3550 745">
     <span class='ocr_line' id='line_1_21' title="bbox 1978 672 3550 745; baseline 0.006 -23"><span class='ocrx_word' id='word_1_146' title='bbox 1978 683 2142 738; x_wconf 88' lang='lat' dir='ltr'><strong>super</strong></span> <span class='ocrx_word' id='word_1_147' title='bbox 2180 672 2351 726; x_wconf 90' lang='lat' dir='ltr'><strong>nubes</strong></span> <span class='ocrx_word' id='word_1_148' title='bbox 2387 672 2686 737; x_wconf 84' lang='lat' dir='ltr'><strong>extulerat,</strong></span> <span class='ocrx_word' id='word_1_149' title='bbox 2727 674 2852 742; x_wconf 89' lang='lat' dir='ltr'><strong>quia</strong></span> <span class='ocrx_word' id='word_1_150' title='bbox 2892 689 2987 743; x_wconf 86' lang='lat' dir='ltr'><strong>per</strong></span> <span class='ocrx_word' id='word_1_151' title='bbox 3028 676 3398 745; x_wconf 89' lang='lat' dir='ltr'><strong>majestatetn,</strong></span> <span class='ocrx_word' id='word_1_152' title='bbox 3428 685 3482 732; x_wconf 91' lang='lat' dir='ltr'><strong>et</strong></span> <span class='ocrx_word' id='word_1_153' title='bbox 3517 694 3550 732; x_wconf 73' lang='grc' dir='ltr'><strong>ει</strong></span> 
     </span>
    </p>
   </div>
   <div class='ocr_carea' id='block_1_22' title="bbox 1977 762 3546 836">
    <p class='ocr_par' dir='ltr' id='par_1_22' title="bbox 1977 762 3546 836">
     <span class='ocr_line' id='line_1_22' title="bbox 1977 762 3546 836; baseline 0.005 -22"><span class='ocrx_word' id='word_1_154' title='bbox 1977 774 2188 815; x_wconf 88' lang='lat' dir='ltr'><strong>summo</strong></span> <span class='ocrx_word' id='word_1_155' title='bbox 2214 762 2351 816; x_wconf 69' lang='lat' dir='ltr'><strong>coelo</strong></span> <span class='ocrx_word' id='word_1_156' title='bbox 2374 763 2612 831; x_wconf 81' lang='lat' dir='ltr'><strong>egressio</strong></span> <span class='ocrx_word' id='word_1_157' title='bbox 2641 762 2774 831; x_wconf 88' lang='lat' dir='ltr'><strong>ejus,</strong></span> <span class='ocrx_word' id='word_1_158' title='bbox 2794 771 2848 818; x_wconf 87' lang='lat' dir='ltr'><strong>et</strong></span> <span class='ocrx_word' id='word_1_159' title='bbox 2864 779 3122 820; x_wconf 91' lang='lat' dir='ltr'><strong>occursus</strong></span> <span class='ocrx_word' id='word_1_160' title='bbox 3148 766 3264 834; x_wconf 89' lang='lat' dir='ltr'><strong>ejus</strong></span> <span class='ocrx_word' id='word_1_161' title='bbox 3288 782 3457 836; x_wconf 90' lang='lat' dir='ltr'><strong>usque</strong></span> <span class='ocrx_word' id='word_1_162' title='bbox 3479 769 3546 822; x_wconf 89' lang='lat' dir='ltr'><strong>ad</strong></span> 
     </span>
    </p>
   </div>
   <div class='ocr_carea' id='block_1_23' title="bbox 1977 855 3544 929">
    <p class='ocr_par' dir='ltr' id='par_1_23' title="bbox 1977 855 3544 929">
     <span class='ocr_line' id='line_1_23' title="bbox 1977 855 3544 929; baseline 0.007 -22"><span class='ocrx_word' id='word_1_163' title='bbox 1977 866 2248 909; x_wconf 88' lang='lat' dir='ltr'><strong>summum</strong></span> <span class='ocrx_word' id='word_1_164' title='bbox 2292 855 2408 923; x_wconf 77' lang='lat' dir='ltr'><strong>ejus</strong></span> <span class='ocrx_word' id='word_1_165' title='bbox 2457 856 2668 929; x_wconf 88' lang='lat' dir='ltr'><strong>(lbid.).</strong></span> <span class='ocrx_word' id='word_1_166' title='bbox 2716 858 2785 912; x_wconf 89' lang='lat' dir='ltr'><strong>Et</strong></span> <span class='ocrx_word' id='word_1_167' title='bbox 2827 861 2975 929; x_wconf 87' lang='lat' dir='ltr'><strong>quia,</strong></span> <span class='ocrx_word' id='word_1_168' title='bbox 3028 862 3169 915; x_wconf 90' lang='lat' dir='ltr'><strong>sicut</strong></span> <span class='ocrx_word' id='word_1_169' title='bbox 3198 861 3397 918; x_wconf 83' lang='lat' dir='ltr'><strong>Paulus</strong></span> <span class='ocrx_word' id='word_1_170' title='bbox 3440 865 3544 918; x_wconf 88' lang='lat' dir='ltr'><strong>ait:</strong></span> 
     </span>
    </p>
   </div>
   <div class='ocr_carea' id='block_1_24' title="bbox 1975 940 3550 1024">
    <p class='ocr_par' dir='ltr' id='par_1_24' title="bbox 1975 940 3550 1024">
     <span class='ocr_line' id='line_1_24' title="bbox 1975 940 3550 1024; baseline 0.008 -29"><span class='ocrx_word' id='word_1_171' title='bbox 1975 940 2144 1011; x_wconf 79' lang='lat' dir='ltr'><strong>Caput</strong></span> <span class='ocrx_word' id='word_1_172' title='bbox 2165 943 2360 998; x_wconf 76' lang='lat' dir='ltr'><strong>Christi</strong></span> <span class='ocrx_word' id='word_1_173' title='bbox 2381 955 2452 999; x_wconf 90' lang='lat' dir='ltr'><strong>est</strong></span> <span class='ocrx_word' id='word_1_174' title='bbox 2469 946 2607 1000; x_wconf 83' lang='lat' dir='ltr'><strong>Deus</strong></span> <span class='ocrx_word' id='word_1_175' title='bbox 2631 947 2681 1015; x_wconf 93' lang='lat' dir='ltr'><strong>(I</strong></span> <span class='ocrx_word' id='word_1_176' title='bbox 2697 947 2818 1002; x_wconf 82' lang='lat' dir='ltr'><strong>Cor.</strong></span> <span class='ocrx_word' id='word_1_177' title='bbox 2847 951 2942 1019; x_wconf 74' lang='grc' dir='ltr'><strong>χι),</strong></span> <span class='ocrx_word' id='word_1_178' title='bbox 2970 951 3216 1006; x_wconf 83' lang='lat' dir='ltr'><strong>Christus</strong></span> <span class='ocrx_word' id='word_1_179' title='bbox 3239 968 3365 1006; x_wconf 84' lang='lat' dir='ltr'><strong>vero</strong></span> <span class='ocrx_word' id='word_1_180' title='bbox 3387 964 3550 1024; x_wconf 88' lang='lat' dir='ltr'><strong>caput</strong></span> 
     </span>
    </p>
   </div>
   <div class='ocr_carea' id='block_1_25' title="bbox 1976 1034 3551 1112">
    <p class='ocr_par' dir='ltr' id='par_1_25' title="bbox 1976 1034 3551 1112">
     <span class='ocr_line' id='line_1_25' title="bbox 1976 1034 3551 1112; baseline 0.01 -29"><span class='ocrx_word' id='word_1_181' title='bbox 1976 1039 2057 1084; x_wconf 88' lang='lat' dir='ltr'><strong>est</strong></span> <span class='ocrx_word' id='word_1_182' title='bbox 2085 1034 2328 1100; x_wconf 91' lang='lat' dir='ltr'><strong>corporis</strong></span> <span class='ocrx_word' id='word_1_183' title='bbox 2357 1036 2470 1088; x_wconf 92' lang='lat' dir='ltr'><strong>suis</strong></span> <span class='ocrx_word' id='word_1_184' title='bbox 2523 1037 2667 1104; x_wconf 89' lang='lat' dir='ltr'><strong>quod</strong></span> <span class='ocrx_word' id='word_1_185' title='bbox 2693 1045 2776 1092; x_wconf 91' lang='lat' dir='ltr'><strong>est</strong></span> <span class='ocrx_word' id='word_1_186' title='bbox 2801 1038 3060 1094; x_wconf 82' lang='lat' dir='ltr'><strong>Ecclesia.</strong></span> <span class='ocrx_word' id='word_1_187' title='bbox 3108 1041 3172 1095; x_wconf 87' lang='lat' dir='ltr'><strong>Et</strong></span> <span class='ocrx_word' id='word_1_188' title='bbox 3199 1053 3360 1112; x_wconf 87' lang='lat' dir='ltr'><strong>caput</strong></span> <span class='ocrx_word' id='word_1_189' title='bbox 3399 1056 3551 1098; x_wconf 84' lang='lat' dir='ltr'><strong>extu-</strong></span> 
     </span>
    </p>
   </div>
   <div class='ocr_carea' id='block_1_26' title="bbox 1975 1117 3545 1201">
    <p class='ocr_par' dir='ltr' id='par_1_26' title="bbox 1975 1117 3545 1201">
     <span class='ocr_line' id='line_1_26' title="bbox 1975 1117 3545 1201; baseline 0.013 -32"><span class='ocrx_word' id='word_1_190' title='bbox 1975 1117 2113 1173; x_wconf 89' lang='lat' dir='ltr'><strong>lerat</strong></span> <span class='ocrx_word' id='word_1_191' title='bbox 2147 1136 2310 1190; x_wconf 89' lang='lat' dir='ltr'><strong>super</strong></span> <span class='ocrx_word' id='word_1_192' title='bbox 2346 1125 2536 1189; x_wconf 91' lang='lat' dir='ltr'><strong>nubes,</strong></span> <span class='ocrx_word' id='word_1_193' title='bbox 2571 1125 2696 1194; x_wconf 91' lang='lat' dir='ltr'><strong>quia</strong></span> <span class='ocrx_word' id='word_1_194' title='bbox 2725 1141 2820 1196; x_wconf 85' lang='lat' dir='ltr'><strong>per</strong></span> <span class='ocrx_word' id='word_1_195' title='bbox 2849 1128 3184 1196; x_wconf 88' lang='lat' dir='ltr'><strong>majestatem</strong></span> <span class='ocrx_word' id='word_1_196' title='bbox 3226 1134 3545 1201; x_wconf 66' lang='lat' dir='ltr'><strong>divinitatis,</strong></span> 
     </span>
    </p>
   </div>
   <div class='ocr_carea' id='block_1_27' title="bbox 1973 1215 3550 1295">
    <p class='ocr_par' dir='ltr' id='par_1_27' title="bbox 1973 1215 3550 1295">
     <span class='ocr_line' id='line_1_27' title="bbox 1973 1215 3550 1295; baseline 0.013 -36"><span class='ocrx_word' id='word_1_197' title='bbox 1973 1222 2079 1292; x_wconf 81' lang='lat' dir='ltr'><strong>qua</strong></span> <span class='ocrx_word' id='word_1_198' title='bbox 2102 1225 2266 1264; x_wconf 92' lang='lat' dir='ltr'><strong>unum</strong></span> <span class='ocrx_word' id='word_1_199' title='bbox 2289 1227 2502 1282; x_wconf 88' lang='lat' dir='ltr'><strong>semper</strong></span> <span class='ocrx_word' id='word_1_200' title='bbox 2523 1229 2643 1268; x_wconf 88' lang='lat' dir='ltr'><strong>cum</strong></span> <span class='ocrx_word' id='word_1_201' title='bbox 2666 1215 2826 1293; x_wconf 78' lang='lat' dir='ltr'><strong>Patre</strong></span> <span class='ocrx_word' id='word_1_202' title='bbox 2848 1228 2950 1284; x_wconf 91' lang='lat' dir='ltr'><strong>est,</strong></span> <span class='ocrx_word' id='word_1_203' title='bbox 2974 1235 3095 1274; x_wconf 90' lang='lat' dir='ltr'><strong>cum</strong></span> <span class='ocrx_word' id='word_1_204' title='bbox 3120 1223 3231 1291; x_wconf 88' lang='lat' dir='ltr'><strong>ipsa</strong></span> <span class='ocrx_word' id='word_1_205' title='bbox 3261 1235 3550 1295; x_wconf 74' lang='lat' dir='ltr'><strong>assumpta:</strong></span> 
     </span>
    </p>
   </div>
   <div class='ocr_carea' id='block_1_28' title="bbox 1975 1297 3548 1385">
    <p class='ocr_par' dir='ltr' id='par_1_28' title="bbox 1975 1297 3548 1385">
     <span class='ocr_line' id='line_1_28' title="bbox 1975 1297 3548 1385; baseline 0.015 -35"><span class='ocrx_word' id='word_1_206' title='bbox 1975 1297 2329 1356; x_wconf 88' lang='lat' dir='ltr'><strong>humanitatis</strong></span> <span class='ocrx_word' id='word_1_207' title='bbox 2381 1304 2680 1360; x_wconf 88' lang='lat' dir='ltr'><strong>substantia</strong></span> <span class='ocrx_word' id='word_1_208' title='bbox 2721 1309 2775 1362; x_wconf 89' lang='lat' dir='ltr'><strong>in</strong></span> <span class='ocrx_word' id='word_1_209' title='bbox 2802 1310 2940 1364; x_wconf 64' lang='lat' dir='ltr'><strong>caelo</strong></span> <span class='ocrx_word' id='word_1_210' title='bbox 2991 1328 3112 1366; x_wconf 90' lang='lat' dir='ltr'><strong>cum</strong></span> <span class='ocrx_word' id='word_1_211' title='bbox 3160 1329 3226 1368; x_wconf 92' lang='lat' dir='ltr'><strong>eo</strong></span> <span class='ocrx_word' id='word_1_212' title='bbox 3266 1316 3548 1385; x_wconf 81' lang='lat' dir='ltr'><strong>aequaliter</strong></span> 
     </span>
    </p>
   </div>
   <div class='ocr_carea' id='block_1_29' title="bbox 1973 1391 3550 1474">
    <p class='ocr_par' dir='ltr' id='par_1_29' title="bbox 1973 1391 3550 1474">
     <span class='ocr_line' id='line_1_29' title="bbox 1973 1391 3550 1474; baseline 0.013 -31"><span class='ocrx_word' id='word_1_213' title='bbox 1973 1400 2180 1461; x_wconf 82' lang='lat' dir='ltr'><strong>regnat.</strong></span> <span class='ocrx_word' id='word_1_214' title='bbox 2215 1391 2322 1448; x_wconf 88' lang='lat' dir='ltr'><strong>Sed</strong></span> <span class='ocrx_word' id='word_1_215' title='bbox 2360 1394 2485 1450; x_wconf 90' lang='lat' dir='ltr'><strong>licet</strong></span> <span class='ocrx_word' id='word_1_216' title='bbox 2521 1409 2682 1467; x_wconf 89' lang='lat' dir='ltr'><strong>caput</strong></span> <span class='ocrx_word' id='word_1_217' title='bbox 2723 1414 2888 1470; x_wconf 87' lang='lat' dir='ltr'><strong>super</strong></span> <span class='ocrx_word' id='word_1_218' title='bbox 2918 1404 3086 1458; x_wconf 91' lang='lat' dir='ltr'><strong>nubes</strong></span> <span class='ocrx_word' id='word_1_219' title='bbox 3107 1405 3376 1474; x_wconf 88' lang='lat' dir='ltr'><strong>elevetur,</strong></span> <span class='ocrx_word' id='word_1_220' title='bbox 3430 1426 3550 1464; x_wconf 89' lang='lat' dir='ltr'><strong>cor-</strong></span> 
     </span>
    </p>
   </div>
   <div class='ocr_carea' id='block_1_30' title="bbox 1972 1486 3546 1564">
    <p class='ocr_par' dir='ltr' id='par_1_30' title="bbox 1972 1486 3546 1564">
     <span class='ocr_line' id='line_1_30' title="bbox 1972 1486 3546 1564; baseline 0.013 -29"><span class='ocrx_word' id='word_1_221' title='bbox 1972 1499 2072 1553; x_wconf 89' lang='lat' dir='ltr'><strong>pus</strong></span> <span class='ocrx_word' id='word_1_222' title='bbox 2105 1492 2283 1539; x_wconf 91' lang='lat' dir='ltr'><strong>tameu</strong></span> <span class='ocrx_word' id='word_1_223' title='bbox 2310 1486 2363 1539; x_wconf 88' lang='lat' dir='ltr'><strong>iu</strong></span> <span class='ocrx_word' id='word_1_224' title='bbox 2396 1488 2557 1543; x_wconf 89' lang='lat' dir='ltr'><strong>terris</strong></span> <span class='ocrx_word' id='word_1_225' title='bbox 2577 1492 2942 1560; x_wconf 86' lang='lat' dir='ltr'><strong>conspicitur;</strong></span> <span class='ocrx_word' id='word_1_226' title='bbox 2977 1496 3103 1564; x_wconf 88' lang='lat' dir='ltr'><strong>quia</strong></span> <span class='ocrx_word' id='word_1_227' title='bbox 3133 1499 3303 1551; x_wconf 87' lang='lat' dir='ltr'><strong>sancti</strong></span> <span class='ocrx_word' id='word_1_228' title='bbox 3334 1514 3546 1564; x_wconf 86' lang='lat' dir='ltr'><strong>omnes,</strong></span> 
     </span>
    </p>
   </div>
   <div class='ocr_carea' id='block_1_31' title="bbox 1971 1574 3546 1651">
    <p class='ocr_par' dir='ltr' id='par_1_31' title="bbox 1971 1574 3546 1651">
     <span class='ocr_line' id='line_1_31' title="bbox 1971 1574 3546 1651; baseline 0.013 -25"><span class='ocrx_word' id='word_1_229' title='bbox 1971 1574 2063 1643; x_wconf 92' lang='lat' dir='ltr'><strong>qui</strong></span> <span class='ocrx_word' id='word_1_230' title='bbox 2095 1589 2294 1645; x_wconf 89' lang='lat' dir='ltr'><strong>corpus</strong></span> <span class='ocrx_word' id='word_1_231' title='bbox 2333 1587 2458 1631; x_wconf 93' lang='lat' dir='ltr'><strong>sunt</strong></span> <span class='ocrx_word' id='word_1_232' title='bbox 2488 1578 2886 1651; x_wconf 89' lang='lat' dir='ltr'><strong>Redemptoris,</strong></span> <span class='ocrx_word' id='word_1_233' title='bbox 2927 1585 3098 1640; x_wconf 89' lang='lat' dir='ltr'><strong>donec</strong></span> <span class='ocrx_word' id='word_1_234' title='bbox 3140 1589 3282 1644; x_wconf 87' lang='lat' dir='ltr'><strong>hanc</strong></span> <span class='ocrx_word' id='word_1_235' title='bbox 3325 1605 3546 1646; x_wconf 87' lang='lat' dir='ltr'><strong>carnem</strong></span> 
     </span>
    </p>
   </div>
   <div class='ocr_carea' id='block_1_32' title="bbox 1969 1670 3550 1738">
    <p class='ocr_par' dir='ltr' id='par_1_32' title="bbox 1969 1670 3550 1738">
     <span class='ocr_line' id='line_1_32' title="bbox 1969 1670 3550 1738; baseline 0.013 -19"><span class='ocrx_word' id='word_1_236' title='bbox 1969 1677 2210 1736; x_wconf 88' lang='lat' dir='ltr'><strong>portant,</strong></span> <span class='ocrx_word' id='word_1_237' title='bbox 2244 1683 2341 1738; x_wconf 90' lang='lat' dir='ltr'><strong>per</strong></span> <span class='ocrx_word' id='word_1_238' title='bbox 2366 1670 2728 1726; x_wconf 87' lang='lat' dir='ltr'><strong>conditionem</strong></span> <span class='ocrx_word' id='word_1_239' title='bbox 2758 1676 3102 1732; x_wconf 88' lang='lat' dir='ltr'><strong>mortalitatis</strong></span> <span class='ocrx_word' id='word_1_240' title='bbox 3135 1679 3189 1733; x_wconf 91' lang='lat' dir='ltr'><strong>in</strong></span> <span class='ocrx_word' id='word_1_241' title='bbox 3223 1690 3370 1736; x_wconf 82' lang='lat' dir='ltr'><strong>terra</strong></span> <span class='ocrx_word' id='word_1_242' title='bbox 3399 1699 3550 1738; x_wconf 84' lang='lat' dir='ltr'><strong>com-</strong></span> 
     </span>
    </p>
   </div>
   <div class='ocr_carea' id='block_1_33' title="bbox 365 1755 3547 1847">
    <p class='ocr_par' dir='ltr' id='par_1_33' title="bbox 365 1755 3547 1847">
     <span class='ocr_line' id='line_1_33' title="bbox 365 1755 3547 1847; baseline -0.001 -14"><span class='ocrx_word' id='word_1_243' title='bbox 365 1780 517 1847; x_wconf 85' lang='lat' dir='ltr'><strong>Quod</strong></span> <span class='ocrx_word' id='word_1_244' title='bbox 549 1787 726 1833; x_wconf 89' lang='lat' dir='ltr'><strong>autem</strong></span> <span class='ocrx_word' id='word_1_245' title='bbox 752 1778 828 1830; x_wconf 89' lang='lat' dir='ltr'><strong>ait</strong></span> <span class='ocrx_word' id='word_1_246' title='bbox 852 1793 864 1828; x_wconf 91' lang='lat'><strong>:</strong></span> <span class='ocrx_word' id='word_1_247' title='bbox 892 1775 999 1828; x_wconf 83' lang='lat' dir='ltr'><strong>Iter</strong></span> <span class='ocrx_word' id='word_1_248' title='bbox 1028 1776 1176 1828; x_wconf 86' lang='lat' dir='ltr'><strong>nobis</strong></span> <span class='ocrx_word' id='word_1_249' title='bbox 1209 1784 1322 1828; x_wconf 88' lang='lat' dir='ltr'><strong>erat</strong></span> <span class='ocrx_word' id='word_1_250' title='bbox 1349 1791 1442 1844; x_wconf 89' lang='lat' dir='ltr'><strong>per</strong></span> <span class='ocrx_word' id='word_1_251' title='bbox 1467 1783 1706 1843; x_wconf 81' lang='lat' dir='ltr'><strong>pratum;</strong></span> <span class='ocrx_word' id='word_1_252' title='bbox 1743 1773 1872 1842; x_wconf 91' lang='lat' dir='ltr'><strong>quid</strong></span> <span class='ocrx_word' id='word_1_253' title='bbox 1901 1755 1949 1815; x_wconf 77' lang='grc' dir='ltr'><strong>Β</strong></span> <span class='ocrx_word' id='word_1_254' title='bbox 1976 1767 2275 1847; x_wconf 57' lang='grc' dir='ltr'><strong>ξἾίξτῖίηίυικ</strong></span> <span class='ocrx_word' id='word_1_255' title='bbox 2325 1761 2572 1827; x_wconf 71' lang='lat' dir='ltr'><strong>qllamVis</strong></span> <span class='ocrx_word' id='word_1_256' title='bbox 2597 1777 2694 1831; x_wconf 90' lang='lat' dir='ltr'><strong>per</strong></span> <span class='ocrx_word' id='word_1_257' title='bbox 2724 1763 3031 1821; x_wconf 89' lang='lat' dir='ltr'><strong>libertatem</strong></span> <span class='ocrx_word' id='word_1_258' title='bbox 3079 1771 3300 1838; x_wconf 86' lang='lat' dir='ltr'><strong>spiritus</strong></span> <span class='ocrx_word' id='word_1_259' title='bbox 3327 1773 3379 1828; x_wconf 93' lang='lat' dir='ltr'><strong>in</strong></span> <span class='ocrx_word' id='word_1_260' title='bbox 3407 1775 3547 1831; x_wconf 67' lang='lat' dir='ltr'><strong>caelo</strong></span> 
     </span>
    </p>
   </div>
   <div class='ocr_carea' id='block_1_34' title="bbox 293 1863 1878 1940">
    <p class='ocr_par' dir='ltr' id='par_1_34' title="bbox 293 1863 1878 1940">
     <span class='ocr_line' id='line_1_34' title="bbox 293 1863 1878 1940; baseline -0.006 -16"><span class='ocrx_word' id='word_1_261' title='bbox 293 1885 390 1938; x_wconf 89' lang='lat' dir='ltr'><strong>per</strong></span> <span class='ocrx_word' id='word_1_262' title='bbox 419 1878 653 1940; x_wconf 89' lang='lat' dir='ltr'><strong>pratum,</strong></span> <span class='ocrx_word' id='word_1_263' title='bbox 685 1867 829 1936; x_wconf 88' lang='lat' dir='ltr'><strong>quod</strong></span> <span class='ocrx_word' id='word_1_264' title='bbox 870 1883 994 1936; x_wconf 86' lang='lat' dir='ltr'><strong>ager</strong></span> <span class='ocrx_word' id='word_1_265' title='bbox 1023 1866 1239 1930; x_wconf 71' lang='lat' dir='ltr'><strong>dicitur,</strong></span> <span class='ocrx_word' id='word_1_266' title='bbox 1275 1864 1376 1918; x_wconf 89' lang='lat' dir='ltr'><strong>nisi</strong></span> <span class='ocrx_word' id='word_1_267' title='bbox 1411 1863 1640 1918; x_wconf 87' lang='lat' dir='ltr'><strong>mundus</strong></span> <span class='ocrx_word' id='word_1_268' title='bbox 1669 1863 1756 1916; x_wconf 89' lang='lat' dir='ltr'><strong>hic</strong></span> <span class='ocrx_word' id='word_1_269' title='bbox 1785 1863 1878 1915; x_wconf 86' lang='lat' dir='ltr'><strong>de-</strong></span> 
     </span>
    </p>
   </div>
   <div class='ocr_carea' id='block_1_35' title="bbox 294 1952 1876 2031">
    <p class='ocr_par' dir='ltr' id='par_1_35' title="bbox 294 1952 1876 2031">
     <span class='ocr_line' id='line_1_35' title="bbox 294 1952 1876 2031; baseline -0.006 -16"><span class='ocrx_word' id='word_1_270' title='bbox 294 1960 584 2031; x_wconf 81' lang='lat' dir='ltr'><strong>signatur?</strong></span> <span class='ocrx_word' id='word_1_271' title='bbox 617 1958 782 2013; x_wconf 78' lang='lat' dir='ltr'><strong>Recte</strong></span> <span class='ocrx_word' id='word_1_272' title='bbox 825 1972 953 2027; x_wconf 86' lang='lat' dir='ltr'><strong>ergo</strong></span> <span class='ocrx_word' id='word_1_273' title='bbox 1001 1972 1106 2010; x_wconf 92' lang='lat' dir='ltr'><strong>non</strong></span> <span class='ocrx_word' id='word_1_274' title='bbox 1148 1955 1421 2010; x_wconf 85' lang='lat' dir='ltr'><strong>mansisse</strong></span> <span class='ocrx_word' id='word_1_275' title='bbox 1473 1952 1526 2008; x_wconf 88' lang='lat' dir='ltr'><strong>itt</strong></span> <span class='ocrx_word' id='word_1_276' title='bbox 1553 1963 1740 2023; x_wconf 86' lang='lat' dir='ltr'><strong>prato,</strong></span> <span class='ocrx_word' id='word_1_277' title='bbox 1783 1953 1876 2007; x_wconf 91' lang='lat' dir='ltr'><strong>sed</strong></span> 
     </span>
    </p>
   </div>
   <div class='ocr_carea' id='block_1_36' title="bbox 297 2046 1875 2120">
    <p class='ocr_par' dir='ltr' id='par_1_36' title="bbox 297 2046 1875 2120">
     <span class='ocr_line' id='line_1_36' title="bbox 297 2046 1875 2120; baseline -0.005 -15"><span class='ocrx_word' id='word_1_278' title='bbox 297 2052 404 2106; x_wconf 87' lang='lat' dir='ltr'><strong>iter</strong></span> <span class='ocrx_word' id='word_1_279' title='bbox 436 2049 692 2106; x_wconf 90' lang='lat' dir='ltr'><strong>habuisse</strong></span> <span class='ocrx_word' id='word_1_280' title='bbox 717 2065 814 2120; x_wconf 88' lang='lat' dir='ltr'><strong>per</strong></span> <span class='ocrx_word' id='word_1_281' title='bbox 838 2057 1053 2118; x_wconf 89' lang='lat' dir='ltr'><strong>pratum</strong></span> <span class='ocrx_word' id='word_1_282' title='bbox 1103 2047 1318 2110; x_wconf 90' lang='lat' dir='ltr'><strong>dicitur,</strong></span> <span class='ocrx_word' id='word_1_283' title='bbox 1352 2047 1441 2116; x_wconf 90' lang='lat' dir='ltr'><strong>qui</strong></span> <span class='ocrx_word' id='word_1_284' title='bbox 1477 2046 1756 2098; x_wconf 87' lang='lat' dir='ltr'><strong>Dominum</strong></span> <span class='ocrx_word' id='word_1_285' title='bbox 1789 2058 1875 2098; x_wconf 84' lang='lat' dir='ltr'><strong>se-</strong></span> 
     </span>
    </p>
   </div>
   <div class='ocr_carea' id='block_1_37' title="bbox 293 2135 1875 2212">
    <p class='ocr_par' dir='ltr' id='par_1_37' title="bbox 293 2135 1875 2212">
     <span class='ocr_line' id='line_1_37' title="bbox 293 2135 1875 2212; baseline -0.004 -16"><span class='ocrx_word' id='word_1_286' title='bbox 293 2142 585 2212; x_wconf 86' lang='lat' dir='ltr'><strong>quebatur,</strong></span> <span class='ocrx_word' id='word_1_287' title='bbox 611 2142 737 2211; x_wconf 88' lang='lat' dir='ltr'><strong>quia</strong></span> <span class='ocrx_word' id='word_1_288' title='bbox 770 2140 1024 2194; x_wconf 84' lang='lat' dir='ltr'><strong>nimirum</strong></span> <span class='ocrx_word' id='word_1_289' title='bbox 1063 2141 1371 2209; x_wconf 87' lang='lat' dir='ltr'><strong>quicunque</strong></span> <span class='ocrx_word' id='word_1_290' title='bbox 1398 2138 1462 2192; x_wconf 88' lang='lat' dir='ltr'><strong>ad</strong></span> <span class='ocrx_word' id='word_1_291' title='bbox 1494 2135 1635 2192; x_wconf 88' lang='lat' dir='ltr'><strong>illam</strong></span> <span class='ocrx_word' id='word_1_292' title='bbox 1665 2136 1875 2190; x_wconf 83' lang='lat' dir='ltr'><strong>deside-</strong></span> 
     </span>
    </p>
   </div>
   <div class='ocr_carea' id='block_1_38' title="bbox 297 2227 1872 2298">
    <p class='ocr_par' dir='ltr' id='par_1_38' title="bbox 297 2227 1872 2298">
     <span class='ocr_line' id='line_1_38' title="bbox 297 2227 1872 2298; baseline -0.006 -11"><span class='ocrx_word' id='word_1_293' title='bbox 297 2233 524 2287; x_wconf 90' lang='lat' dir='ltr'><strong>rabilem</strong></span> <span class='ocrx_word' id='word_1_294' title='bbox 552 2232 828 2288; x_wconf 88' lang='lat' dir='ltr'><strong>civitatem</strong></span> <span class='ocrx_word' id='word_1_295' title='bbox 860 2230 1194 2285; x_wconf 83' lang='lat' dir='ltr'><strong>Hierusalem</strong></span> <span class='ocrx_word' id='word_1_296' title='bbox 1225 2230 1499 2283; x_wconf 59' lang='lat' dir='ltr'><strong>caelestem</strong></span> <span class='ocrx_word' id='word_1_297' title='bbox 1531 2228 1786 2298; x_wconf 86' lang='lat' dir='ltr'><strong>pertinet,</strong></span> <span class='ocrx_word' id='word_1_298' title='bbox 1819 2227 1872 2279; x_wconf 92' lang='lat' dir='ltr'><strong>in</strong></span> 
     </span>
    </p>
   </div>
   <div class='ocr_carea' id='block_1_39' title="bbox 294 2318 1872 2386">
    <p class='ocr_par' dir='ltr' id='par_1_39' title="bbox 294 2318 1872 2386">
     <span class='ocr_line' id='line_1_39' title="bbox 294 2318 1872 2386; baseline -0.005 -6"><span class='ocrx_word' id='word_1_299' title='bbox 294 2326 400 2381; x_wconf 89' lang='lat' dir='ltr'><strong>hoc</strong></span> <span class='ocrx_word' id='word_1_300' title='bbox 428 2326 627 2380; x_wconf 92' lang='lat' dir='ltr'><strong>mundo</strong></span> <span class='ocrx_word' id='word_1_301' title='bbox 656 2340 762 2379; x_wconf 92' lang='lat' dir='ltr'><strong>non</strong></span> <span class='ocrx_word' id='word_1_302' title='bbox 793 2323 1208 2386; x_wconf 89' lang='lat' dir='ltr'><strong>habitationem,</strong></span> <span class='ocrx_word' id='word_1_303' title='bbox 1259 2321 1352 2377; x_wconf 86' lang='lat' dir='ltr'><strong>sed</strong></span> <span class='ocrx_word' id='word_1_304' title='bbox 1402 2322 1505 2374; x_wconf 86' lang='lat' dir='ltr'><strong>iter</strong></span> <span class='ocrx_word' id='word_1_305' title='bbox 1540 2321 1721 2373; x_wconf 91' lang='lat' dir='ltr'><strong>habet.</strong></span> <span class='ocrx_word' id='word_1_306' title='bbox 1766 2318 1872 2372; x_wconf 88' lang='lat' dir='ltr'><strong>Sed</strong></span> 
     </span>
    </p>
   </div>
   <div class='ocr_carea' id='block_1_40' title="bbox 293 2412 1872 2486">
    <p class='ocr_par' dir='ltr' id='par_1_40' title="bbox 293 2412 1872 2486">
     <span class='ocr_line' id='line_1_40' title="bbox 293 2412 1872 2486; baseline -0.004 -17"><span class='ocrx_word' id='word_1_307' title='bbox 293 2417 425 2486; x_wconf 89' lang='lat' dir='ltr'><strong>quid</strong></span> <span class='ocrx_word' id='word_1_308' title='bbox 454 2425 538 2472; x_wconf 87' lang='lat' dir='ltr'><strong>est</strong></span> <span class='ocrx_word' id='word_1_309' title='bbox 566 2417 708 2486; x_wconf 89' lang='lat' dir='ltr'><strong>quod</strong></span> <span class='ocrx_word' id='word_1_310' title='bbox 756 2430 854 2485; x_wconf 90' lang='lat' dir='ltr'><strong>per</strong></span> <span class='ocrx_word' id='word_1_311' title='bbox 878 2423 1091 2484; x_wconf 88' lang='lat' dir='ltr'><strong>pratum</strong></span> <span class='ocrx_word' id='word_1_312' title='bbox 1129 2415 1233 2468; x_wconf 89' lang='lat' dir='ltr'><strong>iter</strong></span> <span class='ocrx_word' id='word_1_313' title='bbox 1275 2412 1526 2467; x_wconf 90' lang='lat' dir='ltr'><strong>habuisse</strong></span> <span class='ocrx_word' id='word_1_314' title='bbox 1571 2412 1787 2475; x_wconf 69' lang='lat' dir='ltr'><strong>dicitur.</strong></span> <span class='ocrx_word' id='word_1_315' title='bbox 1819 2419 1872 2463; x_wconf 91' lang='lat' dir='ltr'><strong>et</strong></span> 
     </span>
    </p>
   </div>
   <div class='ocr_carea' id='block_1_41' title="bbox 292 2504 1870 2574">
    <p class='ocr_par' dir='ltr' id='par_1_41' title="bbox 292 2504 1870 2574">
     <span class='ocr_line' id='line_1_41' title="bbox 292 2504 1870 2574; baseline -0.006 -10"><span class='ocrx_word' id='word_1_316' title='bbox 292 2525 400 2564; x_wconf 92' lang='lat' dir='ltr'><strong>non</strong></span> <span class='ocrx_word' id='word_1_317' title='bbox 429 2510 632 2574; x_wconf 87' lang='lat' dir='ltr'><strong>l‘enum,</strong></span> <span class='ocrx_word' id='word_1_318' title='bbox 667 2509 759 2565; x_wconf 89' lang='lat' dir='ltr'><strong>sed</strong></span> <span class='ocrx_word' id='word_1_319' title='bbox 786 2508 1030 2563; x_wconf 85' lang='lat' dir='ltr'><strong>excelsas</strong></span> <span class='ocrx_word' id='word_1_320' title='bbox 1057 2508 1300 2570; x_wconf 86' lang='lat' dir='ltr'><strong>arbores,</strong></span> <span class='ocrx_word' id='word_1_321' title='bbox 1331 2513 1387 2560; x_wconf 92' lang='lat' dir='ltr'><strong>et</strong></span> <span class='ocrx_word' id='word_1_322' title='bbox 1417 2505 1669 2559; x_wconf 89' lang='lat' dir='ltr'><strong>ordinate</strong></span> <span class='ocrx_word' id='word_1_323' title='bbox 1700 2504 1870 2572; x_wconf 88' lang='lat' dir='ltr'><strong>dispo-</strong></span> 
     </span>
    </p>
   </div>
   <div class='ocr_carea' id='block_1_42' title="bbox 290 2595 1868 2669">
    <p class='ocr_par' dir='ltr' id='par_1_42' title="bbox 290 2595 1868 2669">
     <span class='ocr_line' id='line_1_42' title="bbox 290 2595 1868 2669; baseline -0.004 -15"><span class='ocrx_word' id='word_1_324' title='bbox 290 2601 426 2655; x_wconf 85' lang='lat' dir='ltr'><strong>sitas</strong></span> <span class='ocrx_word' id='word_1_325' title='bbox 464 2601 660 2656; x_wconf 90' lang='lat' dir='ltr'><strong>ibidem</strong></span> <span class='ocrx_word' id='word_1_326' title='bbox 711 2600 910 2655; x_wconf 91' lang='lat' dir='ltr'><strong>vidisse</strong></span> <span class='ocrx_word' id='word_1_327' title='bbox 941 2598 1304 2669; x_wconf 84' lang='lat' dir='ltr'><strong>perhibetur?</strong></span> <span class='ocrx_word' id='word_1_328' title='bbox 1345 2597 1484 2663; x_wconf 87' lang='lat' dir='ltr'><strong>Quid</strong></span> <span class='ocrx_word' id='word_1_329' title='bbox 1513 2595 1744 2664; x_wconf 91' lang='lat' dir='ltr'><strong>denique</strong></span> <span class='ocrx_word' id='word_1_330' title='bbox 1772 2608 1868 2663; x_wconf 88' lang='lat' dir='ltr'><strong>per</strong></span> 
     </span>
    </p>
   </div>
   <div class='ocr_carea' id='block_1_43' title="bbox 292 2687 1866 2758">
    <p class='ocr_par' dir='ltr' id='par_1_43' title="bbox 292 2687 1866 2758">
     <span class='ocr_line' id='line_1_43' title="bbox 292 2687 1866 2758; baseline -0.006 -12"><span class='ocrx_word' id='word_1_331' title='bbox 292 2693 393 2747; x_wconf 89' lang='lat' dir='ltr'><strong>has</strong></span> <span class='ocrx_word' id='word_1_332' title='bbox 421 2693 666 2758; x_wconf 89' lang='lat' dir='ltr'><strong>arbores,</strong></span> <span class='ocrx_word' id='word_1_333' title='bbox 709 2691 813 2746; x_wconf 89' lang='lat' dir='ltr'><strong>nisi</strong></span> <span class='ocrx_word' id='word_1_334' title='bbox 856 2691 1029 2745; x_wconf 86' lang='lat' dir='ltr'><strong>sancti</strong></span> <span class='ocrx_word' id='word_1_335' title='bbox 1072 2698 1126 2744; x_wconf 90' lang='lat' dir='ltr'><strong>et</strong></span> <span class='ocrx_word' id='word_1_336' title='bbox 1161 2689 1292 2758; x_wconf 82' lang='lat' dir='ltr'><strong>justi</strong></span> <span class='ocrx_word' id='word_1_337' title='bbox 1340 2687 1442 2741; x_wconf 90' lang='lat' dir='ltr'><strong>viri</strong></span> <span class='ocrx_word' id='word_1_338' title='bbox 1491 2687 1866 2755; x_wconf 78' lang='lat' dir='ltr'><strong>designantur,</strong></span> 
     </span>
    </p>
   </div>
   <div class='ocr_carea' id='block_1_44' title="bbox 289 2775 1869 2854">
    <p class='ocr_par' dir='ltr' id='par_1_44' title="bbox 289 2775 1869 2854">
     <span class='ocr_line' id='line_1_44' title="bbox 289 2775 1869 2854; baseline -0.004 -18"><span class='ocrx_word' id='word_1_339' title='bbox 289 2785 385 2854; x_wconf 89' lang='lat' dir='ltr'><strong>qui</strong></span> <span class='ocrx_word' id='word_1_340' title='bbox 412 2783 668 2839; x_wconf 87' lang='lat' dir='ltr'><strong>videlicet</strong></span> <span class='ocrx_word' id='word_1_341' title='bbox 697 2782 892 2837; x_wconf 89' lang='lat' dir='ltr'><strong>mentis</strong></span> <span class='ocrx_word' id='word_1_342' title='bbox 930 2781 1265 2836; x_wconf 91' lang='lat' dir='ltr'><strong>sublimitate</strong></span> <span class='ocrx_word' id='word_1_343' title='bbox 1314 2778 1497 2833; x_wconf 80' lang='lat' dir='ltr'><strong>intima</strong></span> <span class='ocrx_word' id='word_1_344' title='bbox 1529 2791 1753 2848; x_wconf 63' lang='lat' dir='ltr'><strong>quaeque</strong></span> <span class='ocrx_word' id='word_1_345' title='bbox 1783 2775 1869 2829; x_wconf 87' lang='lat' dir='ltr'><strong>de-</strong></span> 
     </span>
    </p>
   </div>
   <div class='ocr_carea' id='block_1_45' title="bbox 301 2866 1860 2944">
    <p class='ocr_par' dir='ltr' id='par_1_45' title="bbox 301 2866 1860 2944">
     <span class='ocr_line' id='line_1_45' title="bbox 301 2866 1860 2944; baseline -0.006 -15"><span class='ocrx_word' id='word_1_346' title='bbox 301 2874 558 2944; x_wconf 89' lang='lat' dir='ltr'><strong>spiciunt,</strong></span> <span class='ocrx_word' id='word_1_347' title='bbox 589 2881 645 2928; x_wconf 92' lang='lat' dir='ltr'><strong>et</strong></span> <span class='ocrx_word' id='word_1_348' title='bbox 681 2873 736 2927; x_wconf 91' lang='lat' dir='ltr'><strong>in</strong></span> <span class='ocrx_word' id='word_1_349' title='bbox 780 2871 1064 2926; x_wconf 89' lang='lat' dir='ltr'><strong>charilatis</strong></span> <span class='ocrx_word' id='word_1_350' title='bbox 1106 2870 1356 2924; x_wconf 77' lang='lat' dir='ltr'><strong>fraternae</strong></span> <span class='ocrx_word' id='word_1_351' title='bbox 1401 2867 1585 2922; x_wconf 87' lang='lat' dir='ltr'><strong>radice</strong></span> <span class='ocrx_word' id='word_1_352' title='bbox 1630 2866 1860 2934; x_wconf 79' lang='lat' dir='ltr'><strong>solidati,</strong></span> 
     </span>
    </p>
   </div>
   <div class='ocr_carea' id='block_1_46' title="bbox 291 2959 1272 3020">
    <p class='ocr_par' dir='ltr' id='par_1_46' title="bbox 291 2959 1272 3020">
     <span class='ocr_line' id='line_1_46' title="bbox 291 2959 1272 3020; baseline -0.007 0"><span class='ocrx_word' id='word_1_353' title='bbox 291 2979 449 3020; x_wconf 88' lang='lat' dir='ltr'><strong>suum</strong></span> <span class='ocrx_word' id='word_1_354' title='bbox 479 2963 723 3019; x_wconf 87' lang='lat' dir='ltr'><strong>ordinem</strong></span> <span class='ocrx_word' id='word_1_355' title='bbox 755 2977 861 3017; x_wconf 93' lang='lat' dir='ltr'><strong>non</strong></span> <span class='ocrx_word' id='word_1_356' title='bbox 891 2959 1272 3016; x_wconf 81' lang='lat' dir='ltr'><strong>confundunt?</strong></span> 
     </span>
    </p>
   </div>
   <div class='ocr_carea' id='block_1_47' title="bbox 359 3052 1863 3125">
    <p class='ocr_par' dir='ltr' id='par_1_47' title="bbox 359 3052 1863 3125">
     <span class='ocr_line' id='line_1_47' title="bbox 359 3052 1863 3125; baseline -0.003 -14"><span class='ocrx_word' id='word_1_357' title='bbox 359 3058 640 3112; x_wconf 86' lang='lat' dir='ltr'><strong>Postremo</strong></span> <span class='ocrx_word' id='word_1_358' title='bbox 671 3071 800 3111; x_wconf 89' lang='lat' dir='ltr'><strong>vero</strong></span> <span class='ocrx_word' id='word_1_359' title='bbox 844 3055 974 3125; x_wconf 90' lang='lat' dir='ltr'><strong>quid</strong></span> <span class='ocrx_word' id='word_1_360' title='bbox 1013 3064 1096 3110; x_wconf 89' lang='lat' dir='ltr'><strong>est</strong></span> <span class='ocrx_word' id='word_1_361' title='bbox 1137 3053 1326 3109; x_wconf 87' lang='lat' dir='ltr'><strong>bibere</strong></span> <span class='ocrx_word' id='word_1_362' title='bbox 1361 3052 1598 3124; x_wconf 89' lang='lat' dir='ltr'><strong>phialam</strong></span> <span class='ocrx_word' id='word_1_363' title='bbox 1626 3053 1692 3108; x_wconf 90' lang='lat' dir='ltr'><strong>de</strong></span> <span class='ocrx_word' id='word_1_364' title='bbox 1727 3068 1863 3123; x_wconf 86' lang='lat' dir='ltr'><strong>aqua</strong></span> 
     </span>
    </p>
   </div>
   <div class='ocr_carea' id='block_1_48' title="bbox 289 3144 1865 3220">
    <p class='ocr_par' dir='ltr' id='par_1_48' title="bbox 289 3144 1865 3220">
     <span class='ocr_line' id='line_1_48' title="bbox 289 3144 1865 3220; baseline -0.001 -18"><span class='ocrx_word' id='word_1_365' title='bbox 289 3149 475 3214; x_wconf 81' lang='lat' dir='ltr'><strong>fontis,</strong></span> <span class='ocrx_word' id='word_1_366' title='bbox 502 3149 605 3204; x_wconf 92' lang='lat' dir='ltr'><strong>nisi</strong></span> <span class='ocrx_word' id='word_1_367' title='bbox 633 3157 850 3220; x_wconf 81' lang='lat' dir='ltr'><strong>gustare</strong></span> <span class='ocrx_word' id='word_1_368' title='bbox 898 3147 1124 3203; x_wconf 91' lang='lat' dir='ltr'><strong>calicem</strong></span> <span class='ocrx_word' id='word_1_369' title='bbox 1170 3146 1482 3216; x_wconf 87' lang='lat' dir='ltr'><strong>passionis?</strong></span> <span class='ocrx_word' id='word_1_370' title='bbox 1517 3144 1668 3200; x_wconf 91' lang='lat' dir='ltr'><strong>Unde</strong></span> <span class='ocrx_word' id='word_1_371' title='bbox 1697 3144 1865 3200; x_wconf 80' lang='lat' dir='ltr'><strong>David</strong></span> 
     </span>
    </p>
   </div>
   <div class='ocr_carea' id='block_1_49' title="bbox 287 3235 1865 3307">
    <p class='ocr_par' dir='ltr' id='par_1_49' title="bbox 287 3235 1865 3307">
     <span class='ocr_line' id='line_1_49' title="bbox 287 3235 1865 3307; baseline -0.001 -15"><span class='ocrx_word' id='word_1_372' title='bbox 287 3239 362 3292; x_wconf 88' lang='lat' dir='ltr'><strong>ait</strong></span> <span class='ocrx_word' id='word_1_373' title='bbox 388 3256 398 3290; x_wconf 80' lang='grc' dir='ltr'>ε</span> <span class='ocrx_word' id='word_1_374' title='bbox 427 3235 652 3293; x_wconf 86' lang='lat' dir='ltr'><strong>Calicem</strong></span> <span class='ocrx_word' id='word_1_375' title='bbox 679 3237 926 3292; x_wconf 88' lang='lat' dir='ltr'><strong>salutaris</strong></span> <span class='ocrx_word' id='word_1_376' title='bbox 953 3237 1229 3307; x_wconf 86' lang='lat' dir='ltr'><strong>accipiam,</strong></span> <span class='ocrx_word' id='word_1_377' title='bbox 1260 3245 1307 3291; x_wconf 87' lang='lat' dir='ltr'><strong>et</strong></span> <span class='ocrx_word' id='word_1_378' title='bbox 1337 3253 1522 3291; x_wconf 82' lang='lat' dir='ltr'><strong>nomen</strong></span> <span class='ocrx_word' id='word_1_379' title='bbox 1548 3235 1756 3290; x_wconf 87' lang='lat' dir='ltr'><strong>Domini</strong></span> <span class='ocrx_word' id='word_1_380' title='bbox 1782 3237 1865 3290; x_wconf 84' lang='lat' dir='ltr'><strong>in-</strong></span> 
     </span>
    </p>
   </div>
   <div class='ocr_carea' id='block_1_50' title="bbox 289 3326 1861 3399">
    <p class='ocr_par' dir='ltr' id='par_1_50' title="bbox 289 3326 1861 3399">
     <span class='ocr_line' id='line_1_50' title="bbox 289 3326 1861 3399; baseline -0.001 -18"><span class='ocrx_word' id='word_1_381' title='bbox 289 3327 675 3399; x_wconf 77' lang='lat' dir='ltr'><strong>eocabo(Psal.</strong></span> <span class='ocrx_word' id='word_1_382' title='bbox 706 3329 850 3399; x_wconf 82' lang='lat' dir='ltr'><strong>cxv).</strong></span> <span class='ocrx_word' id='word_1_383' title='bbox 896 3328 963 3383; x_wconf 86' lang='lat' dir='ltr'><strong>Et</strong></span> <span class='ocrx_word' id='word_1_384' title='bbox 1007 3328 1298 3382; x_wconf 90' lang='lat' dir='ltr'><strong>notandum</strong></span> <span class='ocrx_word' id='word_1_385' title='bbox 1337 3343 1498 3397; x_wconf 89' lang='lat' dir='ltr'><strong>quam</strong></span> <span class='ocrx_word' id='word_1_386' title='bbox 1529 3326 1750 3396; x_wconf 91' lang='lat' dir='ltr'><strong>pulchra</strong></span> <span class='ocrx_word' id='word_1_387' title='bbox 1788 3327 1861 3380; x_wconf 86' lang='lat' dir='ltr'><strong>si-</strong></span> 
     </span>
    </p>
   </div>
   <div class='ocr_carea' id='block_1_51' title="bbox 289 3417 1866 3490">
    <p class='ocr_par' dir='ltr' id='par_1_51' title="bbox 289 3417 1866 3490">
     <span class='ocr_line' id='line_1_51' title="bbox 289 3417 1866 3490; baseline -0.005 -12"><span class='ocrx_word' id='word_1_388' title='bbox 289 3421 593 3478; x_wconf 89' lang='lat' dir='ltr'><strong>militudine</strong></span> <span class='ocrx_word' id='word_1_389' title='bbox 623 3422 760 3476; x_wconf 91' lang='lat' dir='ltr'><strong>visio</strong></span> <span class='ocrx_word' id='word_1_390' title='bbox 794 3419 1210 3490; x_wconf 77' lang='lat' dir='ltr'><strong>cumProplteta</strong></span> <span class='ocrx_word' id='word_1_391' title='bbox 1259 3419 1572 3473; x_wconf 87' lang='lat' dir='ltr'><strong>concordat.</strong></span> <span class='ocrx_word' id='word_1_392' title='bbox 1627 3417 1718 3472; x_wconf 91' lang='lat' dir='ltr'><strong>Ille</strong></span> <span class='ocrx_word' id='word_1_393' title='bbox 1747 3419 1866 3487; x_wconf 87' lang='lat' dir='ltr'><strong>qui-</strong></span> 
     </span>
    </p>
   </div>
   <div class='ocr_carea' id='block_1_52' title="bbox 290 3508 1859 3582">
    <p class='ocr_par' dir='ltr' id='par_1_52' title="bbox 290 3508 1859 3582">
     <span class='ocr_line' id='line_1_52' title="bbox 290 3508 1859 3582; baseline -0.005 -13"><span class='ocrx_word' id='word_1_394' title='bbox 290 3515 409 3569; x_wconf 90' lang='lat' dir='ltr'><strong>dem</strong></span> <span class='ocrx_word' id='word_1_395' title='bbox 451 3512 676 3568; x_wconf 89' lang='lat' dir='ltr'><strong>calicem</strong></span> <span class='ocrx_word' id='word_1_396' title='bbox 717 3511 948 3582; x_wconf 88' lang='lat' dir='ltr'><strong>accepit,</strong></span> <span class='ocrx_word' id='word_1_397' title='bbox 983 3519 1038 3565; x_wconf 92' lang='lat' dir='ltr'><strong>et</strong></span> <span class='ocrx_word' id='word_1_398' title='bbox 1069 3524 1262 3564; x_wconf 88' lang='lat' dir='ltr'><strong>nomen</strong></span> <span class='ocrx_word' id='word_1_399' title='bbox 1295 3508 1507 3562; x_wconf 92' lang='lat' dir='ltr'><strong>Domini</strong></span> <span class='ocrx_word' id='word_1_400' title='bbox 1560 3508 1859 3572; x_wconf 88' lang='lat' dir='ltr'><strong>invocavit;</strong></span> 
     </span>
    </p>
   </div>
   <div class='ocr_carea' id='block_1_53' title="bbox 290 3597 1864 3674">
    <p class='ocr_par' dir='ltr' id='par_1_53' title="bbox 290 3597 1864 3674">
     <span class='ocr_line' id='line_1_53' title="bbox 290 3597 1864 3674; baseline -0.004 -17"><span class='ocrx_word' id='word_1_401' title='bbox 290 3605 392 3659; x_wconf 91' lang='lat' dir='ltr'><strong>iste</strong></span> <span class='ocrx_word' id='word_1_402' title='bbox 423 3613 630 3674; x_wconf 83' lang='lat' dir='ltr'><strong>martyr</strong></span> <span class='ocrx_word' id='word_1_403' title='bbox 665 3602 901 3673; x_wconf 90' lang='lat' dir='ltr'><strong>phialam</strong></span> <span class='ocrx_word' id='word_1_404' title='bbox 946 3601 1079 3655; x_wconf 87' lang='lat' dir='ltr'><strong>bibit</strong></span> <span class='ocrx_word' id='word_1_405' title='bbox 1108 3611 1161 3654; x_wconf 90' lang='lat' dir='ltr'><strong>et</strong></span> <span class='ocrx_word' id='word_1_406' title='bbox 1188 3600 1298 3654; x_wconf 90' lang='lat' dir='ltr'><strong>Deo</strong></span> <span class='ocrx_word' id='word_1_407' title='bbox 1325 3598 1528 3668; x_wconf 82' lang='lat' dir='ltr'><strong>gratias</strong></span> <span class='ocrx_word' id='word_1_408' title='bbox 1559 3598 1687 3667; x_wconf 85' lang='lat' dir='ltr'><strong>egit.</strong></span> <span class='ocrx_word' id='word_1_409' title='bbox 1719 3597 1864 3650; x_wconf 89' lang='lat' dir='ltr'><strong>Fons</strong></span> 
     </span>
    </p>
   </div>
   <div class='ocr_carea' id='block_1_54' title="bbox 286 3687 1863 3762">
    <p class='ocr_par' dir='ltr' id='par_1_54' title="bbox 286 3687 1863 3762">
     <span class='ocr_line' id='line_1_54' title="bbox 286 3687 1863 3762; baseline -0.005 -14"><span class='ocrx_word' id='word_1_410' title='bbox 286 3703 468 3748; x_wconf 88' lang='lat' dir='ltr'><strong>autem</strong></span> <span class='ocrx_word' id='word_1_411' title='bbox 498 3693 587 3748; x_wconf 87' lang='lat' dir='ltr'><strong>ille</strong></span> <span class='ocrx_word' id='word_1_412' title='bbox 616 3694 754 3746; x_wconf 88' lang='lat' dir='ltr'><strong>unde</strong></span> <span class='ocrx_word' id='word_1_413' title='bbox 789 3690 1025 3762; x_wconf 90' lang='lat' dir='ltr'><strong>phialam</strong></span> <span class='ocrx_word' id='word_1_414' title='bbox 1058 3689 1318 3760; x_wconf 89' lang='lat' dir='ltr'><strong>implevit,</strong></span> <span class='ocrx_word' id='word_1_415' title='bbox 1351 3702 1519 3756; x_wconf 88' lang='lat' dir='ltr'><strong>aquas</strong></span> <span class='ocrx_word' id='word_1_416' title='bbox 1549 3687 1863 3756; x_wconf 87' lang='lat' dir='ltr'><strong>perspicuas</strong></span> 
     </span>
    </p>
   </div>
   <div class='ocr_carea' id='block_1_55' title="bbox 287 3778 1864 3854">
    <p class='ocr_par' dir='ltr' id='par_1_55' title="bbox 287 3778 1864 3854">
     <span class='ocr_line' id='line_1_55' title="bbox 287 3778 1864 3854; baseline -0.005 -14"><span class='ocrx_word' id='word_1_417' title='bbox 287 3787 596 3851; x_wconf 88' lang='lat' dir='ltr'><strong>emanabat,</strong></span> <span class='ocrx_word' id='word_1_418' title='bbox 631 3793 686 3839; x_wconf 90' lang='lat' dir='ltr'><strong>et</strong></span> <span class='ocrx_word' id='word_1_419' title='bbox 727 3799 822 3854; x_wconf 87' lang='lat' dir='ltr'><strong>per</strong></span> <span class='ocrx_word' id='word_1_420' title='bbox 846 3782 1188 3837; x_wconf 87' lang='lat' dir='ltr'><strong>Psalmistam</strong></span> <span class='ocrx_word' id='word_1_421' title='bbox 1237 3780 1436 3835; x_wconf 90' lang='lat' dir='ltr'><strong>dicitur</strong></span> <span class='ocrx_word' id='word_1_422' title='bbox 1469 3797 1481 3833; x_wconf 94' lang='lat'>:</span> <span class='ocrx_word' id='word_1_423' title='bbox 1530 3778 1769 3832; x_wconf 81' lang='lat' dir='ltr'><strong>Pretiosa</strong></span> <span class='ocrx_word' id='word_1_424' title='bbox 1809 3779 1864 3832; x_wconf 84' lang='lat' dir='ltr'><strong>in</strong></span> 
     </span>
    </p>
   </div>
   <div class='ocr_carea' id='block_1_56' title="bbox 287 3870 1682 3945">
    <p class='ocr_par' dir='ltr' id='par_1_56' title="bbox 287 3870 1682 3945">
     <span class='ocr_line' id='line_1_56' title="bbox 287 3870 1682 3945; baseline -0.005 -15"><span class='ocrx_word' id='word_1_425' title='bbox 287 3887 561 3945; x_wconf 88' lang='lat' dir='ltr'><strong>conspectu</strong></span> <span class='ocrx_word' id='word_1_426' title='bbox 589 3875 801 3928; x_wconf 84' lang='lat' dir='ltr'><strong>Domini</strong></span> <span class='ocrx_word' id='word_1_427' title='bbox 832 3891 971 3928; x_wconf 85' lang='lat' dir='ltr'><strong>mors</strong></span> <span class='ocrx_word' id='word_1_428' title='bbox 1006 3883 1306 3926; x_wconf 88' lang='lat' dir='ltr'><strong>sanctorum</strong></span> <span class='ocrx_word' id='word_1_429' title='bbox 1331 3873 1445 3941; x_wconf 87' lang='lat' dir='ltr'><strong>ejus</strong></span> <span class='ocrx_word' id='word_1_430' title='bbox 1474 3870 1682 3943; x_wconf 82' lang='lat' dir='ltr'><strong>(Ibid.).</strong></span> 
     </span>
    </p>
   </div>
   <div class='ocr_carea' id='block_1_57' title="bbox 356 3961 1864 4034">
    <p class='ocr_par' dir='ltr' id='par_1_57' title="bbox 356 3961 1864 4034">
     <span class='ocr_line' id='line_1_57' title="bbox 356 3961 1864 4034; baseline -0.003 -15"><span class='ocrx_word' id='word_1_431' title='bbox 356 3966 455 4020; x_wconf 83' lang='lat' dir='ltr'><strong>llic</strong></span> <span class='ocrx_word' id='word_1_432' title='bbox 495 3980 625 4020; x_wconf 92' lang='lat' dir='ltr'><strong>vero</strong></span> <span class='ocrx_word' id='word_1_433' title='bbox 664 3965 862 4034; x_wconf 88' lang='lat' dir='ltr'><strong>inquiri</strong></span> <span class='ocrx_word' id='word_1_434' title='bbox 903 3971 1081 4034; x_wconf 82' lang='lat' dir='ltr'><strong>potest</strong></span> <span class='ocrx_word' id='word_1_435' title='bbox 1118 3963 1246 4032; x_wconf 90' lang='lat' dir='ltr'><strong>quid</strong></span> <span class='ocrx_word' id='word_1_436' title='bbox 1283 3963 1354 4016; x_wconf 91' lang='lat' dir='ltr'><strong>sit</strong></span> <span class='ocrx_word' id='word_1_437' title='bbox 1388 3962 1528 4030; x_wconf 91' lang='lat' dir='ltr'><strong>quod</strong></span> <span class='ocrx_word' id='word_1_438' title='bbox 1555 3961 1726 4015; x_wconf 69' lang='lat' dir='ltr'><strong>iudex</strong></span> <span class='ocrx_word' id='word_1_439' title='bbox 1764 3962 1864 4015; x_wconf 89' lang='lat' dir='ltr'><strong>iste</strong></span> 
     </span>
    </p>
   </div>
   <div class='ocr_carea' id='block_1_58' title="bbox 285 4053 1864 4127">
    <p class='ocr_par' dir='ltr' id='par_1_58' title="bbox 285 4053 1864 4127">
     <span class='ocr_line' id='line_1_58' title="bbox 285 4053 1864 4127; baseline -0.003 -16"><span class='ocrx_word' id='word_1_440' title='bbox 285 4059 474 4112; x_wconf 87' lang='lat' dir='ltr'><strong>beatos</strong></span> <span class='ocrx_word' id='word_1_441' title='bbox 514 4063 780 4127; x_wconf 89' lang='lat' dir='ltr'><strong>martyres</strong></span> <span class='ocrx_word' id='word_1_442' title='bbox 821 4070 920 4124; x_wconf 90' lang='lat' dir='ltr'><strong>per</strong></span> <span class='ocrx_word' id='word_1_443' title='bbox 967 4063 1136 4108; x_wconf 88' lang='lat' dir='ltr'><strong>totum</strong></span> <span class='ocrx_word' id='word_1_444' title='bbox 1182 4055 1285 4108; x_wconf 91' lang='lat' dir='ltr'><strong>iter</strong></span> <span class='ocrx_word' id='word_1_445' title='bbox 1325 4055 1392 4107; x_wconf 90' lang='lat' dir='ltr'><strong>ad</strong></span> <span class='ocrx_word' id='word_1_446' title='bbox 1443 4053 1644 4107; x_wconf 81' lang='lat' dir='ltr'><strong>fontem</strong></span> <span class='ocrx_word' id='word_1_447' title='bbox 1696 4067 1864 4121; x_wconf 87' lang='lat' dir='ltr'><strong>usque</strong></span> 
     </span>
    </p>
   </div>
   <div class='ocr_carea' id='block_1_59' title="bbox 281 4144 1860 4217">
    <p class='ocr_par' dir='ltr' id='par_1_59' title="bbox 281 4144 1860 4217">
     <span class='ocr_line' id='line_1_59' title="bbox 281 4144 1860 4217; baseline -0.004 -15"><span class='ocrx_word' id='word_1_448' title='bbox 281 4147 579 4217; x_wconf 81' lang='lat' dir='ltr'><strong>praecessit,</strong></span> <span class='ocrx_word' id='word_1_449' title='bbox 606 4157 660 4201; x_wconf 87' lang='lat' dir='ltr'><strong>et</strong></span> <span class='ocrx_word' id='word_1_450' title='bbox 684 4162 808 4200; x_wconf 83' lang='lat' dir='ltr'><strong>mox</strong></span> <span class='ocrx_word' id='word_1_451' title='bbox 834 4146 902 4201; x_wconf 92' lang='lat' dir='ltr'><strong>ab</strong></span> <span class='ocrx_word' id='word_1_452' title='bbox 926 4160 1114 4200; x_wconf 89' lang='lat' dir='ltr'><strong>eorum</strong></span> <span class='ocrx_word' id='word_1_453' title='bbox 1144 4145 1350 4200; x_wconf 88' lang='lat' dir='ltr'><strong>visione</strong></span> <span class='ocrx_word' id='word_1_454' title='bbox 1385 4144 1654 4213; x_wconf 89' lang='lat' dir='ltr'><strong>disparuit</strong></span> <span class='ocrx_word' id='word_1_455' title='bbox 1679 4161 1690 4196; x_wconf 94' lang='lat'><strong>:</strong></span> <span class='ocrx_word' id='word_1_456' title='bbox 1725 4161 1860 4197; x_wconf 90' lang='lat' dir='ltr'><strong>nun-</strong></span> 
     </span>
    </p>
   </div>
   <div class='ocr_carea' id='block_1_60' title="bbox 282 4228 1863 4306">
    <p class='ocr_par' dir='ltr' id='par_1_60' title="bbox 282 4228 1863 4306">
     <span class='ocr_line' id='line_1_60' title="bbox 282 4228 1863 4306; baseline -0.001 -18"><span class='ocrx_word' id='word_1_457' title='bbox 282 4238 412 4306; x_wconf 87' lang='lat' dir='ltr'><strong>quid</strong></span> <span class='ocrx_word' id='word_1_458' title='bbox 446 4237 651 4292; x_wconf 89' lang='lat' dir='ltr'><strong>electos</strong></span> <span class='ocrx_word' id='word_1_459' title='bbox 671 4251 798 4292; x_wconf 87' lang='lat' dir='ltr'><strong>suos</strong></span> <span class='ocrx_word' id='word_1_460' title='bbox 825 4228 1104 4301; x_wconf 85' lang='lat' dir='ltr'><strong>Dominus,</strong></span> <span class='ocrx_word' id='word_1_461' title='bbox 1135 4249 1271 4303; x_wconf 90' lang='lat' dir='ltr'><strong>quos</strong></span> <span class='ocrx_word' id='word_1_462' title='bbox 1300 4249 1397 4304; x_wconf 90' lang='lat' dir='ltr'><strong>per</strong></span> <span class='ocrx_word' id='word_1_463' title='bbox 1425 4233 1693 4288; x_wconf 83' lang='lat' dir='ltr'><strong>occultam</strong></span> <span class='ocrx_word' id='word_1_464' title='bbox 1741 4249 1863 4303; x_wconf 86' lang='lat' dir='ltr'><strong>gra-</strong></span> 
     </span>
    </p>
   </div>
   <div class='ocr_carea' id='block_1_61' title="bbox 284 4327 1862 4402">
    <p class='ocr_par' dir='ltr' id='par_1_61' title="bbox 284 4327 1862 4402">
     <span class='ocr_line' id='line_1_61' title="bbox 284 4327 1862 4402; baseline -0.003 -17"><span class='ocrx_word' id='word_1_465' title='bbox 284 4333 412 4385; x_wconf 89' lang='lat' dir='ltr'><strong>tiam</strong></span> <span class='ocrx_word' id='word_1_466' title='bbox 453 4331 519 4384; x_wconf 91' lang='lat' dir='ltr'><strong>ad</strong></span> <span class='ocrx_word' id='word_1_467' title='bbox 556 4331 798 4402; x_wconf 83' lang='lat' dir='ltr'><strong>martyrii</strong></span> <span class='ocrx_word' id='word_1_468' title='bbox 836 4345 1089 4386; x_wconf 90' lang='lat' dir='ltr'><strong>coronam</strong></span> <span class='ocrx_word' id='word_1_469' title='bbox 1119 4329 1386 4400; x_wconf 89' lang='lat' dir='ltr'><strong>perducit,</strong></span> <span class='ocrx_word' id='word_1_470' title='bbox 1417 4327 1742 4384; x_wconf 89' lang='lat' dir='ltr'><strong>credendum</strong></span> <span class='ocrx_word' id='word_1_471' title='bbox 1778 4334 1862 4382; x_wconf 91' lang='lat' dir='ltr'><strong>est</strong></span> 
     </span>
    </p>
   </div>
   <div class='ocr_carea' id='block_1_62' title="bbox 1977 1845 3541 1923">
    <p class='ocr_par' dir='ltr' id='par_1_62' title="bbox 1977 1845 3541 1923">
     <span class='ocr_line' id='line_1_62' title="bbox 1977 1845 3541 1923; baseline 0.017 -27"><span class='ocrx_word' id='word_1_472' title='bbox 1977 1845 2269 1916; x_wconf 80' lang='lat' dir='ltr'><strong>509jam</strong></span> <span class='ocrx_word' id='word_1_473' title='bbox 2295 1849 2542 1904; x_wconf 89' lang='lat' dir='ltr'><strong>habitare</strong></span> <span class='ocrx_word' id='word_1_474' title='bbox 2567 1855 2885 1921; x_wconf 89' lang='lat' dir='ltr'><strong>probentur,</strong></span> <span class='ocrx_word' id='word_1_475' title='bbox 2913 1857 3155 1915; x_wconf 86' lang='lat' dir='ltr'><strong>dicentes</strong></span> <span class='ocrx_word' id='word_1_476' title='bbox 3183 1879 3304 1918; x_wconf 92' lang='lat' dir='ltr'><strong>cum</strong></span> <span class='ocrx_word' id='word_1_477' title='bbox 3334 1863 3541 1923; x_wconf 88' lang='lat' dir='ltr'><strong>Paulo:</strong></span> 
     </span>
    </p>
   </div>
   <div class='ocr_carea' id='block_1_63' title="bbox 1977 1937 3541 2030">
    <p class='ocr_par' dir='ltr' id='par_1_63' title="bbox 1977 1937 3541 2030">
     <span class='ocr_line' id='line_1_63' title="bbox 1977 1937 3541 2030; baseline 0.017 -44"><span class='ocrx_word' id='word_1_478' title='bbox 1977 1937 2176 2030; x_wconf 45' lang='lat' dir='ltr'><strong>gostra</strong></span> <span class='ocrx_word' id='word_1_479' title='bbox 2217 1950 2389 1992; x_wconf 86' lang='lat' dir='ltr'><strong>autem</strong></span> <span class='ocrx_word' id='word_1_480' title='bbox 2440 1944 2762 1998; x_wconf 82' lang='lat' dir='ltr'><strong>conversatio</strong></span> <span class='ocrx_word' id='word_1_481' title='bbox 2805 1948 2861 2000; x_wconf 86' lang='lat' dir='ltr'><strong>in</strong></span> <span class='ocrx_word' id='word_1_482' title='bbox 2891 1948 3031 2002; x_wconf 78' lang='lat' dir='ltr'><strong>ctelis</strong></span> <span class='ocrx_word' id='word_1_483' title='bbox 3061 1962 3135 2005; x_wconf 90' lang='lat' dir='ltr'><strong>est</strong></span> <span class='ocrx_word' id='word_1_484' title='bbox 3167 1951 3386 2026; x_wconf 86' lang='lat' dir='ltr'><strong>(Philip.</strong></span> <span class='ocrx_word' id='word_1_485' title='bbox 3437 1959 3541 2030; x_wconf 85' lang='lat' dir='ltr'><strong>tn).</strong></span> 
     </span>
    </p>
   </div>
   <div class='ocr_carea' id='block_1_64' title="bbox 1978 2025 3543 2114">
    <p class='ocr_par' dir='ltr' id='par_1_64' title="bbox 1978 2025 3543 2114">
     <span class='ocr_line' id='line_1_64' title="bbox 1978 2025 3543 2114; baseline 0.017 -35"><span class='ocrx_word' id='word_1_486' title='bbox 1978 2025 2129 2081; x_wconf 88' lang='lat' dir='ltr'><strong>Unde</strong></span> <span class='ocrx_word' id='word_1_487' title='bbox 2159 2038 2305 2082; x_wconf 89' lang='lat' dir='ltr'><strong>recte</strong></span> <span class='ocrx_word' id='word_1_488' title='bbox 2335 2045 2456 2084; x_wconf 90' lang='lat' dir='ltr'><strong>cum</strong></span> <span class='ocrx_word' id='word_1_489' title='bbox 2479 2047 2674 2102; x_wconf 89' lang='lat' dir='ltr'><strong>corpus</strong></span> <span class='ocrx_word' id='word_1_490' title='bbox 2701 2035 2842 2091; x_wconf 88' lang='lat' dir='ltr'><strong>illius</strong></span> <span class='ocrx_word' id='word_1_491' title='bbox 2870 2039 2924 2091; x_wconf 89' lang='lat' dir='ltr'><strong>in</strong></span> <span class='ocrx_word' id='word_1_492' title='bbox 2961 2049 3104 2096; x_wconf 90' lang='lat' dir='ltr'><strong>terra</strong></span> <span class='ocrx_word' id='word_1_493' title='bbox 3126 2043 3293 2100; x_wconf 91' lang='lat' dir='ltr'><strong>videri</strong></span> <span class='ocrx_word' id='word_1_494' title='bbox 3325 2025 3543 2114; x_wconf 81' lang='lat' dir='ltr'><strong>dicitur,</strong></span> 
     </span>
    </p>
   </div>
   <div class='ocr_carea' id='block_1_65' title="bbox 1973 2127 3546 2206">
    <p class='ocr_par' dir='ltr' id='par_1_65' title="bbox 1973 2127 3546 2206">
     <span class='ocr_line' id='line_1_65' title="bbox 1973 2127 3546 2206; baseline 0.016 -36"><span class='ocrx_word' id='word_1_495' title='bbox 1973 2132 2081 2172; x_wconf 90' lang='lat' dir='ltr'><strong>non</strong></span> <span class='ocrx_word' id='word_1_496' title='bbox 2123 2127 2298 2174; x_wconf 89' lang='lat' dir='ltr'><strong>tamen</strong></span> <span class='ocrx_word' id='word_1_497' title='bbox 2347 2132 2547 2177; x_wconf 86' lang='lat' dir='ltr'><strong>terram</strong></span> <span class='ocrx_word' id='word_1_498' title='bbox 2596 2135 2816 2196; x_wconf 85' lang='lat' dir='ltr'><strong>tangere</strong></span> <span class='ocrx_word' id='word_1_499' title='bbox 2862 2131 3199 2199; x_wconf 86' lang='lat' dir='ltr'><strong>perhibetur,</strong></span> <span class='ocrx_word' id='word_1_500' title='bbox 3224 2137 3347 2206; x_wconf 86' lang='lat' dir='ltr'><strong>quia</strong></span> <span class='ocrx_word' id='word_1_501' title='bbox 3370 2141 3546 2195; x_wconf 87' lang='lat' dir='ltr'><strong>sancti</strong></span> 
     </span>
    </p>
   </div>
   <div class='ocr_carea' id='block_1_66' title="bbox 1972 2210 3548 2296">
    <p class='ocr_par' dir='ltr' id='par_1_66' title="bbox 1972 2210 3548 2296">
     <span class='ocr_line' id='line_1_66' title="bbox 1972 2210 3548 2296; baseline 0.017 -34"><span class='ocrx_word' id='word_1_502' title='bbox 1972 2210 2077 2264; x_wconf 87' lang='lat' dir='ltr'><strong>viri</strong></span> <span class='ocrx_word' id='word_1_503' title='bbox 2126 2211 2178 2264; x_wconf 91' lang='lat' dir='ltr'><strong>in</strong></span> <span class='ocrx_word' id='word_1_504' title='bbox 2215 2220 2359 2266; x_wconf 91' lang='lat' dir='ltr'><strong>terra</strong></span> <span class='ocrx_word' id='word_1_505' title='bbox 2398 2216 2617 2283; x_wconf 87' lang='lat' dir='ltr'><strong>quidem</strong></span> <span class='ocrx_word' id='word_1_506' title='bbox 2672 2224 2983 2280; x_wconf 88' lang='lat' dir='ltr'><strong>conversari</strong></span> <span class='ocrx_word' id='word_1_507' title='bbox 3013 2225 3280 2296; x_wconf 88' lang='lat' dir='ltr'><strong>videntur,</strong></span> <span class='ocrx_word' id='word_1_508' title='bbox 3313 2233 3407 2287; x_wconf 87' lang='lat' dir='ltr'><strong>sed</strong></span> <span class='ocrx_word' id='word_1_509' title='bbox 3437 2242 3548 2288; x_wconf 87' lang='lat' dir='ltr'><strong>ter-</strong></span> 
     </span>
    </p>
   </div>
   <div class='ocr_carea' id='block_1_67' title="bbox 1974 2305 3545 2390">
    <p class='ocr_par' dir='ltr' id='par_1_67' title="bbox 1974 2305 3545 2390">
     <span class='ocr_line' id='line_1_67' title="bbox 1974 2305 3545 2390; baseline 0.018 -34"><span class='ocrx_word' id='word_1_510' title='bbox 1974 2305 2120 2360; x_wconf 90' lang='lat' dir='ltr'><strong>renis</strong></span> <span class='ocrx_word' id='word_1_511' title='bbox 2145 2307 2355 2362; x_wconf 89' lang='lat' dir='ltr'><strong>actibus</strong></span> <span class='ocrx_word' id='word_1_512' title='bbox 2385 2325 2451 2362; x_wconf 82' lang='lat' dir='ltr'><strong>ex</strong></span> <span class='ocrx_word' id='word_1_513' title='bbox 2481 2312 2750 2369; x_wconf 90' lang='lat' dir='ltr'><strong>desiderio</strong></span> <span class='ocrx_word' id='word_1_514' title='bbox 2783 2331 2889 2370; x_wconf 92' lang='lat' dir='ltr'><strong>non</strong></span> <span class='ocrx_word' id='word_1_515' title='bbox 2940 2318 3303 2390; x_wconf 88' lang='lat' dir='ltr'><strong>implicantur,</strong></span> <span class='ocrx_word' id='word_1_516' title='bbox 3332 2335 3386 2380; x_wconf 92' lang='lat' dir='ltr'><strong>et</strong></span> <span class='ocrx_word' id='word_1_517' title='bbox 3418 2328 3545 2384; x_wconf 91' lang='lat' dir='ltr'><strong>dum</strong></span> 
     </span>
    </p>
   </div>
   <div class='ocr_carea' id='block_1_68' title="bbox 1975 2397 3546 2480">
    <p class='ocr_par' dir='ltr' id='par_1_68' title="bbox 1975 2397 3546 2480">
     <span class='ocr_line' id='line_1_68' title="bbox 1975 2397 3546 2480; baseline 0.015 -30"><span class='ocrx_word' id='word_1_518' title='bbox 1975 2397 2101 2450; x_wconf 92' lang='lat' dir='ltr'><strong>totis</strong></span> <span class='ocrx_word' id='word_1_519' title='bbox 2155 2398 2362 2454; x_wconf 88' lang='lat' dir='ltr'><strong>nisibus</strong></span> <span class='ocrx_word' id='word_1_520' title='bbox 2397 2405 2462 2455; x_wconf 89' lang='lat' dir='ltr'><strong>ad</strong></span> <span class='ocrx_word' id='word_1_521' title='bbox 2503 2402 2611 2457; x_wconf 90' lang='lat' dir='ltr'><strong>alta</strong></span> <span class='ocrx_word' id='word_1_522' title='bbox 2664 2421 2722 2460; x_wconf 91' lang='lat' dir='ltr'><strong>se</strong></span> <span class='ocrx_word' id='word_1_523' title='bbox 2750 2408 2982 2478; x_wconf 73' lang='lat' dir='ltr'><strong>erigunt,</strong></span> <span class='ocrx_word' id='word_1_524' title='bbox 3031 2412 3196 2480; x_wconf 89' lang='lat' dir='ltr'><strong>pedes</strong></span> <span class='ocrx_word' id='word_1_525' title='bbox 3227 2417 3482 2472; x_wconf 88' lang='lat' dir='ltr'><strong>mentium</strong></span> <span class='ocrx_word' id='word_1_526' title='bbox 3514 2437 3546 2474; x_wconf 87' lang='lat' dir='ltr'><strong>a</strong></span> 
     </span>
    </p>
   </div>
   <div class='ocr_carea' id='block_1_69' title="bbox 1971 2491 2514 2556">
    <p class='ocr_par' dir='ltr' id='par_1_69' title="bbox 1971 2491 2514 2556">
     <span class='ocr_line' id='line_1_69' title="bbox 1971 2491 2514 2556; baseline 0.015 -19"><span class='ocrx_word' id='word_1_527' title='bbox 1971 2493 2117 2538; x_wconf 84' lang='lat' dir='ltr'><strong>terra</strong></span> <span class='ocrx_word' id='word_1_528' title='bbox 2155 2491 2514 2556; x_wconf 90' lang='lat' dir='ltr'><strong>suspendunt.</strong></span> 
     </span>
    </p>
   </div>
   <div class='ocr_carea' id='block_1_70' title="bbox 2005 2571 3547 2668">
    <p class='ocr_par' dir='ltr' id='par_1_70' title="bbox 2005 2571 3547 2668">
     <span class='ocr_line' id='line_1_70' title="bbox 2005 2571 3547 2668; baseline 0.019 -43"><span class='ocrx_word' id='word_1_529' title='bbox 2005 2615 2011 2622; x_wconf 94' lang='lat'><strong>.</strong></span> <span class='ocrx_word' id='word_1_530' title='bbox 2040 2571 2185 2668; x_wconf 66' lang='lat' dir='ltr'><strong>Dene</strong></span> <span class='ocrx_word' id='word_1_531' title='bbox 2208 2586 2385 2630; x_wconf 88' lang='lat' dir='ltr'><strong>autem</strong></span> <span class='ocrx_word' id='word_1_532' title='bbox 2425 2579 2612 2638; x_wconf 91' lang='lat' dir='ltr'><strong>nitidis</strong></span> <span class='ocrx_word' id='word_1_533' title='bbox 2650 2585 2892 2642; x_wconf 87' lang='lat' dir='ltr'><strong>vestibus</strong></span> <span class='ocrx_word' id='word_1_534' title='bbox 2921 2588 3140 2648; x_wconf 91' lang='lat' dir='ltr'><strong>indutus</strong></span> <span class='ocrx_word' id='word_1_535' title='bbox 3171 2593 3338 2651; x_wconf 78' lang='lat' dir='ltr'><strong>fuisse</strong></span> <span class='ocrx_word' id='word_1_536' title='bbox 3363 2596 3547 2667; x_wconf 88' lang='lat' dir='ltr'><strong>periti-</strong></span> 
     </span>
    </p>
   </div>
   <div class='ocr_carea' id='block_1_71' title="bbox 1969 2663 3544 2756">
    <p class='ocr_par' dir='ltr' id='par_1_71' title="bbox 1969 2663 3544 2756">
     <span class='ocr_line' id='line_1_71' title="bbox 1969 2663 3544 2756; baseline 0.018 -38"><span class='ocrx_word' id='word_1_537' title='bbox 1969 2663 2145 2728; x_wconf 74' lang='lat' dir='ltr'><strong>bett&#39;tr,</strong></span> <span class='ocrx_word' id='word_1_538' title='bbox 2179 2668 2304 2735; x_wconf 89' lang='lat' dir='ltr'><strong>quia</strong></span> <span class='ocrx_word' id='word_1_539' title='bbox 2335 2668 2400 2756; x_wconf 71' lang='lat' dir='ltr'><strong>de</strong></span> <span class='ocrx_word' id='word_1_540' title='bbox 2454 2685 2519 2725; x_wconf 90' lang='lat' dir='ltr'><strong>eo</strong></span> <span class='ocrx_word' id='word_1_541' title='bbox 2548 2687 2646 2742; x_wconf 91' lang='lat' dir='ltr'><strong>per</strong></span> <span class='ocrx_word' id='word_1_542' title='bbox 2671 2673 2994 2747; x_wconf 88' lang='lat' dir='ltr'><strong>Prophetam</strong></span> <span class='ocrx_word' id='word_1_543' title='bbox 3024 2682 3225 2740; x_wconf 91' lang='lat' dir='ltr'><strong>dicitur</strong></span> <span class='ocrx_word' id='word_1_544' title='bbox 3255 2704 3268 2739; x_wconf 77' lang='grc' dir='ltr'><strong>ε</strong></span> <span class='ocrx_word' id='word_1_545' title='bbox 3307 2663 3544 2746; x_wconf 71' lang='lat' dir='ltr'><strong>Amic-tus</strong></span> 
     </span>
    </p>
   </div>
   <div class='ocr_carea' id='block_1_72' title="bbox 1967 2757 3546 2853">
    <p class='ocr_par' dir='ltr' id='par_1_72' title="bbox 1967 2757 3546 2853">
     <span class='ocr_line' id='line_1_72' title="bbox 1967 2757 3546 2853; baseline 0.019 -43"><span class='ocrx_word' id='word_1_546' title='bbox 1967 2757 2166 2853; x_wconf 78' lang='lat' dir='ltr'><strong>lumine</strong></span> <span class='ocrx_word' id='word_1_547' title='bbox 2191 2762 2324 2816; x_wconf 85' lang='lat' dir='ltr'><strong>sicut</strong></span> <span class='ocrx_word' id='word_1_548' title='bbox 2347 2765 2650 2821; x_wconf 80' lang='lat' dir='ltr'><strong>vestimento</strong></span> <span class='ocrx_word' id='word_1_549' title='bbox 2699 2769 2872 2841; x_wconf 86' lang='lat' dir='ltr'><strong>(Psal.</strong></span> <span class='ocrx_word' id='word_1_550' title='bbox 2899 2775 3038 2842; x_wconf 87' lang='lat' dir='ltr'><strong>cm).</strong></span> <span class='ocrx_word' id='word_1_551' title='bbox 3062 2775 3166 2832; x_wconf 91' lang='lat' dir='ltr'><strong>Per</strong></span> <span class='ocrx_word' id='word_1_552' title='bbox 3187 2779 3388 2838; x_wconf 87' lang='lat' dir='ltr'><strong>nitidas</strong></span> <span class='ocrx_word' id='word_1_553' title='bbox 3424 2786 3546 2853; x_wconf 82' lang='lat' dir='ltr'><strong>qui-</strong></span> 
     </span>
    </p>
   </div>
   <div class='ocr_carea' id='block_1_73' title="bbox 1968 2848 3544 2940">
    <p class='ocr_par' dir='ltr' id='par_1_73' title="bbox 1968 2848 3544 2940">
     <span class='ocr_line' id='line_1_73' title="bbox 1968 2848 3544 2940; baseline 0.02 -38"><span class='ocrx_word' id='word_1_554' title='bbox 1968 2848 2090 2940; x_wconf 80' lang='lat' dir='ltr'><strong>dem</strong></span> <span class='ocrx_word' id='word_1_555' title='bbox 2139 2861 2336 2919; x_wconf 85' lang='lat' dir='ltr'><strong>vestes,</strong></span> <span class='ocrx_word' id='word_1_556' title='bbox 2388 2857 2586 2925; x_wconf 90' lang='lat' dir='ltr'><strong>quibus</strong></span> <span class='ocrx_word' id='word_1_557' title='bbox 2633 2860 2895 2929; x_wconf 89' lang='lat' dir='ltr'><strong>induitur,</strong></span> <span class='ocrx_word' id='word_1_558' title='bbox 2941 2878 3128 2923; x_wconf 87' lang='lat' dir='ltr'><strong>sancta</strong></span> <span class='ocrx_word' id='word_1_559' title='bbox 3167 2874 3352 2940; x_wconf 88' lang='lat' dir='ltr'><strong>procul</strong></span> <span class='ocrx_word' id='word_1_560' title='bbox 3380 2848 3544 2935; x_wconf 78' lang='lat' dir='ltr'><strong>dubio</strong></span> 
     </span>
    </p>
   </div>
   <div class='ocr_carea' id='block_1_74' title="bbox 1968 2937 3544 3036">
    <p class='ocr_par' dir='ltr' id='par_1_74' title="bbox 1968 2937 3544 3036">
     <span class='ocr_line' id='line_1_74' title="bbox 1968 2937 3544 3036; baseline 0.019 -43"><span class='ocrx_word' id='word_1_561' title='bbox 1968 2937 2210 3036; x_wconf 79' lang='lat' dir='ltr'><strong>Ecclesia</strong></span> <span class='ocrx_word' id='word_1_562' title='bbox 2251 2941 2598 3014; x_wconf 82' lang='lat' dir='ltr'><strong>designatur;</strong></span> <span class='ocrx_word' id='word_1_563' title='bbox 2652 2963 2771 3018; x_wconf 77' lang='lat' dir='ltr'><strong>qua:</strong></span> <span class='ocrx_word' id='word_1_564' title='bbox 2815 2953 3072 3011; x_wconf 86' lang='lat' dir='ltr'><strong>videlicet</strong></span> <span class='ocrx_word' id='word_1_565' title='bbox 3117 2937 3284 3017; x_wconf 81' lang='lat' dir='ltr'><strong>vestis</strong></span> <span class='ocrx_word' id='word_1_566' title='bbox 3334 2972 3387 3018; x_wconf 91' lang='lat' dir='ltr'><strong>et</strong></span> <span class='ocrx_word' id='word_1_567' title='bbox 3445 2982 3544 3036; x_wconf 88' lang='lat' dir='ltr'><strong>per</strong></span> 
     </span>
    </p>
   </div>
   <div class='ocr_carea' id='block_1_75' title="bbox 1971 3030 3542 3124">
    <p class='ocr_par' dir='ltr' id='par_1_75' title="bbox 1971 3030 3542 3124">
     <span class='ocr_line' id='line_1_75' title="bbox 1971 3030 3542 3124; baseline 0.018 -43"><span class='ocrx_word' id='word_1_568' title='bbox 1971 3030 2292 3124; x_wconf 82' lang='lat' dir='ltr'><strong>munditiam</strong></span> <span class='ocrx_word' id='word_1_569' title='bbox 2339 3044 2542 3090; x_wconf 64' lang='lat' dir='ltr'><strong>sanctae</strong></span> <span class='ocrx_word' id='word_1_570' title='bbox 2582 3041 2917 3107; x_wconf 81' lang='lat' dir='ltr'><strong>Operationis</strong></span> <span class='ocrx_word' id='word_1_571' title='bbox 2977 3045 3276 3115; x_wconf 85' lang='lat' dir='ltr'><strong>splendida,</strong></span> <span class='ocrx_word' id='word_1_572' title='bbox 3333 3061 3388 3107; x_wconf 90' lang='lat' dir='ltr'><strong>et</strong></span> <span class='ocrx_word' id='word_1_573' title='bbox 3444 3030 3542 3124; x_wconf 77' lang='lat' dir='ltr'><strong>per</strong></span> 
     </span>
    </p>
   </div>
   <div class='ocr_carea' id='block_1_76' title="bbox 1969 3122 3545 3210">
    <p class='ocr_par' dir='ltr' id='par_1_76' title="bbox 1969 3122 3545 3210">
     <span class='ocr_line' id='line_1_76' title="bbox 1969 3122 3545 3210; baseline 0.017 -37"><span class='ocrx_word' id='word_1_574' title='bbox 1969 3136 2114 3190; x_wconf 90' lang='lat' dir='ltr'><strong>spem</strong></span> <span class='ocrx_word' id='word_1_575' title='bbox 2132 3122 2324 3178; x_wconf 74' lang='lat' dir='ltr'><strong>futura:</strong></span> <span class='ocrx_word' id='word_1_576' title='bbox 2352 3124 2700 3183; x_wconf 88' lang='lat' dir='ltr'><strong>beatitudinis</strong></span> <span class='ocrx_word' id='word_1_577' title='bbox 2714 3129 2939 3188; x_wconf 89' lang='lat' dir='ltr'><strong>Domino</strong></span> <span class='ocrx_word' id='word_1_578' title='bbox 2956 3137 3194 3194; x_wconf 67' lang='lat' dir='ltr'><strong>adhaeret</strong></span> <span class='ocrx_word' id='word_1_579' title='bbox 3209 3151 3426 3198; x_wconf 79' lang='lat' dir='ltr'><strong>extensa</strong></span> <span class='ocrx_word' id='word_1_580' title='bbox 3478 3146 3545 3200; x_wconf 77' lang='lat' dir='ltr'><strong>de</strong></span> 
     </span>
    </p>
   </div>
   <div class='ocr_carea' id='block_1_77' title="bbox 1963 3214 3546 3298">
    <p class='ocr_par' dir='ltr' id='par_1_77' title="bbox 1963 3214 3546 3298">
     <span class='ocr_line' id='line_1_77' title="bbox 1963 3214 3546 3298; baseline 0.016 -33"><span class='ocrx_word' id='word_1_581' title='bbox 1963 3227 2066 3281; x_wconf 88' lang='lat' dir='ltr'><strong>qua</strong></span> <span class='ocrx_word' id='word_1_582' title='bbox 2098 3214 2226 3269; x_wconf 89' lang='lat' dir='ltr'><strong>dicit</strong></span> <span class='ocrx_word' id='word_1_583' title='bbox 2247 3216 2574 3284; x_wconf 87' lang='lat' dir='ltr'><strong>Apostolus:</strong></span> <span class='ocrx_word' id='word_1_584' title='bbox 2609 3217 2680 3273; x_wconf 92' lang='lat' dir='ltr'><strong>Ut</strong></span> <span class='ocrx_word' id='word_1_585' title='bbox 2705 3223 2967 3278; x_wconf 73' lang='lat' dir='ltr'><strong>exhiberet</strong></span> <span class='ocrx_word' id='word_1_586' title='bbox 2992 3227 3092 3280; x_wconf 83' lang='lat' dir='ltr'><strong>sibi</strong></span> <span class='ocrx_word' id='word_1_587' title='bbox 3111 3229 3395 3298; x_wconf 83' lang='lat' dir='ltr'><strong>gloriosam</strong></span> <span class='ocrx_word' id='word_1_588' title='bbox 3442 3234 3546 3288; x_wconf 83' lang='lat' dir='ltr'><strong>Ec-</strong></span> 
     </span>
    </p>
   </div>
   <div class='ocr_carea' id='block_1_78' title="bbox 1963 3303 3543 3393">
    <p class='ocr_par' dir='ltr' id='par_1_78' title="bbox 1963 3303 3543 3393">
     <span class='ocr_line' id='line_1_78' title="bbox 1963 3303 3543 3393; baseline 0.016 -39"><span class='ocrx_word' id='word_1_589' title='bbox 1963 3303 2194 3367; x_wconf 77' lang='lat' dir='ltr'><strong>clesium,</strong></span> <span class='ocrx_word' id='word_1_590' title='bbox 2220 3321 2323 3358; x_wconf 90' lang='lat' dir='ltr'><strong>non</strong></span> <span class='ocrx_word' id='word_1_591' title='bbox 2344 3307 2614 3361; x_wconf 84' lang='lat' dir='ltr'><strong>habentem</strong></span> <span class='ocrx_word' id='word_1_592' title='bbox 2662 3312 3052 3377; x_wconf 88' lang='lat' dir='ltr'><strong>maculam,aut</strong></span> <span class='ocrx_word' id='word_1_593' title='bbox 3091 3333 3274 3388; x_wconf 88' lang='lat' dir='ltr'><strong>rugam</strong></span> <span class='ocrx_word' id='word_1_594' title='bbox 3325 3322 3543 3393; x_wconf 83' lang='lat' dir='ltr'><strong>(Epltes.</strong></span> 
     </span>
    </p>
   </div>
   <div class='ocr_carea' id='block_1_79' title="bbox 1962 3396 3540 3481">
    <p class='ocr_par' dir='ltr' id='par_1_79' title="bbox 1962 3396 3540 3481">
     <span class='ocr_line' id='line_1_79' title="bbox 1962 3396 3540 3481; baseline 0.013 -33"><span class='ocrx_word' id='word_1_595' title='bbox 1962 3396 2036 3464; x_wconf 85' lang='lat' dir='ltr'><strong>v).</strong></span> <span class='ocrx_word' id='word_1_596' title='bbox 2075 3396 2139 3450; x_wconf 80' lang='lat' dir='ltr'><strong>Et</strong></span> <span class='ocrx_word' id='word_1_597' title='bbox 2162 3413 2400 3467; x_wconf 85' lang='lat' dir='ltr'><strong>congrue</strong></span> <span class='ocrx_word' id='word_1_598' title='bbox 2421 3399 2640 3470; x_wconf 77' lang='lat' dir='ltr'><strong>fulgidis</strong></span> <span class='ocrx_word' id='word_1_599' title='bbox 2669 3405 3147 3463; x_wconf 90' lang='lat' dir='ltr'><strong>vestibusiudutus</strong></span> <span class='ocrx_word' id='word_1_600' title='bbox 3175 3422 3540 3481; x_wconf 88' lang='lat' dir='ltr'><strong>memoratur;</strong></span> 
     </span>
    </p>
   </div>
   <div class='ocr_carea' id='block_1_80' title="bbox 1963 3487 3545 3572">
    <p class='ocr_par' dir='ltr' id='par_1_80' title="bbox 1963 3487 3545 3572">
     <span class='ocr_line' id='line_1_80' title="bbox 1963 3487 3545 3572; baseline 0.013 -34"><span class='ocrx_word' id='word_1_601' title='bbox 1963 3487 2089 3554; x_wconf 90' lang='lat' dir='ltr'><strong>quia</strong></span> <span class='ocrx_word' id='word_1_602' title='bbox 2120 3488 2186 3541; x_wconf 91' lang='lat' dir='ltr'><strong>de</strong></span> <span class='ocrx_word' id='word_1_603' title='bbox 2220 3488 2405 3544; x_wconf 88' lang='lat' dir='ltr'><strong>electis</strong></span> <span class='ocrx_word' id='word_1_604' title='bbox 2448 3493 2560 3546; x_wconf 91' lang='lat' dir='ltr'><strong>suis</strong></span> <span class='ocrx_word' id='word_1_605' title='bbox 2603 3507 2632 3546; x_wconf 90' lang='lat' dir='ltr'><strong>a</strong></span> <span class='ocrx_word' id='word_1_606' title='bbox 2684 3493 2912 3550; x_wconf 90' lang='lat' dir='ltr'><strong>Domino</strong></span> <span class='ocrx_word' id='word_1_607' title='bbox 2961 3497 3202 3552; x_wconf 89' lang='lat' dir='ltr'><strong>dicitur:</strong></span> <span class='ocrx_word' id='word_1_608' title='bbox 3240 3498 3545 3572; x_wconf 85' lang='lat' dir='ltr'><strong>Fulgebunt</strong></span> 
     </span>
    </p>
   </div>
   <div class='ocr_carea' id='block_1_81' title="bbox 1952 3579 3360 3663">
    <p class='ocr_par' dir='ltr' id='par_1_81' title="bbox 1952 3579 3360 3663">
     <span class='ocr_line' id='line_1_81' title="bbox 1952 3579 3360 3663; baseline 0.013 -34"><span class='ocrx_word' id='word_1_609' title='bbox 1952 3579 2088 3647; x_wconf 87' lang='lat' dir='ltr'><strong>justi</strong></span> <span class='ocrx_word' id='word_1_610' title='bbox 2109 3581 2242 3633; x_wconf 84' lang='lat' dir='ltr'><strong>sicut</strong></span> <span class='ocrx_word' id='word_1_611' title='bbox 2267 3581 2345 3635; x_wconf 88' lang='lat' dir='ltr'><strong>sol</strong></span> <span class='ocrx_word' id='word_1_612' title='bbox 2378 3583 2431 3635; x_wconf 90' lang='lat' dir='ltr'><strong>in</strong></span> <span class='ocrx_word' id='word_1_613' title='bbox 2454 3599 2609 3652; x_wconf 84' lang='lat' dir='ltr'><strong>regno</strong></span> <span class='ocrx_word' id='word_1_614' title='bbox 2631 3582 2810 3638; x_wconf 87' lang='lat' dir='ltr'><strong>Patris</strong></span> <span class='ocrx_word' id='word_1_615' title='bbox 2842 3588 2942 3640; x_wconf 86' lang='lat' dir='ltr'><strong>mei</strong></span> <span class='ocrx_word' id='word_1_616' title='bbox 2971 3588 3186 3658; x_wconf 74' lang='lat' dir='ltr'><strong>(Matth.</strong></span> <span class='ocrx_word' id='word_1_617' title='bbox 3220 3594 3360 3663; x_wconf 78' lang='lat' dir='ltr'><strong>xm).</strong></span> 
     </span>
    </p>
   </div>
   <div class='ocr_carea' id='block_1_82' title="bbox 2034 3669 3543 3744">
    <p class='ocr_par' dir='ltr' id='par_1_82' title="bbox 2034 3669 3543 3744">
     <span class='ocr_line' id='line_1_82' title="bbox 2034 3669 3543 3744; baseline 0.013 -22"><span class='ocrx_word' id='word_1_618' title='bbox 2034 3669 2143 3725; x_wconf 83' lang='lat' dir='ltr'><strong>Nec</strong></span> <span class='ocrx_word' id='word_1_619' title='bbox 2167 3670 2294 3724; x_wconf 88' lang='lat' dir='ltr'><strong>illttd</strong></span> <span class='ocrx_word' id='word_1_620' title='bbox 2319 3681 2513 3725; x_wconf 88' lang='lat' dir='ltr'><strong>vacata</strong></span> <span class='ocrx_word' id='word_1_621' title='bbox 2528 3675 2784 3742; x_wconf 77' lang='lat' dir='ltr'><strong>mysterio</strong></span> <span class='ocrx_word' id='word_1_622' title='bbox 2805 3677 2945 3744; x_wconf 90' lang='lat' dir='ltr'><strong>quod</strong></span> <span class='ocrx_word' id='word_1_623' title='bbox 2971 3677 3086 3733; x_wconf 64' lang='lat' dir='ltr'><strong>isne</strong></span> <span class='ocrx_word' id='word_1_624' title='bbox 3108 3690 3286 3736; x_wconf 89' lang='lat' dir='ltr'><strong>vestes</strong></span> <span class='ocrx_word' id='word_1_625' title='bbox 3309 3682 3543 3742; x_wconf 88' lang='lat' dir='ltr'><strong>diversis</strong></span> 
     </span>
    </p>
   </div>
   <div class='ocr_carea' id='block_1_83' title="bbox 1964 3761 3537 3830">
    <p class='ocr_par' dir='ltr' id='par_1_83' title="bbox 1964 3761 3537 3830">
     <span class='ocr_line' id='line_1_83' title="bbox 1964 3761 3537 3830; baseline 0.009 -14"><span class='ocrx_word' id='word_1_626' title='bbox 1964 3761 2235 3816; x_wconf 83' lang='lat' dir='ltr'><strong>coloribus</strong></span> <span class='ocrx_word' id='word_1_627' title='bbox 2249 3762 2518 3816; x_wconf 80' lang='lat' dir='ltr'><strong>distinctae</strong></span> <span class='ocrx_word' id='word_1_628' title='bbox 2544 3764 2872 3819; x_wconf 81' lang='lat' dir='ltr'><strong>referuntur.</strong></span> <span class='ocrx_word' id='word_1_629' title='bbox 2895 3766 3079 3823; x_wconf 89' lang='lat' dir='ltr'><strong>Sancti</strong></span> <span class='ocrx_word' id='word_1_630' title='bbox 3106 3771 3250 3825; x_wconf 91' lang='lat' dir='ltr'><strong>enim</strong></span> <span class='ocrx_word' id='word_1_631' title='bbox 3281 3772 3378 3827; x_wconf 88' lang='lat' dir='ltr'><strong>viri</strong></span> <span class='ocrx_word' id='word_1_632' title='bbox 3405 3775 3537 3830; x_wconf 91' lang='lat' dir='ltr'><strong>dum</strong></span> 
     </span>
    </p>
   </div>
   <div class='ocr_carea' id='block_1_84' title="bbox 1964 3854 3541 3927">
    <p class='ocr_par' dir='ltr' id='par_1_84' title="bbox 1964 3854 3541 3927">
     <span class='ocr_line' id='line_1_84' title="bbox 1964 3854 3541 3927; baseline 0.01 -21"><span class='ocrx_word' id='word_1_633' title='bbox 1964 3854 2149 3908; x_wconf 90' lang='lat' dir='ltr'><strong>multis</strong></span> <span class='ocrx_word' id='word_1_634' title='bbox 2202 3855 2404 3922; x_wconf 92' lang='lat' dir='ltr'><strong>pollent</strong></span> <span class='ocrx_word' id='word_1_635' title='bbox 2455 3856 2768 3922; x_wconf 80' lang='lat' dir='ltr'><strong>virtutibus,</strong></span> <span class='ocrx_word' id='word_1_636' title='bbox 2814 3861 2965 3927; x_wconf 89' lang='lat' dir='ltr'><strong>quasi</strong></span> <span class='ocrx_word' id='word_1_637' title='bbox 3022 3861 3236 3917; x_wconf 90' lang='lat' dir='ltr'><strong>diversa</strong></span> <span class='ocrx_word' id='word_1_638' title='bbox 3293 3865 3541 3921; x_wconf 91' lang='lat' dir='ltr'><strong>colorum</strong></span> 
     </span>
    </p>
   </div>
   <div class='ocr_carea' id='block_1_85' title="bbox 1964 3947 3542 4022">
    <p class='ocr_par' dir='ltr' id='par_1_85' title="bbox 1964 3947 3542 4022">
     <span class='ocr_line' id='line_1_85' title="bbox 1964 3947 3542 4022; baseline 0.009 -22"><span class='ocrx_word' id='word_1_639' title='bbox 1964 3947 2142 4015; x_wconf 87' lang='lat' dir='ltr'><strong>specie</strong></span> <span class='ocrx_word' id='word_1_640' title='bbox 2170 3948 2593 4017; x_wconf 87' lang='lat' dir='ltr'><strong>distinguuntur.</strong></span> <span class='ocrx_word' id='word_1_641' title='bbox 2620 3949 2758 4004; x_wconf 33' lang='lat' dir='ltr'><strong>l‘linc</strong></span> <span class='ocrx_word' id='word_1_642' title='bbox 2801 3960 2882 4005; x_wconf 88' lang='lat' dir='ltr'><strong>est</strong></span> <span class='ocrx_word' id='word_1_643' title='bbox 2911 3954 3050 4020; x_wconf 91' lang='lat' dir='ltr'><strong>quod</strong></span> <span class='ocrx_word' id='word_1_644' title='bbox 3073 3968 3168 4022; x_wconf 89' lang='lat' dir='ltr'><strong>per</strong></span> <span class='ocrx_word' id='word_1_645' title='bbox 3197 3955 3542 4014; x_wconf 91' lang='lat' dir='ltr'><strong>Psalmistam</strong></span> 
     </span>
    </p>
   </div>
   <div class='ocr_carea' id='block_1_86' title="bbox 1965 4038 3543 4108">
    <p class='ocr_par' dir='ltr' id='par_1_86' title="bbox 1965 4038 3543 4108">
     <span class='ocr_line' id='line_1_86' title="bbox 1965 4038 3543 4108; baseline 0.008 -17"><span class='ocrx_word' id='word_1_646' title='bbox 1965 4038 2163 4092; x_wconf 89' lang='lat' dir='ltr'><strong>dicitur</strong></span> <span class='ocrx_word' id='word_1_647' title='bbox 2187 4055 2198 4089; x_wconf 93' lang='lat'><strong>:</strong></span> <span class='ocrx_word' id='word_1_648' title='bbox 2232 4039 2410 4090; x_wconf 81' lang='lat' dir='ltr'><strong>Astitit</strong></span> <span class='ocrx_word' id='word_1_649' title='bbox 2440 4040 2618 4108; x_wconf 83' lang='lat' dir='ltr'><strong>regina</strong></span> <span class='ocrx_word' id='word_1_650' title='bbox 2646 4057 2676 4092; x_wconf 89' lang='lat' dir='ltr'><strong>a</strong></span> <span class='ocrx_word' id='word_1_651' title='bbox 2699 4040 2891 4094; x_wconf 74' lang='lat' dir='ltr'><strong>dextris</strong></span> <span class='ocrx_word' id='word_1_652' title='bbox 2922 4043 3022 4096; x_wconf 87' lang='lat' dir='ltr'><strong>tuis</strong></span> <span class='ocrx_word' id='word_1_653' title='bbox 3082 4045 3138 4097; x_wconf 86' lang='lat' dir='ltr'><strong>in</strong></span> <span class='ocrx_word' id='word_1_654' title='bbox 3166 4047 3350 4100; x_wconf 83' lang='lat' dir='ltr'><strong>vestitu</strong></span> <span class='ocrx_word' id='word_1_655' title='bbox 3375 4049 3543 4103; x_wconf 86' lang='lat' dir='ltr'><strong>deau-</strong></span> 
     </span>
    </p>
   </div>
   <div class='ocr_carea' id='block_1_87' title="bbox 1964 4130 3542 4209">
    <p class='ocr_par' dir='ltr' id='par_1_87' title="bbox 1964 4130 3542 4209">
     <span class='ocr_line' id='line_1_87' title="bbox 1964 4130 3542 4209; baseline 0.009 -29"><span class='ocrx_word' id='word_1_656' title='bbox 1964 4138 2100 4194; x_wconf 85' lang='lat' dir='ltr'><strong>rato,</strong></span> <span class='ocrx_word' id='word_1_657' title='bbox 2135 4130 2525 4182; x_wconf 88' lang='lat' dir='ltr'><strong>circumamicta</strong></span> <span class='ocrx_word' id='word_1_658' title='bbox 2549 4131 2794 4184; x_wconf 89' lang='lat' dir='ltr'><strong>varietate</strong></span> <span class='ocrx_word' id='word_1_659' title='bbox 2818 4131 2990 4201; x_wconf 84' lang='lat' dir='ltr'><strong>(Psal.</strong></span> <span class='ocrx_word' id='word_1_660' title='bbox 3017 4133 3184 4205; x_wconf 71' lang='lat' dir='ltr'><strong>XLIV).</strong></span> <span class='ocrx_word' id='word_1_661' title='bbox 3212 4135 3312 4191; x_wconf 86' lang='lat' dir='ltr'><strong>Hic</strong></span> <span class='ocrx_word' id='word_1_662' title='bbox 3352 4138 3542 4209; x_wconf 87' lang='lat' dir='ltr'><strong>itaque</strong></span> 
     </span>
    </p>
   </div>
   <div class='ocr_carea' id='block_1_88' title="bbox 1958 4217 3541 4293">
    <p class='ocr_par' dir='ltr' id='par_1_88' title="bbox 1958 4217 3541 4293">
     <span class='ocr_line' id='line_1_88' title="bbox 1958 4217 3541 4293; baseline 0.011 -21"><span class='ocrx_word' id='word_1_663' title='bbox 1958 4217 2174 4288; x_wconf 87' lang='lat' dir='ltr'><strong>juvenis</strong></span> <span class='ocrx_word' id='word_1_664' title='bbox 2205 4236 2310 4275; x_wconf 92' lang='lat' dir='ltr'><strong>non</strong></span> <span class='ocrx_word' id='word_1_665' title='bbox 2340 4221 2576 4286; x_wconf 90' lang='lat' dir='ltr'><strong>stetisse,</strong></span> <span class='ocrx_word' id='word_1_666' title='bbox 2611 4224 2701 4277; x_wconf 87' lang='lat' dir='ltr'><strong>sed</strong></span> <span class='ocrx_word' id='word_1_667' title='bbox 2738 4227 3098 4293; x_wconf 85' lang='lat' dir='ltr'><strong>pertransisse</strong></span> <span class='ocrx_word' id='word_1_668' title='bbox 3123 4239 3250 4286; x_wconf 87' lang='lat' dir='ltr'><strong>ante</strong></span> <span class='ocrx_word' id='word_1_669' title='bbox 3275 4247 3371 4287; x_wconf 92' lang='lat' dir='ltr'><strong>ora</strong></span> <span class='ocrx_word' id='word_1_670' title='bbox 3395 4250 3541 4288; x_wconf 88' lang='lat' dir='ltr'><strong>mar-</strong></span> 
     </span>
    </p>
   </div>
   <div class='ocr_carea' id='block_1_89' title="bbox 1965 4313 3536 4384">
    <p class='ocr_par' dir='ltr' id='par_1_89' title="bbox 1965 4313 3536 4384">
     <span class='ocr_line' id='line_1_89' title="bbox 1965 4313 3536 4384; baseline 0.01 -20"><span class='ocrx_word' id='word_1_671' title='bbox 1965 4319 2144 4384; x_wconf 82' lang='lat' dir='ltr'><strong>tyrum</strong></span> <span class='ocrx_word' id='word_1_672' title='bbox 2172 4313 2319 4367; x_wconf 89' lang='lat' dir='ltr'><strong>visus</strong></span> <span class='ocrx_word' id='word_1_673' title='bbox 2343 4322 2443 4380; x_wconf 84' lang='lat' dir='ltr'><strong>est,</strong></span> <span class='ocrx_word' id='word_1_674' title='bbox 2485 4314 2610 4384; x_wconf 91' lang='lat' dir='ltr'><strong>quia</strong></span> <span class='ocrx_word' id='word_1_675' title='bbox 2628 4314 2739 4383; x_wconf 87' lang='lat' dir='ltr'><strong>jam</strong></span> <span class='ocrx_word' id='word_1_676' title='bbox 2760 4330 2854 4371; x_wconf 89' lang='lat' dir='ltr'><strong>eos</strong></span> <span class='ocrx_word' id='word_1_677' title='bbox 2876 4316 3135 4374; x_wconf 90' lang='lat' dir='ltr'><strong>Dominus</strong></span> <span class='ocrx_word' id='word_1_678' title='bbox 3155 4321 3221 4375; x_wconf 90' lang='lat' dir='ltr'><strong>de</strong></span> <span class='ocrx_word' id='word_1_679' title='bbox 3251 4322 3352 4376; x_wconf 89' lang='lat' dir='ltr'><strong>hoc</strong></span> <span class='ocrx_word' id='word_1_680' title='bbox 3376 4339 3536 4380; x_wconf 83' lang='lat' dir='ltr'><strong>mun-</strong></span> 
     </span>
    </p>
   </div>
   <div class='ocr_carea' id='block_1_90' title="bbox 282 4404 1884 4516">
    <p class='ocr_par' dir='ltr' id='par_1_90' title="bbox 282 4417 1857 4490">
     <span class='ocr_line' id='line_1_90' title="bbox 282 4417 1857 4490; baseline -0.003 -15"><span class='ocrx_word' id='word_1_681' title='bbox 282 4420 425 4490; x_wconf 86' lang='lat' dir='ltr'><strong>quod</strong></span> <span class='ocrx_word' id='word_1_682' title='bbox 474 4436 598 4476; x_wconf 81' lang='lat' dir='ltr'><strong>mox</strong></span> <span class='ocrx_word' id='word_1_683' title='bbox 631 4420 890 4477; x_wconf 88' lang='lat' dir='ltr'><strong>recedens</strong></span> <span class='ocrx_word' id='word_1_684' title='bbox 940 4420 1082 4474; x_wconf 84' lang='lat' dir='ltr'><strong>inter</strong></span> <span class='ocrx_word' id='word_1_685' title='bbox 1127 4419 1271 4489; x_wconf 89' lang='lat' dir='ltr'><strong>ipsas</strong></span> <span class='ocrx_word' id='word_1_686' title='bbox 1318 4433 1413 4474; x_wconf 92' lang='lat' dir='ltr'><strong>eos</strong></span> <span class='ocrx_word' id='word_1_687' title='bbox 1452 4417 1857 4472; x_wconf 90' lang='lat' dir='ltr'><strong>tribulationum</strong></span> 
     </span>
    </p>
   </div>
   <div class='ocr_carea' id='block_1_91' title="bbox 1971 4404 3540 4516">
    <p class='ocr_par' dir='ltr' id='par_1_91' title="bbox 1971 4404 3540 4479">
     <span class='ocr_line' id='line_1_91' title="bbox 1971 4404 3540 4479; baseline 0.007 -19"><span class='ocrx_word' id='word_1_688' title='bbox 1971 4405 2032 4460; x_wconf 87' lang='lat' dir='ltr'><strong>tlo</strong></span> <span class='ocrx_word' id='word_1_689' title='bbox 2066 4404 2254 4460; x_wconf 91' lang='lat' dir='ltr'><strong>tollere</strong></span> <span class='ocrx_word' id='word_1_690' title='bbox 2277 4414 2438 4474; x_wconf 92' lang='lat' dir='ltr'><strong>atque</strong></span> <span class='ocrx_word' id='word_1_691' title='bbox 2463 4407 2528 4462; x_wconf 90' lang='lat' dir='ltr'><strong>ad</strong></span> <span class='ocrx_word' id='word_1_692' title='bbox 2557 4409 3065 4476; x_wconf 87' lang='lat' dir='ltr'><strong>contemplationem</strong></span> <span class='ocrx_word' id='word_1_693' title='bbox 3096 4409 3397 4479; x_wconf 88' lang='lat' dir='ltr'><strong>majestatis</strong></span> <span class='ocrx_word' id='word_1_694' title='bbox 3425 4430 3540 4471; x_wconf 48' lang='lat' dir='ltr'><strong>suae.</strong></span> 
     </span>
    </p>
   </div>
   <div class='ocr_carea' id='block_1_92' title="bbox 281 4498 1859 4582">
    <p class='ocr_par' dir='ltr' id='par_1_92' title="bbox 281 4498 1859 4582">
     <span class='ocr_line' id='line_1_92' title="bbox 281 4498 1859 4582; baseline -0.002 -17"><span class='ocrx_word' id='word_1_695' title='bbox 281 4510 560 4582; x_wconf 82' lang='lat' dir='ltr'><strong>angustias</strong></span> <span class='ocrx_word' id='word_1_696' title='bbox 588 4498 844 4565; x_wconf 80' lang='lat' dir='ltr'><strong>deserat?</strong></span> <span class='ocrx_word' id='word_1_697' title='bbox 876 4508 982 4565; x_wconf 91' lang='lat' dir='ltr'><strong>Sed</strong></span> <span class='ocrx_word' id='word_1_698' title='bbox 1013 4511 1304 4564; x_wconf 88' lang='lat' dir='ltr'><strong>notandum</strong></span> <span class='ocrx_word' id='word_1_699' title='bbox 1335 4509 1459 4578; x_wconf 87' lang='lat' dir='ltr'><strong>quia</strong></span> <span class='ocrx_word' id='word_1_700' title='bbox 1491 4517 1618 4563; x_wconf 89' lang='lat' dir='ltr'><strong>tunc</strong></span> <span class='ocrx_word' id='word_1_701' title='bbox 1643 4516 1859 4563; x_wconf 88' lang='lat' dir='ltr'><strong>sanctos</strong></span> 
     </span>
    </p>
   </div>
   <div class='ocr_carea' id='block_1_93' title="bbox 280 4600 1858 4674">
    <p class='ocr_par' dir='ltr' id='par_1_93' title="bbox 280 4600 1858 4674">
     <span class='ocr_line' id='line_1_93' title="bbox 280 4600 1858 4674; baseline -0.001 -18"><span class='ocrx_word' id='word_1_702' title='bbox 280 4601 542 4658; x_wconf 88' lang='lat' dir='ltr'><strong>Dominus</strong></span> <span class='ocrx_word' id='word_1_703' title='bbox 588 4602 743 4674; x_wconf 90' lang='lat' dir='ltr'><strong>quasi</strong></span> <span class='ocrx_word' id='word_1_704' title='bbox 791 4602 1193 4672; x_wconf 88' lang='lat' dir='ltr'><strong>quodammodo</strong></span> <span class='ocrx_word' id='word_1_705' title='bbox 1240 4602 1464 4664; x_wconf 87' lang='lat' dir='ltr'><strong>deserit,</strong></span> <span class='ocrx_word' id='word_1_706' title='bbox 1512 4616 1760 4656; x_wconf 83' lang='lat' dir='ltr'><strong>cumcos</strong></span> <span class='ocrx_word' id='word_1_707' title='bbox 1791 4600 1858 4654; x_wconf 90' lang='lat' dir='ltr'><strong>ab</strong></span> 
     </span>
    </p>
   </div>
   <div class='ocr_carea' id='block_1_94' title="bbox 282 4690 1860 4763">
    <p class='ocr_par' dir='ltr' id='par_1_94' title="bbox 282 4690 1860 4763">
     <span class='ocr_line' id='line_1_94' title="bbox 282 4690 1860 4763; baseline -0.004 -17"><span class='ocrx_word' id='word_1_708' title='bbox 282 4691 483 4762; x_wconf 91' lang='lat' dir='ltr'><strong>iniquis</strong></span> <span class='ocrx_word' id='word_1_709' title='bbox 518 4690 779 4763; x_wconf 82' lang='lat' dir='ltr'><strong>ﬂagellari</strong></span> <span class='ocrx_word' id='word_1_710' title='bbox 811 4691 1100 4761; x_wconf 89' lang='lat' dir='ltr'><strong>permittit.</strong></span> <span class='ocrx_word' id='word_1_711' title='bbox 1147 4690 1300 4746; x_wconf 91' lang='lat' dir='ltr'><strong>Unde</strong></span> <span class='ocrx_word' id='word_1_712' title='bbox 1325 4691 1656 4760; x_wconf 81' lang='lat' dir='ltr'><strong>Redemptor</strong></span> <span class='ocrx_word' id='word_1_713' title='bbox 1678 4698 1860 4743; x_wconf 91' lang='lat' dir='ltr'><strong>noster</strong></span> 
     </span>
    </p>
   </div>
   <div class='ocr_carea' id='block_1_95' title="bbox 281 4779 1859 4844">
    <p class='ocr_par' dir='ltr' id='par_1_95' title="bbox 281 4779 1859 4844">
     <span class='ocr_line' id='line_1_95' title="bbox 281 4779 1859 4844; baseline -0.005 -8"><span class='ocrx_word' id='word_1_714' title='bbox 281 4783 335 4836; x_wconf 91' lang='lat' dir='ltr'><strong>in</strong></span> <span class='ocrx_word' id='word_1_715' title='bbox 381 4796 543 4836; x_wconf 90' lang='lat' dir='ltr'><strong>cruce</strong></span> <span class='ocrx_word' id='word_1_716' title='bbox 585 4780 651 4836; x_wconf 90' lang='lat' dir='ltr'><strong>ad</strong></span> <span class='ocrx_word' id='word_1_717' title='bbox 674 4779 890 4836; x_wconf 88' lang='lat' dir='ltr'><strong>Patrem</strong></span> <span class='ocrx_word' id='word_1_718' title='bbox 915 4780 1181 4835; x_wconf 90' lang='lat' dir='ltr'><strong>clamabat</strong></span> <span class='ocrx_word' id='word_1_719' title='bbox 1205 4798 1218 4834; x_wconf 91' lang='lat'><strong>:</strong></span> <span class='ocrx_word' id='word_1_720' title='bbox 1244 4779 1407 4844; x_wconf 86' lang='lat' dir='ltr'><strong>Deus,</strong></span> <span class='ocrx_word' id='word_1_721' title='bbox 1433 4779 1574 4833; x_wconf 87' lang='lat' dir='ltr'><strong>Deus</strong></span> <span class='ocrx_word' id='word_1_722' title='bbox 1599 4794 1765 4840; x_wconf 82' lang='lat' dir='ltr'><strong>meus,</strong></span> <span class='ocrx_word' id='word_1_723' title='bbox 1803 4784 1859 4828; x_wconf 85' lang='lat' dir='ltr'><strong>ut</strong></span> 
     </span>
    </p>
   </div>
   <div class='ocr_carea' id='block_1_96' title="bbox 280 4866 1856 4941">
    <p class='ocr_par' dir='ltr' id='par_1_96' title="bbox 280 4866 1856 4941">
     <span class='ocr_line' id='line_1_96' title="bbox 280 4866 1856 4941; baseline -0.004 -16"><span class='ocrx_word' id='word_1_724' title='bbox 280 4872 405 4939; x_wconf 84' lang='lat' dir='ltr'><strong>quid</strong></span> <span class='ocrx_word' id='word_1_725' title='bbox 451 4870 772 4941; x_wconf 82' lang='lat' dir='ltr'><strong>dereliquisti</strong></span> <span class='ocrx_word' id='word_1_726' title='bbox 812 4869 948 4922; x_wconf 86' lang='lat' dir='ltr'><strong>me?</strong></span> <span class='ocrx_word' id='word_1_727' title='bbox 1011 4869 1223 4938; x_wconf 75' lang='lat' dir='ltr'><strong>(Matth.</strong></span> <span class='ocrx_word' id='word_1_728' title='bbox 1276 4882 1467 4934; x_wconf 83' lang='lat' dir='ltr'><strong>xxvu;</strong></span> <span class='ocrx_word' id='word_1_729' title='bbox 1523 4868 1692 4921; x_wconf 79' lang='lat' dir='ltr'><strong>Marc.</strong></span> <span class='ocrx_word' id='word_1_730' title='bbox 1741 4866 1856 4935; x_wconf 78' lang='lat' dir='ltr'><strong>xv.)</strong></span> 
     </span>
    </p>
   </div>
   <div class='ocr_carea' id='block_1_97' title="bbox 279 4957 1855 5031">
    <p class='ocr_par' dir='ltr' id='par_1_97' title="bbox 279 4957 1855 5031">
     <span class='ocr_line' id='line_1_97' title="bbox 279 4957 1855 5031; baseline -0.003 -14"><span class='ocrx_word' id='word_1_731' title='bbox 279 4961 487 5017; x_wconf 88' lang='lat' dir='ltr'><strong>Cuncta</strong></span> <span class='ocrx_word' id='word_1_732' title='bbox 540 4961 705 5031; x_wconf 87' lang='lat' dir='ltr'><strong>igitur</strong></span> <span class='ocrx_word' id='word_1_733' title='bbox 747 4961 863 5015; x_wconf 48' lang='lat' dir='ltr'><strong>hate</strong></span> <span class='ocrx_word' id='word_1_734' title='bbox 897 4968 1094 5012; x_wconf 86' lang='lat' dir='ltr'><strong>areana</strong></span> <span class='ocrx_word' id='word_1_735' title='bbox 1147 4958 1420 5026; x_wconf 79' lang='lat' dir='ltr'><strong>mysteria,</strong></span> <span class='ocrx_word' id='word_1_736' title='bbox 1460 4974 1580 5030; x_wconf 73' lang='lat' dir='ltr'><strong>qua:</strong></span> <span class='ocrx_word' id='word_1_737' title='bbox 1610 4957 1855 5024; x_wconf 91' lang='lat' dir='ltr'><strong>omnipo-</strong></span> 
     </span>
    </p>
   </div>
   <div class='ocr_carea' id='block_1_98' title="bbox 281 5046 1857 5122">
    <p class='ocr_par' dir='ltr' id='par_1_98' title="bbox 281 5046 1857 5122">
     <span class='ocr_line' id='line_1_98' title="bbox 281 5046 1857 5122; baseline -0.004 -16"><span class='ocrx_word' id='word_1_738' title='bbox 281 5061 402 5109; x_wconf 84' lang='lat' dir='ltr'><strong>tens</strong></span> <span class='ocrx_word' id='word_1_739' title='bbox 429 5052 570 5106; x_wconf 89' lang='lat' dir='ltr'><strong>Deus</strong></span> <span class='ocrx_word' id='word_1_740' title='bbox 600 5049 841 5122; x_wconf 88' lang='lat' dir='ltr'><strong>quotidie</strong></span> <span class='ocrx_word' id='word_1_741' title='bbox 865 5063 964 5118; x_wconf 82' lang='lat' dir='ltr'><strong>per</strong></span> <span class='ocrx_word' id='word_1_742' title='bbox 993 5049 1194 5104; x_wconf 90' lang='lat' dir='ltr'><strong>electos</strong></span> <span class='ocrx_word' id='word_1_743' title='bbox 1243 5061 1367 5099; x_wconf 88' lang='lat' dir='ltr'><strong>suos</strong></span> <span class='ocrx_word' id='word_1_744' title='bbox 1397 5049 1610 5104; x_wconf 91' lang='lat' dir='ltr'><strong>occulta</strong></span> <span class='ocrx_word' id='word_1_745' title='bbox 1641 5046 1857 5114; x_wconf 90' lang='lat' dir='ltr'><strong>dispen-</strong></span> 
     </span>
    </p>
   </div>
   <div class='ocr_carea' id='block_1_99' title="bbox 281 5135 1856 5170">
    <p class='ocr_par' dir='ltr' id='par_1_99' title="bbox 281 5135 1856 5170">
     <span class='ocr_line' id='line_1_99' title="bbox 281 5135 1856 5170; baseline 0 0"><span class='ocrx_word' id='word_1_746' title='bbox 281 5146 491 5170; x_wconf 54' lang='grc' dir='ltr'><strong>-..αέα-υ.</strong></span> <span class='ocrx_word' id='word_1_747' title='bbox 530 5144 711 5170; x_wconf 70' lang='grc' dir='ltr'><strong>...ειη-2ο</strong></span> <span class='ocrx_word' id='word_1_748' title='bbox 788 5141 911 5170; x_wconf 77' lang='grc' dir='ltr'><strong>ιιηῖη</strong></span> <span class='ocrx_word' id='word_1_749' title='bbox 961 5139 1050 5170; x_wconf 68' lang='lat' dir='ltr'><strong>nn:</strong></span> <span class='ocrx_word' id='word_1_750' title='bbox 1099 5135 1368 5170; x_wconf 63' lang='lat' dir='ltr'><strong>nsvoninnn</strong></span> <span class='ocrx_word' id='word_1_751' title='bbox 1417 5150 1600 5170; x_wconf 62' lang='lat' dir='ltr'><strong>nun-nn</strong></span> <span class='ocrx_word' id='word_1_752' title='bbox 1650 5136 1856 5170; x_wconf 72' lang='lat' dir='ltr'><strong>vicinna</strong></span> 
     </span>
    </p>
   </div>
   <div class='ocr_carea' id='block_1_100' title="bbox 1963 4497 3540 4576">
    <p class='ocr_par' dir='ltr' id='par_1_100' title="bbox 1963 4497 3540 4576">
     <span class='ocr_line' id='line_1_100' title="bbox 1963 4497 3540 4576; baseline 0.006 -23"><span class='ocrx_word' id='word_1_753' title='bbox 1963 4499 2262 4568; x_wconf 87' lang='lat' dir='ltr'><strong>perducere</strong></span> <span class='ocrx_word' id='word_1_754' title='bbox 2293 4497 2642 4566; x_wconf 88' lang='lat' dir='ltr'><strong>disponebat;</strong></span> <span class='ocrx_word' id='word_1_755' title='bbox 2691 4498 2831 4552; x_wconf 90' lang='lat' dir='ltr'><strong>sicut</strong></span> <span class='ocrx_word' id='word_1_756' title='bbox 2884 4499 3000 4568; x_wconf 89' lang='lat' dir='ltr'><strong>ipse</strong></span> <span class='ocrx_word' id='word_1_757' title='bbox 3044 4501 3099 4554; x_wconf 90' lang='lat' dir='ltr'><strong>in</strong></span> <span class='ocrx_word' id='word_1_758' title='bbox 3146 4502 3434 4576; x_wconf 86' lang='lat' dir='ltr'><strong>Evangelio</strong></span> <span class='ocrx_word' id='word_1_759' title='bbox 3463 4507 3540 4562; x_wconf 88' lang='lat' dir='ltr'><strong>di-</strong></span> 
     </span>
    </p>
   </div>
   <div class='ocr_carea' id='block_1_101' title="bbox 1963 4589 3540 4666">
    <p class='ocr_par' dir='ltr' id='par_1_101' title="bbox 1963 4589 3540 4666">
     <span class='ocr_line' id='line_1_101' title="bbox 1963 4589 3540 4666; baseline 0.006 -20"><span class='ocrx_word' id='word_1_760' title='bbox 1963 4593 2039 4646; x_wconf 91' lang='lat' dir='ltr'><strong>cit</strong></span> <span class='ocrx_word' id='word_1_761' title='bbox 2071 4607 2084 4641; x_wconf 84' lang='lat'><strong>:</strong></span> <span class='ocrx_word' id='word_1_762' title='bbox 2111 4589 2181 4642; x_wconf 87' lang='lat' dir='ltr'><strong>Et</strong></span> <span class='ocrx_word' id='word_1_763' title='bbox 2219 4589 2481 4643; x_wconf 87' lang='lat' dir='ltr'><strong>transiens</strong></span> <span class='ocrx_word' id='word_1_764' title='bbox 2532 4589 2868 4642; x_wconf 84' lang='lat' dir='ltr'><strong>ministrabat</strong></span> <span class='ocrx_word' id='word_1_765' title='bbox 2909 4591 3017 4646; x_wconf 82' lang='lat' dir='ltr'><strong>illis</strong></span> <span class='ocrx_word' id='word_1_766' title='bbox 3053 4590 3203 4662; x_wconf 88' lang='lat' dir='ltr'><strong>(Luc.</strong></span> <span class='ocrx_word' id='word_1_767' title='bbox 3246 4598 3368 4666; x_wconf 80' lang='lat' dir='ltr'><strong>xu).</strong></span> <span class='ocrx_word' id='word_1_768' title='bbox 3397 4600 3540 4666; x_wconf 84' lang='lat' dir='ltr'><strong>Quid</strong></span> 
     </span>
    </p>
   </div>
   <div class='ocr_carea' id='block_1_102' title="bbox 1962 4673 3538 4753">
    <p class='ocr_par' dir='ltr' id='par_1_102' title="bbox 1962 4673 3538 4753">
     <span class='ocr_line' id='line_1_102' title="bbox 1962 4673 3538 4753; baseline 0.006 -18"><span class='ocrx_word' id='word_1_769' title='bbox 1962 4688 2048 4736; x_wconf 85' lang='lat' dir='ltr'><strong>est</strong></span> <span class='ocrx_word' id='word_1_770' title='bbox 2089 4687 2266 4734; x_wconf 88' lang='lat' dir='ltr'><strong>autem</strong></span> <span class='ocrx_word' id='word_1_771' title='bbox 2299 4681 2443 4748; x_wconf 90' lang='lat' dir='ltr'><strong>quod</strong></span> <span class='ocrx_word' id='word_1_772' title='bbox 2487 4677 2724 4748; x_wconf 89' lang='lat' dir='ltr'><strong>singulas</strong></span> <span class='ocrx_word' id='word_1_773' title='bbox 2752 4673 2917 4736; x_wconf 86' lang='lat' dir='ltr'><strong>zonas</strong></span> <span class='ocrx_word' id='word_1_774' title='bbox 2955 4698 3256 4753; x_wconf 86' lang='lat' dir='ltr'><strong>purpureas</strong></span> <span class='ocrx_word' id='word_1_775' title='bbox 3281 4687 3334 4742; x_wconf 90' lang='lat' dir='ltr'><strong>itt</strong></span> <span class='ocrx_word' id='word_1_776' title='bbox 3359 4689 3538 4745; x_wconf 89' lang='lat' dir='ltr'><strong>sinum</strong></span> 
     </span>
    </p>
   </div>
   <div class='ocr_carea' id='block_1_103' title="bbox 1961 4768 3540 4847">
    <p class='ocr_par' dir='ltr' id='par_1_103' title="bbox 1961 4768 3540 4847">
     <span class='ocr_line' id='line_1_103' title="bbox 1961 4768 3540 4847; baseline 0.008 -26"><span class='ocrx_word' id='word_1_777' title='bbox 1961 4777 2260 4838; x_wconf 88' lang='lat' dir='ltr'><strong>martyrum</strong></span> <span class='ocrx_word' id='word_1_778' title='bbox 2294 4769 2532 4840; x_wconf 88' lang='lat' dir='ltr'><strong>projicit,</strong></span> <span class='ocrx_word' id='word_1_779' title='bbox 2565 4768 2678 4828; x_wconf 53' lang='lat' dir='ltr'><strong>nisi,</strong></span> <span class='ocrx_word' id='word_1_780' title='bbox 2698 4769 2840 4837; x_wconf 88' lang='lat' dir='ltr'><strong>quod</strong></span> <span class='ocrx_word' id='word_1_781' title='bbox 2863 4784 2956 4826; x_wconf 92' lang='lat' dir='ltr'><strong>eos</strong></span> <span class='ocrx_word' id='word_1_782' title='bbox 2979 4770 3215 4840; x_wconf 90' lang='lat' dir='ltr'><strong>undique</strong></span> <span class='ocrx_word' id='word_1_783' title='bbox 3244 4775 3540 4847; x_wconf 83' lang='lat' dir='ltr'><strong>cingendos</strong></span> 
     </span>
    </p>
   </div>
   <div class='ocr_carea' id='block_1_104' title="bbox 1963 4858 3545 4928">
    <p class='ocr_par' dir='ltr' id='par_1_104' title="bbox 1963 4858 3545 4928">
     <span class='ocr_line' id='line_1_104' title="bbox 1963 4858 3545 4928; baseline 0.008 -15"><span class='ocrx_word' id='word_1_784' title='bbox 1963 4858 2228 4928; x_wconf 85' lang='lat' dir='ltr'><strong>angustiis</strong></span> <span class='ocrx_word' id='word_1_785' title='bbox 2267 4861 2582 4926; x_wconf 91' lang='lat' dir='ltr'><strong>passionum</strong></span> <span class='ocrx_word' id='word_1_786' title='bbox 2619 4859 2944 4916; x_wconf 88' lang='lat' dir='ltr'><strong>innotescit?</strong></span> <span class='ocrx_word' id='word_1_787' title='bbox 2974 4859 3101 4914; x_wconf 57' lang='lat' dir='ltr'><strong>Haec</strong></span> <span class='ocrx_word' id='word_1_788' title='bbox 3124 4862 3381 4921; x_wconf 87' lang='lat' dir='ltr'><strong>videlicet</strong></span> <span class='ocrx_word' id='word_1_789' title='bbox 3404 4883 3545 4925; x_wconf 83' lang='lat' dir='ltr'><strong>zona</strong></span> 
     </span>
    </p>
   </div>
   <div class='ocr_carea' id='block_1_105' title="bbox 1959 4947 3543 5019">
    <p class='ocr_par' dir='ltr' id='par_1_105' title="bbox 1959 4947 3543 5019">
     <span class='ocr_line' id='line_1_105' title="bbox 1959 4947 3543 5019; baseline 0.001 -17"><span class='ocrx_word' id='word_1_790' title='bbox 1959 4947 2229 5018; x_wconf 87' lang='lat' dir='ltr'><strong>passionis</strong></span> <span class='ocrx_word' id='word_1_791' title='bbox 2256 4955 2387 5004; x_wconf 91' lang='lat' dir='ltr'><strong>tunc</strong></span> <span class='ocrx_word' id='word_1_792' title='bbox 2435 4957 2785 5019; x_wconf 86' lang='lat' dir='ltr'><strong>purpuratur,</strong></span> <span class='ocrx_word' id='word_1_793' title='bbox 2810 4963 2935 5004; x_wconf 89' lang='lat' dir='ltr'><strong>cum</strong></span> <span class='ocrx_word' id='word_1_794' title='bbox 2969 4949 3191 5017; x_wconf 85' lang='lat' dir='ltr'><strong>sanguis</strong></span> <span class='ocrx_word' id='word_1_795' title='bbox 3229 4954 3543 5014; x_wconf 66' lang='lat' dir='ltr'><strong>effunditur,</strong></span> 
     </span>
    </p>
   </div>
   <div class='ocr_carea' id='block_1_106' title="bbox 1961 5037 3553 5117">
    <p class='ocr_par' dir='ltr' id='par_1_106' title="bbox 1961 5037 3553 5117">
     <span class='ocr_line' id='line_1_106' title="bbox 1961 5037 3553 5117; baseline 0.007 -24"><span class='ocrx_word' id='word_1_796' title='bbox 1961 5039 2066 5093; x_wconf 90' lang='lat' dir='ltr'><strong>Per</strong></span> <span class='ocrx_word' id='word_1_797' title='bbox 2093 5037 2196 5092; x_wconf 90' lang='lat' dir='ltr'><strong>hoc</strong></span> <span class='ocrx_word' id='word_1_798' title='bbox 2225 5053 2355 5092; x_wconf 90' lang='lat' dir='ltr'><strong>vero</strong></span> <span class='ocrx_word' id='word_1_799' title='bbox 2402 5039 2546 5111; x_wconf 90' lang='lat' dir='ltr'><strong>quod</strong></span> <span class='ocrx_word' id='word_1_800' title='bbox 2593 5052 2688 5093; x_wconf 90' lang='lat' dir='ltr'><strong>eas</strong></span> <span class='ocrx_word' id='word_1_801' title='bbox 2729 5037 2785 5092; x_wconf 82' lang='lat' dir='ltr'><strong>in</strong></span> <span class='ocrx_word' id='word_1_802' title='bbox 2830 5041 3006 5095; x_wconf 90' lang='lat' dir='ltr'><strong>sinum</strong></span> <span class='ocrx_word' id='word_1_803' title='bbox 3060 5037 3311 5111; x_wconf 72' lang='lat' dir='ltr'><strong>proiecit,</strong></span> <span class='ocrx_word' id='word_1_804' title='bbox 3351 5060 3553 5117; x_wconf 83' lang='lat' dir='ltr'><strong>quanta</strong></span> 
     </span>
    </p>
   </div>
   <div class='ocr_carea' id='block_1_107' title="bbox 1963 5131 3524 5170">
    <p class='ocr_par' dir='ltr' id='par_1_107' title="bbox 1963 5131 3524 5170">
     <span class='ocr_line' id='line_1_107' title="bbox 1963 5131 3524 5170; baseline 0 0"><span class='ocrx_word' id='word_1_805' title='bbox 1963 5131 2286 5170; x_wconf 67' lang='lat' dir='ltr'><strong>nnrlilnr‘inn</strong></span> <span class='ocrx_word' id='word_1_806' title='bbox 2322 5131 2446 5170; x_wconf 74' lang='grc' dir='ltr'><strong>ἰηηο</strong></span> <span class='ocrx_word' id='word_1_807' title='bbox 2477 5131 2545 5170; x_wconf 64' lang='grc' dir='ltr'><strong>ἀρ</strong></span> <span class='ocrx_word' id='word_1_808' title='bbox 2573 5143 2668 5170; x_wconf 63' lang='lat' dir='ltr'><strong>et!!!</strong></span> <span class='ocrx_word' id='word_1_809' title='bbox 2701 5132 2958 5170; x_wconf 59' lang='lat' dir='ltr'><strong>Etﬂceinno</strong></span> <span class='ocrx_word' id='word_1_810' title='bbox 2994 5131 3236 5170; x_wconf 67' lang='lat' dir='ltr'><strong>ﬁrmas-nl</strong></span> <span class='ocrx_word' id='word_1_811' title='bbox 3299 5138 3524 5170; x_wconf 61' lang='lat' dir='ltr'><strong>:nnnIs-:I</strong></span> 
     </span>
    </p>
   </div>
  </div>
