4022 6586
527 701 538 709 .
994 571 1730 730 PETRUS
1843 553 2518 726 POSSIN
2535 565 2764 722 US

1556 863 2211 977 LECTORI.

349 1242 404 1303 Ι.
434 1242 765 1320 Dispung-o
799 1259 942 1303 ecce
981 1259 1103 1303 non
1137 1248 1315 1304 vetus
1339 1257 1574 1302 nomen
1601 1255 1695 1316 ,et
1727 1256 1916 1319 quam
1949 1241 2181 1302 debere
2208 1247 2354 1300 ante
2383 1238 2501 1298 hoc
2533 1237 2866 1298 biennium
2907 1252 3214 1313 cmperain
3262 1243 3496 1310 partem

264 1345 531 1405 alteram
572 1343 1088 1422 Pachyinerianaa
1133 1344 1431 1418 historim,
1489 1345 1652 1406 haud
1703 1343 1906 1404 nimis
1947 1361 2114 1417 sera,
2165 1344 2219 1403 si
2255 1342 2456 1404 moles
2507 1341 2855 1402 testimetur
2889 1338 3126 1415 Operis,
3175 1338 3502 1399 solutione

269 1454 697 1524 reprmsento.
743 1446 1061 1507 Describit
1104 1464 1172 1508 ea
1208 1466 1314 1507 sex
1350 1455 1411 1508 et
1457 1446 1681 1523 viginti
1723 1445 1970 1524 priores
2027 1462 2229 1507 annos
2284 1442 2538 1522 imperii
2602 1441 2951 1503 Andronici
3005 1441 3364 1518 Palaeol0gi,
3425 1442 3505 1501 ab

266 1547 392 1624 ipsi
429 1545 813 1624 cognomine
873 1555 1100 1624 nepote
1158 1565 1275 1609 nec
1337 1548 1518 1609 valde
1569 1552 1884 1608 concorde
1943 1548 2204 1636 collega.
2253 1548 2446 1622 vulgo
2498 1543 2816 1620 distingui
2871 1541 3156 1603 senioris
3205 1542 3504 1620 adjuncto

269 1646 478 1707 soliti.
520 1650 629 1708 Est
685 1648 816 1710 hmc
849 1648 1281 1709 infelicissimi
1322 1649 1716 1727 principatus
1751 1651 1956 1727 imago
2009 1666 2042 1709 a
2105 1656 2322 1708 nostro
2356 1646 2664 1707 historico
2721 1646 3013 1717 formata,
3049 1646 3251 1724 magis
3276 1642 3503 1712 condi-

269 1748 455 1808 tione
525 1759 890 1826 argumenti
957 1767 1182 1829 quamx
1219 1751 1480 1828 ingenio
1569 1751 1916 1830 pingentis,
1981 1750 2412 1812 Parrhasianm
2465 1749 2642 1810 illius
2717 1749 2990 1824 similis,
3064 1766 3189 1829 qua
3257 1747 3504 1808 Plinius

269 1856 548 1910 testatur
603 1850 864 1925 demon,
923 1851 1062 1912 sive
1121 1854 1456 1929 populum,
1513 1853 1971 1915 Atheniensem
2024 1853 2102 1914 ab
2147 1853 2267 1913 isto
2323 1866 2578 1911 summo
2617 1851 2851 1912 artifice
2889 1851 2983 1912 sic
3028 1851 3503 1921 adumbratutn,

274 1957 348 2010 ut
397 1964 612 2010 mores
665 1951 803 2029 ejus
864 1959 1228 2030 motusque,
1267 1952 1410 2012 licet
1470 1955 1633 2014 inter
1671 1970 1813 2014 sese
1868 1952 2192 2025 contrarii,
2255 1952 2448 2012 simul
2507 1959 2713 2012 tamen
2753 1951 2819 2013 in
2861 1953 3072 2016 tabula
3101 1953 3205 2015 sui
3237 1971 3498 2016 sensum

275 2052 560 2125 cierent;
608 2063 1108 2134 agnosceretque
1140 2072 1269 2117 uno
1306 2055 1547 2116 intuitu
1607 2064 1926 2134 spectator
1991 2057 2285 2116 eumdem
2351 2055 2595 2116 varium
2649 2064 2708 2114 et
2749 2060 3171 2127 constantem,
3233 2056 3496 2116 iracun-

274 2153 434 2215 dum
521 2163 583 2217 et
645 2158 1077 2234 exorabilem,
1142 2160 1458 2237 iniustum
1531 2167 1591 2222 et
1656 2161 2070 2235 clementem,
2140 2161 2494 2239 gloriosum
2563 2166 2624 2218 et
2685 2157 3039 2230 humilem,
3095 2159 3370 2218 ferocem
3443 2164 3509 2216 et

278 2254 601 2334 fugacem.
645 2260 778 2320 Pari
831 2260 1148 2341 siquidem
1185 2261 1500 2340 exemplo,
1556 2263 1706 2323 dum
1765 2263 2013 2326 sincera
2053 2262 2417 2324 narratione.
2465 2269 2682 2321 noster
2719 2258 3062 2320 Andro-uici
3122 2267 3254 2319 acta
3289 2256 3507 2333 expri-

280 2359 424 2434 mit,
486 2378 687 2424 unum
726 2363 936 2440 ipsum
995 2361 1275 2435 exhibet,
1339 2361 1488 2423 hinc
1539 2363 2042 2425 audacissimum
2110 2363 2446 2441 religionis
2497 2371 3028 2441 contemptorem,
3063 2361 3508 2438 illinc-super-

275 2465 726 2527 stitiosissime
779 2465 1317 2539 formidolosum;
1374 2463 1755 2544 plerumque
1815 2466 2167 2529 sollicitum
2245 2465 2710 2528 discordiarum
2762 2463 3062 2527 Ecclesiae
3113 2477 3509 2538 componen-

279 2567 540 2637 dnrum,
608 2582 751 2628 mox
816 2565 1460 2628 vehementissimum
1516 2567 2011 2630 disturbatorem
2070 2565 2423 2629 conciliatm
2475 2573 2566 2628 tot
2627 2564 2956 2628 laboribus
3011 2579 3046 2624 a
3113 2571 3286 2641 patre
3339 2564 3512 2640 pacis

281 2664 760 2740 Ecclesiarum;
843 2666 1187 2746 aliquando
1250 2667 1421 2746 frugi
1487 2684 1558 2729 ac
1632 2685 1929 2747 parcum,
2018 2669 2232 2730 statim
2331 2665 2722 2729 effusissime
2775 2665 3189 2744 .prudigum;
3264 2680 3514 2740 semper

283 2768 808 2830 versutissimum
867 2768 934 2831 in
1005 2769 1472 2849 excogitatione
1539 2773 1859 2834 rationum
1907 2771 2076 2850 quod
2126 2771 2317 2832 vellet
2361 2768 2699 2836 efficiendi,
2733 2782 3062 2846 nunquam
3105 2781 3233 2827 non
3273 2765 3519 2840 impru-

279 2867 747 2929 dentissimum
807 2867 874 2929 in
928 2869 1244 2932 electione
1312 2872 1775 2944 consiliorum;
1827 2869 2202 2950 frequenter
2267 2888 2460 2949 supra
2518 2870 2776 2930 modum
2827 2867 3226 2930 affectantem
3284 2865 3516 2927 famam

283 2970 557 3031 otiiciosi
621 2987 769 3048 erga
833 2971 1242 3045 domesticos,
1305 2989 1419 3034 nec
1489 2990 1630 3036 raro
1701 2973 1904 3035 ferina
1984 2972 2315 3051 impietate
2387 2971 2903 3042 debacchantem,
2988 2968 3304 3030 violandis
3375 2967 3519 3027 sine

287 3081 588 3153 respectu
640 3074 1224 3137 necessitudinibus
1283 3075 1729 3148 sanctissimis,
1786 3076 2010 3154 utique
2075 3077 2186 3155 qui
2249 3092 2376 3136 non
2427 3076 2616 3134 modo
2669 3089 2792 3134 non
2829 3072 2912 3132 sit
2997 3071 3236 3133 veritus
3291 3088 3519 3132 aman-

290 3177 532 3238 tissimi
593 3185 653 3239 et
710 3177 906 3238 nimis
977 3178 1042 3238 in
1100 3178 1312 3256 ipsum
1363 3178 1629 3240 beneﬁci
1696 3178 1975 3258 parentis
2049 3177 2423 3238 memoriam
2472 3174 2666 3254 justis
2735 3172 3119 3236 funebribus
3184 3174 3516 3245 fraudare;

291 3288 564 3340 matrem
636 3277 888 3340 viduam
948 3280 1298 3358 tyrannicis
1357 3281 1550 3340 minis
1594 3281 1670 3342 ad
1729 3281 1844 3341 viri
1913 3280 2142 3359 ipsius,
2199 3281 2394 3358 patris
2451 3279 2580 3353 sui,
2633 3277 2952 3357 judicium
3017 3276 3255 3355 scripto
3334 3277 3516 3338 dan.-

296 3383 581 3444 nandum
659 3382 958 3459 adigere;
1023 3381 1364 3460 conjugem
1438 3383 1606 3460 regis
1665 3382 1957 3458 Ungariae
2010 3382 2230 3456 ﬁliam,
2299 3381 2484 3462 cujus
2541 3377 2882 3440 tenerrima
2938 3377 3182 3440 dilectas
3253 3383 3518 3440 mortem

296 3483 680 3544 mollissime
730 3483 1034 3553 ﬂevissut,
1099 3500 1176 3544 ex
1237 3484 1356 3544 levi
1410 3483 1808 3564 suspicione,
1841 3489 2195 3563 sepulturae
2255 3484 2499 3546 honore
2571 3480 3177 3556 multare;fratrem
3244 3481 3524 3558 Porphy-

292 3581 663 3659 rogenitum
733 3582 1143 3645 circumferre
1199 3581 1503 3644 clathrata
1562 3599 1748 3644 cavea
1810 3592 1871 3644 et
1931 3585 2074 3663 diro
2125 3601 2378 3646 carcere
2433 3582 2511 3645 ad
2573 3589 2840 3644 mortem
2894 3595 3242 3640 macerare:
3299 3597 3517 3640 verum

294 3692 360 3742 et
424 3683 648 3743 horum
714 3693 956 3763 partem
1017 3700 1143 3746 non
1204 3684 1533 3758 dubitarit,
1595 3684 1687 3746 uti
1740 3685 2017 3747 facinora
2075 3685 2397 3764 praeclara,
2429 3681 2831 3764 jactabundis
2886 3680 3162 3759 gloriose
3195 3691 3516 3744 ostentare

294 3782 750 3844 concionibus.

381 3884 469 3944 ιι.
494 3884 783 3947 Moribus
833 3893 958 3948 tam
1015 3886 1422 3951 instabilibus
1494 3887 1808 3966 principis
1873 3906 2042 3951 unus
2101 3889 2616 3952 constantissime
2697 3888 3026 3968 respondit
3101 3889 3522 3968 perturbatis-

297 3984 508 4045 simus
563 3991 625 4046 et
683 3985 1272 4050 calamitosissimus
1339 3989 1655 4051 universm
1701 3989 2072 4067 reipublicae
2123 3996 2348 4052 status.
2389 3991 2706 4054 Erarium
2775 3991 3202 4065 exinanitum,
3260 4010 3519 4072 semper

299 4085 593 4148 exhausti
668 4088 926 4150 tributis
988 4090 1378 4154 immanibus
1435 4093 1680 4170 populi,
1731 4095 2086 4155 interversa
2141 4089 2585 4157 ministrorum
2620 4112 2879 4174 quoque
2929 4097 3350 4175 palatinorum
3403 4118 3524 4159 au-

296 4195 715 4262 ctoramenta,
751 4190 825 4250 ad
865 4190 1330 4252 mendicitatem
1384 4193 1614 4254 redacti
1683 4194 2043 4270 pudendam
2091 4195 2216 4272 ipsi
2252 4197 2549 4259 Ecclesiaa
2601 4215 2933 4276 proceres;
2973 4201 3194 4262 classis
3228 4201 3523 4262 funditus

303 4290 619 4365 neglecta,
687 4290 930 4352 arcium
998 4292 1474 4355 limitauearum
1532 4294 1823 4372 prmsidia
1882 4295 2228 4372 subtracta,
2319 4306 2650 4362 terrestres
2702 4303 3022 4364 exercitus
3090 4303 3276 4380 plane
3331 4303 3524 4366 dissi-

305 4393 464 4467 pati,
529 4391 776 4452 inerme
823 4391 1168 4470 imperium
1223 4392 1486 4452 irritatis
1543 4401 1780 4454 temere
1825 4396 2116 4456 Barbaris
2188 4396 2533 4476 objectum,
2597 4416 2845 4462 summa
2906 4401 3119 4462 tutela)
3168 4419 3240 4463 ac
3298 4403 3524 4463 salutis

304 4496 584 4572 publica)
633 4495 841 4556 intidis
890 4496 1064 4570 feris,
1129 4497 1463 4574 rapacibus
1501 4497 1740 4557 exteris
1785 4497 2332 4559 inconsultissime
2401 4502 2759 4570 commissa,
2826 4502 2974 4564 hinc
3028 4501 3238 4564 statim
3301 4519 3528 4563 conse-

304 4598 476 4659 cutis
534 4597 914 4659 necessariis
964 4598 1296 4658 etfectibus
1356 4597 1571 4658 talium
1613 4615 1973 4672 causarum,
2011 4599 2476 4663 vastationibus
2509 4603 3004 4680 provinciarum,
3054 4603 3530 4680 direptionibus

244 4742 263 4754 .
308 4698 602 4770 urbium,
659 4697 1151 4773 depraedatione,
1206 4697 1593 4774 captivitate,
1641 4701 1832 4771 unde,
1895 4697 2042 4777 fuga
2079 4701 2486 4777 pOpulorum,
2556 4704 2950 4765 desolatione
2989 4706 3279 4766 omnium
3340 4705 3533 4768 fando

309 4815 599 4877 unquam
667 4799 1026 4859 auditarum
1128 4797 1511 4871 tristissima,
1593 4806 1964 4860 cunctarum
2032 4799 2340 4864 latissime
2410 4804 2478 4866 in
2561 4814 2832 4884 utraque
2891 4808 3059 4868 Asina
3129 4811 3533 4890 Europaique

307 4903 683 4966 continente
754 4904 1037 4963 Romano
1091 4903 1520 4981 subjectarum
1581 4903 1853 4980 imperio
1885 4904 2266 4983 regionum;
2325 4908 2462 4984 ipsa
2520 4909 2624 4968 vix
2681 4910 2841 4970 urbe
2893 4911 3088 4988 regia,
3146 4910 3328 4989 cujus
3383 4928 3528 4988 por-

311 5007 538 5076 tubus,
599 5007 779 5082 cujus
835 5004 1032 5082 portis
1091 5006 1242 5065 mari
1315 5005 1550 5066 classes
1617 5005 1920 5083 piraticaa,
1970 5014 2133 5068 terra
2183 5006 2696 5070 latrocinantium
2754 5009 3005 5072 infestas
3076 5013 3245 5073 acies
3305 5013 3534 5072 Barba-

310 5123 537 5168 rorum
599 5108 860 5185 impune
913 5125 1168 5185 semper
1230 5107 1652 5180 insultabant,
1705 5107 1864 5186 ipsa,
1906 5109 2196 5189 inquam,
2257 5111 2514 5189 imperii
2574 5116 2722 5177 sede
2803 5115 3356 5194 Constantinopoli
3431 5115 3528 5174 vix

316 5207 597 5268 liberum
671 5209 970 5286 spiritum
1037 5225 1219 5268 muro
1290 5218 1350 5269 ct
1416 5212 1910 5290 prapuguaculis
1967 5221 2233 5286 tutante,
2313 5215 2483 5277 inter
2550 5229 2940 5296 grassantem
3022 5219 3194 5280 intus
3275 5219 3533 5287 famem,

309 5307 685 5368 smvientem
746 5307 914 5370 luem
981 5351 998 5381 ,
1046 5309 1440 5370 seditionum
1501 5312 1672 5373 ferro
1720 5311 1855 5374 face
1929 5314 2443 5393 deprmliantium
2503 5324 2949 5399 sanguinarios
3003 5323 3281 5391 furores,
3317 5328 3535 5379 terrm-

317 5419 558 5480 molus,
637 5407 769 5469 dira
844 5407 1166 5481 incendia,
1233 5416 1295 5469 et
1364 5409 1425 5469 id
1485 5427 1690 5485 genus
1749 5411 2070 5475 immissas
2121 5417 2438 5478 divinitus
2502 5421 2750 5492 clades;
2811 5437 2958 5498 quea
3010 5419 3306 5481 dubitare
3364 5418 3536 5478 cives

313 5505 716 5568 miserrimos
778 5510 1076 5583 c0gerent
1143 5513 1278 5566 utra
1337 5517 1509 5569 esset
1568 5510 1777 5570 minus
1828 5511 2194 5574 calamitosa
2251 5515 2530 5593 fortuna,
2587 5521 3072 5598 gementiumne
3151 5521 3271 5581 sub
3337 5517 3535 5577 servi-

314 5594 455 5668 tute
524 5605 848 5668 barbarica
919 5604 1115 5664 semel
1176 5607 1624 5680 abductorum,
1688 5628 1766 5671 an
1831 5613 2035 5673 adhuc
2108 5615 2231 5674 sub
2291 5625 2453 5678 tecto
2527 5594 2728 5696 patrio
2795 5622 3099 5682 extremis
3184 5616 3536 5681 teri-oribus

309 5705 754 5771 mstuantiuui,
820 5713 880 5762 et
933 5720 1064 5780 quo
1139 5719 1285 5762 casu
1346 5705 1612 5780 perituri
1684 5725 1826 5768 mox
1887 5708 2127 5782 forent,
2197 5717 2528 5777 cruciabili
2606 5721 2922 5781 anxietate
2978 5720 3393 5779 incertorum.

640 5807 885 5864 l’A'ruoi.
956 5809 1068 5866 Gn.
1117 5803 1367 5868 CXLIV.
2575 5874 2580 5878 ,
2858 5872 2861 5873 ν
3113 5819 3144 5876 1
