3950 6558
427 370 484 435 t1
1764 363 1996 425 parm
2038 362 2343 424 POSSINI
2496 314 2503 323 ί
3617 350 3684 415 :2

501 484 611 546 lli.
699 480 848 543 'i'am
920 488 1098 542 atrox
1159 480 1300 542 irati
1380 479 1678 542 Numinis
1752 472 2028 540 vindicta
2120 477 2358 556 quibus
2413 483 2558 537 tunc
2618 470 2974 534 sceleribus
3018 475 3495 549 provocaretur,
3541 467 3673 529 uis-

423 584 736 665 quisitum
792 599 827 645 a
884 580 1180 661 plurimis
1251 579 1465 652 anxie,
1544 580 1756 658 ipsum
1849 594 2112 658 quoque
2181 596 2248 639 se
2303 592 2432 638 non
2490 572 2908 637 dissimulans
2985 569 3126 649 ejus
3193 573 3506 634 abstrusas
3584 569 3675 631 rei

424 691 880 753 sciscitatorem
942 683 1300 753 curiosum,
1374 698 1501 744 non
1560 681 1757 744 semel
1844 682 2268 760 Pachymeres
2335 680 2624 744 afﬁrmat.
2689 686 3072 762 Aperiamus
3152 680 3271 740 hoc
3353 693 3471 739 nos
3538 673 3674 735 illis

426 807 752 862 arcanum,
799 793 860 849 et
917 783 1335 862 indigitemus
1417 784 1685 857 trabem,
1757 799 1952 864 quam
2022 784 2172 863 quia
2259 782 2514 844 inﬁxam
2566 794 2801 863 gerunt
2876 782 3106 853 oculis,
3190 780 3409 843 videre
3491 774 3678 839 illusi

430 898 787 973 nequeunt.
857 888 1157 967 Relapsio
1231 886 1297 948 in
1358 886 1688 959 haeresim,
1735 890 1935 948 sancti
2025 886 2298 965 Spiritus
2375 887 2853 965 processionem
2907 905 2941 949 e
3004 889 3182 947 Patre
3255 880 3445 943 simul
3528 893 3674 937 cum

428 994 597 1056 Filio
683 993 1043 1068 negantem,
1103 986 1442 1063 repetitum
1506 985 1807 1060 schisma,
1878 986 2148 1048 rebellio
2216 986 2440 1049 iterata
2490 986 2557 1049 in
2616 986 2852 1049 Christi
2912 985 3218 1048 vicarium
3311 982 3676 1042 Romanum

431 1093 822 1176 pontificem,
880 1096 1113 1162 vestra,
1147 1086 1514 1166 Byzantini,
1578 1086 1698 1148 hoc
1762 1103 1957 1165 opere
2037 1087 2359 1164 publicata
2435 1087 2700 1150 crimina
2769 1095 2941 1151 sunt.
3019 1088 3112 1148 Ne
3185 1081 3453 1162 quaerite
3525 1076 3680 1138 alias

430 1197 698 1259 istarum
760 1194 883 1255 sub
945 1191 1186 1272 quibus
1245 1190 1503 1269 gentilis
1567 1190 1952 1262 exitialium,
1990 1200 2211 1267 tenore
2265 1192 2765 1253 continuissimo
2817 1208 3154 1264 nexarum,
3210 1198 3390 1250 aucta
3425 1197 3679 1259 semper

430 1296 735 1377 gradibus
816 1294 1144 1357 atrocitate
1216 1291 1639 1352 arescentium
1709 1307 1934 1353 causas
2010 1292 2465 1354 calamitatum.
2533 1293 2875 1372 Utcunque
2938 1289 3151 1370 probi,
3219 1286 3435 1359 mites,
3513 1279 3677 1362 justi

434 1397 763 1477 principes
821 1396 1011 1458 vestri
1048 1394 1409 1465 videantur,
1442 1392 1723 1472 pepulus
1761 1393 1914 1454 satis
1970 1394 2390 1470 compositus,
2457 1393 2670 1455 clerus
2729 1394 2939 1472 gravis
2999 1401 3059 1454 et
3100 1377 3436 1471 honestus,
3470 1400 3678 1449 unum

435 1507 527 1562 est
594 1498 742 1559 odio
826 1499 892 1558 in
960 1512 1069 1557 vos
1157 1495 1271 1556 Dei
1349 1494 1726 1557 concitando
1780 1494 1890 1567 vel
1965 1491 2479 1555 efﬁcacissimum
2554 1493 2891 1574 ﬂagitium,
2975 1496 3264 1572 pertinax
3343 1489 3677 1566 amplexus

436 1599 691 1678 reprobi
752 1600 1095 1677 dogmatis,
1158 1595 1457 1675 pervicax
1537 1584 1941 1672 contemptus
1994 1611 2318 1672 suprema
2374 1594 2823 1657 ecclesiasticae
2892 1592 3291 1657 auctoritatis
3362 1591 3430 1651 in
3509 1585 3679 1649 Petri

435 1719 807 1765 successore
860 1704 1142 1763 Romano
1195 1697 1497 1776 episcOpo
1555 1694 1790 1758 Christi
1852 1694 2057 1773 ipsius
2122 1695 2534 1759 institutione
2581 1696 2968 1760 constitutas.
3013 1697 3161 1758 Haec
3221 1692 3405 1756 vobis
3474 1691 3678 1751 Lerna

436 1806 781 1876 maturum,
823 1801 1006 1878 origo
1064 1800 1365 1873 cladium,
1404 1796 1549 1858 fons
1605 1794 2112 1858 infortuniorum
2152 1798 2367 1859 omnis
2411 1797 2669 1876 generis
2726 1814 2898 1859 unus
2952 1804 3047 1859 est
3077 1796 3401 1859 omnium.
3434 1788 3685 1854 Doletis

436 1918 683 1972 vestros
718 1905 1040 1968 exercitus
1071 1897 1665 1969 numerosissimos,
1699 1898 1995 1958 ductante
2038 1915 2154 1977 per
2202 1915 2271 1958 se
2313 1897 2453 1975 ipso
2484 1903 2688 1959 vestro
2719 1899 3009 1977 Augusto
3042 1896 3353 1960 Michaele
3390 1894 3689 1961 Juniere,

437 2028 612 2077 nunc
670 2005 1120 2085 incompositis
1152 2020 1267 2065 nec
1310 2001 1527 2065 multis
1570 2001 1898 2079 oppositos
1960 2001 2028 2062 in
2059 2000 2213 2063 Asia
2249 2001 2566 2073 Barbaris.
2622 2018 2793 2065 nunc
2840 2002 2902 2063 in
2973 2002 3258 2065 Occidua
3311 1997 3689 2061 continente

440 2113 661 2194 paucis
724 2109 1052 2189 imparatis
1112 2106 1478 2168 extorribus
1508 2103 1824 2183 ~objectos
1883 2104 2020 2166 acie
2071 2102 2334 2177 latinis,
2379 2110 2624 2167 terrore
2692 2105 2897 2168 fuisse
2944 2112 3387 2167 consternatos
3427 2097 3680 2178 panico,

437 2222 643 2293 fusos,
680 2213 960 2292 fugatos,
996 2208 1409 2288 profligatos?
1448 2205 1917 2276 Cousternavit,
1958 2204 2234 2284 disjecit,
2291 2205 2567 2283 perdidit
2605 2204 2826 2267 divina
2885 2204 3204 2279 Nemesis,
3266 2200 3557 2263 haeresim
3619 2201 3687 2260 in

441 2322 623 2385 vobis
681 2327 742 2380 et
801 2313 1077 2377 schisnia
1131 2310 1486 2374 vindicans.
1547 2311 1641 2368 Au
1720 2324 1869 2368 vero
1932 2324 2012 2368 ex
2084 2325 2214 2385 quo
2284 2306 2643 2386 legitimum
2713 2309 3091 2380 antistitem,
3162 2303 3502 2367 orthodoxi
3560 2301 3683 2361 do-

440 2422 672 2505 gmatis
730 2420 810 2480 de
877 2414 1287 2493 processione
1318 2410 1521 2473 sancti
1554 2410 1829 2487 Spiritus
1883 2425 1959 2468 ex
2026 2409 2205 2470 Patre
2242 2407 2545 2487 Filioque
2597 2409 3139 2480 eruditissimum,
3177 2403 3681 2468 disertissimum

443 2500 1171 2597 constantissimumque
1251 2516 1683 2589 defensorem,
1753 2515 1982 2575 throno
2040 2509 2446 2589 patriarchali
2505 2510 2816 2572 Joannem
2902 2500 3178 2573 Vescum
3267 2504 3693 2578 deturbastis,

443 2638 653 2695 vestra
705 2637 990 2705 unquam
1052 2622 1114 2681 in
1178 2617 1307 2680 ulla
1360 2617 1455 2677 vel
1511 2618 1737 2678 umbra
1775 2611 2257 2694 tranquillitatis
2312 2613 2689 2693 conquievit
2742 2613 3074 2676 Ecclesia?
3135 2614 3272 2675 Non
3326 2610 3435 2673 ille
3486 2624 3682 2685 quem

444 2751 560 2816 pro
631 2734 833 2795 Vecco
890 2724 1247 2789 intrusistis
1309 2720 1657 2798 Gregorius
1723 2718 2024 2799 Cyprius,
2064 2716 2526 2796 jactationibvus
2597 2730 2951 2778 concussus
3027 2713 3332 2784 assiduis,
3405 2727 3691 2792 prmceps

446 2807 696 2902 tandem
730 2834 884 2896 sede
912 2828 1195 2893 corruit?
1217 2843 1342 2888 non
1370 2822 1546 2905 paria
1575 2840 1803 2903 passus
1836 2822 1930 2885 illi
1954 2820 2264 2883 suﬂ‘ectus
2290 2818 2725 2881 Athanasius?
2754 2817 2923 2895 paria
2955 2818 3236 2878 Joannes
3256 2807 3565 2876 Cosmas?
3590 2810 3685 2872 si-

445 2938 647 3010 milia,
726 2936 857 2997 imo
933 2933 1172 3010 pejora,
1220 2928 1456 2991 iterum
1520 2934 1737 2988 contra
1785 2925 1894 3002 jus
1959 2922 2185 3000 fasque
2251 2918 2571 2998 repositus
2627 2918 2696 2982 in
2757 2928 2926 2980 recte
2986 2916 3196 2979 ablato
3256 2910 3682 2993 patriar’Chatu

446 3038 831 3104 Athanasius
891 3035 1092 3107 idem,
1168 3029 1351 3093 vobis
1414 3027 1687 3106 insuper
1737 3026 1895 3105 ipsis
1963 3022 2429 3088 infestissimus
2497 3028 2559 3084 et
2612 3018 3268 3084 abominatissimus?
3324 3014 3488 3089 Quid
3542 3028 3684 3073 me-

449 3159 689 3206 morem
741 3154 965 3206 saevas.
1032 3135 1369 3202 immanes,
1430 3128 1702 3191 rabiosis
1769 3128 2146 3190 commissas
2210 3133 2272 3188 et
2332 3123 2658 3186 vobiscum
2725 3129 2789 3184 et
2848 3120 3124 3184 invicem
3185 3118 3422 3197 jurgiis
3479 3123 3684 3178 sectas

446 3242 979 3309 Arsenianorum,
1044 3230 1544 3309 Josephitarum,
1578 3224 2191 3305 Hyacinthinorum,
2241 3221 2542 3294 aliorum,
2604 3220 2794 3280 modo
2827 3218 3085 3299 Georgii
3151 3213 3687 3290 Moschamparis,

450 3349 643 3410 modo
708 3338 906 3404 Marci
985 3333 1289 3412 discipuli
1343 3333 1583 3412 Cyprii,
1624 3330 1840 3409 \modo
1905 3327 2253 3389 Andronici
2328 3324 2683 3395 Sardensis,
2754 3323 2941 3384 modo
2995 3321 3261 3384 Joannis
3338 3316 3678 3397 Ephesini,

447 3454 638 3518 modo
698 3448 936 3509 Nicetaa
1010 3434 1569 3517 Dyrrhachiensis,
1645 3432 1833 3495 modo
1908 3429 2243 3507 'l‘heolepti
2329 3423 2910 3504 Philadelphiensis
3020 3431 3229 3502 partes
3306 3419 3691 3483 tuentium?

447 3570 598 3636 quis
638 3558 833 3612 aestus
891 3536 1382 3618 implacabiliter
1432 3534 1827 3596 rixantium?
1882 3546 2073 3611 quam
2129 3524 2622 3589 immedicabilis
2652 3525 2834 3587 furor
2881 3522 3139 3587 obnixis
3169 3518 3683 3583 irrevocabititer

447 3624 683 3722 studiis
737 3666 880 3713 sese
944 3650 1167 3705 mutuo
1232 3636 1724 3704 infestantium?
1771 3635 1928 3699 cmlo
1984 3634 2151 3713 ipso,
2210 3633 2393 3712 cujus
2460 3633 2538 3694 de
2592 3630 2816 3693 vestris
2851 3626 3315 3691 controversiis
3356 3624 3687 3704 judicium

446 3762 559 3824 illo
625 3748 1116 3831 Atramyttiensi
1176 3750 1495 3807 conventu
1553 3759 1663 3819 per
1718 3742 2060 3818 quamdam
2102 3735 2555 3815 superstitiose
2590 3734 2912 3797 curiosam
2946 3728 3415 3813 pyromantiam
3455 3728 3682 3807 explo-

449 3874 657 3927 ratum
718 3829 1004 3921 iveratis,
1045 3846 1241 3927 partis
1304 3845 1642 3923 utriusque
1698 3840 1956 3918 scriptis
1986 3856 2165 3903 sacra
2215 3837 2470 3900 ﬂamma
2529 3835 3037 3907 concremandis,
3074 3833 3434 3897 luculenter
3472 3829 3685 3893 decla-

448 3974 633 4030 rante
689 3974 875 4039 mque
939 3951 1157 4015 omnia
1224 3954 1432 4011 vestra
1490 3941 1942 4011 conventicula
2003 3945 2137 4004 Deo
2198 3957 2339 4003 esse
2386 3955 2460 4000 ac
2513 3938 2772 4016 superis
2805 3953 3022 3999 exosa.

530 4070 637 4129 IV.
725 4034 845 4124 Sed
903 4059 1141 4119 frustra
1200 4050 1566 4112 laboramus
1645 4043 2069 4109 admonendis
2132 4044 2215 4106 iis
2293 4057 2457 4121 quos
2533 4040 2896 4103 voluntaria
2976 4039 3223 4102 caecitas
3290 4055 3328 4101 a
3383 4034 3687 4109 videndo,

449 4170 624 4254 quod
676 4166 881 4247 palam
945 4167 1063 4231 est,
1125 4153 1442 4234 prohibet.
1492 4154 1620 4213 Nos
1679 4148 1895 4228 potius
1956 4148 2127 4211 hunc
2175 4146 2458 4209 fructum
2515 4162 2592 4207 ex
2630 4143 2823 4225 hujus
2883 4144 3167 4206 historia;
3200 4143 3476 4205 lectione
3524 4137 3690 4201 refe-

451 4243 695 4341 ramus,
729 4276 798 4331 ut
864 4278 996 4327 non
1028 4256 1453 4322 dubitandum
1490 4261 1788 4332 putemus
1844 4250 2122 4336 amplius
2153 4251 2313 4330 quin
2370 4250 2446 4311 ad
2482 4250 2875 4330 puniendum
2910 4250 3273 4313 Graecorum
3307 4246 3372 4307 in
3418 4243 3688 4308 Oriente

452 4372 914 4455 imperantium
976 4365 1255 4427 schisma
1311 4364 1681 4429 contumax,
1740 4358 1969 4433 dOgma
2029 4355 2397 4430 reprobum,
2430 4355 2595 4415 Deus
2626 4354 3114 4415 Ottomanorum
3178 4351 3527 4430 potentiam
3577 4364 3691 4408 ex-

452 4450 765 4543 citaverit.
840 4471 1061 4534 Statim
1116 4465 1248 4529 iere
1315 4470 1506 4543 atque
1545 4458 1951 4522 Andronicus
1981 4456 2375 4533 Palaeologus
2427 4457 2645 4518 senior
2681 4472 2941 4536 compos
2995 4452 3489 4532 factusimperii
3519 4450 3694 4512 vires

451 4583 594 4663 ejus
627 4573 944 4641 convertit
984 4568 1323 4631 universas
1353 4562 1430 4625 ad
1467 4559 1968 4623 labefactandam
2005 4556 2612 4634 exstirpandamque
2632 4555 2709 4616 ab
2740 4556 2879 4634 ejus
2912 4563 3087 4634 patre
3121 4552 3436 4616 Michaele
3466 4550 3688 4612 initam

455 4653 601 4748 cum
675 4673 1023 4757 apostolica
1080 4668 1231 4730 sede
1289 4660 1723 4737 concordiam”,
1775 4667 2133 4738 eruperunt
2194 4676 2227 4719 e
2284 4658 2545 4721 Perside
2609 4659 2673 4719 in
2744 4658 3134 4721 Christianas
3197 4665 3392 4719 terras
3450 4653 3688 4717 tumul-

456 4780 683 4845 tuariae
719 4756 1066 4837 latronum
1117 4780 1369 4827 manus.
1428 4764 1672 4825 Harum
1724 4760 1858 4821 dux
1925 4774 2142 4830 unus,
2191 4775 2383 4837 quem
2436 4768 2654 4820 noster
2709 4761 3041 4819 Atmanem
3085 4766 3283 4830 vocat,
3336 4756 3478 4818 aliis
3514 4757 3694 4819 Otto-
3793 4835 3800 4841 ἡ

454 4897 673 4945 manes
732 4875 1127 4942 nominatus,
1154 4883 1232 4928 ex
1263 4863 1540 4927 obscuro
1576 4908 1594 4937 ,
1627 4867 1883 4940 egente,
1918 4858 2172 4921 inﬁrmo
2209 4858 2655 4931 inclarescere,
2686 4860 2902 4933 ditari,
2946 4860 3348 4923 corroborari
3386 4856 3691 4938 paulatim

454 5001 585 5049 non
634 4979 854 5050 desiit,
914 4972 1123 5051 quoad
1190 4966 1437 5039 multis,
1510 4973 1701 5042 prout
1740 4961 2166 5039 Pachymeres
2240 4962 2510 5040 sparsim
2583 4961 2684 5020 hic
2755 4972 3083 5031 memorat,
3137 4971 3367 5024 auctus
3436 4976 3696 5023 succes-

451 5088 659 5156 sibus,
697 5077 933 5159 prsidis
961 5071 1406 5150 locupletatus,
1432 5065 1713 5139 arcibus,
1739 5062 2037 5135 urbibus,
2058 5061 2405 5140 provinciis
2430 5078 2564 5124 sum
2582 5061 2811 5123 ditioui
2849 5062 3148 5138 subditis,
3173 5066 3389 5125 Prusm
3414 5064 3695 5135 tandem,

455 5203 648 5267 quam
682 5185 747 5244 in
786 5174 1085 5255 Bithynia
1142 5181 1613 5248 occupaverat,
1676 5185 1946 5250 regnum
1998 5167 2325 5240 instituit,
2359 5170 2529 5230 circa
2565 5166 2804 5228 Christi
2840 5184 3082 5228 annum
3132 5168 3531 5229 millesimun
3567 5176 3691 5228 tre-

455 5266 915 5353 centesimum,
950 5268 1329 5339 Andronici‘
1355 5270 1559 5333 nostri
1605 5270 1803 5349 hujus
1836 5268 1904 5330 in
1953 5266 2227 5343 imperio
2267 5266 2899 5329 duodevicesimum.
2927 5267 3256 5329 Ottomani
3288 5266 3398 5347 qui
3435 5266 3695 5346 triginta

456 5390 712 5457 circiter
747 5391 892 5465 post
926 5379 1116 5443 annis
1149 5376 1465 5439 successit
1501 5374 1568 5435 in
1610 5389 1807 5452 regno
1847 5367 2149 5432 morienti
2184 5370 2359 5433 filius
2389 5369 2755 5441 Orchanes,
2807 5376 2987 5447 capta
3032 5368 3242 5430 Nicaea
3277 5368 3471 5430 altera
3523 5369 3697 5445 regia

453 5486 959 5571 Byzantinorum
997 5483 1442 5556 Augustorum
1472 5522 1488 5550 ,
1520 5472 1962 5537 Nicomediam
1999 5478 2303 5549 prteterea
2341 5470 2764 5549 reliquasque
2800 5476 3037 5531 tractus
3088 5474 3229 5548 ejus
3265 5470 3555 5532 civitates
3593 5470 3698 5529 in-

453 5568 681 5669 cl-ytas,
716 5594 849 5646 tum
885 5583 1188 5663 Mysiam,
1223 5573 2030 5659 Lycaoniam,Phrygiam,
2059 5573 2309 5650 Cariam
2339 5578 2733 5650 cunctasque
2770 5573 2845 5632 ad
2880 5569 3370 5649 Hellespontum
3403 5577 3463 5632 et
3508 5568 3703 5629 Euxi-

456 5707 611 5753 num
644 5685 966 5763 regiones,
1000 5687 1289 5745 Romano
1321 5686 1576 5756 ereptas
1610 5691 1729 5737 suo
1766 5673 2001 5751 adjecit
2042 5675 2342 5752 imperio.
2377 5674 2573 5749 Cujus
2615 5672 2803 5733 etiam
2849 5672 3058 5732 adhuc
3112 5671 3439 5749 regnantis
3486 5670 3704 5745 auspi-

453 5796 571 5858 ciis
609 5791 964 5854 Solimanes
1004 5788 1355 5861 ﬁlius,ante
1394 5791 1637 5863 patrem
1671 5779 1904 5842 deinde
1944 5786 2264 5853 niortuus,
2306 5776 2369 5837 in
2402 5776 2735 5838 Thraciam
2776 5773 3098 5852 trnjieiens
3128 5769 3547 5835 Ottomanicis
3579 5771 3708 5849 pri-
