4022 6578
282 392 344 459 l3
884 431 911 438 -
1694 399 2112 461 PILET’ATIO.
3478 395 3547 464 Ii

281 527 426 573 mus
473 512 803 593 Europam
837 517 1035 579 armis
1072 516 1409 581 delibavit.
1439 517 1543 580 Sic
1565 526 1817 597 gestum
1855 517 2192 580 Orchanes
2228 516 2414 577 annis
2450 515 2707 579 duobus
2748 520 2806 576 et
2848 512 3075 594 viginti
3110 511 3541 592 principatum

281 615 640 680 transmisit
672 621 966 683 Amurati
1006 640 1085 684 ex
1121 639 1190 685 se
1221 624 1464 701 genito,
1497 622 1833 702 superstiti
1869 622 2247 701 relicto,qui
2282 621 2606 700 Gallipoli,
2630 618 3099 699 Hadrianopoli
3139 626 3202 680 et
3231 618 3545 697 subjectis

286 717 427 779 urbi
466 720 739 796 utrique
777 724 1157 801 regionibus
1190 727 1543 788 Romanam
1576 725 1882 787 minuens
1912 724 2176 796 artavit,
2213 723 2686 786 ()ttomaniram
2733 722 3061 802 adaugens
3100 720 3392 784 dilatavit
3439 720 3546 779 di-
3600 706 3621 723 κ

286 819 554 882 tionem.
576 823 670 884 E1
706 825 826 887 hoc
856 827 1229 905 Bajazethes
1258 836 1447 890 natus
1481 827 1909 897 Thessaliam,
1936 824 2401 900 Macedoniam,
2440 825 2811 899 Phocidem,
2853 820 3442 901 Atticam,Mysiam
3484 828 3549 880 et

289 919 656 998 Bulgariam
693 922 934 984 Graecis
974 924 1239 1004 eripuit.
1272 925 1445 988 Vicit
1479 934 1540 987 et
1578 912 1851 988 abduxit
1886 926 2301 986 Tamerlanes
2338 924 2739 1005 Bajazetbem
2765 968 2781 995 ,
2815 926 2938 986 sub
2973 924 3158 1005 cujus
3194 922 3345 983 ﬁliis
3369 964 3384 989 ,
3427 925 3547 983 So-

288 1019 549 1096 limane,
589 1026 800 1100 Musa,
832 1026 1197 1089 Mahomete
1230 1030 1282 1102 Ι,
1315 1028 1546 1090 breves
1581 1029 1758 1091 velut
1789 1026 2069 1089 inducite
2105 1024 2417 1089 malorum
2449 1026 2836 1106 Byzantinos
2890 1033 3549 1102 recrearunt,exspe-

289 1130 495 1184 ctante
518 1127 651 1188 Deo
669 1144 746 1189 an
770 1129 1248 1209 resipiscerent.
1267 1128 1389 1193 Sed
1415 1129 1758 1192 schismate
1785 1126 1919 1192 illic
1943 1139 2003 1191 et
2027 1126 2842 1190 hmrcsioerseverantibus
2873 1144 3081 1189 novus
3117 1126 3286 1189 ultor
3309 1143 3545 1189 exsurc

292 1224 452 1284 rexit
500 1228 841 1290 Amurates
896 1232 992 1303 lI,
1043 1231 1428 1293 Mahometis
1481 1231 1671 1309 primi
1732 1231 1946 1304 ﬁlius,
1997 1231 2268 1292 secundi
2336 1239 2531 1306 pater.
2582 1229 2703 1291 Hic
2748 1229 3267 1291 Thessalonicam
3317 1230 3551 1291 urbem

293 1325 642 1387 maximam
680 1335 1101 1408 expugnavit,
1142 1333 1531 1412 Hungaricis
1568 1333 1839 1393 Joannis
1886 1331 2228 1404 Huniadis,
2282 1332 2707 1410 Epirensibus
2754 1332 3186 1413 Scanderbegi
3228 1333 3552 1394 successi-

291 1423 406 1484 bus
455 1422 812 1490 retardatus
849 1447 883 1491 a
924 1427 1639 1509 Constantinopolitano
1697 1426 1990 1494 funditus
2038 1430 2315 1510 imperio
2373 1431 2679 1495 dolendo.
2711 1430 2978 1495 Interim
3033 1434 3205 1494 enim
3263 1432 3545 1494 clemen-

295 1525 581 1590 tissimus
632 1528 938 1595 Dominus
992 1532 1293 1597 ultimum
1349 1535 1526 1598 velut
1579 1536 1860 1614 experiri
1911 1546 2211 1598 conatum
2250 1537 2453 1599 voluit
2498 1536 2751 1599 Graecos
2784 1532 3170 1600 restituendi
3210 1535 3549 1599 catholica

294 1635 742 1696 communioni
779 1653 849 1698 ac
890 1637 1060 1707 fidei,
1095 1648 1481 1717 congregata
1514 1640 1680 1702 circa
1712 1640 1944 1702 Christi
1985 1658 2227 1702 annum
2282 1642 2438 1703 1M0
2480 1660 2655 1705 sacra
2711 1644 3109 1706 mcumenica
3169 1642 3547 1704 Florentina

288 1737 567 1811 synodo,
609 1738 673 1799 in
713 1757 842 1818 qua
874 1758 1039 1804 nova
1088 1743 1396 1806 Ecclesia)
1429 1745 1667 1807 Graecas
1699 1762 1843 1806 cum
1886 1746 2103 1807 Latina
2142 1748 2392 1824 tandem
2438 1757 2533 1810 est
2582 1750 2953 1812 conciliatio
3004 1750 3268 1810 sancita.
3298 1748 3547 1810 Verum

296 1844 358 1896 et
386 1838 467 1898 ab
504 1836 621 1900 hac
653 1858 879 1903 rursus
916 1840 1246 1924 plerisque
1281 1846 1576 1922 ipsorum
1624 1846 2104 1918 resilientihus,
2143 1844 2541 1911 Mahometes
2574 1852 2625 1911 li
2653 1897 2669 1923 ,
2710 1852 3035 1913 Amuratis
3080 1849 3351 1912 secundi
3393 1865 3548 1909 suc-

296 1954 511 1999 cessor
562 1949 623 2000 ct
672 1942 842 2035 illius
873 1989 889 2015 ,
925 1946 1556 2024 Constantinnpolim
1608 1947 1666 2006 vi
1724 1948 1892 2024 cepit
1941 1964 2113 2010 anno
2159 1947 2305 2008 Chr.
2359 1950 2539 2023 1ῐι53,
2569 1960 2628 2013 et
2675 1953 2855 2014 urbis
2901 1961 3283 2033 eXpugnataa
3341 1951 3553 2012 ruinis

293 2040 530 2102 obruto
565 2042 989 2107 Constantino
1036 2048 1426 2126 imperatore
1461 2048 1602 2125 ejus
1640 2048 1931 2110 nominis
1982 2057 2206 2110 octavo
2234 2096 2251 2125 ,
2296 2051 2800 2131 Palmoltigorurii
2854 2054 3204 2116 Andronici
3255 2062 3551 2134 postero-

296 2156 436 2201 rum
471 2144 702 2206 ordine
734 2154 944 2221 sexto,
989 2157 1164 2210 sorte
1208 2150 1463 2220 ultimo,
1500 2148 1846 2227 imperium
1881 2147 2214 2211 Orientale
2249 2151 2554 2225 abolevit,
2599 2152 2937 2216 manifeste
2988 2155 3166 2217 ultus
3215 2155 3549 2217 rescissam

296 2259 330 2303 a
380 2244 619 2305 Graecis
664 2250 1009 2309 secundam
1060 2265 1205 2310 cum
1246 2248 1491 2310 Latinis
1524 2248 2019 2312 conventionem
2056 2252 2312 2328 publice
2340 2252 2564 2314 initam
2598 2253 2965 2326 Florentiae,
2993 2255 3160 2316 sicut
3190 2257 3264 2316 ad
3316 2255 3553 2333 prioris

300 2344 719 2406 violationem
760 2345 823 2407 in
862 2348 1287 2426 Lugdunensi
1318 2350 1566 2412 coalitm
1595 2348 1872 2411 concilio
1905 2350 2354 2414 vindicandam
2383 2352 2695 2416 excitatus
2719 2354 3036 2416 divinitus
3067 2355 3279 2418 fuerat
3307 2348 3376 2418 in
3412 2351 3553 2419 ’ma-

295 2452 511 2529 jorum
547 2451 690 2529 ejus
720 2452 892 2514 serie
921 2455 1225 2516 continua
1263 2464 1433 2518 retro
1464 2463 1687 2517 sextus
1717 2456 2121 2519 Ottomanes.

375 2554 451 2615 V.
481 2553 692 2631 Hujus
726 2557 864 2616 orbi
898 2556 1203 2617 universo
1239 2559 1738 2620 luctuOsissin:ae
1766 2559 2088 2635 tragoedia)
2115 2560 2360 2638 primus
2382 2569 2559 2623 actus
2585 2562 2971 2642 Pachymere
2993 2564 3265 2627 docente
3302 2564 3362 2626 in
3397 2565 3539 2643 hac,

297 2651 482 2731 cujus
517 2654 709 2717 modo
740 2654 1048 2731 siparium
1088 2656 1483 2729 reducimus,
1518 2673 1709 2717 scena
1751 2655 1926 2716 velut
1964 2658 2238 2734 quadam
2288 2659 2557 2721 luditur.
2596 2663 2924 2741 Nusquam
2961 2662 3112 2724 alibi
3150 2662 3552 2742 principatus

304 2759 492 2820 istius
524 2770 724 2837 κυρίας
757 2769 940 2833 δόξας,
973 2768 1136 2834 vota,
1181 2778 1345 2833 orsa,
1383 2761 1696 2842 destinata
1721 2809 1735 2833 ,
1774 2762 2444 2825 machinamentorum
2482 2764 2788 2845 obliquos
2822 2764 3030 2828 ﬂexus
3057 2808 3073 2839 ,
3105 2765 3364 2828 fucosas
3406 2782 3556 2844 spe-

296 2862 433 2924 cies
455 2863 864 2937 obtentuum,
896 2873 1247 2926 astutaruin
1281 2882 1507 2926 arcana
1544 2865 1954 2927 molitionum
1980 2910 1996 2940 ,
2037 2864 2210 2928 vafra
2252 2868 2605 2947 eademque
2631 2886 2802 2931 cassa
2829 2872 3215 2949 plerumque
3241 2862 3555 2934 successu

294 2968 535 3026 artium
577 2967 1025 3029 illaudatarum
1078 2974 1465 3029 tentamenta
1504 2967 1790 3046 reperias
1813 2968 2129 3046 descripta
2148 2968 2441 3035 candide.
2468 2971 2770 3050 patefacta
2795 2970 3181 3049 simpliciter
3221 2988 3254 3035 a
3294 2971 3555 3034 conscio

308 3069 366 3120 et
414 3070 705 3141 antepta.
742 3066 1042 3125 Summos
1084 3067 1275 3126 modo
1328 3064 1555 3125 harum
1596 3064 1810 3141 apices
1856 3080 2071 3124 rerum
2123 3068 2460 3142 pervolans
2506 3068 2761 3146 stringit
2800 3070 3140 3147 Gregoras,
3167 3089 3357 3142 unus,
3382 3076 3556 3148 quod

308 3163 500 3224 sciam
554 3165 722 3226 alius
745 3166 1109 3227 Graecorum
1152 3174 1403 3245 tempus
1445 3166 1618 3227 istud
1663 3173 1961 3237 tractans,
2000 3165 2307 3247 idemque
2366 3185 2495 3229 non
2539 3169 2831 3231 omnium
2877 3170 3202 3249 inSpector
3250 3188 3556 3251 prmscns.

307 3269 548 3346 quippe
598 3268 825 3347 junior
862 3270 1275 3350 Pachymere,
1309 3288 1425 3332 nec
1487 3271 1960 3349 comparandus
2023 3270 2175 3331 huic
2233 3271 2547 3350 dignitate
2595 3280 2655 3332 et
2720 3273 2929 3350 impar
2970 3273 3259 3353 judicio;
3292 3275 3562 3352 inSttpeJ‘

300 3371 522 3432 favore
556 3370 762 3432 nimio
790 3373 853 3433 in
886 3380 1095 3451 partes
1127 3373 1249 3434 sibi
1280 3372 1470 3434 amici
1506 3373 1791 3436 Seuioris
1817 3373 2127 3434 adversus
2156 3372 2490 3433 Juniorem
2523 3372 2843 3434 declarato
2865 3375 3561 3449 Andronicuni,stndio

307 3486 456 3549 erga
489 3472 890 3533 Barlaamum
941 3472 1426 3536 haeresiarcham
1455 3518 1471 3547 ,
1507 3472 1747 3536 invidia
1796 3471 2097 3535 factionis
2172 3472 2678 3551 Acindynianaa,
2724 3476 2908 3553 cujus
2956 3483 3092 3538 erat
3140 3475 3450 3554 signifer,
3489 3478 3565 3537 li-

302 3574 508 3635 centia
552 3576 942 3638 obtrectandi
983 3576 1391 3656 principibus
1421 3583 1482 3640 et
1514 3576 1843 3639 monachis
1868 3620 1884 3648 ,
1918 3575 2385 3641 indelebihbus
2444 3578 2738 3639 maledici
2771 3596 2843 3641 ac
2874 3578 3198 3642 mendacis
3241 3582 3319 3642 ab
3353 3581 3559 3658 ipsius

303 3676 536 3755 aequali
586 3677 1024 3739 Cautaruzeuo
1071 3677 1479 3757 stigmatibus
1542 3676 1714 3738 inuri
1772 3675 2075 3753 meritus;
2113 3675 2394 3754 denique
2428 3692 2649 3754 parum
2687 3678 2876 3739 etiam
2910 3679 3347 3741 Cantacuzeno
3376 3678 3558 3740 defe-

296 3786 591 3847 rentium
647 3791 711 3847 et
776 3783 1126 3846 liberorum
1188 3785 1364 3846 omni
1424 3782 1796 3862 praeiudicio
1848 3784 2155 3844 lectorum
2206 3798 2390 3862 requa
2434 3782 2750 3843 sententia
2825 3782 3163 3857 notabilis,
3205 3784 3379 3863 quod
3433 3782 3561 3845 sibi

306 3886 536 3947 famam
582 3890 751 3961 ﬁdei,
780 3903 926 3966 quas
962 3897 1060 3948 est
1094 3886 1307 3948 anima
1340 3885 1644 3955 historiae,
1679 3901 1808 3945 non
1841 3884 1999 3946 satis
2028 3883 2307 3947 sollicite
2326 3884 2410 3946 sit
2442 3886 2645 3946 tuitus
2670 3886 2982 3948 adversus
3006 3887 3214 3965 justas
3245 3882 3565 3965 suspicio-

311 4009 426 4053 nes
457 3994 611 4072 styli
650 3994 988 4055 atiectibus
1019 3991 1287 4055 obnoxii
1320 3999 1382 4054 et
1412 3991 1659 4072 ingenii
1691 3991 1963 4057 venalis.

277 4096 292 4109 '
391 4098 498 4160 νι,
546 4097 818 4159 Unicum
856 4114 1011 4177 ergo
1046 4097 1395 4158 Andronici
1433 4105 1718 4158 actorum
1759 4104 1979 4157 testem
2012 4095 2224 4168 hunc,
2266 4096 2557 4175 prudens
2594 4096 2839 4166 Lector,
2877 4094 3040 4158 habe
3088 4097 3396 4160 idoneum
3445 4096 3566 4185 Pa-

296 4206 680 4282 chymerem
708 4226 724 4278 ;
751 4222 870 4266 nec
905 4212 1116 4266 metue
1138 4205 1487 4282 perniciem
1511 4222 1656 4285 qua)
1683 4222 1715 4267 a
1739 4205 2105 4266 narratione
2126 4202 2418 4265 felicium
2439 4205 2757 4266 scelerum
2782 4202 3053 4264 cavenda
3081 4204 3309 4266 merito
3336 4204 3561 4281 legen-

306 4312 491 4373 tibus
526 4310 994 4389 praiscribitur,
1026 4328 1108 4371 ne
1143 4312 1218 4371 ad
1252 4310 1684 4372 imitationem
1734 4309 2032 4371 incautos
2070 4309 2400 4372 allectent.
2441 4309 2667 4388 Magna
2702 4307 2805 4368 hic
2840 4307 3194 4370 Andronici
3241 4306 3560 4379 senioris,

311 4411 423 4473 sed
455 4411 757 4472 vindicta:
784 4410 951 4473 acris
988 4429 1106 4473 nec
1136 4411 1351 4474 dilata;
1384 4410 1685 4491 praesenti
1721 4408 1899 4471 velut
1940 4409 2270 4483 antidoto,
2306 4409 2489 4470 nullo
2512 4410 2638 4488 jam
2673 4407 2964 4487 periculo
2995 4408 3560 4489 Cognoscentium,

304 4512 588 4575 crimina
624 4513 1010 4590 produntur.
1044 4513 1400 4574 Exhibetur
1428 4513 1483 4574 is
1521 4510 1922 4590 foedifragos,
1959 4510 2312 4590 perduellis
2338 4508 2572 4574 Christi
2605 4508 2879 4584 vicario,
2913 4519 3294 4582 contumax,
3329 4518 3565 4572 contu-

312 4614 657 4687 meliosus,
695 4613 1171 4694 ingratissimus
1204 4614 1509 4677 Ecclesia;
1540 4615 2248 4695 apostolicm/Iiomanm
2285 4635 2299 4673 :
2333 4613 2447 4674 sed
2497 4622 2559 4674 et
2609 4614 2922 4676 continuo
2980 4614 3152 4675 idem
3200 4612 3568 4676 ostenditur

310 4719 963 4799 imprudentissimus
993 4719 1054 4780 in
1081 4718 1260 4780 omni
1283 4718 1582 4792 cons-ilio,
1610 4718 2103 4781 infelicissimus
2134 4716 2202 4777 in
2237 4715 2415 4777 omni
2449 4722 2691 4792 erepto;
2728 4715 2890 4778 nulli
2915 4718 3212 4797 quamvis
3235 4716 3568 4783 imbecillo

304 4844 445 4889 non
475 4827 906 4889 succumbens
941 4827 1131 4901 hosti,
1161 4826 1321 4887 nulli
1354 4843 1481 4888 non
1517 4825 1871 4887 ludibrium
1922 4822 2243 4886 adversari
2275 4838 2433 4883 auso
2457 4822 2750 4901 praebens
2776 4864 2794 4892 ,
2830 4822 3101 4903 impune
3130 4841 3389 4903 semper
3418 4839 3572 4885 con-

300 4937 624 5006 temptus,
651 4943 797 4988 cum
820 4926 1001 4988 lucro
1034 4926 1311 4997 irrisus;
1351 4924 1536 5004 cujus
1570 4924 1761 4985 mium
1792 4922 2046 4985 nullum
2083 4921 2359 5001 pondus,
2387 4919 2628 4980 nullam
2657 4923 3080 4984 constantiam
3105 4924 3381 4996 decreta,
3419 4928 3568 4986 nul-

308 5034 438 5095 lam
473 5032 658 5093 ﬁdem
707 5031 933 5102 verba,
973 5029 1223 5091 nullum
1258 5027 1579 5091 desideria
1628 5043 1996 5088 successum
2040 5024 2422 5096 habuerint;
2462 5023 2687 5084 umbra
2719 5024 3149 5104 imperatoris,
3187 5029 3358 5091 larva
3390 5028 3572 5109 prin-

304 5135 502 5214 cipis,
536 5149 772 5211 scopus
811 5134 1004 5194 sortis
1037 5133 1321 5194 adversa)
1346 5179 1361 5207 ,
1399 5132 1723 5194 fecundus
1752 5131 1821 5192 in
1857 5144 2050 5191 suum
2084 5130 2363 5191 dedecus
2394 5141 2467 5187 ac
2520 5123 2863 5202 damnum,
2901 5131 3232 5210 longaevus
3283 5135 3359 5196 ad
3418 5152 3568 5214 per-

307 5238 693 5318 petuitatem
730 5236 1048 5311 miseriae;
1078 5236 1403 5314 denique,
1436 5253 1471 5298 a
1512 5252 1640 5314 quo
1676 5232 2164 5295 inclinationem
2209 5231 2499 5295 ultimam
2540 5235 2616 5297 ad
2652 5235 2925 5298 exitium
2986 5233 3408 5314 irreparabile
3463 5235 3573 5296 in-

304 5350 489 5421 ciyto
510 5345 733 5404 decem
765 5340 1020 5402 saeculis
1055 5358 1234 5403 novaa
1270 5343 1489 5402 Romae
1520 5337 1802 5419 imperio
1836 5338 2043 5399 datam
2077 5334 2292 5399 omnis
2319 5339 2466 5418 jure
2505 5340 2852 5419 deplorans
2884 5345 2946 5400 et
2978 5338 3300 5400 detestans
3356 5346 3570 5417 poste-

303 5449 468 5509 ritas
500 5450 835 5522 queretur.
864 5441 1313 5513 Haec,candide
1353 5444 1598 5515 Lector,
1623 5449 2046 5503 occurrerunt
2078 5456 2224 5518 quae
2262 5439 2326 5501 in
2366 5440 2487 5503 hoc
2522 5442 2632 5504 tibi
2663 5440 2891 5503 limine
2930 5439 3253 5520 praefarer.
3290 5440 3445 5502 Nam
3490 5442 3572 5504 de

308 5562 457 5610 mea
509 5541 971 5621 interpretandi
1006 5543 1292 5614 ratione,
1324 5543 1403 5605 dc
1437 5542 1666 5605 ordine
1711 5558 1785 5602 ac
1831 5539 2131 5602 methodo
2168 5541 2432 5604 notandi
2469 5544 2691 5609 eadem
2740 5560 2885 5624 qum
2945 5542 3012 5605 in
3068 5527 3276 5607 fron'te
3330 5545 3572 5625 prioris

307 5646 514 5729 partis
548 5645 880 5715 admonui,
917 5643 1084 5706 dicta
1125 5643 1230 5706 hic
1258 5661 1522 5724 quoque
1562 5643 1754 5705 velim
1805 5640 2115 5721 intelligi.
2146 5645 2325 5707 Vale.

392 5747 763 5815 Scribebam
795 5747 1013 5810 Roma)
1043 5746 1249 5827 pridie
1282 5747 1431 5809 ldus
1471 5743 1972 5823 Januariijanno
2004 5743 2242 5806 Christi
2286 5747 2464 5809 1668.
