4022 6544
315 515 377 578 11
1144 483 1152 491 ”
1251 517 1348 577 DE
1389 519 1837 581 ANDRONICO
1878 521 2523 593 PALxEOLOGOILlB.
2572 522 2621 584 ι.
3490 507 3558 572 18

310 645 409 680 me
451 626 552 697 τῆς
596 642 712 680 των
773 625 1060 696 Ῥωμαίων
1110 627 1191 691 εἰς
1224 629 1541 700 Τριϐαλλῶν
1561 670 1575 694 ,
1631 631 1693 684 ού
1721 630 1884 701 χρεία
1915 639 1955 693 Α
1987 632 2087 701 μὲν
2109 631 2181 684 τὰ
2213 631 2400 686 εἰκότα
2417 632 2933 701 κοινολογησάμενος
2957 621 3392 695 ἀποπέμπει,τῷ
3414 620 3472 674 δέ
3501 631 3563 688 γε
3625 625 3631 631 ’

307 720 439 779 τέως
493 715 762 785 πολέμου,
795 715 936 769 ἀλλὰ
987 717 1214 788 κέρδους
1245 719 1356 772 τῶν
1405 719 1768 789 κεκλημένων
1795 722 1888 774 καὶ

309 807 519 861 σκύλων
567 807 662 860 καὶ
714 807 1022 877 λημμάτων
1059 808 1245 870 ἕνεκα,
1291 811 1366 873 ὡς
1403 812 1477 881 μὴ
1517 813 1680 883 κενὴν
1736 811 1888 881 σφίσι

307 897 561 964 γενέσθαι
595 896 697 968 τὴν
725 897 1105 966 ἐκστρατείαν,
1158 898 1256 951 καὶ
1295 898 1499 969 μᾶλλον
1533 899 1890 972 παρακεκλη-

310 991 492 1059 μένοις
551 989 688 1061 πρὸς
735 989 1018 1059 βασιλέως,
1047 991 1106 1054 ἐξ
1152 983 1227 1043 ὧν
1267 993 1364 1043 καὶ
1409 991 1889 1061 κατώραμοῦνται

312 1080 843 1150 μισθοφορήσουσιν.
891 1080 950 1133 ’0
980 1080 1021 1132 δ’
1046 1079 1138 1133 οὖν
1163 1080 1417 1150 βασιλεὺς
1447 1082 1516 1135 τὰ
1541 1083 1728 1136 είκότα
1745 1081 1888 1134 ὲκεί-

310 1189 432 1234 νους
458 1173 555 1225 καὶ
576 1171 760 1238 λόγοις
781 1171 877 1224 καὶ
891 1170 1083 1241 δώροις
1107 1172 1644 1242 φιλοφρονησάμενος
1673 1171 1888 1242 σύναιμα

309 1267 420 1325 τοῖς
452 1265 600 1333 ἀμφὶ
637 1263 728 1315 τὸν
756 1262 1024 1332 δεσπότην
1051 1266 1144 1314 καὶ
1192 1261 1286 1315 τὸν
1331 1263 1506 1331 μέγαν
1531 1263 1888 1316 κονοσταῦλον

309 1355 665 1423 ἀπέπεμπεν,
720 1354 837 1423 ἅμα
872 1352 970 1422 μὲν
1025 1352 1491 1422 προσϐαλοῦντας.
1543 1353 1662 1420 ἅμα
1707 1353 1764 1407 δὲ
1794 1355 1890 1406 καὶ

309 1445 702 1514 κερδανοῦντας
758 1445 1044 1515 ἑτέρωθεν.
1101 1445 1277 1506 Αύτδς
1301 1443 1359 1496 δὲ
1408 1443 1495 1496 διὰ
1523 1445 1734 1514 ταχέων
1762 1443 1889 1514 ἄρτι

311 1535 546 1607 πρώτως
588 1537 1098 1607 μηνολογησάμενος
1122 1535 1209 1608 [Ρ.
1240 1535 1295 1606 5]
1325 1537 1654 1606 πρόσταγμα
1672 1536 1750 1606 τῷ
1781 1554 1889 1591 πα⁹

306 1629 663 1699 τριαρχούντι
706 1628 1018 1692 ἐπέστελλε,
1073 1627 1291 1698 γράψας
1339 1628 1409 1681 δι’
1439 1629 1765 1700 ἀπορρήτων
1794 1628 1889 1683 καὶ

308 1721 388 1790 τῷ
423 1721 648 1790 μεγάλῳ
678 1720 949 1791 τζαουσίῳ
977 1719 1055 1790 τῷ
1090 1720 1340 1790 Παπύλα,
1371 1720 1568 1790 ἐκείνῳ
1598 1719 1697 1789 μὲν
1717 1721 1786 1773 τά
1807 1721 1888 1784 είς

312 1811 560 1882 φυλακὴν
593 1811 1014 1882 ἀσφαλεστάτην
1041 1813 1142 1882 τῆς
1173 1811 1380 1871 πόλεως
1424 1811 1884 1881 προτρεπόμενοςι

310 1905 390 1974 τῷ
419 1905 478 1958 δέ
513 1921 577 1970 γε
607 1904 925 1975 πατριάρχῃ
958 1904 1049 1958 τὸν
1087 1903 1180 1956 τοῦ
1213 1903 1476 1974 βασιλέως
1501 1904 1888 1974 δηλοποιούμε-

313 2013 401 2057 νος
438 1995 694 2058 θάνατον,
719 1997 812 2048 καὶ
839 1995 914 2058 ὼς
949 1995 1111 2059 αὐτὸς
1133 1995 1493 2065 ἐπιστήσεται
1520 1995 1660 2048 κατὰ
1687 1996 1853 2059 πόδας
1870 2012 1888 2028 ο

312 2087 450 2157 μηδὲ
478 2087 588 2156 γάρ
618 2087 684 2140 ἂν
707 2087 880 2150 άλλως
909 2083 1048 2140 εἶναι
1071 2087 1275 2156 γνῶναι
1303 2088 1402 2156 τὴν
1418 2087 1735 2154 Δύγοῦσταν
1761 2089 1892 2160 περὶ

309 2180 422 2231 τῶν
450 2179 772 2248 συμϐάντων
803 2179 933 2252 πρὶν
962 2179 1028 2232 ἂν
1053 2178 1213 2243 αὐτὸς
1236 2181 1432 2249 ἐπιστῇ
1467 2183 1606 2233 κατὰ
1633 2197 1890 2250 παραμυ-

307 2270 433 2322 θίαν
472 2271 547 2332 ὡς
576 2270 737 2338 δῆθεν
769 2270 868 2341 τὴν
899 2270 1238 2341 πρέπουσαν.
1287 2270 1346 2323 '0
1379 2269 1511 2336 γοῦν
1539 2272 1914 2342 πατριάρχης.

303 2364 462 2432 ἔτυχε
497 2362 595 2430 μὲν
617 2361 712 2415 καὶ
735 2362 840 2432 πρὸ
869 2360 962 2414 τοῦ
991 2362 1052 2415 τὸ
1080 2361 1262 2432 δρᾶμα
1292 2362 1504 2431 μαθεῖν,
1537 2363 1632 2416 διαὶ
1666 2362 1888 2435 θρήνοις

300 2455 380 2515 ὡς
414 2453 562 2516 εἰκὸς
591 2453 683 2506 τὸν
716 2451 812 2506 τοῦ
840 2453 1105 2523 βασιλέως
1137 2453 1500 2522 ἀφωσιώσατο
1525 2452 1777 2518 θάνατον,
1812 2453 1885 2524 μὴ

304 2543 550 2611 γνωσθὲν
599 2543 737 2607 ὅλως
780 2546 894 2607 τοῖς
926 2545 1057 2614 περὶ
1091 2545 1299 2598 ἐκεῖνον
1333 2543 1418 2612 ἐφ’
1442 2537 1486 2612 ᾧ
1515 2545 1606 2599 καὶ
1633 2545 1881 2616 θρηνοίη.

299 2639 433 2690 Τότε
461 2637 515 2689 δὲ
545 2636 836 2706 δεξάμενος
871 2636 930 2688 τὸ
958 2636 1050 2689 τοῦ
1085 2636 1351 2707 βασιλέως
1375 2638 1704 2708 πρόσταγμα
1731 2639 1886 2708 παρὰ

294 2729 394 2781 τοῦ
432 2727 712 2797 nmmo»,
759 2730 852 2782 καὶ
884 2729 958 2793 ὡς
991 2729 1139 2818 εκίκδς
1177 2729 1657 2800 ἐποικτισάμενος,
1689 2733 1882 2802 ἐκείνῳ

290 2919 355 2962 et
395 2917 581 2976 postea
615 2909 876 2979 pincerna
913 2924 1166 2979 magnum
1197 2911 1574 2965 conostaulum
1604 2911 1882 2966 declaras-

275 2983 409 3062 'sel,
444 2999 641 3052 ducem
663 2998 889 3068 praificit
924 2999 1210 3060 Tochavis.
1249 3000 1524 3057 Romanas
1553 3003 1742 3072 copias
1768 3018 1878 3056 non

292 3106 503 3159 paucas
541 3092 689 3145 circa
723 3106 782 3145 se
809 3091 1046 3146 habente
1085 3091 1348 3146 Micliaelc
1388 3093 1635 3162 despota.
1685 3102 1744 3148 ut
1781 3107 1878 3148 eos

292 3200 365 3238 cx
419 3183 792 3238 Romanorum
839 3184 998 3239 terris
1055 3184 1107 3238 in
1148 3183 1416 3239 Triballos
1456 3189 1716 3249 duceret,
1765 3202 1873 3241 non

1991 725 2298 796 συγγραφεῖ
2326 725 2554 796 παρέχει
2589 724 2651 778 τὸ
2673 723 3023 794 πρόσταγμα,
3062 717 3281 789 ἐρωτῶν
3307 714 3356 767 εί
3402 711 3566 774 αὐτὸς

1989 815 2103 886 ἔχοι
2123 815 2324 885 γνῶναι
2351 816 2841 888 διαστοχασάμενος
2861 811 3069 876 οὗτινος
3098 812 3163 863 ἂν
3198 809 3280 877 εἴη
3309 805 3369 859 τὸ
3399 820 3566 876 μηνο-

1991 907 2208 978 λόγημα
2229 925 2243 940 ⁸
2303 907 2398 962 ἐπὶ
2427 909 2680 962 τοσοῦτον
2737 909 2842 977 γὰρ
2875 905 2969 959 καὶ
3007 901 3270 973 παρέῖκτο
3303 898 3413 960 τοῖς
3467 892 3562 947 τοῦ

1989 997 2192 1067 πατρὸς
2218 996 2293 1061 ὡς
2330 997 2406 1066 μὴ
2431 996 2628 1069 ῥᾳδίως
2659 995 2958 1064 διαγνῶναι
2991 993 3137 1062 ἔχειν
3169 988 3264 1041 καὶ
3297 985 3389 1039 τὸν
3420 983 3564 1051 είδήο

1991 1104 2149 1156 μονα,
2181 1089 2243 1140 ὲκ
2284 1088 2453 1158 μόνης
2475 1087 2532 1141 δέ
2572 1105 2714 1149 τινος
2742 1086 2954 1156 ξυσμῆς
2993 1082 3338 1154 βραχυτάτης
3373 1077 3468 1130 ἐπὶ
3496 1077 3563 1145 τῇ

1990 1177 2328 1248 παραλλάξει
2347 1179 2614 1232 κατανοού
2624 1195 2786 1248 μενον
2804 1177 3052 1231 ὑπονοεῖν
3072 1172 3242 1226 ἐδίδου
3263 1168 3362 1240 τὴν
3382 1167 3562 1238 χεῖρα.

1988 1269 2100 1322 Καὶ
2126 1268 2459 1339 γνωρίσασιν
2490 1269 2590 1339 ἤδη
2625 1270 2686 1323 τὸ
2717 1268 2984 1338 σύμϐαμα
3009 1266 3130 1319 τότε
3157 1261 3253 1316 καὶ
3278 1260 3436 1328 δῆλος
3463 1257 3564 1326 μὲν

1986 1354 2056 1428 ἦν
2093 1359 2438 1431 πατριάρχης
2468 1359 2670 1426 ἀλύων,
2699 1361 2858 1430 δῆλος
2887 1359 2943 1412 δὲ
2991 1357 3085 1410 καὶ
3137 1348 3568 1424 παραμυθούμε-

1988 1468 2098 1517 νος.
2131 1452 2201 1504 τὰ
2233 1453 2444 1522 μεγάλα
2475 1453 2626 1520 παρὰ
2676 1450 2940 1521 βασιλέως
2992 1449 3136 1518 ἔχειν
3164 1443 3402 1508 ἐλπίζων
3435 1440 3566 1510 περὶ

1988 1541 2090 1606 τῆς
2119 1542 2258 1596 κατὰ
2275 1543 2374 1612 τὴν
2407 1541 2736 1612 Ἐκκλησίαν
2758 1541 2832 1604 ὥς
2857 1542 3000 1604 είκδς
3028 1537 3378 1608 ἀκιυψὼσεως,
3401 1533 3566 1586 αὑτοῦ

1991 1651 2054 1702 γε
2081 1633 2383 1708 νύττοντος.
2443 1635 2553 1688 Καὶ
2603 1635 2636 1706 ή
2672 1634 2808 1704 προς
2873 1633 3034 1687 αὑτὸν
3073 1631 3264 1700 ἀγάπη
3294 1628 3385 1682 τοῦ
3417 1627 3570 1697 βασι-

1988 1719 2147 1784 λέως,
2179 1721 2348 1792 πολλή
2371 1738 2454 1780 τις
2489 1720 2622 1774 οὖσα
2654 1727 2748 1774 καὶ
2793 1719 3111 1792 θαυμαστὴ,
3145 1719 3408 1790 ἐχέγγυον
3455 1715 3566 1768 τῶν

1989 1811 2368 1882 ἐλπιζομένων
2389 1814 2470 1877 είς
2500 1814 2682 1868 πίστιν
2700 1809 2788 1885 ἦν.
2827 1811 2890 1868 Ὀ
2916 1814 3014 1884 μὲν
3035 1812 3128 1867 οὖν
3157 1813 3214 1865 ὲν
3239 1809 3448 1872 τούτοις
3474 1805 3566 1880 ἦν.

1923 1935 1964 1989 Β
1994 1965 2061 2037 β’.
2103 1967 2303 2034 Ὅπως
2336 1968 2368 2022 ό
2385 1967 2688 2035 βασιλεὺς
2715 1969 2844 2036 περ)
2869 1968 2987 2022 τῶν
3008 1968 3158 2022 κατὰ
3180 1967 3287 2022 τὸν
3309 1967 3569 2021 πάππαν

2591 2039 2964 2109 ἀπελογεῖτο.

2072 2170 2132 2227 '0
2160 2172 2216 2226 δέ
2249 2189 2315 2241 γε
2369 2173 2624 2244 βασιλεὺς
2684 2173 2803 2242 μεθ’
2857 2172 3073 2243 ἡμέρας
3104 2172 3433 2226 καταλαϐὼν
3464 2173 3567 2241 τὴν

1990 2264 2570 2319 Κωνσταντινούπολιν
2595 2265 2846 2337 ἐμφανὴς
2875 2262 2944 2337 ἦν
2978 2267 3275 2338 λογισμοὺς
3311 2266 3566 2340 στρέφων

1989 2357 2085 2410 καὶ
2118 2356 2264 2426 μάλα
2291 2356 2667 2426 διανοούμενος
2695 2374 2759 2410 πε
2771 2358 2823 2426 pl.
2850 2350 2924 2410 ὧν
2953 2357 3019 2410 ἂν
3045 2359 3138 2410 καὶ⁹
3161 2356 3378 2424 πράξοι,
3413 2358 3500 2425 ἐφ’
3517 2351 3564 2423 ᾧ

1985 2451 2047 2503 τὸ
2073 2451 2173 2520 τῆς
2205 2450 2535 2521 Ἐκκλησίας
2573 2452 2776 2523 σχίσμα
2803 2451 3168 2520 συνουλωθείη
3195 2449 3562 2504 κατασταλέν-

1985 2560 2076 2606 τος
2107 2543 2201 2596 τοῦ
2234 2545 2592 2608 ἀνοιδούντος.
2658 2545 2731 2597 Τὸ
2761 2545 2807 2598 δ’
2861 2541 2930 2616 ἦν
2968 2545 3068 2598 ούκ
3103 2543 3291 2614 ὀλίγης
3336 2544 3428 2596 καὶ
3461 2542 3562 2610 τῆς

1985 2635 2253 2706 τυχούσης
2291 2638 2543 2706 μελέτης,
2577 2635 2664 2708 [Ρ.
2697 2637 2753 2710 6]
2805 2637 2941 2691 ἀλλὰ
2987 2638 3080 2690 καὶ
3106 2635 3206 2707 τῆς
3234 2635 3560 2704 ἀναγκαίας,

1983 2727 2059 2793 ὡς
2099 2728 2284 2800 ἐῴκει,
2316 2731 2412 2783 καὶ
2443 2728 2721 2801 προῡργου
2769 2731 2990 2794 παντός.
3029 2730 3226 2800 Ἔτυχε
3252 2730 3360 2799 γὰρ
3389 2729 3482 2783 καὶ
3526 2731 3561 2800 ἡ

1983 2909 2124 2963 senti
2155 2908 2369 2965 traditis
2398 2923 2535 2980 quas
2567 2924 2758 2964 recens
2787 2924 2816 2963 a
2837 2909 3041 2979 juvene
3065 2909 3311 2981 Angusto
3341 2923 3568 2979 accepe-

1982 3013 2064 3057 rat
2093 3003 2306 3066 litteris,
2332 3003 2759 3072 percontabatur
2775 3004 2972 3071 ecquid
2993 3003 3210 3074 assequi
3236 3003 3559 3069 coniectura

1980 3103 2165 3166 posset
2182 3096 2338 3165 cujus
2361 3104 2509 3150 esset
2537 3109 2599 3150 ea
2620 3095 2949 3166 subscriptio
2979 3096 3181 3149 mensis
3208 3094 3565 3149 annotationc

1982 3185 2217 3240 firmata.
2247 3185 2398 3240 Adeo
2429 3186 2577 3240 enim
2605 3195 2796 3242 exacte
2828 3185 3100 3239 referebat
3134 3195 3418 3255 paternam
3457 3199 3566 3238 ma-

291 3277 443 3347 qnod
473 3290 668 3348 magna
720 3287 850 3333 tunc
902 3277 1200 3335 necessitas
1229 3278 1502 3335 Triballici
1536 3281 1659 3334 belli
1697 3291 1876 3346 esset,
1907 3282 1948 3338 C
1983 3294 2134 3343 num,
2179 3286 2236 3332 ut
2267 3293 2334 3333 ne
2361 3278 2523 3348 periti
2562 3278 2781 3348 quidem
2820 3277 2978 3332 facile
3001 3277 3398 3332 discernerent.
3437 3276 3560 3332 Una

291 3371 392 3426 sed
411 3377 470 3424 ut
492 3370 863 3439 obiicerentur
883 3371 1025 3426 unde
1051 3371 1331 3426 avaritiam
1357 3371 1640 3440 explerent
1666 3387 1876 3428 nterce-

294 3462 470 3514 nariis
498 3461 673 3514 accitu
707 3461 1056 3532 imperatoris
1086 3476 1149 3516 ea
1185 3477 1280 3531 spe
1319 3463 1598 3532 profectis,
1639 3463 1728 3533 qui
1766 3481 1876 3520 non

289 3551 456 3607 facile
479 3551 872 3607 inducerentur
896 3552 962 3606 ad
984 3553 1372 3607 revertendum
1393 3557 1578 3608 vacuis
1602 3556 1874 3610 manibus.

287 3647 477 3708 Quare
506 3644 612 3698 illis
641 3644 942 3714 praedarum
968 3645 1298 3714 opimarum,
1325 3645 1626 3714 spoliorum
1653 3646 1875 3716 rapina-

291 3749 535 3803 rumque
569 3751 722 3805 seges
751 3746 867 3790 erat
897 3735 1095 3791 alicubi
1126 3737 1448 3806 quaerenda,
1495 3737 1549 3792 in
1589 3754 1747 3807 quam
1793 3738 1878 3792 fa-

294 3829 644 3893 inelicorum,
668 3842 734 3881 ex
754 3829 966 3892 amicis,
983 3829 1027 3882 si
1051 3828 1237 3882 hostes
1263 3829 1536 3893 deessent,
1563 3840 1874 3898 paraturum

293 3919 450 3971 lucra
480 3933 799 3988 congerere,
832 3919 1072 3988 impetus
1107 3927 1466 3974 averteretur.
1498 3918 1665 3989 Igitur
1697 3920 1878 3989 impe-

292 4019 449 4064 ratur
481 4025 576 4064 eos
618 4011 799 4066 verbis
846 4028 902 4065 et
948 4011 1108 4066 donis
1159 4011 1416 4067 delinitos
1472 4028 1596 4067 cum
1651 4013 1879 4083 despota

296 4116 608 4170 magnoque
628 4103 948 4156 conostaulo
970 4117 1034 4158 ac
1062 4104 1413 4166 sequentibus
1439 4120 1880 4175 unumquemque

295 4192 406 4262 13
457 4193 649 4246 horum
694 4193 869 4262 copiis
915 4210 982 4249 eo
1034 4211 1143 4264 quo
1194 4195 1435 4250 diximus
1477 4196 1704 4263 dimisit,
1744 4212 1878 4252 sane

291 4286 569 4346 volentes,
616 4292 676 4337 ut
728 4284 782 4338 in
847 4285 1248 4354 expeditionem
1304 4285 1436 4355 ipsis
1486 4297 1874 4356 quaistuosam.

294 4377 432 4430 Inde
475 4375 594 4445 ipse
640 4377 976 4448 conscriptas
1027 4381 1279 4434 celeriter
1325 4381 1500 4450 regias
1543 4382 1770 4444 litteras,
1827 4393 1883 4439 et

295 4469 508 4520 mensis
550 4478 661 4520 tum
699 4469 931 4538 primum
975 4484 1038 4523 ac
1071 4470 1335 4540 temporis
1367 4471 1876 4540 appositione.con-

291 4560 566 4627 signatas.
597 4560 662 4613 ad
698 4561 1062 4629 patriarcham
1097 4561 1262 4626 misit,
1288 4562 1505 4616 arcanis
1533 4563 1695 4617 etiam
1727 4578 1879 4617 man-

1985 3368 2195 3439 quippe
2216 3368 2485 3423 intererat
2513 3367 2601 3422 vix
2626 3367 2991 3423 observabilis
3018 3366 3331 3423 diflcrentia
3357 3366 3567 3420 brevis-

1985 3457 2110 3514 sitni
2169 3459 2360 3529 puncti
2410 3459 2513 3514 sub
2556 3457 2730 3512 flexus
2776 3457 3029 3528 apicum,
3073 3472 3138 3512 ex
3183 3471 3287 3526 qua
3336 3455 3564 3524 intelligi

1988 3566 2184 3604 manus
2213 3549 2502 3621 utriusque
2533 3551 2826 3606 discrimen
2861 3558 3081 3620 posset;
3111 3549 3179 3604 ad
3206 3549 3352 3619 quod
3384 3549 3417 3602 ii
3450 3549 3566 3603 fere

1983 3642 2084 3696 sal-ﬁ
2115 3642 2488 3707 adverterent,
2527 3642 2621 3712 qui
2645 3644 2858 3713 cognita
2892 3642 3170 3697 Michaelis
3195 3641 3366 3712 patris
3393 3650 3570 3694 morte

1985 3749 2095 3787 non
2115 3734 2282 3790 alium
2312 3735 2478 3806 hujus
2499 3736 2785 3804 scriptura:
2811 3735 3075 3806 suspicari
3099 3743 3374 3790 auctorem
3403 3750 3565 3804 quam

1989 3825 2156 3879 filium
2191 3825 2564 3881 Andronicum
2634 3835 2880 3896 possent.
2939 3825 3097 3880 Tunc
3149 3839 3281 3880 vero
3340 3841 3454 3879 non
3505 3841 3568 3878 se

1987 3918 2170 3989 lugere
2201 3919 2375 3973 solum
2409 3919 2713 3988 patriarcha
2753 3920 3074 3986 declaravit,
3113 3920 3209 3975 sed
3236 3929 3293 3976 et
3326 3920 3384 3975 in
3413 3921 3564 3974 laetu
3635 3929 3644 3936 '

1987 4003 2412 4066 consolationem
2447 4012 2700 4081 accipere
2722 4050 2738 4077 ,
2767 4028 2832 4066 cx
2871 4027 2968 4081 spe
3000 4012 3265 4066 nimirum
3300 4029 3461 4083 quam
3498 4028 3565 4067 ex

1988 4109 2114 4154 nota
2151 4100 2410 4173 religione
2443 4101 2572 4156 novi
2608 4100 2713 4174 14
2745 4101 3014 4172 principis
3052 4103 3406 4173 concipiebat
3451 4119 3569 4157 ani-

1989 4192 2290 4262 plissimam
2346 4193 2754 4248 evehendarum
2799 4193 2853 4247 in
2906 4193 3079 4260 n-ajus
3105 4195 3350 4250 eccles’a:
3381 4211 3562 4248 rerum

1989 4299 2154 4354 opera
2188 4285 2572 4353 imperatoris.
2603 4301 2766 4355 quem
2797 4285 2864 4340 ad
2897 4286 2949 4340 id
2988 4302 3097 4341 non
3134 4285 3334 4341 frustra
3369 4289 3566 4342 stimu-

1986 4375 2210 4430 landum
2243 4391 2273 4430 a
2316 4390 2377 4431 se
2405 4377 2787 4432 benevolentia
2813 4376 3042 4447 insignis
3070 4378 3316 4445 quiedam
3350 4378 3566 4433 Andro-

1989 4465 2102 4521 nici
2154 4466 2209 4520 in
2261 4466 2628 4536 patriarcham
2666 4465 2838 4538 signis
2871 4466 2983 4534 jam
3033 4475 3164 4521 ante
3219 4481 3329 4520 non
3381 4468 3563 4523 dubiis

1985 4557 2257 4612 declarata
2297 4557 2581 4622 suadebat,
2607 4566 2662 4612 et
2691 4557 2848 4626 quasi
2875 4566 3026 4611 certo
3058 4558 3287 4630 pignore
3309 4559 3564 4617 firmabat

290 4652 442 4706 datis
476 4651 856 4706 commendata
908 4667 1102 4722 magno
1149 4655 1357 4707 tzausio
1385 4654 1598 4725 Papylae
1627 4656 1874 4710 custodia
1909 4653 1951 4706 ι)
1980 4665 2230 4704 securam
2259 4650 2381 4719 ejus
2417 4649 2493 4704 rei
2524 4649 2804 4706 fiduciam.

294 4743 455 4795 urbis
483 4757 644 4810 quam
677 4742 1066 4797 intentissima.
1092 4741 1417 4798 Patriarcha:
1443 4760 1574 4799 vero
1593 4745 1882 4804 nuntiabat

296 4835 651 4904 imperatoris
687 4841 917 4890 mortem
938 4877 954 4900 ,
984 4850 1047 4890 ac
1081 4851 1204 4891 mox
1245 4851 1304 4891 se
1334 4836 1648 4891 adfuturum
1677 4838 1881 4894 conﬁr-

294 4928 516 4988 niabat,
549 4927 894 4996 utjaeturam
932 4943 1278 4983 communem
1321 4930 1437 5000 ipse
1471 4946 1714 4999 praesens
1738 4930 1883 4986 indi-

295 5028 455 5073 caret
504 5019 779 5088 Augusta},
837 5037 997 5090 quam
1044 5021 1232 5091 utique
1279 5039 1386 5078 non
1439 5033 1718 5094 oporteret
1771 5034 1880 5080 tam

291 5110 480 5164 acerbi
519 5127 680 5165 casus
711 5111 914 5165 indicio
953 5113 1161 5166 turbari
1196 5113 1508 5184 priusquam
1537 5115 1653 5184 ipse
1685 5125 1884 5184 praesto

292 5213 445 5256 esset
482 5203 573 5271 qui
602 5203 650 5256 ei
689 5203 1110 5258 consolationem
1147 5193 1409 5261 adhibere
1448 5207 1876 5262 convenientem

294 5306 505 5365 posset.
540 5297 615 5348 Ac
644 5294 970 5364 patriarchae
1000 5297 1222 5366 quidem
1255 5298 1366 5368 jam
1390 5299 1702 5354 innotuerat
1734 5300 1880 5364 quod

294 5395 582 5439 evenerat.
615 5386 794 5451 Quare
821 5386 865 5443 is
899 5386 1002 5441 sibi
1032 5389 1131 5442 soli
1163 5388 1345 5442 adhuc
1375 5399 1556 5442 notam
1585 5388 1880 5459 imperato-

294 5478 376 5530 ris
414 5485 649 5530 mortcm
705 5475 854 5532 luctu
888 5493 1082 5548 magno
1128 5487 1184 5532 et
1220 5478 1548 5543 manifesto,
1583 5480 1677 5534 scd
1724 5481 1882 5550 cujus

293 5581 459 5618 causa
490 5567 544 5618 in
573 5567 807 5621 obscuro
834 5575 1003 5631 eSset,
1037 5570 1487 5639 prosequebatur,
1530 5587 1652 5626 cum
1703 5571 1882 5642 regias

293 5673 325 5709 ει
371 5657 569 5728 l'apyla
593 5673 731 5728 quas
755 5658 993 5714 diximus
1023 5660 1236 5715 litteras
1264 5662 1496 5730 accepit.
1524 5662 1732 5727 Quibus
1752 5679 1876 5718 cum

293 5764 359 5800 ea
391 5765 498 5818 qua
539 5765 636 5818 par
674 5759 793 5804 erat
821 5750 1030 5806 doloris
1075 5751 1477 5822 significatione
1528 5753 1706 5817 lectis,
1755 5770 1878 5824 qua:

295 5851 512 5910 tempus
540 5843 943 5913 cxigeliatclam
966 5843 1271 5899 collocutus
1291 5860 1414 5899 cum
1440 5843 1660 5916 Papyla,
1694 5847 1874 5916 ipsum

297 5929 531 5998 dimisit.
562 5934 638 5988 Ac
673 5935 777 6004 ipsi
815 5935 978 6006 hujus
1009 5935 1252 5990 historim
1281 5937 1533 6006 scriptori
1567 5937 1706 5992 forte
1738 5955 1875 6008 prae-

1983 4763 2037 4816 2.
2077 4761 2142 4816 Ut
2193 4764 2482 4835 imperator
2527 4764 3070 4835 conventionescum
3124 4780 3257 4835 papa
3296 4768 3459 4821 initas
3509 4787 3563 4823 se

2058 4833 2353 4902 improbare
2397 4833 2729 4902 signiﬁcans,
2785 4832 2924 4903 quod
2957 4836 3011 4889 in
3058 4851 3147 4892 cas
3190 4832 3294 4891 non
3343 4855 3566 4894 comen-

2056 4906 2212 4958 sisset
2236 4904 2584 4958 excuswerit.

2054 5019 2121 5074 At
2151 5019 2453 5089 imperator,
2488 5027 2610 5088 post
2642 5033 2846 5089 paucos
2876 5020 2998 5077 dies
3025 5019 3562 5095 Constantinopolim

1983 5113 2246 5180 appulsus
2269 5113 2379 5167 acri
2406 5127 2539 5166 cura
2565 5112 2928 5182 pungebatur,
2975 5115 3133 5184 cujus
3164 5115 3429 5172 indicium
3460 5135 3558 5173 ex-

1983 5200 2160 5256 stabat
2187 5203 2242 5256 in
2272 5202 2422 5256 vultu
2451 5201 2818 5272 cogitabundo
2851 5212 2907 5257 et
2937 5218 3070 5258 sane
3101 5206 3358 5262 sollicito.
3401 5210 3564 5263 anxie

1987 5291 2239 5348 videlicet
2267 5307 2520 5362 quaerens
2549 5309 2734 5348 secum
2769 5292 2898 5362 quid
2923 5305 3108 5363 ageret
3133 5311 3312 5366 quave
3349 5300 3565 5354 ratione

1986 5394 2377 5456 assequeretur
2410 5394 2469 5440 ut
2494 5386 2734 5442 schisma
2768 5384 3023 5441 Ecclesia:
3061 5391 3207 5444 velut
3249 5393 3404 5446 hians
3437 5393 3558 5446 vul-

1985 5493 2090 5532 nus
2116 5477 2472 5540 coalesceret.
2509 5479 2780 5549 repressis
2811 5479 2987 5534 noxiis
3017 5481 3340 5538 humoribus
3361 5485 3564 5554 quibus

1984 5581 2297 5625 tumescens
2337 5571 2606 5628 hactenus
2627 5571 2777 5628 coire
2803 5571 2858 5624 in
2887 5574 3198 5630 cicatricem
3227 5574 3402 5630 fuerat
3436 5592 3561 5645 pro-

1986 5662 2239 5720 hibitum.
2277 5663 2337 5720 In
2369 5679 2434 5718 ea
2470 5669 2732 5722 momenti
2764 5685 2875 5724 non
2905 5669 3144 5739 vulgaris
3171 5677 3227 5722 et
3261 5668 3562 5722 neces‘sita-

1984 5756 2073 5822 tis,
2110 5767 2170 5812 ut
2198 5759 2510 5829 apparebat,
2557 5759 2642 5814 cui
2690 5761 2941 5830 pneverti
2974 5762 3049 5815 nil
3087 5760 3332 5826 deberet,
3351 5761 3560 5816 delibe-

1987 5848 2202 5903 ratione
2254 5850 2490 5903 versanti
2545 5848 2788 5920 Augusto
2844 5849 3163 5920 supervenit
3215 5849 3333 5919 ejus
3390 5849 3555 5902 amita

1985 5939 2534 6010 litilogia,jplausibilc
2558 5956 2853 6012 suggerens
2878 5943 3186 6009 consilium,
3204 5955 3561 6015 magnopere;
