4022 6572
322 502 395 567 21,
1274 496 1375 560 DE
1416 497 1860 560 ANDRONICO
1903 491 2357 556 PALEOLOGO
2399 492 2523 552 LIB
2587 490 2640 551 Ῑ.
3529 489 3603 553 92

324 619 500 682 λειαν,
531 618 629 673 καὶ
656 617 759 689 τὴν
786 614 1107 684 Αοῦγοῦσταν
1134 615 1438 686 θρηνοῦσαν
1467 616 1557 668 τὸν
1603 614 1837 681 σύζυγον
1862 615 1919 665 ὲν
1947 612 2001 673 Α
2028 610 2119 662 καὶ
2144 609 2309 680 ἱερῶν
2338 608 2539 671 ἄλλων,
2594 605 2945 675 ἐπιτιμήσεις
2974 602 3029 656 δὲ
3084 601 3177 656 καὶ
3212 602 3462 666 κολάσεις
3496 603 3606 656 τῶν

327 709 609 773 οὕικαλαῖς
642 711 770 780 περὶ
801 710 1011 763 ἐκεῖνον
1053 707 1266 762 ἐλπίσιν
1308 708 1503 772 ἐποίει,
1545 707 1624 770 ὡς
1649 705 1805 760 οὐδὲν
1833 706 1919 758 ὲν-

326 798 521 853 τεῦθεν
547 796 644 851 τοῦ
686 798 827 869 ὑπὲρ
880 797 1091 853 ἐκείνου
1146 796 1628 870 πραχθησομένου,
1663 796 1837 865 prima
1867 812 1918 850 τι

329 890 425 942 καὶ
448 886 506 961 ᾖ,
572 870 960 961 βοηθήσοντος.
1011 888 1177 944 Ὅθεν
1236 890 1332 944 καὶ
1388 894 1502 955 τοῖς
1547 890 1937 963 πατριάρχαις”

334 974 658 1033 συνελθοῦσι
688 980 831 1033 κατὰ
853 981 1211 1051 παραμυθίαν
1228 982 1411 1053 ἐκείνη
1439 981 1754 1046 κατώδυνος
1782 979 1921 1038 οὖσα

329 1069 397 1123 τὸ
447 1071 711 1141 ποιητέον
743 1072 887 1141 ὑπὲρ
917 1072 1016 1143 τῆς
1069 1072 1283 1127 ἐκείνου
1319 1073 1499 1144 ψυχῆς
1558 1074 1919 1131 ἐπυνθάνετο.

333 1165 451 1218 Καὶ
476 1165 713 1231 πρώτως
733 1164 936 1231 ἔδειξεν
958 1164 1145 1236 ἐκείνη
1166 1166 1371 1220 τοιαῦτ’
1396 1167 1660 1240 ὲρωτῶσα
1689 1169 1748 1221 τὸ
1769 1170 1923 1240 παρᾶ

334 1254 433 1308 τοῦ
472 1256 746 1326 βασιλέως
795 1257 1352 1329 βυσσοδομευὸμενον.
1420 1258 1662 1325 Ἐκεῖνος
1689 1264 1799 1332 γὰρ
1827 1263 1921 1315 καὶ

335 1348 547 1413 νύκτας
590 1349 720 1412 ὅλας
775 1350 930 1421 παρὰ
967 1351 1168 1423 Ἰωσὴφ
1198 1352 1340 1416 inus,
1374 1353 1470 1407 καὶ
1508 1353 1734 1422 ἀνάγειν
1769 1356 1922 1408 ἐπειο

340 1444 479 1515 piro
506 1442 710 1497 οὕνεκα
741 1447 987 1515 σμικρᾶς
1017 1446 1188 1516 πνοῆς
1222 1446 1384 1500 νέκυν
1413 1447 1473 1500 τὸ
1505 1448 1729 1502 σύνολον
1767 1448 1921 1503 ὄντα.

349 1534 443 1597 Ὧς
468 1535 516 1588 δ’
543 1537 592 1589 οἱ
616 1538 743 1606 περὶ
778 1539 987 1591 ἐκεῖνον
1011 1540 1075 1592 ἐκ
1098 1538 1193 1592 τοῦ
1227 1540 1573 1611 παραχρῆμα
1609 1539 1926 1603 πεισθέντες

342 1626 510 1697 μόνον
535 1630 599 1679 οὐ
634 1630 976 1699 κατήπειγον
1004 1629 1105 1700 τὴν
1137 1631 1429 1695 ἀνάϐασιν,
1466 1632 1516 1685 οἱ
1545 1632 1645 1702 μὲν
1668 1633 1745 1696 ὡς
1772 1631 1841 1687 ἄν
1863 1648 1928 1700 γε

340 1716 413 1769 τὰ
462 1718 564 1786 τῆς
596 1715 926 1790 Ἐκκλησίας
963 1721 1123 1792 δῆθεν
1174 1723 1566 1793 καταστήσωσι
1623 1723 1929 1793 πράγματα

341 1809 444 1863 τοῦ
471 1812 615 1864 κατὰ
635 1811 727 1864 τὸν
755 1812 988 1866 πάππαν
1016 1791 1273 1877 λυθέντος
1316 1791 1644 1877 σκανδάλου,
1680 1816 1727 1867 οἱ
1767 1791 1824 1868 δὲ
1854 1815 1929 1876 ὼς

344 1900 417 1955 ἂν
446 1901 542 1954 καὶ⁵
566 1903 753 1957 πλεῖον
782 1902 877 1957 τοῦ
910 1904 1120 1968 εἰκότος
1158 1906 1562 1977 κατεπαρθεῖεν
1599 1906 1693 1959 καί
1716 1907 1766 1975 γ’
1797 1907 1929 1959 ἁνα-

346 1992 656 2065 καθάρσεις
715 1996 815 2066 μὲν
866 1997 1194 2085 ἐκαλησίας,
1244 2000 1583 2070 ἀπομόρξεις
1628 1999 1678 2054 δ’
1703 2000 1931 2055 ἐκείνων

350 2177 559 2248 templo
590 2179 811 2234 recitari
855 2194 1056 2234 nomen
1106 2178 1249 2235 inter
1282 2195 1461 2243 sacra.
1496 2190 1552 2235 et
1600 2181 1678 2236 sic
1722 2195 1845 2235 eum
1881 2180 1934 2236 in

349 2284 501 2324 novo
529 2283 750 2339 quoque
778 2270 1081 2341 principatu
1111 2280 1298 2327 tenere
1323 2273 1730 2342 possessionem
1772 2276 1933 2344 prirui

353 2358 589 2412 honoris
650 2360 781 2415 Erat
811 2370 867 2415 et
895 2361 1042 2416 aliud
1087 2362 1230 2431 quod
1261 2364 1659 2420 contrariarum
1689 2364 1936 2436 Augusto

351 2450 621 2507 defuncto
653 2452 929 2523 principes
971 2456 1205 2524 partium
1241 2455 1343 2510 ista
1371 2438 1715 2527 liturgiarum
1750 2457 1802 2511 in
1821 2458 1938 2513 aede

352 2556 514 2595 sacra
546 2541 789 2612 palatina
825 2543 1231 2599 intermissione
1266 2545 1664 2614 sequebantur,
1699 2545 1754 2600 id
1790 2546 1938 2600 vide-

354 2631 488 2687 licet
529 2643 755 2703 agentes
801 2644 858 2690 ut
904 2634 1254 2690 fraudaretur
1304 2636 1520 2690 interim
1567 2636 1941 2706 piacularibus

352 2724 555 2780 ofﬁciis
603 2727 669 2781 ac
717 2727 892 2781 sacris
937 2726 1117 2780 anima
1172 2727 1458 2797 principis,
1503 2739 1557 2781 et
1590 2729 1671 2781 sic
1702 2728 1754 2783 ei
1786 2729 1937 2798 quasi

359 2830 584 2871 mortuo
624 2818 681 2871 in
717 2819 911 2874 haeresi
948 2827 1110 2888 atque
1160 2821 1508 2876 anathemate
1551 2821 1810 2893 suifragia
1846 2822 1943 2880 Ec—

356 2909 562 2972 clesia',
590 2922 649 2965 ut
680 2910 888 2965 inutilia
921 2911 1346 2967 irrevocabiliter
1375 2910 1656 2979 damnato,
1686 2914 1940 2985 denegari

359 3010 712 3071 putarentur.
764 3002 914 3057 Hanc
956 3005 1100 3057 enim
1143 3004 1318 3074 palam
1377 3005 1595 3061 inurere
1643 3006 1945 3060 conabatur

359 3094 717 3162 ignominiam
754 3094 973 3166 Eulogia
1000 3098 1276 3152 memoria:
1311 3096 1495 3152 fratris
1541 3097 1716 3164 exosi,
1747 3098 1942 3152 artifici

286 3206 293 3207 ν
357 3187 569 3257 pietate
616 3188 856 3258 speciem
905 3189 1166 3244 affectans
1219 3189 1473 3245 mairoris
1529 3191 1667 3246 ultra
1717 3193 1944 3247 sororiae

2021 700 2125 772 τῆς
2143 700 2440 771 ἐκκλησίας
2466 698 2746 761 πείθοντες
2768 696 3120 768 πατριάρχην
3136 693 3419 748 τελέσειαν
3437 692 3602 767 (ἦσαν

2023 794 2068 846 δ’
2101 788 2250 849 οὗτοι
2283 793 2378 848 καὶ
2412 791 2614 861 μᾶλλον
2633 794 2660 845 6
2693 788 3048 860 Γαλησιώτης
3079 806 3138 842 τε
3163 789 3485 845 Γαλακτεων
3506 791 3605 844 καὶ

2022 889 2050 941 6
2088 888 2371 950 Μελέτιος,
2424 885 2481 949 ὃς
2528 886 2621 938 καὶ
2673 884 2847 951 ἅγιος.
2876 885 2906 937 6
2933 885 2989 936 ὲν
3026 885 3092 953 τῇ
3142 882 3408 953 μονπτοῦ
3440 883 3602 950 ἁγίου

2024 980 2122 1036 καὶ
2148 978 2360 1035 δικαίου
2396 979 2654 1048 Λαζάρου
2704 978 2979 1047 κείμενος,
3019 971 3094 1031 ὧν
3138 980 3165 1030 6
3210 978 3309 1044 μὲν
3344 978 3604 1044 στέρησιν

2023 1072 2317 1141 ὀμμάτων,
2347 1073 2377 1124 6
2421 1070 2465 1123 δ’
2500 1069 2738 1139 ἐκτομὴν
2770 1069 3019 1141 γλώττης
3063 1069 3359 1131 πέπονθεν,
3392 1067 3479 1120 ἐπ’
3522 1069 3609 1120 atl-

2025 1164 2171 1226 τξαις
2202 1165 2231 1216 6
2270 1163 2371 1234 μὲν
2392 1161 2647 1232 ψεύδους,
2671 1162 2744 1227 ὡς
2770 1162 2873 1216 ἴδοι
2912 1162 3138 1232 βασιλέα
3169 1163 3346 1230 λέγων
3372 1161 3607 1230 ἀζύμοις

2027 1255 2107 1318 εἰς
2139 1253 2412 1324 ἁγιασμδν
2434 1252 2741 1325 χρώμενον,
2772 1253 2874 1323 τὴν
2909 1253 3177 1322 ἀνατολὴν
3225 1252 3606 1323 διερχόμενος,

2027 1347 2123 1399 ὁδ’
2155 1345 2389 1416 ὓόρεως,
2442 1342 2733 1400 ’ἰουλισνὸν
2786 1345 2948 1399 ἄλλον
3005 1345 3097 1399 τὸν
3154 1344 3382 1416 βασιλέα
3434 1343 3609 1398 εἰπὼν

2028 1438 2173 1492 κατὰ
2212 1424 2565 1507 πρόσωπον),
2593 1437 2623 1489 6
2654 1436 2904 1514 βασιλεξις
2936 1436 3089 1490 ἔνθεν
3131 1436 3233 1506 μὲν
3257 1436 3608 1514 ἀποστέλλων

2029 1527 2121 1582 τὸν
2143 1526 2592 1599 πατριαρχοῦντα
2627 1525 2887 1597 Ἰωάννην
2916 1526 3016 1597 τὴν
3052 1528 3265 1581 ἐκείνου
3289 1527 3612 1593 ἀπελογεῖτο

2031 1621 2368 1691 παρόρασιν,
2412 1618 2489 1682 ὡς
2520 1618 2611 1691 βὶᾳ
2659 1618 2755 1673 καὶ
2785 1619 2844 1686 ἐξ
2899 1621 3149 1692 ἀνάγκης
3182 1620 3609 1691 γεννησομένην,

2031 1713 2095 1787 [Ρ
2139 1713 2195 1785 8]
2235 1713 2307 1767 T6
2337 1714 2445 1783 γὰρ
2489 1715 2556 1766 ὲκ
2586 1711 2797 1766 πολλῶν
2828 1713 3127 1767 σκάνδαλον
3171 1712 3395 1778 ἁναζεῖν
3423 1712 3613 1767 πεῖθον

2032 1809 2129 1860 καὶ
2158 1810 2249 1859 τὸν
2277 1805 2468 1860 εὔνουν
2492 1806 2846 1869 ἀποστατεῖν,
2888 1805 3052 1860 αὑτὸν
3082 1805 3140 1858 δὲ
3171 1805 3295 1859 νέον
3319 1806 3398 1868 εἰς
3438 1803 3615 1875 ἀρχὴν

2033 1898 2434 1968 καθιστάμενον
2461 1898 2712 1968 ἀνάγκην
2745 1897 2891 1969 ἔχειν
2930 1898 2991 1952 τὸ
3013 1898 3289 1968 ἁνορμοῦν
3312 1899 3612 1951 καταστέλ-

2036 1993 2148 2045 λειν
2175 1993 2267 2046 καί
2292 2008 2355 2060 γε
2381 1992 2480 2055 τὰς
2507 1990 2756 2063 γνώμας,
2788 1991 3020 2045 καθόσον
3050 1991 3194 2055 ἔστι,
3229 1991 3334 2045 τῶν
3358 1988 3617 2053 ὑποδεξο-

2036 2171 2261 2242 Josephi
2322 2170 2675 2226 familiarium
2731 2151 3013 2243 ﬂagrantia
3069 2172 3191 2240 ejus
3250 2170 3617 2227 restitutionis

2037 2264 2307 2320 desideria
2335 2279 2479 2334 aegre
2508 2278 2571 2318 ac
2599 2260 2817 2318 tandem
2846 2263 3020 2333 ipsius
3044 2278 3262 2334 quoque
3292 2262 3618 2318 debilissimi

2038 2357 2186 2412 senis
2223 2370 2484 2410 assensus
2524 2354 2849 2410 accessisset
2874 2392 2889 2417 ,
2927 2355 3116 2420 statim
3159 2370 3352 2410 omnes
3388 2356 3621 2410 arrectis

2038 2446 2235 2503 animis
2292 2445 2545 2502 factionis
2620 2458 2809 2516 pacem
2872 2446 3117 2502 Latinam
3170 2460 3281 2504 non
3339 2447 3622 2518 probantis

2039 2539 2385 2611 antesignani
2419 2539 2562 2593 ultro
2604 2538 2811 2593 instare
2854 2539 2994 2607 apud
3030 2538 3403 2597 Andronicum
3450 2539 3621 2593 velte-

2042 2630 2401 2696 mentissitne,
2431 2646 2500 2686 ne
2529 2645 2691 2701 quam
2720 2646 2928 2684 moram
2967 2638 3076 2685 tam
3112 2631 3318 2687 salubri
3350 2649 3411 2687 ac
3432 2646 3624 2687 ncces-

2042 2722 2208 2788 sario,
2265 2731 2325 2777 ut
2373 2723 2614 2788 aiebant,
2663 2723 2891 2777 consilio
2944 2723 3340 2792 interponeret.
3397 2723 3454 2777 In
3516 2739 3623 2793 qua

2044 2818 2322 2873 communi
2355 2832 2520 2887 opera
2559 2817 2762 2887 negotii
2790 2817 3017 2889 urgendi
3059 2831 3187 2873 suas
3214 2818 3419 2888 quique
3445 2817 3626 2873 diver-

2046 2925 2134 2964 sas
2194 2925 2321 2979 spes
2377 2919 2434 2963 et
2491 2921 2619 2964 vota
2669 2910 2835 2965 variis
2903 2909 3191 2965 affectibus
3254 2920 3625 2965 consentanea

2046 3001 2432 3068 sequebantur.
2478 2999 2851 3065 Quorumdam
2891 3000 2979 3054 hic
3029 3015 3168 3054 unus
3202 3014 3404 3069 scapus
3470 3012 3625 3057 erat.

2048 3093 2337 3148 restituere
2368 3091 2423 3146 in
2457 3092 2751 3162 pristinum
2787 3100 2989 3147 statum
3032 3106 3117 3146 res
3148 3090 3403 3146 Ecclesiae
3443 3100 3627 3145 amoto

2050 3198 2202 3253 papa:
2242 3181 2412 3252 agniti
2458 3182 2738 3238 seandalo.
2781 3181 2886 3237 Alii
2947 3183 3051 3237 hoc
3100 3183 3325 3238 minime
3378 3181 3625 3237 contenti

359 3279 790 3335 necessitudinis
823 3281 1047 3336 modum
1086 3282 1395 3352 exaggerati
1421 3320 1435 3346 ,
1483 3286 1637 3350 quasi
1677 3299 1800 3354 quam,
1831 3301 1941 3338 ιιοιι
1973 3296 2015 3353 c
2049 3289 2177 3343 spes
2203 3274 2619 3330 immoderatius
2649 3274 2932 3337 tollebant,
2963 3274 3274 3345 elferreque
3315 3289 3437 3329 sese
3478 3274 3626 3344 justo

362 3374 763 3442 temporarium
778 3376 1026 3444 corporis
1042 3377 1242 3440 solum,
1262 3377 1355 3429 sed
1378 3386 1644 3430 aeternum
1677 3388 1940 3446 praeterea

360 3463 657 3517 interitum
724 3464 896 3519 animi
957 3463 1186 3521 Tartaro
1245 3465 1676 3539 irreparabiliter
1743 3466 1945 3521 addicti

360 3555 495 3611 ﬂere
550 3558 605 3610 in
667 3572 928 3628 germano
975 3558 1141 3613 videri
1204 3560 1387 3614 vellet.
1454 3557 1630 3625 Quem
1681 3559 1844 3614 etiam
1890 3559 1945 3614 in

362 3664 588 3702 sensum
629 3649 951 3718 pertrahere
983 3650 1201 3705 viduam
1256 3652 1557 3721 Augustam
1585 3690 1601 3714 ,
1649 3660 1704 3706 et
1765 3652 1842 3705 nil
1892 3652 1947 3706 ei

364 3739 701 3808 sperandum
751 3741 821 3797 de
865 3741 1201 3812 sempiterna
1245 3742 1421 3797 salute
1466 3742 1566 3796 viri
1613 3744 1698 3797 sui
1746 3742 1989 3797 mortui-

366 3832 701 3900 persuadere
731 3843 925 3888 conata
957 3843 1060 3898 est,
1094 3833 1381 3903 praafracte
1411 3834 1761 3901 denuntians,
1790 3836 1948 3905 quid-

361 3923 498 3989 quid
529 3938 754 3997 precum
790 3933 884 3978 aut
915 3923 1253 3995 piaculorum
1287 3924 1369 3979 vel
1394 3924 1679 3979 adhiberet
1711 3924 1826 3994 ipsa
1863 3925 1949 3979 vel

364 4015 613 4086 impendi
672 4015 743 4070 ab
789 4014 910 4069 aliis
954 4023 1171 4070 curaret
1218 4016 1286 4070 ad
1327 4016 1660 4089 purgandum
1708 4016 1949 4071 animam

364 4105 717 4173 imperatoris
758 4104 1020 4167 defuncti.
1054 4105 1257 4160 frustra
1282 4106 1467 4160 omnia
1509 4106 1647 4163 fore.
1679 4106 1788 4162 Nec
1820 4122 1951 4176 par-

365 4216 492 4253 vam
521 4214 587 4254 ea
620 4214 721 4255 vox
747 4214 890 4255 cura:
911 4215 978 4256 ac
996 4199 1201 4255 doloris
1220 4201 1592 4256 accessionem
1618 4198 1948 4270 imperatrici

365 4291 579 4346 scilicet
606 4291 825 4347 obtulit.
862 4290 1018 4348 Unde
1050 4292 1139 4346 illa
1171 4292 1357 4358 auria,
1382 4306 1508 4347 cum
1533 4292 1791 4348 decessor
1827 4306 1953 4347 suc-

365 4398 667 4453 cessorque
697 4383 1097 4454 patriarchatus
1122 4385 1189 4440 ad
1219 4400 1341 4439 eam
1370 4384 1532 4440 simul
1563 4384 1951 4441 consolandam

366 4474 797 4540 convenissent,
848 4484 1145 4545 utrumque
1188 4468 1543 4533 mmstissima
1595 4477 1957 4548 interrogavit

366 4564 500 4632 quid
530 4565 636 4619 sibi
658 4564 964 4619 faciendum
986 4566 1403 4635 przescriberent
1430 4566 1734 4637 quojuvari
1768 4569 1947 4625 anima

2047 3368 2212 3423 altius
2243 3367 2666 3435 meditabantur,
2703 3367 3045 3423 (festinantes
3070 3368 3180 3438 jam
3215 3377 3331 3422 tum
3359 3366 3630 3436 expiatio-
3714 3386 3719 3389 ·

2048 3475 2147 3515 nes
2201 3460 2457 3515 Ecclesiae
2508 3472 2763 3530 tanquam
2821 3461 3137 3515 recentibus
3179 3460 3319 3515 actis
3370 3459 3630 3530 pollutze,

2050 3551 2456 3621 purificationes
2487 3551 2787 3622 imaginum
2836 3562 2892 3605 et
2932 3568 3114 3608 rerum
3161 3568 3443 3623 sacrarum
3495 3552 3632 3606 alia-

2051 3661 2197 3709 rum,
2240 3644 2476 3714 denique
2522 3659 2713 3716 pinnas
2761 3661 2956 3716 graves
3006 3645 3060 3700 in
3102 3645 3502 3702 ecclesiasticos
3537 3645 3631 3716 qui

2049 3753 2239 3809 pacem
2278 3748 2668 3808 procurassent
2702 3750 2797 3793 aut
2829 3739 2886 3793 in
2931 3756 3049 3795 eain
3099 3740 3533 3805 consensissent,
3567 3756 3632 3796 ea

2051 3847 2110 3887 se
2140 3833 2320 3886 omnia
2353 3847 2708 3901 persuasuros
2733 3831 2992 3901 Joseplio.
3020 3832 3061 3886 si
3095 3847 3222 3886 eum
3263 3833 3631 3902 patriarcbam

2053 3924 2254 3979 iterum
2297 3924 2598 3987 haberent,
2640 3924 3000 3980 confidentes.
3051 3923 3202 3979 Talia
3257 3940 3370 3994 prae
3420 3925 3637 3980 ueteris

2053 4025 2237 4071 mente
2270 4016 2559 4070 versabant
2584 4015 2875 4080 Galesiota,
2896 4018 3219 4079 Galactio‘ct
3250 4017 3522 4079 Mcletius,
3542 4018 3639 4087 qui

2053 4117 2108 4163 et
2147 4118 2368 4163 sanctus
2394 4110 2705 4164 vocabatur.
2743 4110 2798 4163 in
2832 4111 3164 4166 monasterio
3194 4109 3366 4165 sancti
3408 4121 3462 4166 et
3497 4109 3639 4179 justi

2054 4201 2246 4255 Lazari
2270 4201 2801 4268 residens.anrum
2831 4202 2921 4259 ille
2950 4204 3169 4272 quidem
3191 4206 3638 4267 exracationcm,

2057 4292 2148 4347 hic
2189 4308 2320 4348 vero
2351 4292 2548 4363 lingutc
2585 4293 2984 4350 abscissionetn
3008 4310 3204 4366 passus
3239 4302 3393 4362 erat,
3421 4313 3474 4352 tu
3516 4308 3639 4365 pa:-

2056 4399 2183 4438 nam
2217 4385 2489 4453 posterior
2528 4385 2751 4456 quidem
2799 4388 3067 4442 mendacii
3106 4403 3214 4457 quo
3258 4396 3463 4442 temere
3493 4387 3642 4441 aliir-

2061 4482 2305 4529 maverat
2350 4491 2379 4528 a
2438 4490 2499 4531 se
2552 4492 2648 4546 per
2700 4476 2979 4532 Orientem
3033 4477 3417 4547 peregrinante
3458 4477 3635 4531 visum

2060 4565 2257 4620 alicubi
2311 4565 2628 4622 Micliaeletn
2669 4566 2973 4637 Augustum
3027 4567 3231 4637 azymis
3289 4559 3533 4623 utentem
3584 4568 3638 4622 in

366 4654 621 4723 conjugis
657 4663 863 4724 posset.
904 4656 1083 4725 Atque
1136 4657 1251 4711 htec
1296 4659 1640 4727 percontatio
1688 4661 1949 4732 Augustae
1978 4666 2027 4724 Ι)
2055 4657 2407 4727 perceptione
2438 4657 2818 4724 Eucliaristiae,
2869 4658 3022 4729 prior
3068 4670 3253 4715 autem
3294 4662 3641 4716 contumelia:

365 4761 480 4801 non
507 4750 573 4801 ad
601 4746 874 4823 doannem
901 4749 1168 4804 duntaxat
1200 4759 1328 4806 tunc
1359 4766 1531 4805 unum
1559 4752 1952 4821 patriarcham,

366 4856 565 4896 verum
609 4842 679 4897 ad
709 4841 1013 4912 Josepbum
1061 4843 1225 4899 etiam
1275 4843 1481 4899 dudum
1535 4845 1638 4900 ista
1688 4846 1957 4917 dignitate

367 4932 695 4987 defunctum
725 4933 932 4989 directa
960 4933 1191 5004 primum
1216 4934 1479 4990 indicium
1506 4937 1717 4993 exstitit
1750 4938 1958 4994 machi-

364 5024 655 5079 nationum
685 5025 983 5081 Andronici
1018 5040 1364 5092 arcanarum,
1400 5028 1693 5086 restituere
1720 5030 1954 5100 patriar-

364 5118 512 5172 chali
584 5119 788 5174 throno
834 5117 1134 5190 Josephum
1203 5120 1500 5187 molientis,
1545 5123 1812 5193 siquidem
1853 5125 2001 5195 17‘

369 5212 465 5267 ille
495 5213 663 5282 (quod
690 5228 801 5268 non
842 5224 963 5269 erat
1009 5213 1251 5284 ignotum
1295 5214 1574 5287 Augustaa)
1622 5231 1957 5287 magnopere

368 5304 655 5360 nitebatur
689 5304 964 5361 adducere
1000 5306 1301 5376 Josephum
1340 5308 1616 5377 decrepita
1665 5317 1825 5363 aetate
1864 5309 1952 5364 vix

364 5396 673 5467 spirantem
693 5396 762 5452 ad
779 5398 963 5455 denuo
982 5400 1377 5467 capessendum
1402 5399 1662 5455 Ecclesiae
1685 5400 1950 5471 regimen,

362 5495 534 5555 atque
566 5487 671 5543 hoc
702 5495 763 5542 ut
789 5488 907 5544 seni
937 5489 1265 5546 moribundo
1287 5489 1642 5560 persuaderet
1679 5491 1958 5560 replicatis

365 5581 494 5637 sine
523 5580 633 5636 ﬁne
658 5581 957 5650 instantiis,
983 5590 1126 5639 totas
1145 5583 1289 5653 apud
1318 5598 1443 5640 eum
1466 5582 1724 5656 exigebat
1746 5594 1957 5651 noctes,

366 5674 428 5729 in
469 5688 583 5744 quo
622 5671 774 5730 illum
811 5675 1057 5745 partiarii
1106 5675 1357 5746 Iosephi,
1406 5676 1718 5735 schismatis
1764 5679 1957 5746 duces,

363 5781 483 5823 non
509 5766 881 5837 perfunctorie
902 5767 1191 5836 iuvabant,
1217 5769 1420 5839 quippe
1441 5770 1508 5825 ad
1527 5786 1761 5841 quorum
1791 5774 1961 5831 ratio-

366 5876 472 5917 nes
499 5869 555 5916 et
582 5875 735 5931 spem
777 5861 1123 5917 rescindendi
1171 5862 1378 5931 negotii
1416 5863 1725 5920 concordiae
1768 5880 1961 5933 perac-

367 5954 780 6011 commodatum
814 5955 869 6010 id
898 5953 1030 6025 ipsis
1060 5954 1183 6025 jure
1216 5955 1510 6012 videretur.
1554 5957 1696 6029 Ergo
1727 5973 1851 6014 cum
1889 5956 1956 6014 ad

2059 4748 2227 4803 verbo
2256 4748 2439 4814 illatae,
2474 4750 2791 4820 imperatori
2838 4767 3006 4805 ausus
3052 4752 3105 4804 in
3158 4767 3220 4807 os
3271 4754 3642 4824 iinproperare

2057 4856 2178 4897 esse
2208 4840 2361 4896 illum
2409 4842 2644 4897 alterum
2674 4843 2954 4898 Julianum
2992 4855 3317 4915 apostatatn.
3368 4847 3641 4901 Ca’terum

2057 4932 2408 4990 Andronicus
2444 4936 2763 5006 imperator,
2793 4953 2959 5007 quam
2996 4939 3085 4994 his
3124 4938 3192 4993 de
3226 4939 3408 4996 causis
3454 4940 3644 4996 molie-

2058 5030 2219 5086 batur
2258 5029 2416 5085 Vecci
2461 5031 2866 5101 depositionem
2897 5049 3062 5104 quam
3099 5033 3328 5089 minima
3368 5033 3422 5088 vi
3456 5047 3644 5105 posset

2059 5139 2122 5178 ac
2178 5124 2411 5193 Strepitu
2461 5125 2849 5183 administrare
2894 5127 3107 5195 volens,
3159 5129 3451 5200 diligenter
3496 5129 3643 5199 apud

2059 5218 2237 5287 ipsum
2274 5218 2555 5274 excusavit
2590 5234 2690 5290 per
2725 5231 2908 5277 certos
2931 5222 2999 5278 ad
3037 5222 3141 5279 hoc
3177 5222 3440 5293 allegatos
3472 5222 3646 5277 lmini-

2059 5325 2179 5373 nes,
2213 5309 2365 5364 nullo
2396 5324 2456 5364 se
2482 5311 2549 5365 ad
2580 5311 2687 5370 hoc
2720 5314 3010 5370 consilium
3036 5315 3158 5387 eius
3189 5323 3510 5387 contemptu
3549 5322 3644 5369 aut

2058 5402 2418 5481 odioimpelli
2446 5446 2462 5470 ,
2496 5407 2589 5464 sed
2618 5406 2866 5475 periculo
2913 5407 3223 5478 reipublicae
3270 5416 3329 5463 et
3362 5422 3511 5463 mera
3542 5422 3644 5464 ne-

2059 5497 2311 5555 cessitate
2348 5500 2456 5570 18
2473 5499 2720 5559 firmandi
2752 5499 2878 5555 novi
2910 5499 3277 5571 principatus.
3308 5498 3446 5555 Nam
3477 5498 3642 5555 effer-

2060 5604 2283 5644 vescere
2321 5606 2470 5647 nunc
2503 5571 2668 5660 quam
2700 5604 2938 5659 unquam
2965 5590 3258 5646 aestuosius
3285 5590 3460 5660 sopita
3486 5596 3644 5656 patre

2062 5681 2277 5738 vivente
2306 5684 2484 5740 studia
2509 5685 2744 5754 partium
2765 5683 2884 5754 paci
2907 5683 3224 5740 constituta:
3244 5683 3598 5738 adversarum
3625 5723 3642 5748 ,

2060 5770 2307 5841 adeoque
2340 5773 2673 5829 invalescere
2702 5772 3022 5831 scandalum
3048 5815 3064 5840 ,
3097 5784 3157 5829 ut
3187 5774 3362 5830 bonos
3392 5772 3556 5829 etiam
3587 5783 3644 5831 et

2062 5873 2253 5918 natura
2288 5865 2549 5935 placidos.
2594 5868 2795 5922 nedum
2844 5867 3180 5937 impotentes
3209 5884 3270 5924 ac
3297 5866 3636 5938 praefractos,

2065 5958 2275 6013 resilire
2314 5975 2375 6012 ac
2409 5958 2674 6013 rebellare
2722 5959 2900 6029 palam
2945 5968 3123 6031 cogat.
3156 5959 3387 6016 Abunde
3430 5957 3643 6031 magnis
