3950 6558
402 481 473 543 23
1616 487 1943 552 GEORGII
1980 494 1986 553 ἶ

2092 493 2473 555 ΕΗΥΜΕΒΕ
2894 500 2901 507 ’
3474 540 3480 555 .
3584 494 3657 556 ει

406 596 587 664 μένων
609 594 938 667 ἐξημεροῦν.
968 596 1205 662 Πολλοὺς
1240 598 1288 651 δ’
1316 598 1540 654 ἀκούειν
1566 601 1851 671 σχεζεσθαι
1882 602 1975 657 καὶ
2001 603 2051 663 Δ
2080 602 2191 673 σὴφ
2221 605 2545 669 ἀναϐάσεως
2580 607 2688 675 (τά
2744 605 2855 679 γάρ
2887 605 3171 677 ξυμϐάντα
3201 606 3301 660 οὐκ
3334 605 3400 660 ἂν
3443 613 3664 673 πάντως

404 686 674 755 μεγάλους
724 688 1232 757 προφασιζομένους
1261 691 1363 758 τὴν
1395 692 1487 746 τοῦ
1517 692 1717 765 Ἰωσὴφ
1746 694 1978 766 ἀναχώ-

400 795 561 866 ρηοιν
607 780 703 833 καὶ
745 781 808 835 τδ
856 782 1153 835 σκάνδαλον
1182 782 1212 836 δ
1242 785 1308 855 δὴ
1355 786 1577 856 πρὼϊζα
1632 786 1856 858 ξυνέϐη,
1883 787 1978 852 οὒς

397 872 652 943 παρορᾷν
690 873 817 943 μηδ’
836 873 975 937 ὅλως
1008 874 1315 945 ξυμφέρειν
1349 879 1547 932 νεωστὶ
1590 881 1975 950 μοναρχοῦντι.

398 967 511 1020 Καὶ
543 967 609 1035 δὴ
632 968 725 1020 καὶ
754 967 846 1019 ἐπ’
872 969 1022 1039 αὑτῷ
1050 987 1112 1037 γε
1140 973 1408 1043 μεγίστην
1438 974 1812 1045 πληροφορίαν
1834 975 1979 1046 ἔχειν

395 1059 619 1130 ἀγάπης
656 1056 724 1134 ἦς
764 1060 880 1131 ᾔδει
934 1062 1036 1131 τῆς
1084 1064 1416 1118 ἀπ’ὲκείνου
1464 1067 1602 1136 πρὸς
1638 1067 1852 1133 ἑαυτὸν,
1902 1069 1977 1138 μὴ

400 1152 563 1221 μόνον
586 1153 931 1223 πατριάρχου
951 1156 1140 1226 τιμὴν,
1164 1157 1302 1211 ἀλλά
1331 1174 1395 1227 γε
1424 1160 1488 1229 δὴ
1519 1162 1614 1214 καὶ
1640 1160 1785 1233 ζωὴν
1808 1161 1981 1231 αὐτὴν

399 1243 543 1314 ὑπὲρ
572 1243 668 1296 τοῦ
693 1243 957 1314 Beatum;
986 1248 1275 1317 προεῖσθαι
1302 1249 1395 1302 καὶ
1423 1250 1524 1319 τῆς
1546 1251 1758 1305 ἐκείνου
1783 1251 1982 1304 συστά-

401 1350 559 1397 σεως.
596 1334 827 1397 Ἄλλως.
840 1336 1026 1406 μέντοι
1057 1338 1191 1408 μηδὲ
1225 1340 1389 1412 χολᾷν
1433 1341 1620 1407 ἀξιῶν,
1642 1342 1811 1413 αὐτὴν
1836 1343 1985 1396 ὲκεί-

398 1443 501 1496 νην
534 1426 635 1496 τὴν
665 1428 889 1497 ἀγάπην
908 1428 975 1498 ἢν
1013 1429 1131 1501 ᾔδει
1166 1431 1263 1484 καὶ
1295 1432 1399 1504 τὴν
1426 1434 1597 1503 τιμὴν
1622 1433 1814 1498 ἕξοντα
1848 1435 1982 1504 παρ’

396 1516 588 1579 αὐτοῦ.
619 1519 668 1572 εξ
701 1519 799 1573 καὶ
849 1520 1010 1585 ἄλλος
1040 1522 1140 1593 τῆς
1205 1523 1532 1597 Ἐκκλησῑας
1586 1529 1979 1600 προστήσεται.

398 1611 705 1666 Ralm-3:1
740 1613 840 1684 μὲν
871 1613 1110 1684 πιμπων
1134 1616 1226 1669 τὸν
1255 1617 1674 1690 Μελιτηνιώτην
1706 1620 1986 1692 χαρτοφῦ-

398 1700 544 1755 iam
576 1704 671 1757 καὶ
697 1704 1078 1775 ἀρχιδιάκονον
1118 1706 1341 1777 θερμῶς
1372 1709 1474 1777 τὴν
1504 1709 1756 1780 ἀνάγκην
1783 1713 1983 1765 ἀπελο-

398 1792 569 1858 γεῖτο,
614 1794 823 1847 ἐκεῖθεν
862 1794 919 1849 δὲ
956 1798 1502 1870 συνδιανυκτερεύων
1529 1798 1607 1870 τῷ
1653 1801 1854 1872 Ἰωσὴφ
1890 1803 1985 1856 καὶ

400 1885 515 1946 τοῖς
543 1886 674 1954 περὶ
706 1886 913 1942 ἐκεῖνον
942 1888 1045 1959 τὴν
1075 1891 1155 1953 εἱς
1186 1889 1246 1944 τὸ
1282 1895 1677 1963 πατριαρχεῐον
1713 1893 1984 1963 προκαθε-

403 1991 505 2027 στα
533 1976 822 2033 ἀνάϐασιν.
1573 1988 1577 1992 ’

402 2132 468 2190 δ’.
513 2136 1059 2220 Ἀναχώρηςις-τοῦ
1091 2141 1458 2220 πατριάρχου
1500 2143 1730 2220 ιζέκκου
1757 2144 1842 2209 εἰς
1870 2141 1986 2209 τὴν

775 2211 886 2277 τῆς
916 2211 1354 2279 Παναχρὰντου
1389 2214 1605 2283 μονήν.

475 2342 564 2414 [Ρ.
602 2341 658 2416 9]
700 2345 762 2397 ⁸0
786 2344 886 2415 μὲν
920 2343 1014 2399 οὖν
1063 2346 1318 2417 Ἰωάννης
1352 2349 1448 2401 καὶ
1479 2348 1655 2412 ἄλλως
1690 2349 1853 2415 εὐθὺς
1883 2351 1983 2417 ῶν,

403 2432 485 2487 In
505 2436 562 2489 δὲ
586 2435 683 2488 καὶ
707 2436 803 2506 τῆς
835 2436 934 2490 τοῦ
958 2441 1305 2509 πατριάρχου
1328 2440 1495 2509 τιμῆς
1518 2442 1792 2513 ὲπικόρως
1822 2443 1983 2514 ἔχων,

402 2525 479 2589 ὡς
510 2528 776 2594 πολλάκις
811 2530 907 2583 καὶ
940 2528 1119 2599 λέγων
1148 2523 1245 2584 καὶ
1272 2535 1531 2601 πράττων
1562 2533 1786 2601 ἔδειξεν,
1828 2537 1982 2591 ὲλπῑο

403 2619 513 2683 ζων
542 2619 597 2673 δὲ
624 2620 719 2675 και
750 2622 1079 2692 τιγενέσθαι
1107 2624 1218 2677 τῶν
1250 2623 1473 2694 ἀγαθῶν
1512 2620 1576 2679 ὲκ
1600 2627 1701 2697 τῆς
1729 2627 1824 2682 τοῦ
1873 2630 1985 2683 Ἰω-

402 2805 666 2876 agitatum
701 2807 941 2864 motibus
992 2808 1281 2880 imperium
1318 2811 1637 2880 pervenisse
1688 2813 1753 2867 ad
1798 2829 1877 2878 se,
1926 2824 1985 2869 ut

403 2898 477 2951 sit
501 2898 604 2969 ipsi
635 2915 819 2954 tenera
852 2908 1011 2956 aatate
1041 2916 1270 2973 regnum
1299 2903 1606 2973 auspicanti
1636 2905 1784 2959 omni
1820 2906 1981 2960 sedu-

404 2989 557 3044 litate
596 2994 1019 3062 praecavendum
1078 3008 1147 3047 ne
1203 2995 1361 3049 novis
1409 3006 1671 3066 praeterea
1730 2998 1983 3066 procellis

405 3082 625 3139 misceri
676 3086 1069 3156 rempublicam
1102 3088 1402 3158 contingat.
1434 3086 1491 3143 ld
1526 3091 1667 3144 haud
1702 3092 1863 3147 dubie
1894 3093 1981 3146 ιυ-

404 3186 588 3228 turum
613 3175 738 3240 nisi,
772 3185 1046 3246 quatenus
1072 3176 1151 3232 fas
1178 3188 1281 3243 est,
1311 3194 1340 3233 a
1373 3195 1431 3234 se
1452 3179 1785 3237 deliniantur
1815 3185 1978 3239 animi

2081 694 2279 768 ξυνέϐη
2300 696 2504 762 ζῶντος
2527 698 2762 764 ἐκείνου,
2780 699 2856 756 ὡς
2883 699 2946 752 ἐκ
2971 697 3182 752 πολλῶν
3200 697 3346 751 ἔστιν
3365 698 3662 768 ὑπονοεῖν),

2079 788 2170 842 διὰ
2196 788 2370 843 ταῦτα
2392 789 2614 860 ἕτοιμος
2648 790 2748 860 μὲν
2773 789 2848 845 ῶν
2879 792 3089 853 ἐκεῖνος
3113 790 3255 844 κατὰ
3290 790 3389 859 τὴν
3419 789 3659 860 Χριστοῦ

2081 881 2278 951 ἑορτὴν
2336 880 2698 953 λειτουργεῖν,
2753 883 2971 952 ἕτοιμος
3020 883 3077 936 δὲ
3109 883 3202 936 καὶ
3254 883 3515 953 περὶτῆς
3563 880 3661 935 τοῦ

2081 973 2451 1043 ἀποιχομένου
2476 975 2618 1027 κατὰ
2647 974 2707 1027 τὸ
2725 973 2875 1036 εἰκὸς
2905 974 3130 1044 μνήμης
3153 974 3482 1044 φροντίζειν,
3502 972 3661 1040 ἀφεὶς

2080 1063 2151 1116 τὰ
2181 1065 2359 1118 πάντα
2409 1068 2475 1136 τῇ
2527 1066 2797 1137 ὑστεραίᾳ
2831 1065 2931 1134 τῆς
2972 1066 3165 1135 ἑορτῆς
3197 1064 3433 1129 κάτειος,
3466 1064 3561 1117 καὶ
3590 1064 3657 1132 τῇ

2081 1153 2184 1224 τῆς
2214 1156 2610 1227 Παναχράντου
2648 1140 2784 1228 μονῇ
2813 1159 2998 1229 φέρων
3038 1156 3232 1210 ἑαυτὸν
3259 1155 3460 1220 δίδωσι,
3495 1153 3665 1224 ζητή-
3698 1186 3703 1195 ν

2084 1262 2184 1309 σας
2217 1248 2371 1317 παρὰ
2403 1248 2674 1319 βασιλέως
2719 1249 2817 1302 καὶ
2847 1248 2972 1313 τοὺς
3016 1247 3351 1312 ἀπάξοντας,
3381 1247 3664 1318 πρόφασιν

2086 1336 2186 1406 μὲν
2240 1338 2315 1402 ὡς
2364 1339 2869 1409 ὕπερασπιοῦνταςν
2902 1340 2969 1411 ἦν
3019 1354 3106 1402 τις
3139 1338 3251 1391 τῶν
3296 1336 3395 1391 τοῦ
3452 1335 3662 1407 κλήρου

2082 1429 2422 1493 ἀπαιδεύτως
2451 1430 2540 1485 ἐπ’
2565 1431 2775 1484 ἐκεῖνον
2808 1429 3025 1501 δρμῴη,
3048 1428 3127 1499 τῷ
3144 1428 3202 1482 δὲ
3224 1425 3508 1498 βαθυτέρῳ
3533 1443 3664 1479 σκο-

2086 1522 2173 1592 πῷ
2202 1521 2301 1593 τὴν
2347 1522 2442 1576 τοῦ
2474 1522 2817 1587 λειποταξίου
2861 1521 3150 1591 ἑκφεύγων
3197 1519 3556 1590 κατηγορῶν,
3584 1516 3664 1580 ὡς

2084 1613 2289 1675 ἐκεῖνος
2345 1612 2504 1685 ᾤετο,
2552 1615 2708 1685 παρὰ
2742 1613 2864 1686 Θεῷ
2910 1614 3151 1687 κρίνοντι
3211 1611 3320 1665 Καὶ
3345 1610 3519 1663 ταῦτα
3562 1608 3663 1678 μὲν

2085 1706 2387 1775 ἐπράττετο
2408 1708 2627 1780 εεκοιιτῇ
2659 1707 2795 1780 ἕκτῃ
2822 1708 2992 1779 μηνὸς
3023 1704 3491 1778 Σκιροφοριῶνος·

2087 1839 2148 1895 ε’.
2188 1842 2499 1909 Ἀνάσασις
2548 1843 2656 1898 τοῦ
2703 1841 2927 1914 Ἰωσὴφ
2972 1844 3063 1911 εις
3095 1843 3161 1899 τὸ
3213 1838 3661 1911 πατριαρχεῖον.

2018 1944 2060 2000 Β
2160 1978 2270 2034 Τοῦ
2295 1979 2341 2033 δ’
2363 1979 2531 2034 αὑτοῦ
2571 1982 2742 2052 μηνὸς
2770 1981 2910 2051 μετὰ
2933 1982 3033 2052 τὴν
3064 1980 3401 2053 τριακοστὴν
3426 1978 3488 2033 τὸ
3527 1980 3663 2050 πρὸς
3712 2026 3723 2038 .

2088 2072 2332 2141 ἑσπέραν
2361 2072 2598 2135 ἐντεθεὶς
2621 2072 2794 2144 λίκνῳ
2815 2076 2843 2127 ὁ
2864 2073 3089 2143 Ἰωσὴςρ,
3128 2073 3289 2143 μόνον
3313 2071 3411 2125 οὐκ
3435 2071 3662 2136 ἄπνους,

2087 2164 2302 2217 πολλῶν
2337 2165 2471 2233 παρ’
2509 2165 2752 2236 ἑκάτερα
2807 2162 3215 2237 παρεπομένων
3276 2163 3369 2217 καὶ
3421 2163 3665 2231 ἐπευφη-

2091 2255 2336 2327 μοΰντων
2364 2256 2433 2310 τά
2483 2258 2941 2328 προπεμπτήρια,
2975 2257 3062 2327 ἐφ’
3087 2258 3279 2327 ὕμνοις
3307 2256 3400 2311 καὶ
3445 2260 3663 2326 κρότοις

2087 2351 2418 2423 ἀνθρώπων.
2457 2351 2628 2429 ἔτιδὲ
2660 2353 2754 2406 καὶ
2783 2352 2893 2405 τῶν
2928 2352 3029 2423 τῆς
3055 2352 3357 2423 ἐκκλησίας
3388 2366 3657 2420 συνακτηο

2090 2444 2225 2515 ρίων
2252 2444 2540 2505 κωδώνων,
2568 2440 2651 2507 εἰς
2674 2442 2733 2497 τὸ
2762 2445 3157 2515 πατροαρχεῖον
3187 2443 3472 2510 ἀνάγεται.
3509 2440 3574 2497 Οἱ
3607 2440 3665 2495 δι

2086 2534 2181 2588 τοῦ
2213 2534 2414 2605 κλήρου
2451 2535 2606 2606 μόλις
2631 2535 2730 2605 τὴν
2754 2535 3053 2603 ἐσπερινὴν
3083 2533 3361 2605 ὑμνῳδίαν
3385 2533 3510 2589 καθ’
3536 2533 3665 2587 ἑαυ-

2085 2631 2215 2692 τοὺς
2272 2627 2682 2695 ἐκτελέσαντες,
2748 2626 2873 2681 ἐπεὶ
2922 2625 3122 2698 δρθρος
3144 2622 3213 2698 ἦν
3266 2628 3361 2680 καὶ
3394 2625 3532 2697 πρὸς
3559 2624 3671 2697 τὴν

2086 2809 2142 2864 4.
2184 2806 2428 2864 Secessus
2455 2809 2776 2879 patriarcha:
2802 2807 2957 2890 AVeccci
2993 2807 3047 2860 in
3078 2802 3464 2860 Panacltrantw
3485 2819 3665 2858 mona-

2158 2900 2165 2903 '
2763 2888 3002 2933 uertunt.

2156 2996 2395 3052 Joannes
2453 3003 2653 3066 μοι-φο,
2715 2994 2807 3064 qui
2859 3003 2915 3049 et
2977 2992 3195 3047 aliunde
3243 3000 3427 3047 rectus
3476 3002 3661 3055 esset,

2088 3105 2359 3162 quemque
2388 3101 2653 3159 praeterea
2680 3088 2901 3142 satietas
2932 3087 3039 3156 jam
3067 3087 3293 3155 cepisset
3327 3084 3661 3155 patriarcha-

2090 3183 2156 3236 lis
2197 3181 2448 3243 honoris,
2471 3189 2531 3234 ut
2561 3180 2884 3250 saepe'dictis
2919 3179 3183 3247 factisque
3202 3176 3532 3237 ostenderat,
3563 3172 3669 3242 19

405 3265 701 3319 inultorum
737 3267 978 3335 inquiete
1014 3266 1345 3322 inhiantium
1387 3270 1673 3326 mutationi
1698 3287 1762 3327 ac
1792 3274 1985 3329 turbis.
2014 3289 2057 3346 ο
2089 3286 2316 3341 sperans
2338 3272 2563 3347 insuper
2595 3268 2924 3324 exstiturum
2965 3283 3030 3322 ex
3062 3264 3284 3338 Josepbi
3319 3264 3667 3320 restitutione

405 3356 713 3427 Intelligere
742 3374 802 3413 se
849 3359 1076 3415 vocibus
1103 3360 1400 3415 multorum
1448 3360 1659 3417 ell'erari
1697 3363 1987 3436 plerosque

408 3450 722 3509 redactione
756 3452 810 3506 in
840 3452 1088 3509 ordinem
1111 3453 1360 3525 Joscplti,
1390 3470 1553 3524 quem
1583 3472 1771 3511 verum
1806 3457 1989 3514 adhuc

405 3562 526 3601 esse
596 3544 965 3616 patriarcltam
1022 3556 1329 3608 autumant,
1384 3557 1437 3601 et
1467 3546 1521 3602 vi
1573 3548 1728 3603 aiunt
1780 3549 1985 3620 iniusta

408 3639 688 3708 prohiberi
729 3640 798 3694 ab
843 3640 1150 3696 exercendo
1194 3640 1453 3696 Ecclesia:
1502 3642 1807 3712 regimine;
1843 3642 1989 3697 unde

408 3740 588 3785 ortum
615 3736 959 3788 contendunt
990 3734 1134 3803 quod
1174 3749 1349 3803 nuper
1379 3734 1592 3789 exstitit
1626 3735 1942 3789 scandalum
1971 3774 1985 3799 ,

411 3825 826 3894 tranquillitate,
884 3826 928 3880 si
996 3827 1196 3881 throno
1256 3824 1347 3882 ille
1406 3827 1750 3891 restituatur,
1803 3828 1985 3881 statim

409 3918 556 3972 ultro
590 3919 849 3975 reditura.
892 3917 1042 3973 llaud
1100 3921 1205 3977 sibi
1258 3935 1379 3975 esse
1433 3930 1613 3976 tutum
1668 3921 1724 3976 in
1779 3922 1988 3976 teneris

411 4007 585 4063 initiis
618 4008 832 4078 imperii
862 4009 1136 4081 negligere
1170 4017 1250 4064 tot
1281 4009 1511 4064 istorum
1542 4025 1606 4064 ac
1652 4019 1759 4063 tam
1798 4017 1991 4080 poten-

416 4108 531 4154 tum
572 4101 750 4157 minas
782 4111 1180 4172 apparatusque
1222 4102 1551 4156 novitatum.
1586 4102 1985 4156 Exarmandam

411 4193 517 4248 sibi
546 4207 669 4249 esse
695 4192 987 4249 factionem
1033 4192 1307 4251 demendo
1348 4202 1619 4265 praetextu
1652 4192 1938 4249 schismati
1968 4232 1983 4257 ,

412 4288 459 4341 si
485 4288 790 4357 periculum
825 4288 1307 4358 praesentissimum
1332 4286 1613 4342 amittendi
1645 4284 1989 4357 principatus

411 4381 549 4435 velit
603 4380 863 4451 eliugere.
934 4378 1101 4434 Plane
1161 4380 1439 4436 conlidere
1469 4395 1528 4435 se
1575 4394 1642 4433 ex
1702 4384 1989 4448 perspecta

410 4469 641 4526 Joannis
673 4471 726 4525 in
776 4485 899 4526 sese
945 4470 1254 4533 charitat'e,
1305 4478 1553 4541 paratum
1599 4483 1725 4523 eum
1762 4479 1859 4538 pro
1892 4482 1989 4521 sna

412 4565 762 4635 imperatoris
791 4562 1051 4618 incolumi
1089 4562 1384 4619 securitate
1400 4576 1526 4621 ,non
1561 4560 1725 4616 modo
1755 4559 1988 4630 patriar-

412 4656 625 4713 cbalem
661 4657 858 4727 pacisci
884 4656 1227 4727 dignitatem,
1250 4660 1344 4711 sed
1380 4655 1543 4710 vitam
1571 4667 1789 4724 quoque
1818 4654 1992 4724 ipsam

411 4732 768 4821 profundere.
788 4750 902 4805 Nec
924 4765 1050 4804 vero
1073 4763 1217 4820 :egre
1238 4748 1381 4803 ferre
1394 4755 1491 4803 aut
1509 4745 1779 4815 indignari
1796 4745 1995 4800 debere

412 4844 592 4909 ipsum
622 4844 767 4915 quod
797 4853 904 4898 tam
932 4841 1259 4898 necessariis
1277 4842 1345 4896 de
1368 4842 1547 4896 causis
1575 4841 1776 4895 throno
1799 4839 1996 4894 tantis-

411 4956 513 5011 per
539 4940 737 4997 cedere
757 4947 1020 5010 cogatur;
1063 4936 1151 4992 cui
1194 4936 1383 5006 utique
1413 4936 1709 5005 imperator
1731 4934 1996 5003 spondeat

416 5033 532 5105 pari
566 5033 711 5102 apud
741 5047 799 5087 se
832 5031 1020 5101 gratia
1052 5029 1173 5085 loco
1202 5044 1267 5084 ac
1313 5028 1500 5100 prius,
1557 5027 1678 5097 pari
1719 5024 2000 5083 existima-

414 5128 565 5183 tione
595 5142 661 5182 ae
690 5125 1007 5196 dignatione
1037 5123 1286 5186 honoris,
1318 5120 1406 5176 ubi
1438 5120 1507 5174 ad
1540 5120 1702 5174 vitam
1730 5116 1993 5186 privatam

417 5220 648 5275 redierit
677 5221 958 5284 futurum,
1002 5226 1277 5286 utcunque
1302 5207 1440 5268 alius
1480 5226 1579 5283 pro
1624 5225 1691 5265 eo
1736 5208 1995 5265 Ecclesia:

417 5314 799 5384 praefecturam
848 5319 1022 5383 gerat.
1056 5308 1183 5364 Haec
1216 5322 1315 5375 per
1347 5303 1821 5374 chartephylacem
1853 5299 2002 5354 Meli-

423 5406 684 5462 teniotem
717 5414 773 5459 et
799 5400 1251 5458 archidiaronum
1279 5398 1444 5468 jussit
1488 5394 1838 5450 Andronicus
1874 5408 1905 5446 a
1939 5406 1999 5447 se

2093 3364 2221 3420 boni
2257 3364 2536 3434 quidpiam
2588 3362 2736 3431 (nam
2780 3377 2902 3431 qua:
2965 3360 3314 3431 contigerunt
3391 3356 3660 3426 haudqua-

2092 3472 2252 3527 quam
2292 3465 2555 3512 eventura
2580 3456 2796 3510 vivente
2822 3453 3082 3525 Josepho.
3118 3453 3303 3508 multis
3350 3469 3416 3508 ex
3448 3451 3669 3506 indiciis

2093 3551 2219 3606 licet
2246 3549 2564 3622 conjicere),
2597 3564 2720 3604 cum
2755 3556 2811 3603 et
2856 3548 3098 3605 instante
3144 3545 3348 3602 Christi
3396 3546 3535 3600 festo
3583 3560 3667 3599 so-

2093 3643 2269 3698 lemne
2308 3657 2522 3698 sacrum
2574 3639 2777 3702 facere,
2813 3647 2869 3693 et
2918 3639 3064 3709 quod
3115 3636 3280 3693 funus
3316 3634 3547 3707 Augusti
3599 3634 3670 3688 de

2090 3751 2241 3793 more
2271 3735 2565 3807 ﬂagitabat,
2590 3742 2878 3805 parentare
2904 3734 3009 3787 ritu
3038 3742 3195 3787 sacro
3221 3728 3470 3785 Michaeli
3493 3742 3671 3797 nuper

2092 3829 2351 3884 defuncto
2383 3837 2494 3882 tum
2525 3827 2765 3881 maxime
2801 3837 3040 3896 pararet,
3075 3823 3293 3880 cunctis
3326 3821 3412 3877 his
3442 3827 3672 3890 repente

2089 3918 2330 3982 omissis,
2349 3917 2606 3989 postridie
2627 3916 2748 3971 festi
2766 3915 3104 3971 descendens
3127 3911 3456 3985 patriarchio
3478 3909 3533 3964 in
3568 3908 3668 3961 Pa-

2089 4012 2408 4068 nachrantae
2437 4010 2829 4065 monasterium
2866 4024 2925 4065 se
2950 4008 3217 4072 contulit,
3254 4003 3561 4076 impetratis
3596 4002 3668 4057 ab

2090 4108 2417 4177 imperatore
2462 4102 2874 4164 abductoribus.
2902 4115 2975 4157 ne.
3014 4101 3068 4154 in
3098 4100 3188 4154 Dei
3233 4098 3443 4167 judicio
3483 4096 3664 4150 locum

2092 4206 2291 4269 sponte
2323 4194 2635 4252 deseruisse
2685 4204 2871 4262 posset
2919 4192 3096 4262 argui.
3134 4192 3453 4259 Quanquam
3498 4188 3670 4255 impc-

2090 4300 2241 4347 rator
2276 4286 2430 4346 Veeci
2472 4286 2718 4360 petitioni
2745 4286 3012 4356 ejusmodi
3046 4297 3318 4345 annuens,
3349 4280 3519 4336 videri
3553 4287 3671 4332 stn-

2092 4384 2209 4441 duit
2237 4399 2345 4439 uon
2375 4384 2455 4438 vis
2485 4380 2801 4444 inferendae,
2834 4380 2928 4435 sed
2960 4375 3195 4447 praesidii
3223 4389 3385 4429 causa
3409 4373 3460 4428 ei
3489 4386 3671 4426 arma-

2095 4491 2178 4534 tos
2219 4478 2457 4532 mittere.
2518 4474 2656 4541 Quia
2718 4472 2868 4528 enim
2927 4471 3102 4541 palam
3139 4478 3257 4524 erat
3290 4466 3493 4522 multos
3525 4466 3599 4521 illi
3640 4480 3672 4521 e

2096 4572 2243 4627 clero
2291 4569 2647 4624 vehementer
2691 4561 2932 4619 infensos
2982 4561 3123 4616 haud
3171 4559 3332 4615 facile
3367 4559 3674 4613 omissuros

2099 4662 2440 4720 occasionem
2495 4666 2747 4729 proterve
2789 4654 3057 4710 illudendi
3105 4652 3394 4708 decedenti
3439 4650 3673 4721 patriar-

2100 4754 2240 4810 cbali
2281 4752 2567 4824 dignitate,
2598 4748 2880 4820 professus
2914 4747 3211 4816 imperator
3243 4752 3328 4798 est
3360 4759 3427 4797 eo
3452 4758 3511 4796 se
3534 4741 3675 4795 dun-

2100 4856 2265 4909 taxat,
2303 4854 2361 4897 ut
2400 4842 2626 4897 traheret
2655 4838 2865 4894 Veceus
2898 4839 2988 4909 qui
3016 4854 3074 4892 se
3100 4837 3171 4892 ab
3206 4836 3550 4890 inimcorum
3590 4833 3675 4887 in-

2099 4934 2334 4989 sultibus
2384 4940 2645 5002 tegerent.
2681 4930 2929 4985 militaris
2964 4930 3069 5001 ipsi
3120 4944 3316 4984 manus
3351 4927 3670 4984 comitatum

2096 5029 2395 5084 addidisse.
2440 5025 2505 5080 Et
2548 5025 2664 5081 haec
2705 5024 2922 5095 quidem
2956 5025 3038 5080 sic
3072 5033 3220 5095 gesta
3251 5033 3381 5078 sunt
3418 5032 3567 5078 sexta
3618 5030 3675 5076 et

2102 5120 2360 5176 vicesima
2391 5117 2701 5173 Decembris
2734 5118 2843 5171 die.

2312 5252 2365 5308 5.
2400 5249 2683 5307 Restitutio
2709 5249 2924 5321 Joseplti
2945 5252 2997 5305 in
3017 5217 3460 5319 patriarchulum.

2174 5384 2430 5455 Ejusdem
2463 5383 2669 5455 mensis
2710 5391 2836 5453 post
2862 5382 3003 5437 diem
3052 5379 3402 5441 tricesimam,
3449 5378 3555 5433 sub
3585 5394 3668 5434 ve-

422 5498 725 5553 renuntiari
771 5496 971 5560 Vecco,
1024 5490 1261 5548 sollicite
1297 5487 1684 5545 necessitatem
1727 5498 1998 5541 excusans
2101 5492 2338 5548 sperum,
2371 5474 2662 5546 impositus
2690 5472 2983 5544 gestatoria
3005 5472 3276 5540 Josephus
3305 5478 3517 5525 tantum
3561 5486 3672 5525 non

423 5605 546 5658 qua!
581 5588 680 5652 ipsi
712 5588 815 5642 tale
841 5585 1156 5649 consilium,
1186 5591 1247 5637 ut
1272 5581 1487 5645 aiebat.
1523 5583 1873 5649 extorqueret
1917 5576 2002 5628 in-
2105 5567 2382 5643 exanimis
2409 5607 2425 5632 ,
2467 5566 2655 5621 multis
2693 5564 2965 5635 utrimque
3002 5562 3389 5617 comitantibus
3419 5570 3474 5617 et
3501 5572 3678 5617 certa-

423 5653 713 5733 v‘tissirno.
769 5676 989 5731 Interim
1039 5674 1154 5744 ipse
1189 5685 1443 5743 magnam
1493 5669 1734 5725 noctium
1786 5673 1996 5738 partem
2103 5662 2201 5717 tim
2237 5656 2666 5714 acclamantibus
2702 5656 2945 5712 faustum
2978 5655 3212 5710 reditum
3237 5694 3254 5720 ,
3285 5668 3411 5709 cum
3462 5653 3677 5725 hymnis

426 5785 550 5825 cum
598 5768 838 5837 Joscpho
879 5777 935 5822 et
978 5768 1099 5833 eius
1148 5764 1415 5822 studiosis
1447 5761 1775 5831 transigens,
1807 5757 1998 5815 sedqu
2103 5762 2161 5810 et
2198 5750 2479 5823 plausibus
2509 5749 2813 5815 hominum,
2844 5748 2989 5804 inter
3019 5748 3497 5803 increbrescentes
3529 5760 3674 5817 prae-

426 5860 768 5915 eonsultabat
796 5874 901 5929 qua
924 5860 1124 5928 Optime
1158 5857 1371 5912 ratione
1397 5854 1488 5910 ille
1514 5850 1702 5921 reponi
1739 5850 1994 5906 thronum
2110 5857 2260 5902 terea
2291 5843 2526 5898 tinnitus
2548 5842 2797 5911 campani
2829 5842 2973 5909 aeris,
3003 5857 3112 5911 quo
3144 5841 3199 5895 in
3231 5839 3518 5895 ecclesiam
3544 5854 3679 5895 con-

431 5954 485 6010 in
524 5953 940 6026 patriarclnla-m
970 5962 1169 6023 plSStBI.
2107 5937 2290 5995 vocari
2324 5934 2557 6007 populus
2592 5936 2747 6002 solet,
2781 5937 2832 5990 in
2878 5934 3019 5990 aedes
3053 5932 3446 6005 patriarchales
3480 5946 3671 6003 repor-
