4022 6550
341 493 416 553 ‘25
1298 498 1395 560 DE
1453 498 1899 560 ANDRONICO
1937 500 2401 564 PALIEOLOGO
2440 501 2586 564 LIB.
2623 499 2672 561 Ι.
3525 493 3596 556 26

347 602 650 672 ἐπι-λησίαν
679 605 942 674 ἀπήντων
966 605 1106 658 κατὰ
1128 606 1188 660 τδ
1220 605 1470 675 σύνηθες,
1506 595 1689 676 σφίσιν
1711 609 1926 671 ἑαυτοῖς
1959 613 1996 666 Α
2028 613 2402 682 ἐσχεδιάζοντο
2429 613 2698 684 ἐπιτίμια.
2729 612 2834 665 Καὶ
2858 612 2924 665 τὰ
2950 610 3048 683 μὲν
3076 609 3182 663 τῶν
3204 610 3400 664 lat-siit
3437 607 3600 680 μέλον

347 696 552 748 ἇῆατον
567 698 663 748 τὸν
700 699 828 750 ναὸν
855 698 1168 761 κατενόουν,
1198 697 1274 762 ὡς
1316 699 1449 768 μηδέ
1477 701 1812 769 σημάντροις
1834 700 1928 752 καί

351 787 602 840 κώδωσιν
623 787 983 858 ἠθροισμένοι
1007 805 1022 820 ο
1056 789 1131 851 ὡς
1155 789 1211 842 δὲ
1235 790 1328 842 καί
1349 789 1444 859 τὴν
1471 789 1651 842 αἰτίαν
1685 789 1928 859 ἐμάνθα-

354 895 466 944 νον,
500 879 988 949 προστεταγμένον
1017 880 1138 950 μηδ’
1163 880 1436 950 εἰσιτητδν
1468 877 1607 932 εἶναι
1627 883 1708 944 εἰς
1732 881 1930 950 ἐκκλη-

359 971 481 1021 σξαν
542 970 778 1033 ἐκείνοις
824 969 984 1037 Θεοῦ,
1033 969 1139 1035 ἔξω
1193 989 1295 1024 που
1332 973 1558 1034 στάντες
1589 972 1685 1024 καὶ
1736 974 1804 1024 τὰ
1833 973 1931 1040 τῆς

356 1063 522 1130 εὐχῆς
575 1062 1093 1133 ἐκτελέσαντεςίτὺ
1133 1064 1240 1132 γὰρ
1267 1067 1366 1132 τῆς
1399 1065 1590 1133 ἑορτῆς
1632 1067 1933 1133 περιφανὲς

357 1153 456 1202 καὶ
485 1151 848 1217 παραϐαίνειν
866 1152 932 1204 τὰ
961 1152 1111 1221 σφίσι
1157 1151 1418 1206 δνκοῦντα
1451 1153 1666 1206 ἐπειοον
1694 1157 1819 1214 τοτις
1838 1153 1934 1206 τοῦ

2029 701 2097 775 ἦν
2136 707 2410 759 ἐκτιθέναι
2451 709 2564 769 τοῖς
2603 707 2875 776 μοναχοῖς.
2933 704 3028 758 καὶ
3058 704 3133 765 ὼς
3184 705 3369 772 σφίσιν
3399 701 3596 764 ἐδόκει,

2031 798 2244 850 πολλῶν
2275 800 2370 850 καὶ
2403 797 2602 865 ὀλίγων
2653 797 2854 865 ἐτίμων
2888 797 3000 858 τοῖς
3041 794 3376 864 προσιοῦσιν,
3413 793 3464 844 εἰ
3499 791 3599 860 μὲν

2031 889 2125 941 ἐπὶ
2156 889 2289 959 μόνῃ
2329 887 2619 958 ψαλμῳδίᾳ
2645 887 2738 940 καὶ
2769 885 2916 956 ἱεροῦ
2950 887 3260 954 κλάσματος
3295 880 3598 952 μεταλήψει

2030 981 2100 1034 τὰ
2131 985 2228 1050 τῆς
2260 982 2546 1043 κοινωνίας
2583 977 2750 1050 εἰχον,
2797 979 3059 1050 μετρίοις,
3096 978 3221 1031 εἰδὲ
3251 977 3345 1030 καὶ
3370 973 3462 1027 ἐπὶ
3491 973 3601 1026 τῶν

2034 1071 2196 1124 θείων
2242 1071 2429 1142 δώρων
2479 1072 2706 1140 μετοχῇ.
2757 1067 3119 1138 ἐπιτιμῶντες
3169 1069 3280 1129 τοῖς
3335 1064 3598 1133 μείζοσιν.

2045 1162 2392 1232 Ἀρχιερεῦσι
2436 1161 2492 1214 δέ
2542 1178 2606 1229 γε
2637 1161 2729 1214 καὶ
2785 1145 3087 1230 κληρικοῖς.
3126 1158 3280 1210 αὑτοί
3307 1156 3384 1225 τῷ
3413 1173 3602 1224 πατρι-

354 1244 563 1314 κὶήρου
589 1252 627 1307 lo
662 1245 815 1309 τέλος
841 1246 934 1298 ἐπὶ
961 1246 1066 1297 τῶν
1090 1243 1174 1316 [Ρσ
1213 1243 1298 1317 i0]
1340 1245 1528 1298 οξκιῶν
1577 1245 1935 1308 καθεσθέντες
2030 1251 2176 1324 ἄρχῃ
2211 1253 2636 1322 ὑποϐαλλόμενοι
2663 1251 2853 1321 ἐκείνῳ
2879 1248 3302 1320 προσανετὶθουν
3325 1249 3391 1300 τὰ
3423 1248 3598 1318 πρόσ-

358 1336 730 1404 ὲκαραδόκουν
761 1337 822 1388 τὸ
851 1336 1066 1406 μέλλον,
1103 1337 1198 1388 καὶ
1243 1337 1296 1389 τί
1323 1336 1404 1389 δεῖ
1430 1340 1570 1390 νοεῖν
1601 1339 1714 1399 τοῖς
1759 1354 1936 1407 παρα-
2033 1356 2189 1408 τιμα.
2213 1343 2322 1393 Καὶ
2349 1339 2412 1410 δὴ
2435 1341 2899 1408 νοσοκομουμένου
2926 1338 3080 1391 αὐτοὶ
3112 1339 3459 1406 πράττοντες,
3483 1337 3599 1389 ἐστι

358 1427 613 1494 γεγονόσι
640 1427 702 1478 τὸ
727 1421 1081 1497 πρόσταγμαζ
1129 1428 1486 1496 Ἐπέςοωσκεν
1534 1431 1567 1498 ἡ
1605 1431 1809 1499 ἡμέρα,
1842 1431 1936 1482 καί
2033 1427 2080 1480 δ’
2108 1422 2167 1480 οὗ
2189 1426 2427 1496 κάκείνῳ
2458 1428 2526 1480 τὰ
2556 1427 2654 1495 τῆς
2707 1426 2842 1488 ίδίας
2896 1423 3422 1494 προσανατιθέμενοι
3460 1421 3602 1490 γνώ-

358 1519 410 1569 οἰ
451 1516 548 1586 μὲν
597 1517 986 1590 ἐπιϐατηρίους
1032 1519 1199 1589 εὐχὰς
1256 1519 1574 1589 ἐσχεδίαζον
1624 1523 1697 1582 ὼς
1728 1522 1824 1574 ἐπὶ
1866 1523 1936 1592 τῇ
2038 1536 2166 1588 μης,
2199 1521 2258 1571 ἐν
2297 1519 2510 1581 πολλοῖς
2544 1518 2794 1588 ἑπομένῳ
2824 1517 2918 1570 κσιί⁵
2969 1517 3176 1578 ἄκοντι,
3205 1513 3474 1566 καθίστων
3504 1514 3602 1582 τὴν

365 1609 594 1680 Μεγάλῃ
625 1610 897 1679 ἐκκλησίᾳ
938 1610 1305 1680 καθαίρεσθαι
1341 1611 1770 1682 προσδοκῶντες,
1800 1611 1850 1664 οἰ
1879 1611 1936 1664 δὲ
2036 1610 2332 1680 ἐκκλησίαν
2359 1612 2435 1673 ὡς
2463 1610 2610 1677 σφίσι
2632 1610 2875 1663 δέδοκτο.
2898 1607 3087 1663 Ποιναὶ
3114 1607 3220 1674 γὰρ
3253 1605 3464 1675 βαρεῖαι
3488 1610 3599 1667 τοῖς

359 1699 577 1751 ἐτέλουν
599 1701 910 1770 ἁγιασμοὺς
932 1703 1061 1764 τοὺς
1095 1702 1164 1754 δι’
1188 1701 1398 1766 ὕδατος,
1435 1703 1531 1754 καί
1557 1703 1814 1770 πρόστωα
1841 1702 1937 1754 καὶ
2037 1704 2180 1756 κατά
2208 1721 2262 1756 τι
2299 1703 2766 1774 προστησομένοις
2785 1702 3024 1756 εἵποντο.
3043 1701 3206 1753 Ὅθεν
3228 1700 3322 1751 καὶ
3351 1698 3443 1750 τοῦ
3472 1698 3600 1750 νανιῦ

360 1788 620 1851 ἐξώστωα
649 1791 1014 1861 ἁναστήματά
1041 1809 1099 1845 τε
1131 1793 1224 1844 καὶ
1253 1792 1451 1856 κίονες,
1477 1792 1614 1846 ἀλλὰ
1639 1793 1734 1846 καί
1755 1793 1938 1860 τίμιαι
2037 1795 2203 1846 πᾶσιν
2233 1791 2714 1860 ἐγκεκλεισμένου,
2739 1789 2847 1842 τῶν
2872 1789 3172 1859 ἀρχιερέων
3199 1785 3603 1857 προσελθόντων

362 1882 574 1944 εἰκόνες
608 1882 700 1937 τοῦ
727 1884 986 1952 μεγίστου
1017 1883 1125 1936 νεὼ
1169 1884 1255 1937 διὰ
1285 1885 1383 1952 τῆς
1433 1884 1529 1937 τοῦ
1561 1885 1748 1949 ὕδατος
1775 1887 1934 1955 ἐπιρ-
1965 1936 2011 1955 ﬁ
2039 1885 2123 1952 ἐφ’
2222 1886 2315 1938 καὶ
2347 1884 2540 1954 μαθεῖν
2581 1884 2673 1935 ἐπὶ
2706 1883 2847 1934 τίσιν
2869 1881 3070 1942 αἰτίαις
3098 1880 3388 1949 πράττοιεν
3406 1877 3602 1941 ταῦτα,

364 1972 668 2040 ῥιντίσεως
713 1975 1024 2044 ἡγιάζοντο.
1083 1976 1344 2045 Διήρχετο
1395 1973 1579 2027 τοίνυν
1607 1973 1792 2044 τυφλῷ
1817 1974 1940 2028 ποδὶ
1967 1964 2014 1997 ³³
2041 1978 2197 2030 αὐτοὶ
2224 1976 2317 2030 τὸν
2370 1977 2468 2046 μὲν
2505 1975 2853 2045 πατριάρχην
2900 1973 3192 2042 προθέντες
3239 1971 3446 2039 ἄψυχον
3491 1964 3606 2021 οἷον

361 2067 898 2134 χειροκρατούμενος
919 2070 948 2117 ὁ
979 2067 1292 2120 Γαλακτίων
1318 2067 1409 2120 καὶ
1436 2067 1822 2139 ἐπερράντιζε,
1846 2069 1942 2122 καὶ
2042 2063 2262 2133 φόρτον,
2287 2063 2380 2116 τὸν
2406 2064 2461 2115 δὲ
2494 2063 2725 2133 μοναχὸν
2749 2062 3030 2114 Γεννάδιον
3047 2060 3503 2130 προστησάμενοι,
3537 2061 3604 2110 τὰ

354 2146 448 2217 τὸ,
479 2155 553 2218 ὡς
584 2157 816 2219 ἐκείνοις
847 2156 1046 2216 ἐδόκει,
1101 2157 1274 2227 μύσος
1301 2157 1411 2210 τῶν
1438 2158 1751 2228 σεϐασμίων
1795 2159 1940 2212 εἰκός
2042 2155 2244 2225 φρίκης
2271 2156 2456 2208 ἐκεῖνα
2489 2156 2669 2225 πλήρη
2708 2153 3090 2222 ἀπελογοῦντο.
3124 2152 3198 2214 ὡς
3227 2150 3608 2221 παρανενόμη-

361 2263 476 2298 νων
514 2246 607 2298 ὑπ’
634 2247 819 2307 αὐτοῖς
847 2247 1257 2316 ἁπεκαθαίριετο
1303 2249 1648 2315 ἁγιάζουσιν.
1685 2249 1942 2321 Ἐζήτουν
2041 2266 2130 2302 ται
2161 2248 2258 2316 μὲν
2281 2249 2432 2314 σφίσι
2457 2248 2524 2300 τὰ
2556 2247 2817 2316 μέγιστα,
2842 2243 3262 2315 παραϐέόασται
3283 2243 3423 2296 δὲτὸ
3460 2244 3608 2313 ἱερὸν

361 2336 424 2390 δὲ
450 2339 542 2390 καὶ
557 2340 606 2392 oi
638 2339 873 2409 ὁρῶντες
904 2340 1399 2411 ἀπολυμαίνεσθαι.

366 2497 446 2557 ς’.
475 2493 614 2561 Περὶ
640 2494 757 2549 τῶν
781 2493 1444 2620 διδομένἙνὶέπετιμίωγ
1477 2495 1809 2564 ἱερωμένοις
1841 2495 1939 2550 καὶ

1077 2583 1112 2616 a
1142 2583 1292 2620 κοιρ.

1077 2583 1292 2632 aucore.

436 2698 548 2751 Καὶ
585 2697 650 2770 δὴ
682 2698 817 2752 ἄλλα
861 2699 962 2770 μὲν
1021 2699 1253 2764 λαῖκοῖς,
1307 2699 1444 2755 ἄλλα
1500 2699 1558 2754 δὲ
1614 2700 1936 2773 ίερωμένοις

368 2887 538 2932 tatur.
558 2877 627 2933 At
652 2877 836 2933 clerici
859 2891 997 2949 aegre
1025 2878 1335 2948 vespertina
1367 2879 1660 2951 hymnodia
1689 2881 1941 2950 privatim

368 2966 627 3040 expleta,
688 2985 814 3025 cum
861 2970 1102 3025 diluculo
1153 2972 1220 3025 de
1267 2986 1418 3025 more
1471 2973 1828 3028 convenirent
1889 2973 1943 3026 in

369 3065 682 3125 ecclesiam,
727 3064 1016 3129 obseptum
1073 3065 1344 3134 repagulis
1394 3064 1626 3132 objectis
1682 3064 1943 3134 templum

373 3162 700 3222 repererunt
737 3167 752 3204 :
788 3166 966 3218 neque
1021 3152 1162 3204 enim
1213 3161 1534 3207 consuetum
1590 3139 1825 3207 coeundi
1878 3151 1946 3206 si-

2041 2338 2398 2405 Εὑαγγέλιον.
2439 2332 2620 2406 Ἐφἰἶι
2675 2338 2771 2390 καὶ⁹
2811 2335 3238 2402 δεινοπαθήσασι
3264 2334 3477 2405 ταραχὴ
3512 2334 3608 2386 καὶ

2042 2431 2270 2500 θόρυϐος
2301 2431 2565 2498 ἐγεγόνει,
2621 2429 2715 2482 καὶ
2769 2428 3184 2498 κατεμέμφοντο
3214 2427 3310 2479 τοῦ
3339 2427 3606 2490 εἰπόντος,

2041 2522 2136 2577 καί
2160 2539 2223 2590 γε
2270 2521 2364 2574 τοῦ
2393 2522 2736 2591 πατριάρχου
2788 2517 3200 2571 διεπυνθάνοντο
3231 2517 3279 2570 εἰ
3321 2517 3484 2569 αὑτοῦ
3519 2514 3610 2568 θέ-

2041 2615 2224 2677 λοντος
2259 2613 2500 2682 λέγοιντο
2526 2611 2717 2668 ταῦτα.
2742 2609 2826 2682 [Ρ.
2855 2608 2942 2681 ll]
2979 2607 3039 2662 Ὀ
3066 2608 3121 2660 δὲ
3161 2607 3488 2661 ἀπέσκωπτε
3513 2606 3607 2659 τὸν

2042 2708 2288 2773 εἰπόντα,
2326 2706 2422 2759 καὶ
2449 2705 2524 2768 ὡς
2551 2699 2662 2756 οἷόν
2703 2719 2762 2754 τε
2795 2702 2860 2754 τὰ
2893 2698 3279 2769 παριστάμενα
3308 2698 3606 2769 προσωμά·

2043 2886 2204 2941 nibus
2231 2884 2425 2952 raptim
2466 2884 2861 2939 indicebantur.
2889 2883 2966 2937 Ac
2991 2883 3046 2936 in
3073 2881 3241 2937 laicos
3265 2881 3479 2951 quidem
3497 2881 3606 2934 ἀι·-

2043 2978 2259 3033 bitrium
2282 2975 2400 3045 ejus
2420 2975 2632 3046 generis
2653 2974 2929 3028 monachis
2956 2973 3296 3042 permissum,
3324 2974 3415 3042 qui
3448 2983 3606 3040 prout

2044 3069 2176 3140 ipsis
2209 3069 2458 3130 libuerat,
2487 3082 2680 3137 magno
2709 3075 2802 3120 aut
2832 3066 3044 3118 modico
3069 3065 3324 3119 taxabant
3344 3068 3607 3119 adeuntes

2045 3157 2496 3213 reconciliationis
2535 3156 2723 3226 gratia.
2760 3155 2961 3223 Nempe
3001 3163 3060 3208 ut
3093 3153 3509 3208 admitterentur
3538 3153 3606 3207 ad

371 3260 536 3315 gnum
587 3259 692 3297 sere
725 3257 991 3312 campane
1023 3243 1129 3312 20
1164 3243 1340 3298 fuerat
1381 3243 1611 3298 editum.
1643 3242 1712 3298 Ut
1757 3250 1936 3297 autem
1968 3275 2013 3334 ο
2050 3249 2393 3319 psalmodiam
2425 3257 2476 3302 et
2502 3246 2654 3317 panis
2683 3246 2948 3301 benedicti
2979 3245 3466 3314 participationem.
3495 3261 3610 3298 ine-

373 3336 498 3404 ejus
526 3334 784 3389 novitatis
813 3336 1114 3403 percontati
1143 3350 1361 3389 causam
1393 3334 1684 3389 audierunt
1714 3334 1820 3388 veti
1852 3350 1940 3388 um

373 3439 500 3483 esse
525 3428 656 3497 ipsis
685 3428 988 3498 ingressum
1024 3427 1078 3480 in
1115 3428 1403 3482 ecclesiam
1437 3427 1530 3481 Dei
1566 3469 1580 3492 ,
1615 3437 1763 3480 extra
1798 3434 1946 3480 stan-

377 3529 480 3582 tes,
512 3528 567 3573 et
612 3519 806 3573 ibidem
862 3519 1140 3588 persoluto
1182 3533 1406 3586 precum
1453 3516 1941 3571 ecclesiasticarum

374 3627 549 3681 penso
581 3613 722 3680 (eam
747 3612 894 3665 enim
924 3610 1049 3665 festi
1086 3610 1362 3680 praecipui,
1394 3610 1536 3678 quod
1563 3610 1615 3662 in
1648 3625 1768 3662 eam
1795 3610 1937 3661 diem

375 3701 682 3766 inciderat,
724 3700 1038 3769 religionem
1094 3713 1212 3754 esse
1252 3708 1598 3758 statuerunt.
1647 3709 1702 3751 ut
1757 3708 1944 3751 contra

379 3793 703 3860 quorumvis
741 3791 1093 3846 interdictum
1144 3806 1298 3845 sacra
1334 3791 1434 3844 rite
1461 3790 1612 3844 obire
1651 3788 1823 3842 oﬂicia
1855 3789 1949 3843 de-

380 3885 601 3954 berent)
653 3885 873 3939 domum
908 3885 1137 3954 quisque
1167 3892 1531 3947 recesserunt,
1567 3883 1748 3952 ibique
1798 3883 1951 3950 quie-

381 3985 600 4030 scentes
626 3976 1017 4045 exspectabant
1045 3975 1174 4044 quid
1203 3975 1445 4029 futurum
1490 3985 1655 4039 esset,
1688 3989 1796 4026 non
1831 3973 1948 4027 sine

381 4068 544 4122 anxia
588 4069 941 4138 inquisitione
979 4083 1158 4124 causae
1201 4082 1321 4137 qua:
1364 4065 1622 4121 movisset
1672 4063 1948 4118 interdicti

377 4161 796 4217 denuntiatores
836 4161 903 4214 ad
959 4162 1037 4216 sic
1095 4161 1386 4230 agendum.
1447 4158 1523 4212 Illi
1573 4172 1706 4212 vero
1759 4163 1948 4209 exortu

380 4264 618 4322 posterae
653 4253 799 4316 diei,
846 4263 1188 4322 precationes
1220 4253 1272 4305 in
1311 4252 1488 4320 primo
1519 4250 1670 4304 aditu
1707 4247 1948 4302 nondum

380 4343 578 4398 saerati
609 4343 793 4406 templi
827 4344 932 4396 ritu
967 4342 1335 4396 ecclesiastico
1376 4339 1720 4410 pronuntiari
1761 4340 1948 4393 solitas

377 4432 759 4500 expediebant,
791 4442 848 4486 ut
881 4434 958 4486 sic
988 4433 1446 4502 progrederemur
1481 4433 1546 4485 ad
1581 4430 1945 4500 expiationem

377 4521 485 4574 loci
515 4538 674 4590 quem
705 4522 1044 4590 profanatum
1083 4524 1246 4576 rebus
1290 4521 1345 4575 in
1376 4536 1442 4575 eo
1475 4537 1650 4589 nuper
1698 4522 1830 4575 actis
1866 4519 1949 4572 vi-

2045 3340 2229 3394 diocre
2260 3338 2492 3408 pretium
2528 3337 2845 3407 exigebatur
2876 3354 2889 3390 :
2935 3336 3017 3389 sin
3051 3335 3274 3404 supplex
3321 3351 3490 3404 usque
3538 3337 3605 3389 ad

2046 3446 2214 3486 sacra:
2270 3430 2673 3500 perceptionem
2703 3428 3053 3482 Eucharistim
3099 3428 3306 3481 restitui
3343 3436 3607 3496 cuperet.

2046 3521 2232 3591 majori
2284 3520 2534 3574 videlicet
2571 3520 2623 3574 id
2672 3529 2788 3574 erat
2829 3519 3115 3574 collatione
3169 3521 3606 3588 promerendum.

2046 3612 2338 3680 Episcopos
2369 3611 2470 3679 21
2508 3619 2561 3662 et
2591 3609 2832 3672 clericos,
2881 3609 2968 3662 ubi
3004 3609 3357 3674 accederent,
3392 3609 3457 3662 ad
3510 3625 3608 3678 pa-

2047 3703 2334 3756 triarcham
2397 3701 2763 3756 remittebant.
2813 3701 2916 3765 Qui
2958 3709 3136 3754 tamen
3183 3715 3306 3754 cum
3349 3703 3485 3754 adiri
3537 3703 3609 3755 ob

2047 3795 2291 3848 morbum
2321 3809 2428 3847 non
2465 3800 2664 3862 posset,
2688 3791 2786 3858 ipsi
2820 3790 3063 3845 videlicet
3094 3797 3347 3860 tanquam
3379 3807 3444 3846 eo
3481 3807 3610 3846 con-

2047 3895 2207 3938 vento
2235 3901 2298 3938 ex
2323 3885 2440 3954 eius
2467 3883 2739 3938 sententia
2764 3884 3186 3951 pronuntiabant
3209 3899 3312 3952 qua
3339 3897 3609 3952 quemque

2047 3992 2182 4042 Opus
2213 3989 2356 4029 esset
2393 3974 2556 4029 multa
2587 3989 2812 4043 ptenave
2838 3973 3195 4042 expiationem
3230 3975 3516 4028 redimere.
3541 3974 3610 4027 Et

2049 4067 2113 4120 ad
2156 4067 2394 4133 quaedam
2427 4080 2586 4120 senex
2623 4066 2746 4120 licet
2799 4081 2939 4134 aegre
2969 4080 3032 4118 ac
3065 4065 3366 4120 subinvitus
3400 4079 3610 4118 annue-

2009 4212 2012 4214 γ
2049 4157 2141 4210 bat
2164 4158 2231 4210 ab
2265 4157 2366 4211 illis
2393 4166 2674 4227 suggesta;
2705 4157 2947 4227 quaedam
2980 4157 3200 4226 impune
3230 4156 3329 4225 ipsi
3381 4155 3610 4209 comini-

2052 4235 2399 4303 niscebaniur
2423 4258 2478 4302 et
2513 4248 2656 4302 velut
2687 4266 2714 4301 a
2749 4249 3053 4318 patriarcha
3097 4249 3270 4302 edicta
3318 4248 3606 4316 exigebant

2052 4341 2222 4410 ipsius
2253 4341 2488 4399 nomine,
2521 4355 2616 4409 pro
2641 4340 2806 4410 gradu
2846 4340 3241 4394 communionis
3272 4354 3431 4408 quem
3457 4338 3608 4407 quis-

2050 4447 2155 4499 que
2185 4432 2478 4500 supplicum
2509 4432 2738 4485 ambiret
2787 4432 3132 4486 intendentes
3165 4447 3442 4499 poenarum
3484 4447 3606 4500 gra-

2051 4525 2291 4579 vitatem.
2329 4523 2416 4576 Sic
2451 4523 2565 4577 istis
2587 4525 2843 4578 arbitratu
2886 4539 2984 4578 suo
3017 4523 3307 4578 Ecclesium
3347 4532 3606 4591 praetextu

376 4611 496 4664 deri
539 4610 806 4664 volebant.
843 4609 959 4663 Mox
993 4625 1089 4679 per
1121 4613 1382 4679 quosdam
1411 4611 1650 4679 ipsorum
1693 4609 1936 4679 porticus
1969 4613 2021 4672 D
2049 4613 2364 4667 restituendi
2401 4615 2762 4678 turbantibus,
2810 4623 2864 4668 et
2916 4614 3116 4683 templo
3165 4613 3377 4668 cunctis
3421 4613 3609 4666 clauso

375 4699 674 4753 exteriores
701 4715 765 4752 ac
793 4699 1061 4770 peristylia
1092 4699 1344 4753 vestibuli
1375 4707 1765 4768 suggestusque
1797 4699 1850 4750 in
1883 4699 1947 4752 iis

373 4792 648 4861 sigillatim
685 4799 739 4844 et
764 4791 1027 4844 columna:
1077 4791 1332 4861 signaque
1371 4805 1436 4845 ac
1479 4804 1644 4843 sacra:
1691 4789 1949 4858 imagines

375 4898 534 4951 aqua:
564 4882 801 4934 lustralis
824 4880 1144 4950 aspersione
1170 4881 1541 4950 purgabantur
1572 4881 1726 4949 quasi
1771 4894 1802 4934 a
1837 4879 1949 4949 pol-

376 4973 587 5027 lutione
609 4974 759 5042 prius
785 4980 1084 5025 contracta.
1105 4970 1344 5026 Minister
1371 4970 1657 5040 piacularis
1698 4984 1944 5026 εει-ωιιο-

377 5066 486 5119 nia:
509 5066 830 5134 procedebat
851 5080 1012 5118 manu
1042 5064 1324 5127 deductus,
1343 5064 1737 5133 quippe‘oculis
1760 5078 1949 5117 carens

375 5159 574 5226 quibus
598 5173 814 5226 gressus
851 5164 1082 5225 regeret,
1119 5153 1360 5210 Galactio
1389 5171 1403 5220 ;
1433 5171 1464 5210 a
1497 5171 1626 5223 quo,
1656 5155 1746 5208 ubi
1777 5157 1949 5209 sacris

375 5253 677 5319 praesertim
730 5246 977 5302 iconibus
1010 5246 1185 5299 multa
1214 5245 1484 5300 inlusione
1523 5247 1761 5300 lustralis
1795 5248 1949 5300 undae

377 5341 671 5400 maculam.
701 5348 760 5392 ut
805 5339 1048 5408 putabat,
1082 5345 1413 5392 contractam
1444 5337 1742 5392 studiosius
1779 5337 1946 5392 eluis-

377 5441 487 5492 sct,
520 5438 824 5498 spectantes
846 5429 1006 5481 etiam
1043 5428 1356 5496 poscebant,
1388 5436 1448 5481 ut
1475 5441 1534 5481 se
1560 5443 1772 5498 quoque
1801 5429 1948 5498 ipsos

376 5522 522 5574 labe.
558 5519 603 5572 si
633 5534 790 5588 quam
816 5529 1187 5587 susceperant,
1223 5519 1528 5574 mundaret.

377 5687 430 5739 6.
480 5684 551 5740 De
587 5685 762 5738 multis
808 5695 856 5738 et
890 5685 1052 5752 paruis
1077 5683 1262 5753 quibus
1299 5693 1421 5736 sunt
1457 5681 1680 5751 subjecti
1709 5698 1825 5736 cum
1867 5697 1950 5736 ec-

844 5755 1126 5809 clesiastici
1164 5763 1276 5806 tum
1326 5753 1485 5822 .laici.

462 5888 738 5958 Supplicia
780 5888 902 5944 hinc
945 5889 1048 5944 al'a
1080 5889 1247 5955 laicis,
1275 5889 1380 5944 Deo
1417 5889 1606 5946 dicatis
1638 5889 1740 5943 alia
1770 5889 1942 5945 homi~

2049 4705 2391 4773 persistentc,
2417 4713 2674 4758 coeuntes
2693 4704 2929 4773 episcopi
2951 4705 3226 4758 ministros
3250 4703 3439 4757 barum
3460 4703 3611 4756 novi-

2050 4805 2213 4850 tatum
2243 4797 2637 4865 iuterrogarunt
2665 4797 2859 4866 quibus
2888 4796 2956 4851 de
2981 4796 3162 4851 causis
3190 4796 3316 4850 talia
3343 4795 3604 4850 facerent.

2045 4885 2123 4940 Ad
2155 4887 2266 4940 hrec
2307 4887 2381 4940 illi
2409 4887 2670 4956 producto
2701 4887 3002 4956 patriarcha
3023 4929 3038 4956 ,
3079 4888 3238 4952 velut”,
3272 4903 3447 4942 massa
3479 4903 3608 4941 exa-

2046 4979 2213 5038 nima,
2245 4993 2338 5046 per
2366 4979 2685 5033 monachum
2721 4978 3058 5034 Gcnnadium
3092 4979 3212 5046 ejus
3237 4980 3354 5034 vice
3388 4980 3607 5047 loquen-

2048 5078 2152 5122 tem
2185 5067 2455 5122 horribilia
2489 5070 2575 5122 illa
2611 5071 2958 5133 intonarunt,
3009 5072 3202 5139 quibus
3230 5071 3441 5125 defendi
3490 5085 3611 5139 quae

2045 5168 2262 5229 egerant
2283 5163 2582 5228 putabant:
2627 5179 2643 5212 ι
2679 5161 3010 5217 Gravissima
3039 5177 3134 5216 vos
3175 5163 3379 5216 scelere
3405 5163 3612 5232 obliga-

2047 5251 2146 5304 stis
2177 5264 2192 5302 :
2220 5264 2430 5303 sacrum
2464 5250 2810 5320 Evangelium
2859 5252 3113 5306 violatum
3149 5261 3255 5308 est.
3293 5271 3314 5304 ι
3346 5251 3477 5318 Quae
3514 5253 3609 5305 illo

2052 5340 2376 5416 vociferante
2395 5356 2638 5394 murmur
2656 5342 2859 5396 exstitit
2879 5350 2935 5396 et
2959 5343 3220 5396 tumultus
3241 5343 3612 5397 abominantis

2047 5431 2226 5485 audita
2264 5433 2657 5497 multitudinis;
2692 5449 2882 5500 quare,
2911 5434 3060 5487 velut
3085 5434 3153 5487 de
3181 5433 3284 5488 lidc
3319 5433 3498 5488 alieno
3531 5434 3608 5486 lo-

2046 5521 2260 5589 quentis
2291 5523 2530 5582 nomine,
2563 5521 2684 5590 jure
2715 5537 2772 5576 se
2800 5523 2902 5576 rati
2938 5523 3183 5577 dubitare
3211 5523 3502 5584 antistites,
3538 5539 3607 5576 ex

2048 5612 2162 5680 ipso
2190 5613 2642 5680 percontabantur
2671 5613 2977 5682 patriarcha
3013 5614 3208 5684 ecquid
3239 5614 3452 5668 volente
3485 5613 3606 5681 ἰιιςο

2049 5703 2171 5757 talia
2207 5703 2534 5759 dicerentur.
2570 5705 2650 5758 Ad
2697 5721 2814 5774 qua:
2844 5706 2934 5759 ille
2977 5706 3222 5760 abnuens
3267 5705 3430 5758 etiam
3480 5722 3604 5758 cum

2048 5797 2136 5865 qui
2171 5796 2248 5849 sic
2267 5805 2383 5849 erat
2431 5795 3009 5874 locutuszobjurgavit,
3032 5796 3273 5851 convicia
3305 5810 3505 5865 perneg
3525 5812 3607 5850 ιιιε

2048 5903 2109 5940 ex
2140 5903 2235 5940 suo
2264 5889 2360 5941 ista
2398 5904 2556 5942 sensu
2590 5891 2834 5956 urolata;
2868 5899 2978 5943 tum
3013 5889 3131 5942 aliis
3156 5887 3353 5957 quibus
3384 5897 3602 5956 poterat
