4022 6546
270 471 339 542 εει
1225 470 1321 532 DE
1364 469 1815 531 nouorum
1852 470 2314 533 nun-mmor)
2352 474 2496 535 ιιι).
2541 474 2586 535 ῐ.
3103 512 3116 520 .
3451 451 3530 530 30

270 591 376 648 νεῖν
431 582 881 655 «ἱναγκασθεῖσιν,
936 581 1071 635 ὅπου
1127 598 1188 650 γε
1240 581 1344 633 xiv
1368 582 1417 633 si
1446 579 1645 641 κακίας
1676 579 1835 640 δίκας
1865 582 1912 638 Α
1938 582 2098 634 τοῦτο
2117 583 2247 646 τοὺς
2270 584 2372 652 μὲν
2393 584 2584 646 ἄλλους
2612 584 2881 654 ἁμηγέπη
2914 584 3023 638 τῶν
3051 583 3263 653 μιῖιμων
3294 579 3526 633 ἀνίεσαν

269 681 484 747 sub)»
519 678 860 733 ὲδικαιοῦντο
879 677 966 730 διὰ
994 674 1168 729 ταῦτα
1199 674 1237 730 ἂ
1265 674 1331 746 δὴ
1370 670 1473 727 ’καὶ
1505 673 1838 743 βιασθέντων

269 773 641 845 legionem,
658 771 856 831 ἄλλους
886 769 1056 842 ἐχρῆν
1077 764 1219 821 εἶναι
1238 772 1366 829 τοῦς
1386 766 1835 838 προστιμῶντας,

267 865 325 917 τὺ
350 865 470 926 τοὺς
506 863 670 931 χάριν
702 861 990 930 βασιλικῆς
1028 859 1320 930 εὐμενείας
1361 858 1748 928 βιασαμένους,
1785 856 1836 909 οἶ

264 959 324 1030 δὴ
349 959 439 1010 καὶ
473 958 606 1027 μίαν
636 950 785 1026 εἶχον
808 953 910 1022 τῆς
952 952 1052 1037 μὲιν
1084 951 1471 1020 πλημμελείας
1511 950 1831 1018 ἀπολογίαν,

270 1052 357 1120 ςῆς
381 1051 436 1102 δὲ
464 1048 822 1119 προστροπῆς
851 1046 1166 1113 ἀποφυγὴν,
1198 1044 1247 1096 εἰ
1285 1046 1380 1097 καὶ
1416 1043 1569 1096 αὑτοὶ
1601 1044 1837 1111 χωροῖεν

267 1144 419 1214 curias
468 1144 583 1204 τοῖς
644 1140 965 1210 βιασθεῖσιν.
1029 1135 1175 1191 Ἀλλ’
1219 1137 1373 1189 abitio
1404 1134 1595 1189 ταῦτα.
1638 1136 1759 1186 Ἷζτι
1789 1134 1834 1188 δ’

267 1236 567 1303 ὁπετύφετο
600 1236 716 1297 τοῖς
751 1230 1119 1299 ταλαιπώροις
1172 1230 1234 1283 τὸ
1262 1228 1499 1299 χαλεπὸν
1560 1226 1663 1280 κᾶν
1697 1227 1837 1289 τέως

263 1326 433 1395 λόγοις
462 1324 698 1396 ἡμέροις
722 1326 816 1378 καὶ
842 1326 911 1395 τῇ
942 1321 1036 1375 τοῦ
1067 1308 1408 1391 πατριάρχου
1438 1320 1689 1372 ὲνστάσει
1713 1320 1836 1380 ταῖς

264 1417 536 1489 ἀληθείαις
568 1415 1029 1470 συνεκαλύπτετο.
1049 1415 1172 1477 Τοῖς
1196 1414 1294 1483 μὲν
1316 1412 1425 1483 γὰρ
1445 1411 1558 1464 τῶν
1589 1412 1835 1480 ἐσχάτων

263 1508 570 1580 προστιμᾷν
598 1507 776 1560 ἐδόκει
803 1506 879 1569 ὼς
912 1505 1346 1576 πλημμελήσασι
1376 1505 1472 1556 καὶ
1506 1504 1576 1556 τὰ
1606 1502 1831 1573 ἔσχατα.

263 1597 577 1667 πατριάρχῃ
611 1596 669 1649 δὲ
701 1595 803 1665 τὴν
829 1594 951 1665 βίαν
980 1594 1147 1647 εἰδότι
1173 1596 1270 1647 καὶ
1294 1593 1392 1663 τὴν
1415 1592 1583 1645 πάλαι
1605 1593 1700 1645 τοῦ
1736 1592 1834 1659 βαο

262 1690 445 1752 «πλέως
475 1690 748 1750 ἐπίθεσιν,
779 1688 855 1751 ὡς
887 1689 982 1741 καὶ
1010 1686 1395 1746 καθοσιώσεως
1422 1688 1547 1746 τοὺς
1573 1685 1833 1738 ἀνθιστα-

266 1782 453 1852 μένους
473 1780 833 1850 ἐγκαλεῖσθαι.
863 1780 958 1833 καί
982 1795 1046 1848 γε
1072 1780 1136 1850 δὴ
1162 1780 1230 1833 τὰ
1258 1780 1365 1831 τῶν
1388 1779 1833 1847 καθωσιὼ;ι.ένων

263 1878 336 1938 εὶς
360 1874 639 1945 τιμωρίαν
662 1875 912 1942 ὑπέχειν,
951 1872 1275 1939 συγγνωστὰ
1320 1871 1387 1925 τὰ
1422 1873 1484 1924 ἐκ
1519 1870 1642 1941 βίας
1664 1872 1831 1939 διεγι-

186 1994 192 2009 ν
262 1967 548 2019 νὼσκοντο.
582 1966 731 2037 Πλὴν
765 1965 881 2019 ἀλλ’
919 1965 1067 2035 αὐτῷ
1106 1966 1205 2034 μὲν
1241 1964 1401 2033 μέλον
1431 1959 1501 2034 ἦν
1528 1964 1635 2016 τῶν
1675 1980 1831 2016 νοσοο

262 2058 481 2126 κομιῶν,
505 2059 711 2109 ἐκεῖνοι
743 2057 800 2110 δὲ
839 2058 967 2119 τοὺς
998 2057 1278 2126 ἀρχιερεῖς
1317 2056 1746 2124 ὑποποιούμενοι
1772 2057 1833 2109 τδ

262 2153 362 2204 πᾶν
387 2152 484 2219 τῆς
532 2150 721 2213 αἰτίας
760 2150 1180 2219 προσανετέθουν
1233 2148 1309 2216 τῷ
1361 2165 1427 2216 γε
1463 2148 1836 2218 πατριαρχεύο

262 2261 423 2309 σαντι,
448 2244 647 2313 ὥσπερ
680 2244 746 2296 ἂν
768 2230 868 2297 obit
902 2243 1061 2305 αὐτὸς
1094 2238 1186 2313 ἦν.
1218 2242 1381 2294 ἄλλου
1415 2242 1490 2310 μὴ
1532 2241 1833 2305 καταδεξο-

263 2337 414 2407 μένου
446 2336 550 2406 τὴν
576 2335 673 2390 τοῦ
703 2335 898 2405 θρόνου
929 2337 1119 2403 τιμήν.
1154 2334 1300 2405 Πλὴν
1331 2336 1391 2386 τὸ
1414 2333 1702 2405 δύσζηλον,
1725 2333 1832 2386 ὦσ-

262 2446 357 2499 na?
381 2430 622 2497 ἀλόγοις,
658 2427 800 2481 οὕτω
826 2426 891 2497 δὴ
921 2428 1017 2480 καὶ
1038 2427 1275 2496 λογικοῖς
1302 2426 1569 2496 ἐφῆπται,
1606 2426 1716 2478 Kal.
1744 2424 1833 2477 διὰ

259 2602 902 2679 ωσεηηςςεηιοεόδιιςη
951 2605 1286 2663 consortium
1333 2622 1521 2662 eorum
1569 2607 1623 2661 in
1670 2600 1832 2676 poma

259 2702 444 2757 luenda
480 2702 630 2757 ultro
659 2702 1041 2771 deposcerent,
1087 2715 1225 2769 quos
1264 2713 1385 2754 sese
1416 2702 1839 2755 recordarentur

259 2809 474 2863 peccare
525 2796 797 2865 coegisse.
848 2780 970 2847 {Sed
1027 2796 1270 2848 nomium
1323 2795 1577 2850 videlicet
1640 2800 1834 2850 horum

259 2885 495 2955 supplicii
549 2895 770 2956 tempus
820 2885 1142 2941 advenerat.
1186 2887 1541 2955 Coquebatttr
1598 2889 1743 2941 enim
1783 2903 1840 2951 et

260 2976 336 3028 his
382 2976 700 3031 infelicibus
762 2978 987 3037 malum,
1041 2986 1347 3031 tumescent
1375 2978 1498 3041 bus,
1553 2990 1609 3033 at
1660 2981 1840 3033 adhuc

257 3076 516 3137 utcunque
590 3082 790 3137 pressis
843 3069 1067 3127 ultionis
1115 3070 1168 3122 in
1217 3069 1340 3123 illos
1384 3070 1839 3127 destinationibus

257 3174 431 3214 eorum
461 3161 711 3229 ipsorum
742 3159 832 3229 qui
865 3160 1129 3215 ministris
1163 3162 1283 3215 istis
1313 3163 1379 3217 ad
1411 3162 1547 3216 alios
1572 3162 1839 3219 haetenus

1941 677 2037 728 καὶ
2064 677 2162 746 τῆς
2196 678 2261 745 μέ
2272 677 2480 747 pulsum,
2510 678 2673 732 πλέον
2697 679 2742 731 δ’
2765 679 2957 749 ἐκείνῳ
2976 678 3198 746 ἐπεῖχον
3223 675 3298 739 ὡς
3325 674 3521 742 ἀδικῆ-

1944 783 2123 830 σαντι,
2173 769 2269 820 καί
2320 785 2383 835 γε
2438 764 2600 822 αὑτὸν
2652 770 2775 837 μηδ’
2808 771 2865 821 ἐν
2899 770 3170 822 ἐπιεικέσι
3205 764 3527 834 λογίζεσθαι

1942 859 2147 931 σπουδὴ
2171 854 2237 934 ἦν
2262 860 2441 926 πάσης
2479 861 2733 929 ἀσχολίας
2761 859 3170 930 καθυπερτέρα.
3199 859 3292 919 El;
3324 857 3379 909 τ’
3413 857 3526 925 γὰρ

1938 950 2046 1003 εδει
2082 952 2176 1004 καὶ
2208 951 2511 1021 κρίνεσθαι,
2549 951 2641 1003 καὶ
2670 951 2870 1019 μᾶλλον
2894 951 2984 1004 διὰ
3012 951 3071 1003 τὸ
3098 940 3243 1003 εἶναι
3288 949 3526 1018 ποιμένα

1940 1044 2033 1096 τὸν
2065 1043 2160 1096 τοῦ
2194 1044 2389 1114 θρόνου
2425 1042 2829 1114 καθαιρεθέντα
2857 1043 2952 1095 τοῦ
2987 1044 3207 1113 πρώτου
3248 1056 3521 1109 προτιμηο

1939 1137 2143 1198 Θέντος,
2162 1138 2268 1189 κᾶν
2288 1135 2467 1199 καλῶς
2490 1133 2604 1206 εἶχε
2628 1136 2728 1205 τῆς
2754 1135 2981 1207 γνώμης
3011 1135 3117 1189 κᾶν
3145 1132 3244 1206 μὴ,
3273 1135 3322 1185 εί
3352 1134 3425 1203 μή
3457 1148 3523 1201 γε

1939 1230 2105 1282 αὐτὴν
2138 1229 2237 1298 μὲν
2263 1231 2288 1280 ὲ
2315 1229 2551 1281 ὀὐλοντο
2585 1229 2861 1300 ἀχρειοῦν,
2891 1230 3002 1290 τοῖς
3026 1228 3234 1289 λοιποῖς
3256 1228 3311 1280 δὲ
3346 1241 3522 1296 προσ-

1936 1321 2149 1389 τρίὸειν
2196 1322 2331 1387 dvo;-
2368 1321 2430 1373 τὸ
2463 1321 2745 1389 μέγιστον,
2799 1319 2894 1372 καὶ
2923 1333 3018 1383 ους
3051 1317 3193 1380 τέως
3221 1314 3367 1387 εἶχον
3399 1317 3524 1369 κατ’

1935 1411 2145 1463 ἐκείνου
2176 1411 2555 1483 συλλήπτορας
2583 1410 2659 1473 ὡς
2689 1408 3005 1479 ὀρθοσεεείς
3033 1409 3355 1477 σφαλέντος,
3393 1408 3520 1483 του·

1935 1520 2062 1562 τους
2112 1503 2499 1570 καταδικάζειν
2556 1504 2633 1567 ὠς
2684 1506 2977 1565 κοινωνοὺς
3014 1502 3356 1572 ἐσφαλμένον
3386 1502 3521 1555 καθ-

1938 1598 2186 1668 ύστερον,
2208 1599 2284 1661 ὡς
2317 1599 2412 1651 καί
2440 1614 2564 1651 τινα
2596 1596 2718 1650 τότε
2746 1596 2855 1649 τῶν
2885 1597 3200 1667 ὲχεφρόνων
3231 1593 3412 1662 λέγειν
3462 1595 3520 1659 (ὁ

1946 1689 2441 1757 ’Δδριανουπόλεως
2462 1689 2509 1741 δ’
2543 1684 2698 1751 οὗτος
2729 1683 2797 1759 ἦν
2830 1687 2859 1740 ὁ
2892 1687 3254 1755 Θεόκτιστος)
3311 1686 3388 1749 ὡς
3419 1685 3517 1738 νῦν

1938 1781 2037 1850 μὲν
2065 1783 2143 1843 εἰς
2169 1781 2402 1853 ὄπτησιν
2436 1779 2536 1851 τὴν
2575 1781 2786 1835 ἐκείνου
2827 1779 3036 1842 ὀδελοίς
3073 1779 3310 1845 ξυλίνοις
3336 1778 3517 1847 χρῶν-

1933 1892 2026 1928 ται
2069 1877 2183 1937 τοῖς
2219 1876 2521 1943 κρίνουσιν,
2580 1873 2806 1944 ὕστερον
2840 1873 2928 1945 μ’.
2988 1873 3083 1946 15]
3130 1874 3186 1928 δὲ
3240 1876 3337 1928 καὶ
3362 1874 3518 1927 αὖτοὶ

1934 1970 2067 2038 πυρὶ
2097 1967 2346 2030 δοθέντες
2367 1966 2736 2037 καυθήσονται
2765 1983 2780 1998 ο
2815 1967 2845 2020 ὃ
2876 1968 2970 2021 καὶ
3012 1969 3241 2037 γέγονεν
3263 1967 3515 2038 ὕστερον.

2149 2105 2221 2177 η’.
2254 2105 2394 2173 Περὶ
2428 2102 2547 2159 τῶν
2586 2102 2968 2176 τελουμένων
3000 2103 3305 2159 συνόδων.

2005 2240 2139 2294 Τότε
2160 2241 2205 2293 δ’
2223 2239 2284 2293 οὗ
2300 2266 2313 2289 ι
2338 2238 2762 2308 ὑποποιούμενοι
2787 2237 2886 2308 μὲν
2908 2237 3485 2308 ἀρχιερεῖς,ὐποποιοὺ
3500 2265 3519 2276 ο

1937 2350 2089 2403 μενοι
2112 2333 2169 2386 δὲ
2197 2333 2467 2395 παντοίως
2492 2332 2584 2385 καὶ
2606 2334 2698 2384 τὸν
2720 2331 3135 2401 ’Λλεξανδρείας
3165 2346 3269 2382 πατ
3281 2328 3517 2399 ριάρχην

1947 2427 2287 2492 ἈΟανάσιον,
2324 2426 2494 2496 ἄνδρα
2550 2423 2747 2479 πολλοῦ
2796 2441 2941 2487 τινος
2972 2423 3147 2489 ἄξιον,
3183 2423 3409 2493 θρόνους
3456 2439 3515 2476 τε

1935 2608 2132 2679 risque
2164 2608 2378 2678 injuriae
2409 2617 2710 2673 auctorem,
2752 2607 3108 2662 vehementer
3139 2603 3514 2659 incursabant.

1938 2702 2178 2765 Eratque
2217 2700 2322 2755 illis
2360 2716 2528 2753 unum
2583 2699 2847 2761 studium,
2881 2714 2991 2751 una
3026 2698 3240 2751 cunctis
3277 2708 3519 2765 praever-

1941 2792 2103 2848 tenda
2139 2793 2361 2863 reliquis
2401 2792 2707 2859 oreupatio,
2743 2791 2797 2843 in
2852 2798 3064 2843 tantum
3108 2788 3391 2842 dill'amare
3422 2786 3521 2839 oh-

1942 2881 2226 2934 treetation
2254 2881 2355 2934 bus
2387 2890 2441 2933 et
2473 2880 2709 2949 querelis
2747 2880 3001 2943 Veccum,
3040 2879 3215 2947 quoad
3263 2891 3527 2945 asseque-

1942 2983 2131 3028 rentur
2152 2980 2210 3025 ut
2232 2989 2300 3026 ne
2326 2973 2621 3047 tolerabilis
2645 2973 2863 3041 quidem
2890 2987 2953 3027 ac
2976 2972 3323 3027 mediocriter
3345 2970 3520 3022 malus

1945 3070 2108 3123 homo
2158 3069 2239 3122 vel
2281 3069 2464 3138 aliqua
2507 3069 2699 3122 saltem
2734 3077 2886 3136 parte
2915 3066 3091 3120 laudis
3143 3080 3352 3119 summa
3385 3062 3522 3115 vitia

1944 3161 2218 3215 redimens
2246 3161 2560 3214 haberetur.
2589 3158 2702 3213 Nisi
2736 3160 2881 3213 enim
2932 3158 3034 3212 hoc
3063 3157 3247 3211 furore
3275 3164 3518 3217 ruerent,

258 3251 384 3305 male
417 3251 733 3305 multandos
781 3251 1093 3317 utebantur,
1138 3254 1318 3307 verbis
1354 3254 1572 3308 interim
1618 3271 1712 3309 eos
1743 3256 1822 3309 la—
1855 3252 1897 3307 C
1931 3255 2059 3323 quid
2090 3254 2353 3308 attinebat
2379 3252 2615 3308 Vcccum
2644 3253 2699 3306 in
2721 3252 2811 3321 jus
2851 3252 3086 3317 trahere,
3120 3266 3185 3306 eo
3220 3249 3521 3318 praesertim

258 3353 452 3398 ctantes
495 3343 734 3403 blandis,
770 3344 853 3398 vel
882 3345 1115 3399 artitieio
1144 3345 1520 3401 dissimulandi
1564 3363 1823 3401 arcanum

256 3436 446 3496 odium.
488 3437 579 3490 vel
613 3444 760 3489 metu
808 3437 1154 3506 patriarchze,
1204 3455 1364 3508 quem
1402 3456 1530 3494 vero
1558 3442 1827 3495 ‘sciebant

255 3529 535 3583 abhorrere
579 3530 649 3583 ab
686 3529 991 3594 huiusmodi
1029 3546 1093 3599 ge
1135 3547 1229 3585 ere
1266 3533 1594 3588 acerbitatis.
1637 3533 1677 3588 Α
1718 3549 1822 3603 qua

258 3617 345 3685 ipsi
368 3621 741 3673 moderatione
774 3621 1000 3674 multum
1032 3622 1280 3684 aberant,
1316 3624 1367 3676 in
1408 3627 1591 3677 an’mo
1622 3627 1825 3681 haben-

257 3719 348 3770 tes,
388 3712 642 3781 quamvis
682 3713 865 3767 adhuc
901 3713 1327 3779 dissimularent,
1374 3717 1471 3770 hos
1503 3719 1593 3785 qui
1638 3731 1824 3775 essent

256 3801 556 3872 imperatori
622 3804 868 3860 obsecuti
927 3806 1213 3876 adigendis
1269 3809 1335 3863 ad
1388 3812 1819 3877 amplectendam

255 3891 555 3950 Latinorum
587 3900 1031 3953 communionem
1073 3898 1295 3960 Crazeis.
1334 3912 1392 3955 ut
1423 3906 1617 3957 summi
1652 3907 1821 3959 scele—

256 3986 326 4040 ris
361 4003 480 4041 rem
520 3990 785 4043 extremis
831 3991 1102 4058 subicere
1152 3993 1450 4063 suppliciis,
1503 4013 1624 4050 cum
1675 3999 1821 4068 ipsos

256 4091 428 4132 contra
497 4079 810 4134 Patriarcha
865 4081 1056 4150 dignos
1104 4084 1261 4135 venia
1310 4084 1554 4149 duceret,
1609 4104 1821 4143 memor

257 4170 552 4224 vehementi
600 4186 694 4225 eos
722 4180 851 4225 tunc
886 4173 1164 4242 regnantis
1208 4172 1434 4243 imperio
1470 4178 1537 4231 ad
1572 4179 1625 4231 id
1670 4196 1819 4234 com-

255 4264 443 4329 pulsos.
472 4264 686 4335 Quippe
713 4265 1007 4335 imperator
1035 4266 1258 4322 Michael
1284 4269 1419 4323 nihil
1455 4273 1636 4326 mitius
1663 4289 1822 4342 pmna

258 4354 382 4409 Leszc
410 4358 713 4427 majestatis
741 4359 848 4412 reis
879 4358 1044 4427 infligi
1078 4359 1256 4421 solita,
1295 4360 1601 4416 intentabat
1630 4365 1696 4418 iis
1727 4368 1819 4436 qui

256 4446 348 4499 sibi
394 4447 623 4517 obsequi
653 4447 707 4500 iu
736 4447 801 4501 iis
831 4463 951 4517 qua:
985 4448 1203 4518 juberet
1226 4449 1291 4503 ad
1319 4450 1614 4521 'negetium
1645 4454 1824 4507 conci-

256 4536 477 4593 bationis
523 4540 888 4595 Ecclesiarum
931 4548 1234 4607 opportuna
1286 4542 1672 4613 neglexissent.
1716 4545 1824 4617 2&

1932 3349 2155 3400 nomine
2179 3346 2321 3416 quod
2356 3346 2677 3414 pastoralem
2709 3354 2997 3414 usurparet
3020 3342 3363 3415 dignitatem,
3393 3355 3521 3394 cum

1931 3454 2052 3494 eam
2085 3443 2283 3493 throno
2315 3440 2559 3510 dejectus
2592 3440 2897 3493 abdicasset
2932 3450 2987 3494 et
3016 3439 3277 3492 honorem
3326 3436 3519 3490 dect-s-

1932 3533 2042 3586 sori
2072 3532 2442 3586 reddidisset?
2481 3534 2555 3585 An
2589 3547 2779 3601 parum
2811 3532 2942 3586 hinc
2972 3531 3262 3585 manifeste
3292 3537 3441 3598 patet
3467 3529 3521 3581 iii

1931 3624 2105 3694 egisse
2144 3639 2359 3677 summo
2392 3634 2590 3677 conatu
2627 3624 2765 3683 illos.
2810 3634 2865 3677 ut
2904 3624 3049 3677 hunc
3083 3639 3294 3678 summa
3331 3622 3517 3675 defor-

1932 3725 2138 3769 mutum
2169 3716 2463 3786 ignominia
2497 3716 2746 3769 inutilem
2775 3716 2840 3769 ad
2872 3716 3086 3785 quidvis
3116 3715 3428 3775 redderent,
3461 3728 3523 3777 ρι

1931 3810 2034 3864 hoc
2063 3810 2240 3879 ipsum
2275 3808 2690 3862 fundamentum
2733 3808 2982 3879 jacerent
3011 3808 3297 3863 calumnize
3326 3808 3376 3860 in
3408 3822 3514 3860 ca:-

1931 3913 2098 3965 teros,
2163 3902 2363 3972 quibus
2432 3902 2648 3955 interim
2706 3902 3022 3971 parcebant,
3069 3910 3126 3955 ut
3171 3899 3523 3970 postmodum

1930 4008 2097 4065 ipsos,
2122 3995 2277 4063 'quod
2305 3992 2508 4047 homini
2538 3992 2787 4045 videlicet
2813 3990 3268 4045 criminosissimo
3320 3997 3518 4041 utcun-

1928 4106 2035 4160 que
2102 4088 2480 4147 adhaasissent.
2533 4095 2788 4153 tanquam
2851 4084 2953 4139 hoc
3002 4086 3123 4154 ipso
3181 4079 3519 4139 atrocissimi

1930 4180 2249 4235 manifestos
2292 4179 2536 4242 sceleris,
2571 4179 2799 4247 piaculis
2848 4176 3186 4246 subjicercnt
3241 4169 3515 4230 maximis,

1930 4283 1985 4327 et
2013 4288 2151 4342 quos
2196 4281 2255 4326 ut
2283 4280 2443 4325 rectae
2479 4270 2719 4326 cultores
2747 4270 3025 4340 religionis
3052 4267 3332 4336 adjutores
3360 4262 3519 4318 adhi-

1932 4366 2164 4419 buerant
2208 4363 2273 4417 ad
2307 4363 2538 4417 Veccum
2575 4362 2724 4417 velut
2755 4378 2784 4416 ο
2817 4363 2920 4415 ritu
2965 4361 3210 4429 legitimo
3255 4358 3516 4411 aberran-

1932 4461 2041 4505 tem
2079 4467 2178 4506 evc
2213 4452 2455 4515 tendum,
2498 4451 2717 4504 eosdem
2746 4460 2932 4522 postea
2965 4452 3314 4508 damnarent.
3366 4444 3510 4514 quod

1932 4543 1982 4597 ei
2011 4543 2215 4597 erranti
2242 4543 2758 4609 communicassent,
2791 4554 2847 4597 et
2876 4558 2941 4595 ex
2973 4541 3136 4604 illius,
3176 4538 3264 4596 cui
3291 4553 3351 4595 se
3380 4537 3525 4592 alias,

256 4630 340 4684 Fst
368 4641 549 4687 autem
573 4633 619 4688 is
647 4643 830 4687 tantus
859 4642 913 4688 et
946 4642 1053 4687 tam
1086 4634 1139 4687 in
1169 4636 1347 4689 virum
1373 4636 1535 4688 etiam
1559 4646 1815 4690 constan-
1851 4630 1893 4685 D
1920 4637 2255 4705 junxissent,
2310 4630 2635 4704 contagione
2694 4635 2973 4704 pestilenti
3047 4633 3225 4687 labem
3276 4630 3382 4702 25
3443 4629 3520 4685 ad

256 4733 354 4777 tem
382 4727 585 4780 cadens
619 4734 820 4790 metus,
855 4733 916 4779 ut
941 4727 1135 4781 merito
1168 4727 1218 4781 ei
1258 4728 1628 4783 excusandum
1679 4731 1826 4785 vide-

255 4826 394 4872 retur
435 4819 701 4889 quidquid
742 4819 862 4889 ejus
896 4809 1157 4875 instinctu
1193 4830 1311 4875 erat
1355 4821 1582 4875 factum.
1640 4821 1827 4892 Itaque

253 4908 633 4978 ignoscendum
692 4910 966 4974 censebat,
1024 4920 1080 4965 et
1126 4922 1390 4978 quantum
1436 4912 1493 4967 in
1540 4913 1660 4981 ipso
1709 4917 1829 4968 erat

252 5000 471 5072 benigne
496 5001 743 5058 inﬁrmos
775 5003 1090 5058 sublevabat
1119 5005 1437 5061 condolens.
1477 5005 1608 5074 Ejus
1644 5014 1825 5061 autem

255 5090 602 5150 inclementes
646 5093 906 5159 ministri,
954 5106 1013 5150 ut
1048 5096 1152 5152 sibi
1199 5097 1464 5153 obnoxios
1499 5106 1554 5153 et
1593 5099 1658 5153 ad
1707 5096 1827 5168 qum

253 5190 373 5239 tunc
409 5190 647 5257 agebant
681 5185 958 5255 adjutores
993 5197 1277 5257 promptos
1328 5190 1605 5245 antistites
1653 5190 1824 5244 habe-

253 5284 384 5339 rent,
414 5292 509 5330 eos
539 5276 869 5331 simulabant
895 5293 953 5332 se
982 5278 1130 5332 omni
1167 5295 1450 5349 perperam
1484 5283 1637 5352 prius
1677 5291 1827 5337 acto-

254 5378 363 5419 rum
392 5369 622 5422 crimine
662 5368 897 5434 solvere,
928 5386 1159 5439 quorum
1190 5371 1502 5427 universam
1563 5374 1823 5429 invidiam

253 5456 302 5510 in
328 5458 558 5515 Veccum
588 5463 931 5527 avertebant,
965 5464 1141 5533 quasi,
1166 5465 1414 5536 nisidpse
1438 5467 1652 5531 fuisset,
1679 5467 1825 5523 haud

254 5547 406 5605 alium
437 5556 760 5610 exstituru'n
806 5567 1062 5626 putarent
1091 5559 1183 5629 qui
1222 5560 1402 5613 throni
1435 5559 1697 5615 honorem
1727 5563 1826 5616 ad-

252 5644 500 5698 mitteret.
531 5642 794 5700 Nimirum
830 5647 1005 5703 malus
1036 5648 1178 5703 livor
1209 5659 1267 5703 ut
1293 5649 1468 5705 brutis
1506 5650 1722 5715 helluis,
1752 5653 1824 5707 ita

253 5728 558 5791 hominibus
602 5754 823 5808 quoque
856 5740 1069 5795 ratione
1118 5741 1363 5812 praeditis
1401 5743 1635 5813 obrepit.
1686 5742 1826 5799 llinc

253 5820 379 5879 alios
410 5828 615 5883 scilicet
663 5831 821 5901 culpa
868 5831 1174 5887 liberabant
1202 5842 1255 5888 et
1299 5834 1709 5904 irreprchensos
1738 5836 1824 5889 di-

256 5912 552 5986 mittebant,
587 5918 738 5976 illum
771 5938 962 5991 unum,
1001 5933 1062 5979 ut
1084 5926 1251 5980 totius
1287 5924 1495 5982 fontem
1537 5926 1663 5982 mali
1700 5943 1813 5982 om-

1929 4738 2234 4784 extremum
2267 4729 2413 4784 omni
2445 4728 2744 4785 acerbitate
2775 4726 3030 4781 luendam
3070 4726 3125 4779 in
3163 4740 3283 4779 sese
3316 4722 3523 4778 traxis-

1929 4832 2069 4877 sent.
2127 4822 2258 4889 ρυω
2296 4837 2459 4878 causa
2495 4823 2611 4876 viro
2649 4833 2760 4877 tum
2806 4820 3059 4891 prudenti
3108 4819 3210 4873 fuit
3246 4818 3525 4873 Adriano»

1929 4911 2168 4982 politano
2200 4910 2516 4968 Theoctisto
2552 4909 2791 4978 dicendi,
2816 4925 2965 4965 nunc
3003 4909 3220 4979 quidem
3257 4916 3518 4962 auctores

1930 5005 2095 5076 hujus
2128 5004 2397 5060 tumultus
2431 5005 2509 5059 uti
2551 5005 2826 5076 episcopis
2861 5004 2915 5057 in
2947 5003 3213 5073 synodum
3265 5001 3332 5056 ad
3365 4998 3513 5069 judi-

1928 5099 2072 5152 cium
2100 5099 2303 5153 vocatis
2335 5107 2591 5167 tanquam
2620 5099 2857 5152 verubus
2889 5097 3084 5167 ligneis
3112 5095 3177 5150 ad
3208 5093 3520 5149 assandum.

1931 5189 2187 5255 Veccum,
2225 5189 2280 5243 in
2310 5189 2497 5244 animo
2543 5190 2811 5244 habentes
2858 5189 3082 5243 eosdem
3131 5185 3504 5258 postmodum,

1930 5280 2107 5335 Vecco
2145 5281 2457 5356 absumpto,
2487 5281 2591 5336 illis
2629 5282 2825 5337 iisdem
2857 5279 3091 5334 ﬂammis
3124 5293 3377 5335 exurere.
3428 5275 3518 5332 ita:

1929 5371 2019 5428 ille
2043 5388 2152 5428 non
2187 5387 2363 5429 vanus
2387 5381 2557 5440 vates,
2584 5383 2644 5428 ut
2667 5380 2862 5427 eventa
2890 5370 3085 5427 deinde
3112 5373 3515 5441 probaverunt.

2354 5511 2406 5566 8.
2436 5511 2509 5566 De
2535 5511 2810 5566 celebratis
2837 5510 3076 5581 synodis.

1997 5648 2155 5703 Tunc
2184 5647 2350 5720 igitur
2372 5647 2537 5717 hujus
2567 5658 2807 5702 motores
2832 5649 3097 5702 machinae
3117 5647 3267 5701 omni
3298 5659 3509 5716 genere

1926 5741 2407 5798 delinimentorum
2438 5757 2561 5796 cum
2596 5750 2827 5797 exteros
2864 5741 2955 5811 qui
3008 5740 3236 5794 aderant
3282 5739 3506 5793 antisti-

1928 5843 2030 5897 tes,
2064 5844 2175 5888 tum
2207 5832 2633 5887 Alexandrinum
2664 5847 2774 5902 pne
2820 5832 3080 5887 omnibus
3125 5831 3499 5902 patriarcham

1927 5925 2311 5991 Athanasium,
2351 5928 2527 5979 virum
2573 5924 3007 5997 existimationis
3055 5933 3111 5981 et
3146 5924 3503 5983 auctoritati:
