4022 6606
414 482 482 536 31
1614 480 1944 539 GEORGII
1985 480 2466 541 PACHYMERE
3599 481 3681 545 32

413 582 714 654 προτιθεῖσι
733 583 849 646 δύο,
871 583 930 638 ὃν
955 584 1057 655 μέν
1081 584 1237 639 κενὸν
1263 588 1342 650 εις
1370 586 1535 657 τιμὴν
1557 588 1650 641 καὶ
1676 588 1862 659 σχῆμα
1890 589 1984 642 τοῦ
2017 593 2059 648 Α
2087 590 2174 660 εἴη
2196 591 2565 660 γινώσκοντας
2586 595 2662 657 ως
2692 593 2759 648 τά
2784 594 3012 665 μέγιστα
3046 597 3397 662 παραϐάντας
3428 598 3674 670 ἔκρινον,

413 677 752 747 πατριάρχου
783 677 1429 741 Κωνσταντινουπόλεως,
1455 676 1516 730 δν
1543 678 1600 731 δέ
1618 679 1709 732 τὸν
1736 677 1992 746 Ἀλεξαν-

414 769 596 839 δρείας
628 767 1099 836 προκαθεζόμενον
1130 768 1344 837 ἔχοντα.
1372 770 1481 823 Καί
1509 769 1560 839 γ’
1598 771 1824 834 ἐαυτοίις
1855 771 1993 826 καθ-

415 860 637 914 ιστῶσιν
687 862 765 922 είς
802 859 995 929 δικαίῳ
1020 859 1116 912 τοῦ
1172 861 1514 933 πατριάρχου
1570 863 1671 934 ἤδη
1706 863 1993 929 νοσοῦντος

416 951 866 1020 τοποτηροῦντας,
903 949 1121 1003 σύνοδόν
1148 968 1207 1004 τε
1250 952 1642 1023 συγκροτοῦσιν
1663 955 1991 1026 ἀρχιερέων,

418 1045 685 1114 παρόντος
742 1044 841 1114 μὲν
873 1046 1049 1097 ἐκεῖσε
1110 1044 1326 1097 καὶτοῦ
1392 1045 1627 1115 μεγάλου
1683 1047 1993 1116 λογοοέτου,

418 1137 686 1208 παρόντος
710 1137 765 1190 δέ
797 1136 893 1189 καὶ
920 1136 1191 1207 Γεωργὶου
1230 1137 1325 1190 τοῦ
1376 1138 1624 1210 Κυπρίου
1657 1144 1750 1193 καὶ
1775 1141 1869 1195 τοῦ
1897 1144 1997 1212 ῥή-

418 1244 572 1295 τορος
615 1226 934 1293 Ὁλοόὠλου,
980 1229 1106 1297 άρτι
1160 1229 1225 1281 ἐκ
1268 1228 1370 1299 τῆς
1402 1229 1493 1284 τοῦ
1527 1232 1761 1299 μεγάλου
1798 1234 1992 1304 ’Δγροῦ

423 1320 591 1392 μονῆς
623 1320 1085 1391 ἐπιδεδημηκότος
1115 1323 1182 1391 τῇ
1209 1323 1644 1385 Κωνσταντίνου,
1673 1325 1767 1379 καί
1795 1343 1857 1393 γε
1897 1326 1996 1381 τοῦ

427 1414 662 1486 μοναχοῦ
698 1414 987 1473 Θεοδοσίου,
1002 1415 1454 1482 Σαπωνοπυύλου,
1485 1417 1546 1471 ὃν
1573 1419 1633 1470 ἐν
1652 1436 1991 1489 πρωτονοτα-

426 1506 560 1575 ρίοις
591 1505 805 1576 ἔχοντος
861 1504 954 1558 τοῦ
1000 1502 1324 1579 κρατοῦντος
1368 1510 1396 1561 ὁ
1452 1510 1683 1581 μοναχδς
1724 1511 2000 1578 διεδέξατο

427 1600 562 1666 βίος,
587 1600 683 1652 καὶ
700 1598 877 1653 ἄλλων
893 1599 1158 1652 πλείστων
1180 1600 1634 1670 προκαθημένων.
1667 1605 1776 1658 Καὶ
1799 1604 1870 1659 τά
1888 1605 1998 1660 τῶν

425 1691 750 1761 γραφέντων
775 1690 1022 1746 εὐθύνειν
1043 1692 1362 1762 ἠϐούλοντο,
1395 1694 1496 1748 οὐκ
1521 1696 1769 1769 εἰρηνικῇ
1808 1699 1998 1770 σκέψει

431 1782 654 1847 μᾶλλον,
679 1781 740 1835 τὸ
769 1781 868 1853 μὲν
890 1783 1131 1852 ἀσφαλὲς
1164 1785 1533 1855 ἐγκρίνοντες,
1558 1787 1617 1840 τὸ
1645 1789 1691 1840 δ’
1720 1790 1826 1842 ἀπε
1835 1792 2001 1861 μφαῐ-

426 1889 517 1926 νον
564 1874 914 1937 εὐθύνοντεςο
944 1874 1168 1929 ἀλλ’ὅτι
1197 1877 1264 1930 τά
1323 1877 1598 1932 σκάνδαλα
1652 1872 1840 1951 ᾔρετο,
1894 1883 2000 1936 κᾶν

2102 682 2198 738 καὶ
2231 684 2399 753 μηδὲν
2426 674 2591 755 ὀρθοῖ)
2642 685 2779 750 ὅλως
2823 685 3184 757 παρεκκλῐναι
3239 690 3676 761 διατεινομένους

2098 772 2375 836 λιὸἐλλους
2432 774 2664 845 ἐζήτουν
2717 776 2978 840 πίστεως.
3035 777 3098 832 Εἰ
3135 779 3181 833 δ’
3209 779 3405 851 ἔγρυξέ
3435 797 3519 844 τις
3545 782 3677 852 περὶ

2099 863 2387 932 δογμάτων
2434 866 2675 936 γράψας,
2708 868 2768 921 οὐ
2802 867 2864 921 τὺ
2892 870 3126 940 γραφὲν,
3182 871 3275 924 τὸν
3312 872 3597 943 γράψανσα
3626 873 3673 928 δ’

2100 956 2411 1028 αἰτιώμενοι
2441 959 2753 1024 καταδίκαις
2785 960 2997 1030 ὑπῆγον
3026 962 3305 1032 ἐσχάταις.
3358 965 3467 1019 Καὶ
3502 982 3674 1035 προηο

2101 1043 2382 1118 γουμένως
2398 1050 2560 1116 αὐτὸς
2581 1052 2645 1123 δὴ
2667 1054 2694 1106 ὁ
2719 1052 2826 1108 τῶν
2852 1052 3154 1122 λογοθετῶν
3180 1053 3374 1126 μέγας,
3399 1056 3427 1107 ὁ
3449 1056 3545 1109 καὶ
3566 1054 3675 1123 πῦρ

2102 1142 2280 1195 πνέων
2307 1142 2450 1215 ὑπὲρ
2481 1143 2789 1214 δογμάτων,
2820 1144 2897 1211 ὡς
2952 1145 3137 1217 ἐῴκει,
3179 1149 3405 1218 παρεῖχε
3452 1147 3515 1200 τὸ
3549 1145 3677 1215 σύγ-

2102 1250 2336 1305 γραμμα
2365 1235 2638 1303 καίεσθαι,
2667 1239 2765 1307 οὐχ
2792 1239 2875 1293 ὅτι
2903 1238 3164 1307 ἔσφαλται
3199 1241 3270 1301 οἱ,
3296 1240 3439 1293 καθά
3479 1240 3542 1308 δὴ
3581 1243 3678 1294 καὶ

2088 1325 2265 1399 καύτὸς
2305 1324 2523 1394 ἔνορκος
2556 1328 2649 1381 ἐπὶ
2698 1330 2764 1399 τῇ
2809 1328 3009 1400 συνόδῳ
3064 1328 3406 1398 διωμολόγει,
3451 1328 3682 1384 αὐτόθεν

2103 1415 2533 1487 λογογμφοῦντι
2592 1419 2721 1488 περὶ
2778 1419 3086 1487 δογμάτων,
3139 1420 3258 1474 ἀλλ’
3309 1420 3391 1474 ὅτι
3444 1421 3681 1490 γράφειν

2105 1506 2263 1579 ἐπῄει
2307 1510 2401 1561 καὶ
2443 1512 2757 1563 συντάττειν
2808 1510 3027 1580 Πτὲρων
3077 1512 3218 1581 ῥητὰ
3246 1512 3498 1581 χρήσιμά
3558 1528 3681 1581 πως

2103 1596 2366 1652 δοκοῦντά
2399 1599 2449 1651 ol
2481 1600 2618 1667 πρὸς
2646 1599 2716 1652 τὰ
2737 1599 2859 1652 τότε
2881 1599 3200 1668 τελούμενα,
3232 1600 3405 1653 ταῦτα
3430 1601 3524 1653 καὶ
3547 1600 3680 1652 πολ-

2105 1688 2214 1742 λῶν
2236 1690 2501 1761 πρότερον
2520 1693 2615 1745 καὶ
2646 1692 2898 1758 μεγάλων
2915 1693 3098 1755 αὐτοῖς
3120 1692 3185 1764 δὴ
3209 1709 3420 1764 συγχρη
3430 1693 3683 1761 σαμένων

2106 1778 2191 1847 ἐφ’
2217 1780 2427 1850 ὁμοίαις
2450 1784 2572 1846 ταῖς
2605 1783 2960 1837 ὑποθέσεσινο
2984 1782 3100 1837 ἀλλ’
3133 1784 3281 1854 ὅμως
3304 1783 3533 1854 ἐπείπερ
3575 1785 3680 1835 οὐκ

2107 1870 2166 1922 ἐν
2184 1871 2358 1941 καιρῷ
2391 1874 2611 1944 εἰρήνης
2636 1875 2955 1945 ἐλέχθησαν,
2992 1874 3109 1929 ἀλλ’
3131 1876 3217 1929 ὅτε
3241 1876 3412 1928 δεινόν
3442 1892 3494 1927 τι
3522 1873 3679 1947 κῦμα

431 1965 607 2028 καλῶς
633 1967 681 2018 oi
699 1967 1005 2035 γράφοντες
1032 1962 1182 2038 εῐχον
1211 1968 1311 2037 τῆς
1349 1968 1533 2036 δόξης,
1555 1947 1823 2040 obibam;
1849 1972 2005 2045 ἐκρι-
2032 1947 2080 2008 ν
2110 1962 2206 2014 καὶ
2227 1965 2475 2033 τετριγὸς
2497 1967 2851 2037 κατεστρόὸει
2881 1966 2980 2037 τὴν
3017 1966 3341 2037 Ἐκκλησίαν
3369 1969 3434 2021 ἐκ
3451 1967 3549 2035 τῆς
3569 1965 3687 2017 τῶν

431 2072 523 2107 νον
548 2057 840 2122 ἐξετάζειν,
870 2056 1006 2111 ἀλλὰ
1030 2058 1191 2128 μόνον
1234 2059 1316 2113 ὅτι
1344 2062 1441 2114 καὶ
1465 2060 1722 2129 δόγματα.
1735 2064 2004 2137 ἐλαλήθη-

436 2164 536 2200 σαν
564 2149 658 2201 καὶ
691 2148 904 2218 γραφαὶ
955 2147 1373 2219 άνεπτύχθησαν
1423 2153 1515 2204 καὶ
1546 2152 1694 2221 λόγοι
1748 2155 2004 2225 Πατέρων

433 2239 515 2301 είς
546 2240 714 2310 ἀκοὴν
750 2239 832 2312 [Ρ.
875 2239 961 2312 14]
997 2240 1158 2293 ὠτίου
1214 2241 1501 2311 ἐτέῦησαν,
1538 2244 1801 2316 μεγίστην
1831 2247 2005 2302 ταῦτα

435 2331 786 2400 παραὸασίαν
815 2332 1127 2402 ἡγούμενοι,
1158 2332 1282 2395 τοὺς
1335 2334 1459 2403 μηδ’
1490 2335 1520 2388 ὅ
1545 2352 1598 2387 τι
1659 2334 1757 2387 καὶ
1797 2339 2009 2409 αἵρεσις

435 2511 706 2573 maximae,
742 2510 796 2565 in
844 2526 972 2567 suas
1023 2510 1298 2566 attrahere
1326 2484 1511 2583 partes
1565 2529 1677 2568 non
1738 2514 2007 2571 inutiliter

434 2604 641 2664 conati,
678 2601 818 2655 duos
852 2603 1083 2657 thronos
1115 2611 1445 2667 statuerunt,
1481 2606 1714 2660 alterum
1753 2623 2007 2673 vacuum.

435 2692 744 2762 insignibus
770 2702 1024 2747 ornatum
1060 2696 1386 2765 patriarchae
1415 2696 2007 2769 Constantinopolitani

433 2784 660 2855 Josepbi
721 2794 778 2840 et
827 2786 981 2854 quasi
1023 2800 1150 2840 eum
1202 2795 1710 2856 repraesentantem,
1762 2792 1909 2861 quod
1962 2793 2009 2849 is

435 2877 612 2933 morbi
645 2880 973 2932 necessitate
1004 2878 1337 2934 decumbens
1383 2895 1619 2948 pratesse
1661 2884 1869 2953 synodo
1911 2899 2010 2939 ne-

436 2968 648 3036 quiret;
677 2968 911 3021 alterum
934 2968 1023 3024 cui
1060 2967 1235 3037 palam
1265 2971 1574 3039 praesideret
1608 2973 2009 3054 Alexandrinus

434 3058 788 3124 Athanasius,
805 3073 866 3113 se
880 3067 1062 3113 autem
1082 3060 1251 3130 ipsos,
1267 3069 1327 3115 ut
1339 3061 1562 3131 Josepbi
1576 3063 1761 3135 aegroti
1780 3065 2011 3122 vicarios

437 3159 493 3204 et
513 3152 633 3217 ejus
655 3166 916 3206 sensuum
949 3152 1172 3206 nuntios
1205 3168 1269 3208 ac
1305 3153 1602 3210 voluntatis
1630 3156 2007 3224 ex’secutores,

443 3244 498 3296 in
535 3243 714 3313 capite
744 3243 931 3314 synodi
961 3244 1224 3300 ﬁxerunt.
1261 3245 1544 3316 Frequens
1575 3248 1704 3303 inde
1752 3250 2012 3304 convenit

438 3335 820 3405 episcoporum
848 3348 1045 3402 cmtns,
1088 3347 1359 3408 praesente
1393 3338 1597 3394 ibidem
1640 3355 1838 3412 magno
1866 3341 2015 3413 logo-

443 3427 612 3487 tlieta.
641 3437 910 3496 praesente
935 3427 1160 3499 insuper
1189 3428 1425 3500 Georgio
1458 3430 1658 3501 Cyprio
1685 3441 1743 3487 et
1794 3432 2015 3489 rhetore

445 3520 707 3575 llolnbolo
731 3536 907 3589 nuper
956 3535 1025 3575 ex
1082 3519 1256 3591 Magni
1305 3520 1435 3593 Agri
1490 3523 1823 3578 monasterio
1874 3524 2018 3579 Con-

444 3610 858 3682 stantinopolim
885 3626 1123 3679 reverso,
1153 3612 1430 3667 assidente
1455 3623 1718 3683 praeterea
1748 3616 2017 3672 monacho

445 3704 759 3759 Theodosio
785 3704 1154 3775 Saponopulo,
1189 3705 1278 3776 qui
1304 3722 1369 3760 ex
1406 3706 1599 3761 ordine
1615 3709 2019 3778 protonutario-

446 3812 567 3850 rum
600 3795 946 3867 imperatoris
986 3797 1041 3851 in
1084 3798 1254 3852 vitam
1294 3798 1653 3853 monasticam
1703 3800 2016 3866 transierat,

446 3885 680 3956 aliisque
709 3886 907 3955 pariter
930 3887 1312 3942 assistentibus
1363 3887 1636 3958 plurimis.
1698 3888 1897 3945 Delata:
1950 3891 2018 3946 ad

449 3978 596 4033 hunc
649 3987 978 4033 conventum
1026 3978 1257 4034 .loarmis
1291 3977 1455 4033 Vecci
1511 3990 1568 4035 et
1618 3982 2016 4051 pmcipuorum

448 4084 573 4123 cum
607 4067 700 4122 illo
731 4070 1035 4124 concordiae
1061 4070 1289 4125 duarum
1339 4071 1706 4125 Ecclesiarum
1733 4082 2017 4141 auctorum

453 4161 834 4217 accusationes
854 4171 1019 4228 sunt;
1057 4162 1125 4216 de
1150 4162 1351 4232 quibus
1380 4163 1470 4232 qui
1508 4178 1607 4234 pro
1627 4162 1867 4234 Josepho
1896 4180 2022 4238 age-

452 4254 605 4319 bant,
629 4253 758 4307 ferri
807 4252 1107 4308 sententias
1164 4252 1478 4319 studebant,
1512 4269 1621 4308 non
1656 4269 1779 4324 quae
1827 4255 2022 4326 dogma

451 4346 628 4418 ipsum
684 4345 1067 4416 dijudicarent,
1097 4356 1153 4402 et
1184 4348 1314 4417 quid
1347 4356 1406 4400 ut
1450 4362 1703 4401 securum
1736 4348 1802 4402 ad
1832 4363 2021 4417 pacem

453 4438 712 4495 Ecclesiae
772 4437 1102 4502 tenendum,
1176 4440 1307 4510 quid
1360 4447 1422 4493 ut
1478 4439 1662 4495 minus
1735 4441 2021 4511 probatum

452 4532 805 4602 rejiciendum
830 4541 995 4600 esset,
1015 4533 1383 4588 declararent:
1402 4532 1496 4588 sed
1513 4533 1640 4602 quia
1659 4534 2022 4589 causabantur

2104 2053 2315 2107 πολλῶν
2344 2055 2702 2125 άνεγέρσεως,
2737 2056 2854 2126 ἃμα
2880 2056 2938 2110 δέ
2978 2057 3071 2110 καὶ
3099 2057 3178 2126 τῷ
3202 2058 3381 2111 δοκεῖν
3408 2057 3687 2126 περιεῖναί

2104 2145 2154 2198 οι
2194 2145 2295 2215 τῆς
2351 2146 2654 2211 εὐσεϐείας,
2683 2149 2782 2218 οὐχ
2810 2146 2883 2210 ὡς
2948 2148 3085 2219 ῥητά
3117 2132 3373 2219 Πατέρων
3409 2148 3579 2201 ἐδίδου
3610 2147 3685 2202 τὰ

2107 2238 2466 2305 συνταχθέντα
2487 2241 2643 2309 πυρὶ,
2663 2238 2779 2292 ἀλλ’
2795 2239 2869 2301 ὡς
2896 2238 3025 2292 ἴδιον
3049 2238 3408 2311 σύγγραμμα.
3430 2239 3680 2308 Καοεξῆς

2105 2326 2151 2380 δ’
2175 2329 2267 2382 ἐπὶ
2292 2328 2467 2401 τούτῳ
2524 2330 2703 2384 καὶτὸ
2730 2329 2825 2384 τοῦ
2855 2330 3081 2385 παλαιοῦ
3110 2331 3351 2401 μεγάλου
3390 2331 3683 2400 λογοθίτου

2110 2525 2381 2581 nusquam
2411 2526 2439 2565 a
2476 2515 2624 2567 recta
2658 2512 2782 2568 iidei
2836 2513 3139 2570 declinasse
3188 2514 3376 2585 regula
3425 2524 3480 2570 et
3535 2514 3680 2570 amr-

2109 2611 2322 2657 mantes
2355 2612 2410 2657 et
2440 2615 2662 2673 paratos
2693 2605 3076 2661 demonstrare
3109 2604 3427 2670 offerentes,
3460 2614 3518 2659 ιιι
3537 2615 3685 2659 atro-

2108 2696 2250 2751 cium
2286 2697 2570 2752 cont-ictos
2596 2699 2920 2754 delictorum
2950 2698 3351 2753 damnaverunt
3395 2699 3685 2768 poenisque

2108 2787 2438 2843 addixerunt
2468 2790 2742 2844 maximis.
2777 2788 2836 2843 In
2861 2804 2969 2859 quo
2999 2798 3117 2843 erat
3155 2788 3273 2843 haec
3308 2787 3443 2842 mira
3480 2803 3682 2858 proce-

2109 2879 2276 2934 dendi
2339 2880 2498 2935 ratio.
2567 2878 2805 2935 Libellos
2849 2881 2919 2936 ab
2975 2894 3304 2949 unoquoque
3367 2878 3684 2949 ﬂagitabant

2110 2974 2310 3042 quibus
2333 2983 2672 3043 exponerent
2710 2974 2841 3044 quid
2868 2974 3181 3030 crederent.
3221 2972 3458 3029 Proiatis
3493 2972 3581 3036 iis,
3633 2974 3682 3028 si

2110 3066 2242 3136 quid
2264 3067 2537 3137 quispiam
2564 3067 2632 3123 de
2657 3065 3005 3136 dOgmatibus
3033 3067 3351 3122 mussitasse
3379 3066 3681 3131 videretur,

2113 3159 2501 3220 damnabatur.
2528 3174 2640 3212 non
2670 3160 2958 3228 scriptum,
3019 3170 3079 3214 ut
3108 3159 3347 3224 aiebant,
3397 3159 3493 3215 sed
3548 3157 3687 3214 scri-

2115 3253 2277 3314 ptor;
2311 3246 2463 3315 isque
2516 3245 2725 3301 idcirco
2781 3247 2957 3300 solum
3013 3247 3158 3316 quod
3192 3261 3256 3301 ea
3310 3245 3689 3316 consignasset

2118 3335 2313 3390 litteris
2342 3351 2463 3405 quae
2492 3352 2655 3407 prava
2697 3347 2916 3394 rectaue
2969 3347 3155 3394 essent
3198 3337 3253 3392 in
3307 3337 3488 3393 medio
3520 3337 3689 3392 relin-

2114 3429 2403 3498 quebatur,
2479 3430 2735 3484 extremis
2798 3430 3182 3486 ecclesiastica:
3225 3444 3475 3486 censura:
3538 3429 3688 3484 notis

2114 3518 2338 3575 allectus
2371 3520 2765 3577 declarabatur.
2791 3522 3006 3578 Primus
3036 3521 3102 3577 ad
3132 3530 3458 3577 creterorain
3497 3536 3686 3577 exem-

2115 3610 2264 3681 plum
2296 3611 2383 3666 isti
2434 3627 2497 3667 se
2547 3612 2781 3682 subjecit
2815 3613 3147 3685 ignominiae,
3173 3613 3331 3685 quasi
3385 3612 3687 3668 remedium

2116 3704 2394 3759 canonica:
2423 3704 2785 3760 absolutionis
2821 3706 3158 3776 poenitentiae
3201 3703 3542 3774 professione
3566 3720 3688 3759 am-

2116 3792 2293 3858 biens,
2326 3808 2555 3866 magnus
2578 3795 2854 3866 logotheta
2887 3794 3133 3863 Muzalo;
3163 3793 3259 3865 qui
3310 3795 3576 3849 simulans
3627 3810 3689 3852 se

2118 3885 2186 3938 de
2206 3885 2454 3940 doctrina
2490 3886 2630 3940 nihil
2658 3887 3038 3957 prazjudicare,
3068 3884 3272 3941 frustra
3304 3894 3438 3942 erat.
3466 3886 3689 3941 Emine.

2119 3974 2212 4029 bat
2241 3974 2383 4028 enim
2416 3976 2534 4042 ejus
2568 3976 2800 4045 ﬂagrans
2823 3975 3062 4031 studium
3089 3977 3143 4030 in
3174 3981 3361 4045 partes
3387 3975 3692 4041 processio-

2119 4081 2242 4119 nem
2272 4081 2335 4121 ex
2374 4064 2514 4121 Fllio
2550 4065 2786 4137 Spiritus
2816 4067 3167 4138 negantium;
3211 4065 3370 4134 cujus
3424 4065 3690 4135 dogmatis

2123 4167 2274 4213 tanto
2296 4157 2555 4228 ﬂagrabat
2580 4158 2699 4213 zelo
2736 4166 2797 4213 ut
2820 4157 3092 4229 ﬂammam
3128 4156 3358 4227 spirare
3392 4156 3684 4211 videretur.

2120 4251 2325 4306 Tamen
2355 4251 2447 4306 ille
2469 4250 2713 4325 libellum
2742 4265 2773 4305 ιι
2800 4266 2860 4306 se
2890 4251 3041 4320 prius
3084 4249 3390 4319 imperante
3423 4248 3689 4303 Michaéle

2119 4343 2297 4413 palam
2324 4342 2533 4409 datum,
2562 4357 2672 4412 quo
2702 4357 2762 4397 se
2788 4341 3065 4412 professus
3102 4349 3221 4395 erat
3262 4340 3404 4395 idem
3432 4355 3556 4395 cum
3588 4339 3690 4393 La-

2123 4436 2251 4491 tinis
2274 4436 2521 4499 credere,
2544 4435 2687 4490 ultro
2706 4433 2820 4504 jam
2850 4448 3145 4489 exsecraris
3171 4443 3227 4488 et
3254 4431 3686 4487 comburendum

2122 4528 2380 4593 offerens,
2412 4526 2773 4597 jurejurando
2807 4526 2972 4582 etiam
3022 4525 3352 4596 interposito
3374 4532 3457 4579 est
3502 4537 3687 4577 coram

452 4625 768 4680 scandalum
804 4635 984 4679 ortum
1016 4641 1083 4680 ex
1110 4625 1491 4696 intempestiva
1514 4625 1623 4696 26
1667 4626 2022 4681 ventilatione
2054 4628 2098 4684 υ
2127 4619 2335 4690 synodo
2372 4617 2660 4689 professus
2688 4631 2813 4673 sese
2837 4617 2980 4672 haud
3015 4616 3138 4672 ideo
3163 4615 3396 4671 ﬂammis
3424 4620 3526 4670 hoc
3552 4615 3691 4668 scri-

453 4714 819 4785 quzestionum
849 4730 985 4785 quas
1016 4716 1378 4787 inexploratas
1413 4712 1643 4787 relinqui
1668 4713 2017 4787 praestiterat,

453 4807 858 4862 contendebant
899 4823 1008 4862 non
1058 4823 1178 4864 esse
1235 4809 1617 4879 inquirendum
1678 4819 1894 4865 rectene
1949 4824 2020 4864 an

458 4914 619 4956 secus
644 4901 735 4970 qui
770 4899 838 4955 de
884 4901 1271 4957 controversiis
1330 4917 1504 4971 nuper
1536 4901 1698 4956 motis
1748 4916 1875 4956 suas
1905 4901 2023 4955 edi.

460 4988 655 5043 derant
676 4988 977 5044 sententias
1005 4989 1375 5059 scripsissent,
1426 5006 1617 5044 verum
1647 5005 1742 5043 eos
1774 4990 1875 5045 hoc
1905 4989 2023 5059 ipso

458 5080 603 5149 quod
650 5080 902 5151 dogmata
942 5082 1257 5144 movissent.
1319 5083 1462 5150 quod
1505 5084 1557 5136 in
1593 5083 2021 5151 disputationem

459 5171 613 5239 prius
637 5169 690 5224 in
720 5186 819 5226 usu
865 5170 1046 5226 habita
1081 5182 1407 5238 vocassent;
1443 5171 1589 5242 quod
1611 5171 1910 5240 scripturas
1944 5185 2026 5224 rc-

458 5265 778 5336 plicassent,
814 5268 960 5336 quod
988 5281 1087 5335 per
1109 5265 1230 5320 illos
1260 5264 1420 5351 fando
1448 5265 1649 5319 auditae
1679 5264 1804 5317 dum
1831 5261 2026 5317 recita-

461 5370 649 5413 rentur
676 5357 897 5413 Patrum
950 5358 1304 5413 auctoritates
1351 5363 1560 5422 essent,
1600 5365 1856 5425 tanquam
1906 5369 2024 5424 per-

462 5450 772 5504 turbatores
804 5448 1008 5520 quietis
1052 5449 1281 5518 publica!
1309 5463 1373 5502 ac
1404 5447 1714 5518 gravissimi
1768 5462 1892 5504 reos
1922 5446 2027 5501 cri-

462 5543 628 5598 minis
681 5543 1038 5598 condemnari
1076 5541 1429 5612 satagebant;
1493 5549 1548 5595 et
1598 5540 2028 5610 obsequentibus

461 5651 599 5704 quos
628 5642 1087 5699 convocaverant,
1110 5649 1302 5690 revera
1324 5632 1767 5688 condemnandos
1802 5646 2030 5686 curave-

461 5735 613 5790 runt,
647 5742 712 5781 ac
741 5727 1062 5796 gravissima
1106 5739 1335 5794 quaeque
1386 5723 1879 5779 animadversionis
1934 5738 2029 5778 eco

2122 4723 2276 4783 ptum
2310 4712 2538 4778 donare,
2566 4710 2710 4780 quod
2748 4710 2855 4765 sibi
2883 4717 3031 4765 esset
3051 4708 3308 4764 conscius
3355 4722 3580 4777 pravum
3635 4707 3690 4760 in

2120 4819 2188 4857 eo
2225 4810 2319 4858 aut
2340 4818 2369 4857 a
2400 4818 2532 4858 sana
2561 4801 2807 4858 doctrina
2834 4815 3095 4872 exerrans
3119 4798 3395 4870 quidpiam
3430 4799 3690 4868 positum,

2121 4895 2216 4951 sed
2238 4895 2492 4966 quoniam
2513 4901 2832 4964 agnosceret
2850 4907 2919 4948 eo
2935 4892 3053 4961 ipso
3080 4907 3139 4947 se
3161 4892 3396 4962 graviter
3415 4905 3692 4965 peccasse,

2122 4987 2269 5056 quod
2320 4985 2547 5041 omnino
2581 4984 2823 5040 scribere
2879 4983 2948 5040 de
3003 4983 3256 5054 dogmate
3305 4997 3474 5037 ausus
3522 4993 3691 5046 esset,

2122 5079 2268 5148 qnnd
2302 5080 2368 5133 de
2403 5079 2601 5134 talibus
2627 5078 2919 5144 disserere,
2949 5072 3092 5147 quod
3135 5076 3354 5131 Patrum
3381 5074 3693 5130 testimonia

2122 5170 2190 5225 de
2227 5170 2313 5226 his
2349 5171 2642 5240 inquirere,
2685 5184 3000 5237 congerere,
3028 5168 3432 5223 accommodata
3455 5175 3510 5222 et
3543 5167 3693 5222 utilia

2127 5269 2255 5315 tunc
2285 5260 2398 5312 visa
2423 5260 2491 5313 ad
2520 5274 2740 5314 causam
2764 5273 2887 5329 quae
2917 5265 3189 5327 ageretur,
3224 5255 3351 5309 licet
3399 5270 3509 5308 non
3542 5254 3695 5325 igno-

2125 5361 2266 5405 raret
2298 5350 2404 5420 27
2434 5349 2576 5403 idem
2604 5348 2736 5403 Olim
2769 5365 2801 5402 a
2829 5349 3016 5403 multis
3046 5355 3103 5402 et
3127 5347 3340 5417 magnis
3375 5347 3506 5401 viris
3528 5344 3692 5400 simili

2125 5444 2415 5498 occasione
2465 5441 2792 5496 factitatum.
2852 5441 3051 5495 Verum
3104 5438 3232 5509 quia
3269 5438 3360 5492 illa
3389 5446 3520 5491 tunc
3566 5452 3594 5489 a
3635 5453 3696 5491 se

2127 5548 2237 5588 non
2270 5534 2520 5601 tempore
2550 5531 2700 5600 pacis
2748 5529 2977 5601 allegata
3006 5528 3257 5590 fuissent,
3297 5533 3354 5580 at
3388 5526 3697 5594 importune

2128 5633 2347 5695 oggesla
2383 5632 2495 5677 tum
2533 5638 2654 5678 cum
2682 5631 2836 5675 atrox
2860 5631 2917 5674 et
2948 5618 3425 5677 vehementissima
3458 5616 3695 5687 procella

2127 5713 2284 5770 salvis
2322 5715 2450 5768 hinc
2484 5712 2611 5766 inde
2664 5711 2922 5767 ﬂuctibus
2983 5708 3278 5765 multorum
3333 5707 3697 5775 undecunque

459 5818 780 5879 clcsiasticac
804 5818 1056 5888 exempla
1089 5820 1146 5871 in
1176 5830 1271 5871 eos
1322 5813 1634 5881 ediderunt,
1670 5829 1809 5885 quos
1861 5826 1923 5869 se
1960 5828 2033 5868 ne
2132 5806 2529 5878 insurgentium
2560 5804 2857 5859 Ecclesiam
2881 5811 3068 5872 ageret
3093 5801 3389 5871 ferretque,
3411 5813 3540 5868 ergo
3571 5800 3698 5866 qu'a

460 5908 687 5964 minima
712 5908 929 5979 quidem
962 5921 1215 5983 aspersos
1260 5904 1925 5970 conscientirlizereseos,
1977 5910 2032 5956 ct

2130 5899 2189 5953 in
2251 5914 2317 5952 eo
2369 5912 2426 5952 sc
2488 5895 2750 5968 religione
2802 5906 3205 5964 supervacanea
3271 5891 3699 5958 intemperanter
