4022 6546
347 350 417 411 3ο
1326 355 1421 416 DE
1470 354 1915 416 ANDRONICO
1953 353 2409 415 PALxEOLOGO
2451 356 2600 420 LIB.
2648 356 2694 419 ι.
3531 317 3639 418 δι’

339 469 924 540 σύγγραμμα,ὀμοὲως
950 470 1166 524 κακεῖνο
1189 469 1329 538 ἕχον,
1357 474 1448 525 καὶ
1475 471 1654 532 ἄλλοις
1681 465 1757 532 οἷς
1787 470 1920 540 γρά-
1954 476 1992 531 Α
2023 468 2130 520 τῶν
2154 471 2378 538 γραφῶν
2419 473 2480 522 οὑ
2535 469 2730 533 καλαῖς
2777 468 2894 530 ταῖς
2945 467 3147 531 αξτίαις
3179 467 3466 540 ξυνείχετο,
3496 473 3603 526 κᾶν

336 578 463 629 φειν
488 561 645 632 ἐπῄει
670 565 765 614 καὶ
792 563 955 632 μόνον
984 561 1288 631 μεμνῆσθαι
1310 562 1595 632 δογμάτων
1630 562 1924 628 ἐπάγοντες

337 655 553 723 μῶμον,
594 656 730 725 πυρὶ
755 655 1078 726 παρεδίδουν
1107 656 1234 717 τοὺς
1256 653 1475 724 τόμους.
1500 653 1783 706 Ἐντεῦθεν
1800 652 1922 705 οὐδὲ

334 747 429 797 τὸν
465 745 984 815 πατριαρχεύσαντα
1034 744 1285 812 Ἰωάννην
1316 743 1507 798 αίτιῶν
1536 743 1750 813 ήιρίουν,
1785 741 1923 795 ἀλλὰ

332 837 430 889 καὶ
465 837 668 905 μᾶλλον
694 839 903 889 ἐκεῖνον
927 837 1122 900 αἰτίαις
1155 837 1366 904 ὑπῆγον
1386 836 1674 906 αἱρέσεως,
1713 835 1793 888 ὅτι
1829 835 1922 886 καὶ

333 927 430 977 ἐπὶ
463 929 579 988 τοῖς
610 927 872 996 Πατέρων
895 929 1014 990 ταῖς
1043 927 1318 996 ἀληθείαις
1352 929 1537 996 ῥητοῖς
1558 925 1918 997 λιχνευσὰμεο

331 1035 424 1078 νος
453 1017 749 1079 ἀντιλαϐὰς
771 1018 969 1071 διδόναι
995 1021 1106 1081 τοῖς
1135 1019 1480 1087 αίτιωμένοις
1506 1018 1582 1079 ὡς
1604 1017 1750 1079 εἰκὸς
1776 1018 1918 1069 ὲκιν-

327 1107 548 1172 δύνευε,
582 1109 678 1161 καὶ
719 1109 871 1178 παρὰ
900 1110 960 1162 τὸ
988 1109 1134 1171 εἰκὸς
1164 1111 1283 1172 ταῖς
1314 1109 1544 1172 ἐννοίαις
1595 1109 1704 1161 τῶν
1738 1109 1920 1180 ῥητῶν

329 1199 662 1262 ὲμὸαθύνων
690 1201 783 1252 ἐπὶ
811 1203 922 1264 τοῖς
944 1200 1085 1270 ὑπὲρ
1111 1201 1236 1253 νοῦν
1259 1200 1628 1271 ἀνθρωπίναις
1654 1200 1916 1264 διανοίαις

330 1288 702 1361 παρατολμᾷν
725 1307 740 1323 ο
766 1291 836 1345 τὰ
868 1289 975 1361 γὰρ
1003 1292 1135 1362 περὶ
1174 1291 1309 1344 Θεοῦ
1337 1294 1515 1361 σιωπῇ
1549 1291 1750 1360 μᾶλλον
1773 1291 1918 1360 ἔχειν

327 1396 394 1432 τε
423 1381 524 1434 καὶ
559 1382 728 1453 τιμᾷν
758 1383 792 1454 ἢ
823 1383 1004 1452 λόγοις
1046 1385 1302 1454 συνιστᾷν
1328 1384 1423 1438 καὶ
1448 1383 1714 1438 δεικνύειν
1743 1385 1915 1453 πέφυ-

329 1488 454 1526 κεν.

441 1584 508 1638 θ’.
542 1585 684 1655 Περὶ
716 1586 824 1641 τοῦ
870 1585 1095 1642 Βέκκου
1133 1588 1233 1640 καί
1274 1587 1386 1658 τῆς
1413 1590 1606 1654 αἰτίας
1652 1585 1811 1655 ὅπως

989 1659 1272 1728 ἔγραφεν.

419 1747 657 1810 Ἐκεῖνος
688 1747 868 1801 τοίνυν
899 1749 960 1801 τὸ
983 1751 1046 1801 ὲκ
1075 1748 1163 1821 [Ρ.
1209 1746 1301 1820 15]
1337 1749 1548 1820 [ἰατρὸς
1596 1748 1663 1801 δι’
1695 1748 1826 1802 Υίοῦ
1855 1748 1916 1802 τὸ

2030 561 2188 630 μόνος
2221 563 2447 625 ἐκεῖνος,
2490 561 2726 631 μηδενὸς
2753 559 2911 613 ἄλλου
2959 563 3332 630 συμπράττειν
3361 559 3602 630 τολμῶν-

2023 665 2136 713 τος,
2169 649 2448 718 θεολογίας
2473 641 2970 719 ἄπειρον’πὲλαγος
3002 649 3186 720 μικρῷ
3221 667 3328 702 τινι
3365 652 3597 722 ἀκατίῳ,

2023 739 2346 810 ἀνθρωπίνῳ
2384 738 2483 803 νοῒ,
2520 742 2898 810 παραμετρεῖν
2932 740 3134 809 ἐτόλμα
3170 741 3488 809 πειρᾶσθαι,
3519 743 3600 812 τῷ

2022 827 2163 897 ὑπὲρ
2192 829 2292 896 τῆς
2325 830 2547 899 είρήνης
2601 827 2748 900 ζήλῳ
2802 829 2989 898 ῶσπερ
3048 829 3157 882 τινὶ
3190 829 3467 898 φὼσσωνι,
3523 833 3600 895 ὡς

2022 920 2227 983 ἐκεῖνος
2249 920 2403 990 ᾤετο,
2427 919 2840 989 κουφιζόμενος,
2868 920 3140 977 πιστεύων
3161 924 3272 983 τοῖς
3304 922 3597 991 ὀψιγόνοις,

2019 1010 2094 1073 ὼς
2128 1011 2303 1080 ἔλεγε,
2340 1011 2444 1065 κᾶν
2470 1013 2520 1065 οἱ
2545 1013 2810 1083 παρόντες
2837 1014 2936 1066 οὐκ
2977 1013 3303 1082 ἀπεδέχοντο
3326 1015 3386 1066 τὸ
3416 1016 3600 1084 ἐγχεί-

2022 1119 2190 1173 ρημα.
2239 1106 2474 1165 Ἐκεῖνος
2491 1105 2674 1158 τοίνυν
2697 1106 2792 1168 τὰς
2823 1105 2930 1157 τῶν
2958 1105 3131 1173 ἁγίων
3164 1106 3382 1177 γραφὰς
3412 1110 3601 1174 ἐπιμε-

2020 1189 2267 1258 λέστερον
2314 1192 2693 1262 διερχόμενος,
2728 1195 2787 1246 τὸ
2848 1193 2948 1264 μὲν
2993 1196 3055 1247 ὲκ
3089 1195 3302 1265 Πατρὸς
3349 1197 3417 1248 δι’
3465 1196 3598 1248 Υἱοῦ

2019 1282 2366 1350 προχεῖσθαι,
2423 1283 2746 1353 ἐκλάμπειν,
2799 1273 3175 1355 χορηγεῖσθαι,
3239 1288 3487 1356 προϊέναι
3537 1288 3599 1340 τὸ

2019 1372 2243 1441 Πνεῦμα
2293 1376 2356 1427 τὸ
2414 1377 2567 1444 ἅγιον
2617 1377 2825 1430 πολλῶν
2876 1381 2970 1432 καὶ
3025 1380 3282 1444 πολλάκις
3331 1381 3598 1450 λεγόντων

2018 1463 2310 1529 ἐμάνθανε,
2337 1467 2397 1519 τὸ
2423 1468 2477 1519 δὲ
2509 1467 2604 1520 καὶ
2632 1470 3292 1541 ὲκπορεύεσθαιπρώτως
3323 1473 3422 1541 μὲν
3443 1474 3597 1542 παρὰ

2017 1554 2094 1624 τῷ
2138 1557 2359 1628 μεγάλῳ
2382 1559 2621 1629 Μαξίμῳ
2649 1561 2813 1630 ῥηθὲν
2843 1561 3090 1632 εὕρισκε,
3117 1564 3381 1633 δευτέρως
3413 1565 3470 1619 δὲ
3501 1567 3597 1620 καὶ

2018 1644 2169 1714 παρὰ
2189 1646 2265 1714 τῷ
2296 1647 2736 1718 θεολογικωτάτῳ
2759 1651 3126 1722 Δαμασκηνῷ,
3162 1653 3248 1721 ἐφ’
3274 1650 3354 1717 οἷς
3386 1657 3478 1706 καὶ
3502 1655 3596 1707 τὸν

2020 1736 2192 1804 μέγαν
2228 1737 2506 1806 Ταρασιον
2544 1741 2640 1794 σὺν
2676 1741 2876 1813 ἑϐδόμῃ
2910 1743 3059 1814 πάσῃ
3085 1745 3306 1815 συνόδῳ,
3348 1746 3441 1798 ἐπὶ
3462 1747 3596 1814 όμο-

330 1835 563 1905 Πνεῦμα
595 1837 748 1907 παρὰ
773 1837 880 1890 τῶν
910 1811 1166 1907 Πατὲρων
1204 1811 1496 1907 λείόμενον
1519 1839 1914 1912 ἐκπορεύεσθαι
1945 1811 1990 1871 Β
2017 1828 2172 1901 λογίξι
2198 1832 2297 1901 τῆς
2337 1833 2571 1896 πίστεως
2600 1837 2736 1905 πρὸς
2765 1811 2889 1899 τοῧξ
2929 1811 3552 1909 ἀνα-ξολικοὺξιπατριᾶρ
3572 1867 3585 1879 ⁸

326 1929 424 1980 ἐπὶ
447 1932 510 1996 τῇ
537 1928 789 2000 θεολογίᾳ
818 1929 912 1982 τοῦ
939 1929 1273 2000 Πνεύματος,
1306 1931 1380 2001 μή
1409 1931 1564 1984 τοῦτο
1587 1933 1748 2000 μόνον
1777 1932 1916 2000 λαμ-

327 2019 513 2070 6ανων
543 2018 626 2070 ὅτι
677 2018 976 2090 πρόσθεσις
1006 2023 1102 2072 καὶ
1133 2022 1286 2089 παρὰ
1310 2024 1423 2083 τοῖς
1465 2023 1755 2093 ἡμετέροις
1807 2023 1915 2075 Πα-

329 2110 496 2178 τράσι
536 2110 866 2180 τετόλμηται
899 2110 990 2166 ἐπ’
1026 2113 1164 2182 αὐτῇ
1205 2111 1270 2183 δὴ
1313 2113 1485 2184 ταύτῃ
1511 2116 1578 2184 τῇ
1613 2115 1916 2185 ἀνεννοήτῳ

331 2206 338 2226 ³
361 2218 398 2252 κ
436 2200 646 2272 Πατρδς
673 2202 997 2274 ἑκπορεύσει
1023 2203 1120 2258 τοῦ
1155 2204 1492 2276 Πνεῦματος,
1543 2207 1627 2275 ἐφ’
1649 2199 1694 2275 ᾧ
1721 2223 1785 2275 γε
1813 2207 1913 2278 τὴν

329 2291 659 2362 προσθήκην
686 2293 797 2348 τῶν
835 2295 1055 2348 Ἰταλῶν
1085 2296 1270 2349 ίᾶσθαι
1313 2296 1546 2366 μετρίως
1572 2296 1722 2360 ἴσως,
1755 2298 1914 2367 εἴπερ

327 2384 608 2451 ἐϐούλετο,
627 2386 762 2439 ἀλλὰ
786 2388 880 2440 καὶ
899 2387 1078 2453 διδοὺς
1104 2389 1387 2454 ὲξετάσεσι
1416 2388 1512 2442 καὶ
1543 2391 1610 2442 τὰ
1633 2388 1772 2457 ὑπὲρ
1788 2389 1913 2442 νοῦν

328 2476 573 2541 ἐρευνῶν
617 2478 978 2549 ἀνθρωπίνοις
1011 2481 1277 2551 νοήμασιν
1329 2481 1518 2535 ἔλαθεν
1553 2483 1652 2535 οὐκ
1705 2484 1913 2545 οίσταῖς

327 2568 538 2630 αἰτίαις
583 2571 891 2640 περιϐαλὼν
926 2573 1141 2626 ἑαυτόν.
1201 2573 1275 2626 Οὐ
1310 2575 1492 2642 χεῖρον
1533 2573 1578 2625 δ’
1609 2576 1784 2626 εἰπεῖν
1817 2574 1913 2627 καὶ⁷

329 2659 674 2731 διασαφῆσαι
724 2664 786 2715 τό
817 2680 879 2732 γε
909 2662 1275 2734 ξυμϐεϐηκὸς,
1313 2665 1409 2717 καὶ
1441 2665 1552 2719 τίσι
1585 2668 1913 2736 περιπαρεὶς

329 2840 536 2894 elatum
569 2855 694 2894 sero
716 2840 932 2896 tandem
964 2842 1240 2912 paenitens
1275 2841 1620 2914 intelligeret,
1678 2845 1809 2899 velle
1853 2845 1909 2900 in

330 2933 762 2987 detestationem
797 2934 918 3004 ejus
946 2936 1150 2989 erroris
1177 2935 1304 3007 igne
1334 2936 1580 2990 consumi
1616 2936 1721 2990 hoc
1753 2952 1908 2990 suum

330 3024 626 3092 scriptum,
703 3041 809 3079 non
881 3038 1158 3094 quatenus
1220 3027 1534 3082 testimonia
1594 3027 1911 3083 continebat

2017 1938 2140 1990 χας.
2191 1923 2460 1995 ἀριδήλως
2514 1929 2756 1980 κατενόει
2813 1928 3214 1996 θεολογοῦντας.
3248 1930 3434 1999 Εὐρὼν
3465 1931 3594 1997 γοῦν

2015 2013 2106 2064 τὸν
2135 2013 2226 2066 τοῦ
2255 2017 2581 2086 Μαρωνείας
2607 2018 2856 2087 Νικήταν
2885 2027 2974 2072 καὶ
3001 2021 3410 2090 χαρτοφύλακα,
3433 2021 3593 2074 ὔστε-

2018 2119 2109 2173 ρον
2134 2107 2190 2158 δε
2218 2107 2311 2158 καὶ
2337 2107 2736 2178 Θεσσαλονίκης
2760 2110 3044 2180 πρόεδρον,
3073 2114 3168 2165 καὶ
3190 2113 3282 2164 ἐπὶ
3302 2114 3473 2182 τούτῳ
3496 2117 3593 2168 καὶ

2017 2198 2106 2250 τὸν
2148 2199 2460 2272 Βλεμμίδην
2493 2201 2806 2270 Νικηφόρον
2834 2205 3072 2272 γραφαῖς
3105 2206 3594 2274 συγχρησαμὲνους

2015 2289 2093 2350 είς
2119 2289 2216 2358 τὴν
2255 2289 2396 2359 ὑπὲρ
2429 2290 2538 2343 τῶν
2584 2290 2802 2343 Ἰταλῶν
2833 2293 2908 2354 ὼς
2935 2293 3094 2362 δῆθεν
3131 2297 3422 2362 ἀπολογίαν
3447 2339 3460 2358 ,
3498 2301 3594 2350 καὶ

2015 2379 2219 2431 Φώτιον
2248 2380 2411 2433 αὑτὸν
2439 2379 2663 2446 λέγοντα
2694 2381 2769 2443 ὡς
2801 2383 2893 2433 καὶ
2934 2384 3257 2454 Ἀμόρόσιός
3285 2403 3340 2436 τε
3371 2388 3465 2438 καὶ
3491 2388 3594 2438 Λύ-

2017 2473 2295 2538 γουστῖνος
2329 2473 2421 2523 καὶ
2444 2473 2625 2541 τρίτος
2667 2469 2985 2543 Ἱερώνυμος
3006 2475 3151 2528 οὕτω
3182 2477 3320 2546 μετὰ
3346 2476 3584 2547 προσθή-

2016 2581 2122 2634 κης
2170 2563 2479 2633 ὲθεολόγουν
2513 2566 2642 2636 περὶ
2675 2567 2769 2620 τοῦ
2831 2567 3163 2637 Πνεύματος,
3197 2567 3313 2621 ἀλλ’
3341 2568 3415 2631 ὡς
3455 2569 3586 2621 Ῥως

2017 2660 2166 2728 μαίοι
2217 2658 2436 2722 παντως
2481 2659 2572 2711 καὶ
2626 2659 2725 2729 οὐχ
2773 2660 2847 2722 ὡς
2875 2659 3101 2728 Γραικοὶ
3139 2659 3377 2729 ἔγραφόν
3401 2677 3458 2712 τε
3491 2661 3590 2713 καὶ

2015 2839 2132 2908 ejus
2167 2837 2308 2892 laeto
2355 2837 2708 2906 consiliisque
2754 2852 2819 2892 ac
2849 2853 3112 2907 processu
3139 2837 3390 2907 ancipitis
3422 2837 3589 2907 coepti

2014 2931 2232 2984 tradere
2289 2929 2378 2984 hic
2456 2930 2659 2998 aliquid
2712 2930 3024 2985 distinctius
3098 2946 3278 3000 opera:
3345 2931 3582 2999 pretium

2015 3022 2289 3088 existimo,
2329 3030 2387 3075 ut
2417 3023 2748 3092 intelligitur
2787 3022 2986 3091 quibus
3023 3022 3319 3076 transfixus
3363 3037 3587 3076 accusa-

330 3117 580 3176 Patrum,
635 3118 730 3171 sed
782 3127 1053 3187 quatenus
1087 3119 1172 3173 sui
1226 3120 1398 3190 ipsius
1448 3119 1608 3179 fetus,
1635 3131 1779 3176 esset
1825 3122 1911 3175 in—
1938 3147 1980 3204 ο
2021 3114 2282 3178 tionibus,
2320 3129 2428 3168 non
2453 3114 2619 3182 justis
2655 3129 2785 3168 sane
2811 3117 3008 3175 causis,
3046 3129 3172 3168 reus
3215 3117 3285 3168 sit
3312 3127 3586 3184 peractus,

333 3207 507 3276 genii.
537 3206 957 3278 Consequenter
987 3211 1251 3279 scriptum
1285 3226 1450 3279 super
1509 3213 1702 3266 eodem
1748 3229 1911 3282 argu-

333 3308 523 3352 mento
555 3300 753 3355 veteris
786 3301 968 3371 magni
993 3300 1281 3370 logothcta:
1311 3303 1659 3371 productum,
1697 3303 1912 3374 aliaque

333 3390 593 3455 aliorum,
643 3401 697 3445 et
747 3391 945 3459 quibus
1015 3393 1410 3463 qualiscunque
1473 3394 1681 3448 mentio
1730 3395 1913 3450 inesse

332 3482 654 3552 dogmatum
692 3482 1032 3552 deprehensa
1066 3494 1172 3548 est,
1211 3486 1465 3540 universa
1499 3495 1557 3541 ut
1591 3502 1655 3542 eo
1687 3489 1911 3543 nomine

331 3572 556 3626 abunde
588 3587 679 3626 rea
711 3572 820 3642 igni
845 3583 976 3629 sunt
1012 3575 1228 3630 tradita.
1255 3576 1350 3632 llis
1375 3579 1528 3648 quasi
1577 3579 1912 3648 praestructis

330 3667 404 3719 ad
443 3666 608 3721 Vccci
639 3682 858 3720 causam
885 3668 1233 3738 praeiudiciis,
1270 3669 1451 3739 ipsum
1504 3680 1633 3726 sunt
1678 3671 1912 3740 denique

330 3758 574 3826 aggressi
602 3757 788 3812 animo
815 3758 1120 3824 infensiori,
1151 3762 1355 3832 quippe
1391 3778 1550 3832 quem
1585 3777 1692 3816 non
1719 3763 1914 3816 intem-

335 3850 565 3916 pestivae
596 3849 758 3903 modo
785 3850 1044 3904 motionis
1106 3853 1444 3921 dogmatum,
1482 3854 1577 3910 sed
1636 3855 1911 3910 haereseos

336 3955 493 3993 reum
532 3956 795 4010 peragere
819 3942 1126 3997 studerent.
1158 3944 1224 3996 Et
1248 3953 1365 3998 erat
1395 3945 1486 3999 ille
1516 3944 1734 4014 quidem
1765 3945 1909 4000 haud

332 4029 504 4084 dubie
533 4030 656 4099 ejus
689 4031 888 4097 allinis,
922 4033 990 4088 de
1017 4049 1123 4103 qua
1152 4036 1314 4090 modo
1338 4045 1418 4089 est
1443 4035 1671 4100 dictum,
1715 4037 1914 4091 intem-

335 4117 626 4186 perantiae,
674 4119 840 4174 nimia
873 4121 1191 4178 curiositate
1237 4125 1656 4179 scrutandarum
1680 4141 1913 4182 arcana-

338 4226 461 4262 rum
510 4211 801 4265 veritatum
863 4229 998 4282 quas
1048 4216 1267 4285 scriptis
1331 4216 1614 4271 abstrusas
1665 4217 1910 4282 Patrum,

337 4301 450 4354 illic
479 4310 736 4372 tanquam
763 4303 817 4356 in
845 4318 1001 4358 sacro
1049 4306 1284 4373 quodam
1327 4317 1538 4374 operto,
1566 4316 1623 4361 ut
1677 4309 1914 4362 humano

335 4399 654 4463 superiores
692 4403 878 4464 captu,
920 4395 1082 4450 tacite
1124 4397 1468 4466 obnoxieque
1506 4400 1754 4452 venerari
1791 4399 1914 4452 fue-

2014 3207 2107 3276 qtti
2144 3214 2374 3260 eatenus
2427 3215 2636 3260 tantum
2692 3207 2867 3275 culpae
2929 3205 3105 3260 allinis
3157 3207 3326 3260 videri
3387 3209 3586 3276 potuit,

2015 3299 2158 3368 quod
2189 3299 2370 3361 solus,
2403 3299 2621 3352 nemine
2642 3299 2748 3353 alio
2775 3298 2875 3368 ipsi
2902 3299 3183 3366 cooperari
3209 3300 3274 3351 ad
3301 3299 3403 3352 hoc
3432 3316 3586 3359 auso.

2014 3389 2298 3459 theologia:
2333 3391 2659 3444 immensum
2691 3389 2913 3459 pelagus
2943 3389 3131 3458 exigua
3155 3388 3341 3460 cymba
3362 3390 3587 3443 humani

2014 3481 2218 3552 ingenii
2276 3481 2625 3535 transfretare
2653 3481 2836 3534 conari
2871 3495 2977 3534 non
3013 3481 3360 3546 dubitaverit,
3410 3483 3590 3535 studio

2015 3570 2162 3640 pacis
2193 3571 2340 3624 velut
2385 3571 2620 3638 quodam
2679 3570 2857 3624 velum
2898 3570 3221 3638 impulsnro,
3283 3582 3337 3624 ut
3367 3572 3585 3639 quidem

2015 3661 2262 3730 putabat,
2295 3676 2322 3714 a
2355 3662 2518 3730 puppi
2551 3671 2716 3715 vento
2779 3662 3168 3740 provehendus
3220 3663 3273 3732 in
3339 3673 3582 3730 Optatum

2015 3763 2256 3824 portum,
2287 3753 2704 3822 conﬁdensque,
2741 3755 2885 3824 quod
2922 3747 3103 3809 dicere
3137 3755 3369 3818 solebat,
3401 3767 3587 3826 poste-

2017 3848 2092 3899 ris
2116 3854 2267 3900 certe
2323 3845 2658 3900 laudandum
2699 3861 2860 3900 suum
2891 3846 3209 3910 consilium,
3246 3845 3292 3900 si
3322 3847 3502 3901 minus
3535 3847 3584 3901 id

2015 3952 2259 4008 prresens
2289 3948 2418 3992 tetas
2467 3939 2698 4008 probare
2729 3937 3010 3991 voluisset.
3045 3936 3184 4008 Ergo
3224 3937 3316 3991 ille
3365 3949 3559 3992 sancto

2016 4042 2134 4081 rum
2164 4026 2363 4096 scripta
2392 4027 2654 4080 attentius
2684 4026 2970 4096 perlegens
2995 4024 3050 4078 in
3080 4025 3275 4079 horum
3311 4025 3588 4095 plerisque

2015 4134 2158 4188 Saepe
2189 4118 2292 4172 dici
2365 4118 2676 4173 observavit
2725 4127 2972 4172 sanctum
3014 4115 3278 4186 Spiritum
3304 4131 3371 4170 ex
3431 4116 3588 4172 Patre

2017 4226 2114 4281 per
2153 4210 2349 4264 Filium
2390 4209 2666 4280 prolundi,
2705 4209 3144 4279 cxplendescere,
3177 4209 3425 4278 praeberi,
3460 4226 3589 4280 pro-

2015 4303 2151 4357 dire.
2188 4302 2490 4357 Procedere
2539 4303 2670 4371 quin
2705 4312 2869 4355 etiam
2923 4301 3158 4371 primum
3211 4301 3464 4356 alIirmari
3506 4320 3590 4356 re-

2019 4395 2222 4463 perita
2261 4404 2450 4450 sancto
2478 4393 2737 4456 Maximo,
2793 4393 2990 4447 deinde
3044 4410 3071 4446 a
3112 4409 3326 4447 summo
3371 4409 3590 4462 quoque

340 4496 422 4538 rat
468 4487 642 4540 satius
669 4503 683 4540 :
721 4496 980 4542 caeterum
1009 4487 1238 4541 ulterius
1263 4488 1576 4542 nitebantur
1607 4489 1727 4557 ejus
1754 4505 1911 4543 accu-
1946 4483 1990 4537 D
2022 4486 2272 4557 theologo
2313 4486 2677 4549 Damasceno;
2710 4485 2906 4553 quibus
2941 4473 3304 4539 consentauee
3334 4502 3585 4553 magnum

338 4587 573 4642 satores,
606 4577 694 4647 qui
726 4593 848 4632 eum
882 4580 983 4633 ista
1031 4573 1448 4651 investigatione
1475 4581 1680 4650 impetu
1721 4583 1909 4637 conci-

339 4679 518 4722 tatum
554 4670 726 4724 nimio
750 4672 1118 4742 praecipitasse
1172 4671 1226 4725 in
1261 4672 1495 4727 hatresin
1533 4673 1910 4730 demonstrare

335 4759 708 4814 conabantur.

577 4892 632 4947 9.
670 4891 743 4946 De
782 4891 944 4947 Vecco
970 4904 1021 4948 et
1059 4911 1220 4948 causa
1249 4911 1345 4948 cur
1381 4879 1670 4966 seripserit.

414 5025 684 5081 Nimirum
741 5027 870 5082 illud
911 5030 1052 5098 quod
1095 5027 1305 5089 Patres.
1333 5030 1467 5084 dum
1513 5030 1684 5084 sancti
1737 5028 1911 5100 Spiri-

343 5129 435 5172 tus
503 5120 847 5189 theoIOgiam
889 5121 1186 5190 explicant,
1261 5121 1558 5177 aﬂirmasse
1606 5124 1910 5188 constabat,

341 5224 471 5261 eum
501 5225 565 5264 ex
602 5209 762 5264 Patre
800 5226 899 5280 per
942 5211 1137 5265 Filium
1189 5213 1508 5282 procedere,
1555 5222 1912 5283 prmterquam

340 5313 412 5353 eo
444 5299 727 5364 trahebat,
779 5301 1042 5356 hactenus
1093 5302 1466 5365 tolerabiliter,
1499 5312 1556 5356 ut
1590 5301 1910 5358 Latinorum

341 5390 642 5448 additionis
675 5395 923 5463 exemplo
961 5410 1218 5449 ausorum
1261 5395 1407 5464 paria
1457 5395 1772 5450 Graecorum
1815 5395 1915 5449 l‘a-

343 5498 498 5541 trum
547 5486 800 5540 invidiam
860 5487 1150 5554 minueret,
1193 5489 1356 5542 etiam
1411 5489 1687 5559 prurigine
1749 5489 1914 5544 studii

342 5589 642 5651 provectus
703 5579 812 5650 28
867 5580 920 5634 in
977 5579 1198 5634 altiores
1228 5595 1426 5654 easque
1460 5581 1712 5636 humanis
1741 5581 1916 5637 invias

344 5670 628 5725 mentibus
661 5669 1035 5740 indagationes
1071 5669 1405 5734 Divinitatis,
1446 5669 1630 5723 litibus
1661 5684 1782 5724 sese
1811 5670 1915 5722 im-

343 5765 590 5837 prudens
616 5778 725 5820 non
753 5778 884 5818 sane
908 5762 1145 5818 ferendis
1188 5763 1474 5834 implicuit.
1529 5761 1649 5828 Quo
1687 5763 1752 5818 de
1805 5773 1917 5818 toto

2018 4590 2284 4648 praeterea
2337 4577 2619 4643 Tarasium
2675 4592 2799 4631 cum
2835 4577 3087 4630 universa
3119 4578 3350 4644 septima
3378 4582 3586 4648 synodo

2019 4672 2072 4724 in
2111 4669 2458 4723 confessione
2492 4668 2615 4723 ﬁdei
2646 4669 2711 4721 ad
2749 4667 3057 4722 Orientales
3098 4668 3434 4736 patriarchas
3473 4687 3588 4723 ma-

2017 4759 2221 4814 nifeste
2248 4757 2614 4826 deprehendit
2652 4753 3000 4810 disseruisse.
3033 4755 3112 4808 Ad
3140 4754 3255 4808 haec
3278 4771 3398 4808 cum
3435 4754 3553 4809 insu
3575 4786 3589 4796 ς

2020 4864 2124 4920 per
2167 4847 2468 4902 invenisset
2496 4845 2890 4900 Maronicnsem
2923 4844 3189 4904 Nicetam,
3254 4845 3588 4916 chartophy-

2017 4941 2153 4995 lacis
2187 4941 2354 4993 etiam
2391 4939 2654 5008 dignitate
2691 4936 2955 5006 insignem
2986 4951 3049 4989 ac
3088 4943 3274 5004 postea
3309 4935 3362 4987 in
3413 4934 3588 4988 Thcs-

2021 5034 2420 5088 salonicensem
2472 5035 2718 5085 cveetur’u
2784 5030 3123 5093 cathedram,
3179 5029 3416 5097 itemque
3468 5039 3591 5098 post

2023 5127 2170 5181 hunc
2200 5124 2566 5193 Nicephorum
2597 5122 2950 5176 Blemmidam
3007 5111 3368 5176 elucubrasse'
3388 5139 3449 5178 ac
3475 5127 3590 5176 vul-

2021 5233 2178 5290 gaSse
2209 5216 2410 5284 Scripta
2446 5215 2771 5268 testimoniis
2821 5213 3030 5266 ﬁrmata
3077 5211 3478 5283 Scripturarum
3534 5215 3588 5268 in

2023 5306 2398 5364 defensionem
2461 5301 2738 5366 Italorum,
2783 5303 3068 5373 ipsumque
3122 5304 3371 5358 Pbotium
3432 5305 3588 5360 fateri

2024 5395 2396 5458 Ambrosium,
2435 5393 2796 5462 Augustinum
2833 5403 2890 5448 et
2949 5391 3334 5463 Hieronymqu
3370 5410 3591 5464 proces-

2024 5489 2234 5543 sionem
2257 5488 2429 5542 sancti
2475 5485 2710 5556 Spiritus
2756 5501 2819 5538 cx
2851 5484 3008 5538 Patre
3035 5485 3145 5556 29
3167 5501 3288 5539 cum
3318 5486 3590 5539 additione

2026 5595 2090 5634 ea:
2117 5579 2251 5632 Filio
2283 5578 2557 5640 docuisse,
2592 5587 2845 5631 caeterum
2883 5589 2978 5629 eos
3008 5574 3196 5629 Patres
3221 5590 3276 5627 ut
3297 5574 3589 5637 Romanos,

2027 5688 2135 5728 non
2198 5683 2258 5726 ut
2307 5670 2562 5737 Graecos,
2621 5671 2956 5724 additinnem
3013 5667 3417 5735 comprobasse.
3475 5666 3592 5721 haec

2025 5763 2204 5819 Photii
2239 5765 2488 5835 exceptio
2524 5764 2752 5818 nimium
2787 5777 2945 5832 quam
3001 5762 3214 5815 inﬁrma
3246 5757 3423 5814 Vecco
3480 5759 3591 5816 visa
