  <div class='ocr_page' id='page_1' title='image "/cluster/home/n/w/nwhite01/storage/ocr_20150623/144/hvd.32044019208339/026.png"; bbox 0 0 4022 6552; ppageno 0'>
   <div class='ocr_carea' id='block_1_1' title="bbox 325 367 3584 433">
    <p class='ocr_par' dir='ltr' id='par_1_1' title="bbox 325 367 3584 433">
     <span class='ocr_line' id='line_1_1' title="bbox 325 367 3584 433; baseline -0.001 -2"><span class='ocrx_word' id='word_1_1' title='bbox 325 368 397 431; x_wconf 77' lang='grc'><strong>31</strong></span> <span class='ocrx_word' id='word_1_2' title='bbox 1285 374 1376 433; x_wconf 86' lang='lat' dir='ltr'><strong>DE</strong></span> <span class='ocrx_word' id='word_1_3' title='bbox 1418 368 1862 432; x_wconf 66' lang='lat' dir='ltr'><strong>ANDRONICO</strong></span> <span class='ocrx_word' id='word_1_4' title='bbox 1902 368 2364 431; x_wconf 67' lang='lat' dir='ltr'><strong>PALAEOI.000</strong></span> <span class='ocrx_word' id='word_1_5' title='bbox 2410 370 2550 430; x_wconf 85' lang='lat' dir='ltr'><strong>LIB.</strong></span> <span class='ocrx_word' id='word_1_6' title='bbox 2595 369 2641 428; x_wconf 90' lang='lat' dir='ltr'><strong>l.</strong></span> <span class='ocrx_word' id='word_1_7' title='bbox 2732 368 2751 385; x_wconf 79' lang='grc'><strong><em>”</em></strong></span> <span class='ocrx_word' id='word_1_8' title='bbox 3510 367 3584 431; x_wconf 80' lang='lat'><strong>38</strong></span> 
     </span>
    </p>
   </div>
   <div class='ocr_carea' id='block_1_2' title="bbox 326 478 3586 554">
    <p class='ocr_par' dir='ltr' id='par_1_2' title="bbox 326 478 3586 554">
     <span class='ocr_line' id='line_1_2' title="bbox 326 478 3586 554; baseline 0.001 -22"><span class='ocrx_word' id='word_1_9' title='bbox 326 497 540 548; x_wconf 76' lang='grc' dir='ltr'>γουσιν,</span> <span class='ocrx_word' id='word_1_10' title='bbox 579 481 614 551; x_wconf 72' lang='grc' dir='ltr'><strong>ἦ</strong></span> <span class='ocrx_word' id='word_1_11' title='bbox 636 498 689 534; x_wconf 80' lang='grc' dir='ltr'><strong>τι</strong></span> <span class='ocrx_word' id='word_1_12' title='bbox 716 482 961 536; x_wconf 74' lang='grc' dir='ltr'>τοιοῦτον</span> <span class='ocrx_word' id='word_1_13' title='bbox 1001 485 1091 536; x_wconf 63' lang='grc' dir='ltr'>καὶ</span> <span class='ocrx_word' id='word_1_14' title='bbox 1127 485 1327 537; x_wconf 75' lang='grc' dir='ltr'>ἐννοεῖν</span> <span class='ocrx_word' id='word_1_15' title='bbox 1350 486 1653 554; x_wconf 67' lang='grc' dir='ltr'>γράφοντα,</span> <span class='ocrx_word' id='word_1_16' title='bbox 1683 483 1795 537; x_wconf 82' lang='grc' dir='ltr'>ἀλλ’</span> <span class='ocrx_word' id='word_1_17' title='bbox 1823 486 1909 537; x_wconf 76' lang='grc' dir='ltr'>ἵνα</span> <span class='ocrx_word' id='word_1_18' title='bbox 1948 490 1982 543; x_wconf 58' lang='grc' dir='ltr'><strong>Δ</strong></span> <span class='ocrx_word' id='word_1_19' title='bbox 2014 482 2189 535; x_wconf 77' lang='grc' dir='ltr'>αἴτιον</span> <span class='ocrx_word' id='word_1_20' title='bbox 2216 484 2304 534; x_wconf 68' lang='grc' dir='ltr'>τὶν</span> <span class='ocrx_word' id='word_1_21' title='bbox 2337 482 2551 549; x_wconf 75' lang='grc' dir='ltr'>Πατέρα</span> <span class='ocrx_word' id='word_1_22' title='bbox 2586 481 2760 547; x_wconf 71' lang='grc' dir='ltr'>λέγων</span> <span class='ocrx_word' id='word_1_23' title='bbox 2790 479 2879 532; x_wconf 74' lang='grc' dir='ltr'>τοῦ</span> <span class='ocrx_word' id='word_1_24' title='bbox 2916 478 3250 550; x_wconf 77' lang='grc' dir='ltr'>Πνεύματος,</span> <span class='ocrx_word' id='word_1_25' title='bbox 3287 483 3472 552; x_wconf 70' lang='grc' dir='ltr'>χώραν</span> <span class='ocrx_word' id='word_1_26' title='bbox 3498 483 3586 536; x_wconf 79' lang='grc' dir='ltr'><strong>αι-</strong></span> 
     </span>
    </p>
   </div>
   <div class='ocr_carea' id='block_1_3' title="bbox 327 574 1906 648">
    <p class='ocr_par' dir='ltr' id='par_1_3' title="bbox 327 574 1906 648">
     <span class='ocr_line' id='line_1_3' title="bbox 327 574 1906 648; baseline 0.003 -22"><span class='ocrx_word' id='word_1_27' title='bbox 327 574 469 637; x_wconf 79' lang='grc' dir='ltr'>τέως</span> <span class='ocrx_word' id='word_1_28' title='bbox 517 575 613 627; x_wconf 71' lang='grc' dir='ltr'><strong>καὶ</strong></span> <span class='ocrx_word' id='word_1_29' title='bbox 669 577 831 645; x_wconf 89' lang='grc' dir='ltr'>μόνον</span> <span class='ocrx_word' id='word_1_30' title='bbox 865 578 927 630; x_wconf 79' lang='grc' dir='ltr'>τὸ</span> <span class='ocrx_word' id='word_1_31' title='bbox 964 578 1213 648; x_wconf 72' lang='grc' dir='ltr'>ἔγκλημα</span> <span class='ocrx_word' id='word_1_32' title='bbox 1269 576 1645 647; x_wconf 80' lang='grc' dir='ltr'><strong>θεραπεύοιτο,</strong></span> <span class='ocrx_word' id='word_1_33' title='bbox 1675 580 1762 630; x_wconf 76' lang='grc' dir='ltr'><strong>ὀὐ</strong></span> <span class='ocrx_word' id='word_1_34' title='bbox 1799 579 1906 631; x_wconf 79' lang='grc' dir='ltr'><strong>τῶν</strong></span> 
     </span>
    </p>
   </div>
   <div class='ocr_carea' id='block_1_4' title="bbox 340 664 1907 740">
    <p class='ocr_par' dir='ltr' id='par_1_4' title="bbox 340 664 1907 740">
     <span class='ocr_line' id='line_1_4' title="bbox 340 664 1907 740; baseline 0.002 -23"><span class='ocrx_word' id='word_1_35' title='bbox 340 665 585 732; x_wconf 71' lang='grc' dir='ltr'>Ἰταλῶν,</span> <span class='ocrx_word' id='word_1_36' title='bbox 636 664 904 734; x_wconf 78' lang='grc' dir='ltr'>οὖμενουν</span> <span class='ocrx_word' id='word_1_37' title='bbox 958 668 1224 740; x_wconf 74' lang='grc' dir='ltr'>(ἐκείνοις</span> <span class='ocrx_word' id='word_1_38' title='bbox 1276 668 1561 738; x_wconf 49' lang='grc' dir='ltr'>γὰρμκάν</span> <span class='ocrx_word' id='word_1_39' title='bbox 1589 669 1684 721; x_wconf 76' lang='grc' dir='ltr'><strong>ἐπὶ</strong></span> <span class='ocrx_word' id='word_1_40' title='bbox 1741 670 1907 722; x_wconf 83' lang='grc' dir='ltr'>πᾶσιν</span> 
     </span>
    </p>
   </div>
   <div class='ocr_carea' id='block_1_5' title="bbox 328 752 1906 831">
    <p class='ocr_par' dir='ltr' id='par_1_5' title="bbox 328 752 1906 831">
     <span class='ocr_line' id='line_1_5' title="bbox 328 752 1906 831; baseline 0.003 -24"><span class='ocrx_word' id='word_1_41' title='bbox 328 757 600 822; x_wconf 65' lang='grc' dir='ltr'>ἀφιῶνται</span> <span class='ocrx_word' id='word_1_42' title='bbox 638 757 747 810; x_wconf 82' lang='grc' dir='ltr'><strong>τῶν</strong></span> <span class='ocrx_word' id='word_1_43' title='bbox 797 760 1183 831; x_wconf 71' lang='grc' dir='ltr'><strong>ἐγκλημάτων,</strong></span> <span class='ocrx_word' id='word_1_44' title='bbox 1234 758 1347 813; x_wconf 82' lang='grc' dir='ltr'>ἀλλ’</span> <span class='ocrx_word' id='word_1_45' title='bbox 1378 752 1472 812; x_wconf 74' lang='grc' dir='ltr'><strong>οὖν</strong></span> <span class='ocrx_word' id='word_1_46' title='bbox 1523 758 1599 830; x_wconf 83' lang='grc' dir='ltr'><strong>τῷ</strong></span> <span class='ocrx_word' id='word_1_47' title='bbox 1641 759 1906 830; x_wconf 74' lang='grc' dir='ltr'>τολμῆσαι</span> 
     </span>
    </p>
   </div>
   <div class='ocr_carea' id='block_1_6' title="bbox 327 848 1907 923">
    <p class='ocr_par' dir='ltr' id='par_1_6' title="bbox 327 848 1907 923">
     <span class='ocr_line' id='line_1_6' title="bbox 327 848 1907 923; baseline 0.003 -24"><span class='ocrx_word' id='word_1_48' title='bbox 327 848 651 918; x_wconf 76' lang='grc' dir='ltr'>προσθεῖναι</span> <span class='ocrx_word' id='word_1_49' title='bbox 676 850 752 921; x_wconf 80' lang='grc' dir='ltr'><strong>τῷ</strong></span> <span class='ocrx_word' id='word_1_50' title='bbox 783 850 1040 921; x_wconf 75' lang='grc' dir='ltr'>συμϐόλῳ</span> <span class='ocrx_word' id='word_1_51' title='bbox 1085 852 1184 921; x_wconf 74' lang='grc' dir='ltr'>τὴν</span> <span class='ocrx_word' id='word_1_52' title='bbox 1217 851 1363 918; x_wconf 82' lang='grc' dir='ltr'>λέξιν</span> <span class='ocrx_word' id='word_1_53' title='bbox 1402 853 1653 923; x_wconf 72' lang='grc' dir='ltr'>ἔγκλημα</span> <span class='ocrx_word' id='word_1_54' title='bbox 1694 850 1907 904; x_wconf 78' lang='grc' dir='ltr'>κεῖσθαι</span> 
     </span>
    </p>
   </div>
   <div class='ocr_carea' id='block_1_7' title="bbox 325 944 1908 1016">
    <p class='ocr_par' dir='ltr' id='par_1_7' title="bbox 325 944 1908 1016">
     <span class='ocr_line' id='line_1_7' title="bbox 325 944 1908 1016; baseline 0.002 -22"><span class='ocrx_word' id='word_1_55' title='bbox 325 944 393 994; x_wconf 79' lang='grc' dir='ltr'><strong>τὸ</strong></span> <span class='ocrx_word' id='word_1_56' title='bbox 424 944 740 1013; x_wconf 73' lang='grc' dir='ltr'>μέγιστον),</span> <span class='ocrx_word' id='word_1_57' title='bbox 769 944 905 999; x_wconf 85' lang='grc' dir='ltr'>ἀλλά</span> <span class='ocrx_word' id='word_1_58' title='bbox 942 948 1052 999; x_wconf 80' lang='grc' dir='ltr'>τῶν</span> <span class='ocrx_word' id='word_1_59' title='bbox 1085 947 1486 1002; x_wconf 79' lang='grc' dir='ltr'><strong>κοινωνούντων</strong></span> <span class='ocrx_word' id='word_1_60' title='bbox 1508 948 1736 1009; x_wconf 81' lang='grc' dir='ltr'>ἐκείνοις</span> <span class='ocrx_word' id='word_1_61' title='bbox 1761 945 1908 1016; x_wconf 83' lang='grc' dir='ltr'>είρὴ-</span> 
     </span>
    </p>
   </div>
   <div class='ocr_carea' id='block_1_8' title="bbox 327 1030 1909 1107">
    <p class='ocr_par' dir='ltr' id='par_1_8' title="bbox 327 1030 1909 1107">
     <span class='ocr_line' id='line_1_8' title="bbox 327 1030 1909 1107; baseline 0.001 -19"><span class='ocrx_word' id='word_1_62' title='bbox 327 1053 432 1105; x_wconf 84' lang='grc' dir='ltr'><strong>νης</strong></span> <span class='ocrx_word' id='word_1_63' title='bbox 451 1035 653 1107; x_wconf 79' lang='grc' dir='ltr'>τρόπον</span> <span class='ocrx_word' id='word_1_64' title='bbox 700 1037 796 1092; x_wconf 78' lang='grc' dir='ltr'><strong>καὶ</strong></span> <span class='ocrx_word' id='word_1_65' title='bbox 820 1038 1056 1100; x_wconf 83' lang='grc' dir='ltr'>παλαιᾶς</span> <span class='ocrx_word' id='word_1_66' title='bbox 1104 1039 1487 1095; x_wconf 72' lang='grc' dir='ltr'><strong>καταστάσεως</strong></span> <span class='ocrx_word' id='word_1_67' title='bbox 1521 1030 1707 1093; x_wconf 73' lang='grc' dir='ltr'>ἕνεκα.</span> <span class='ocrx_word' id='word_1_68' title='bbox 1761 1040 1909 1091; x_wconf 82' lang='grc' dir='ltr'>’Λντ-</span> 
     </span>
    </p>
   </div>
   <div class='ocr_carea' id='block_1_9' title="bbox 328 1128 1908 1201">
    <p class='ocr_par' dir='ltr' id='par_1_9' title="bbox 328 1128 1908 1201">
     <span class='ocr_line' id='line_1_9' title="bbox 328 1128 1908 1201; baseline 0.003 -23"><span class='ocrx_word' id='word_1_69' title='bbox 328 1129 570 1196; x_wconf 78' lang='grc' dir='ltr'>επεξῆγε</span> <span class='ocrx_word' id='word_1_70' title='bbox 605 1129 660 1181; x_wconf 80' lang='grc' dir='ltr'>δὲ</span> <span class='ocrx_word' id='word_1_71' title='bbox 689 1129 784 1182; x_wconf 74' lang='grc' dir='ltr'>καὶ</span> <span class='ocrx_word' id='word_1_72' title='bbox 813 1131 912 1198; x_wconf 79' lang='grc' dir='ltr'>τὴν</span> <span class='ocrx_word' id='word_1_73' title='bbox 941 1130 1036 1182; x_wconf 72' lang='grc' dir='ltr'>ἐπὶ</span> <span class='ocrx_word' id='word_1_74' title='bbox 1086 1128 1180 1182; x_wconf 79' lang='grc' dir='ltr'><strong>τοῦ</strong></span> <span class='ocrx_word' id='word_1_75' title='bbox 1212 1130 1550 1199; x_wconf 67' lang='grc' dir='ltr'>Μονογενοῦς</span> <span class='ocrx_word' id='word_1_76' title='bbox 1584 1131 1653 1185; x_wconf 78' lang='grc' dir='ltr'>ἐκ</span> <span class='ocrx_word' id='word_1_77' title='bbox 1694 1133 1775 1193; x_wconf 72' lang='grc' dir='ltr'><strong>εἰς</strong></span> <span class='ocrx_word' id='word_1_78' title='bbox 1807 1131 1908 1201; x_wconf 83' lang='grc' dir='ltr'>τὴν</span> 
     </span>
    </p>
   </div>
   <div class='ocr_carea' id='block_1_10' title="bbox 327 1217 1905 1299">
    <p class='ocr_par' dir='ltr' id='par_1_10' title="bbox 327 1217 1905 1299">
     <span class='ocr_line' id='line_1_10' title="bbox 327 1217 1905 1299; baseline 0.004 -29"><span class='ocrx_word' id='word_1_79' title='bbox 327 1217 434 1271; x_wconf 81' lang='grc' dir='ltr'>διὰ</span> <span class='ocrx_word' id='word_1_80' title='bbox 455 1218 597 1272; x_wconf 84' lang='grc' dir='ltr'><strong>κατὰ</strong></span> <span class='ocrx_word' id='word_1_81' title='bbox 620 1220 718 1290; x_wconf 81' lang='grc' dir='ltr'>τὴν</span> <span class='ocrx_word' id='word_1_82' title='bbox 740 1220 851 1274; x_wconf 82' lang='grc' dir='ltr'>τῶν</span> <span class='ocrx_word' id='word_1_83' title='bbox 874 1220 1183 1290; x_wconf 73' lang='grc' dir='ltr'>προθέσεων</span> <span class='ocrx_word' id='word_1_84' title='bbox 1212 1222 1752 1299; x_wconf 66' lang='grc' dir='ltr'>άντιπαραχώρησιν,</span> <span class='ocrx_word' id='word_1_85' title='bbox 1774 1224 1905 1276; x_wconf 79' lang='grc' dir='ltr'>ὅπου</span> 
     </span>
    </p>
   </div>
   <div class='ocr_carea' id='block_1_11' title="bbox 330 1311 1908 1383">
    <p class='ocr_par' dir='ltr' id='par_1_11' title="bbox 330 1311 1908 1383">
     <span class='ocr_line' id='line_1_11' title="bbox 330 1311 1908 1383; baseline 0.003 -20"><span class='ocrx_word' id='word_1_86' title='bbox 330 1311 402 1363; x_wconf 81' lang='grc' dir='ltr'>ἂν</span> <span class='ocrx_word' id='word_1_87' title='bbox 432 1312 527 1363; x_wconf 79' lang='grc' dir='ltr'>καὶ</span> <span class='ocrx_word' id='word_1_88' title='bbox 554 1312 612 1363; x_wconf 80' lang='grc' dir='ltr'>ὲν</span> <span class='ocrx_word' id='word_1_89' title='bbox 633 1313 747 1374; x_wconf 83' lang='grc' dir='ltr'>τοῖς</span> <span class='ocrx_word' id='word_1_90' title='bbox 769 1312 1007 1382; x_wconf 70' lang='grc' dir='ltr'>περὶτοῦ</span> <span class='ocrx_word' id='word_1_91' title='bbox 1037 1314 1160 1367; x_wconf 73' lang='grc' dir='ltr'><strong>Υίοῦ</strong></span> <span class='ocrx_word' id='word_1_92' title='bbox 1180 1315 1365 1377; x_wconf 72' lang='grc' dir='ltr'>τόποις</span> <span class='ocrx_word' id='word_1_93' title='bbox 1386 1315 1730 1383; x_wconf 82' lang='grc' dir='ltr'>εὑρίσκηται.</span> <span class='ocrx_word' id='word_1_94' title='bbox 1751 1315 1908 1369; x_wconf 80' lang='grc' dir='ltr'>Οὕτω</span> 
     </span>
    </p>
   </div>
   <div class='ocr_carea' id='block_1_12' title="bbox 328 1403 1908 1477">
    <p class='ocr_par' dir='ltr' id='par_1_12' title="bbox 328 1403 1908 1477">
     <span class='ocr_line' id='line_1_12' title="bbox 328 1403 1908 1477; baseline 0.002 -21"><span class='ocrx_word' id='word_1_95' title='bbox 328 1403 444 1472; x_wconf 82' lang='grc' dir='ltr'>γάρ</span> <span class='ocrx_word' id='word_1_96' title='bbox 482 1421 618 1472; x_wconf 71' lang='grc' dir='ltr'>φησι</span> <span class='ocrx_word' id='word_1_97' title='bbox 646 1403 921 1458; x_wconf 82' lang='grc' dir='ltr'><strong>διδάσκειν</strong></span> <span class='ocrx_word' id='word_1_98' title='bbox 940 1408 1035 1457; x_wconf 71' lang='grc' dir='ltr'>καὶ</span> <span class='ocrx_word' id='word_1_99' title='bbox 1060 1404 1156 1475; x_wconf 81' lang='grc' dir='ltr'><strong>τὴν</strong></span> <span class='ocrx_word' id='word_1_100' title='bbox 1182 1406 1337 1476; x_wconf 70' lang='grc' dir='ltr'>ἱερὰν</span> <span class='ocrx_word' id='word_1_101' title='bbox 1370 1405 1705 1477; x_wconf 73' lang='grc' dir='ltr'>ὁπλοθήκην,</span> <span class='ocrx_word' id='word_1_102' title='bbox 1729 1406 1908 1477; x_wconf 78' lang='grc' dir='ltr'>βίϐλον</span> 
     </span>
    </p>
   </div>
   <div class='ocr_carea' id='block_1_13' title="bbox 327 1493 1905 1568">
    <p class='ocr_par' dir='ltr' id='par_1_13' title="bbox 327 1493 1905 1568">
     <span class='ocr_line' id='line_1_13' title="bbox 327 1493 1905 1568; baseline 0.006 -24"><span class='ocrx_word' id='word_1_103' title='bbox 327 1493 504 1546; x_wconf 79' lang='grc' dir='ltr'>οὖσαν</span> <span class='ocrx_word' id='word_1_104' title='bbox 554 1495 952 1565; x_wconf 80' lang='grc' dir='ltr'>ὲγκρινομὲνην</span> <span class='ocrx_word' id='word_1_105' title='bbox 1001 1499 1121 1558; x_wconf 82' lang='grc' dir='ltr'>ταῖς</span> <span class='ocrx_word' id='word_1_106' title='bbox 1145 1497 1392 1567; x_wconf 75' lang='grc' dir='ltr'>γνησίαις</span> <span class='ocrx_word' id='word_1_107' title='bbox 1438 1497 1905 1568; x_wconf 81' lang='grc' dir='ltr'>τῆςἚκκλησίας.</span> 
     </span>
    </p>
   </div>
   <div class='ocr_carea' id='block_1_14' title="bbox 328 1583 1907 1658">
    <p class='ocr_par' dir='ltr' id='par_1_14' title="bbox 328 1583 1907 1658">
     <span class='ocr_line' id='line_1_14' title="bbox 328 1583 1907 1658; baseline 0.003 -22"><span class='ocrx_word' id='word_1_108' title='bbox 328 1583 508 1637; x_wconf 74' lang='grc' dir='ltr'>Τοῦτο</span> <span class='ocrx_word' id='word_1_109' title='bbox 560 1584 607 1636; x_wconf 79' lang='grc' dir='ltr'>δ’</span> <span class='ocrx_word' id='word_1_110' title='bbox 641 1584 818 1638; x_wconf 83' lang='grc' dir='ltr'>ὲποίει</span> <span class='ocrx_word' id='word_1_111' title='bbox 867 1585 966 1653; x_wconf 66' lang='grc' dir='ltr'>τὴν</span> <span class='ocrx_word' id='word_1_112' title='bbox 1012 1586 1121 1639; x_wconf 80' lang='grc' dir='ltr'>τῶν</span> <span class='ocrx_word' id='word_1_113' title='bbox 1162 1586 1382 1641; x_wconf 80' lang='grc' dir='ltr'>’ῐταλῶν</span> <span class='ocrx_word' id='word_1_114' title='bbox 1432 1587 1747 1658; x_wconf 78' lang='grc' dir='ltr'>προσθήκην</span> <span class='ocrx_word' id='word_1_115' title='bbox 1793 1590 1907 1650; x_wconf 86' lang='grc' dir='ltr'>τοῖς</span> 
     </span>
    </p>
   </div>
   <div class='ocr_carea' id='block_1_15' title="bbox 327 1674 1905 1751">
    <p class='ocr_par' dir='ltr' id='par_1_15' title="bbox 327 1674 1905 1751">
     <span class='ocr_line' id='line_1_15' title="bbox 327 1674 1905 1751; baseline 0.001 -23"><span class='ocrx_word' id='word_1_116' title='bbox 327 1678 626 1747; x_wconf 75' lang='grc' dir='ltr'>ἡμετέροις</span> <span class='ocrx_word' id='word_1_117' title='bbox 653 1674 977 1747; x_wconf 78' lang='grc' dir='ltr'>βουλόμενος</span> <span class='ocrx_word' id='word_1_118' title='bbox 1026 1678 1259 1743; x_wconf 74' lang='grc' dir='ltr'>ὲξισοῦν.</span> <span class='ocrx_word' id='word_1_119' title='bbox 1292 1681 1401 1733; x_wconf 69' lang='grc' dir='ltr'>Καὶ</span> <span class='ocrx_word' id='word_1_120' title='bbox 1432 1679 1583 1744; x_wconf 79' lang='grc' dir='ltr'>τέλος</span> <span class='ocrx_word' id='word_1_121' title='bbox 1612 1681 1644 1750; x_wconf 74' lang='grc' dir='ltr'><strong>ἡ</strong></span> <span class='ocrx_word' id='word_1_122' title='bbox 1678 1680 1905 1751; x_wconf 69' lang='grc' dir='ltr'>κορωνὶς</span> 
     </span>
    </p>
   </div>
   <div class='ocr_carea' id='block_1_16' title="bbox 326 1767 1906 1841">
    <p class='ocr_par' dir='ltr' id='par_1_16' title="bbox 326 1767 1906 1841">
     <span class='ocr_line' id='line_1_16' title="bbox 326 1767 1906 1841; baseline 0.004 -23"><span class='ocrx_word' id='word_1_123' title='bbox 326 1767 436 1836; x_wconf 74' lang='grc' dir='ltr'>τῆς</span> <span class='ocrx_word' id='word_1_124' title='bbox 465 1768 691 1838; x_wconf 77' lang='grc' dir='ltr'>τόλμης,</span> <span class='ocrx_word' id='word_1_125' title='bbox 715 1770 797 1822; x_wconf 84' lang='grc' dir='ltr'>ὅτι</span> <span class='ocrx_word' id='word_1_126' title='bbox 820 1769 1093 1839; x_wconf 74' lang='grc' dir='ltr'>εὑρίσκων</span> <span class='ocrx_word' id='word_1_127' title='bbox 1122 1771 1221 1841; x_wconf 82' lang='grc' dir='ltr'>μὲν</span> <span class='ocrx_word' id='word_1_128' title='bbox 1251 1772 1346 1824; x_wconf 80' lang='grc' dir='ltr'>καὶ</span> <span class='ocrx_word' id='word_1_129' title='bbox 1393 1772 1484 1825; x_wconf 78' lang='grc' dir='ltr'><strong>τὸν</strong></span> <span class='ocrx_word' id='word_1_130' title='bbox 1517 1771 1906 1840; x_wconf 70' lang='grc' dir='ltr'>θεολογικώταο</span> 
     </span>
    </p>
   </div>
   <div class='ocr_carea' id='block_1_17' title="bbox 2013 558 3587 643">
    <p class='ocr_par' dir='ltr' id='par_1_17' title="bbox 2013 571 3587 643">
     <span class='ocr_line' id='line_1_17' title="bbox 2013 571 3587 643; baseline -0.015 -16"><span class='ocrx_word' id='word_1_131' title='bbox 2013 574 2134 637; x_wconf 80' lang='grc' dir='ltr'>τίας</span> <span class='ocrx_word' id='word_1_132' title='bbox 2168 575 2389 628; x_wconf 77' lang='grc' dir='ltr'>δεδώκει</span> <span class='ocrx_word' id='word_1_133' title='bbox 2428 576 2521 627; x_wconf 79' lang='grc' dir='ltr'>καὶ</span> <span class='ocrx_word' id='word_1_134' title='bbox 2546 574 2605 627; x_wconf 84' lang='grc' dir='ltr'><strong>οὐ</strong></span> <span class='ocrx_word' id='word_1_135' title='bbox 2636 571 2968 643; x_wconf 78' lang='grc' dir='ltr'>παροπτέας,</span> <span class='ocrx_word' id='word_1_136' title='bbox 2989 572 3109 625; x_wconf 75' lang='grc' dir='ltr'>οὗδέ</span> <span class='ocrx_word' id='word_1_137' title='bbox 3134 589 3195 640; x_wconf 81' lang='grc' dir='ltr'>γε</span> <span class='ocrx_word' id='word_1_138' title='bbox 3230 572 3336 642; x_wconf 75' lang='grc' dir='ltr'><strong>μὴν</strong></span> <span class='ocrx_word' id='word_1_139' title='bbox 3364 572 3465 641; x_wconf 70' lang='grc' dir='ltr'>τῆς</span> <span class='ocrx_word' id='word_1_140' title='bbox 3493 589 3587 625; x_wconf 73' lang='grc' dir='ltr'><strong>τυ,</strong></span> 
     </span>
    </p>
   </div>
   <div class='ocr_carea' id='block_1_18' title="bbox 2014 661 3591 733">
    <p class='ocr_par' dir='ltr' id='par_1_18' title="bbox 2014 661 3591 733">
     <span class='ocr_line' id='line_1_18' title="bbox 2014 661 3591 733; baseline 0 -19"><span class='ocrx_word' id='word_1_141' title='bbox 2014 663 2238 733; x_wconf 80' lang='grc' dir='ltr'>χούσης,</span> <span class='ocrx_word' id='word_1_142' title='bbox 2271 663 2617 727; x_wconf 71' lang='grc' dir='ltr'>συνδοξάῖειν</span> <span class='ocrx_word' id='word_1_143' title='bbox 2650 661 2824 716; x_wconf 78' lang='grc' dir='ltr'>αἰτιον</span> <span class='ocrx_word' id='word_1_144' title='bbox 2871 662 2964 714; x_wconf 79' lang='grc' dir='ltr'><strong>τὸν</strong></span> <span class='ocrx_word' id='word_1_145' title='bbox 2998 662 3126 716; x_wconf 82' lang='grc' dir='ltr'><strong>Υἰὸν</strong></span> <span class='ocrx_word' id='word_1_146' title='bbox 3152 665 3242 715; x_wconf 78' lang='grc' dir='ltr'><strong>ἐπὶ</strong></span> <span class='ocrx_word' id='word_1_147' title='bbox 3271 664 3337 731; x_wconf 79' lang='grc' dir='ltr'>τῇ</span> <span class='ocrx_word' id='word_1_148' title='bbox 3373 662 3438 715; x_wconf 67' lang='grc' dir='ltr'>ὲκ</span> <span class='ocrx_word' id='word_1_149' title='bbox 3478 662 3591 714; x_wconf 72' lang='grc' dir='ltr'><strong>Πα-</strong></span> 
     </span>
    </p>
   </div>
   <div class='ocr_carea' id='block_1_19' title="bbox 2013 752 3583 825">
    <p class='ocr_par' dir='ltr' id='par_1_19' title="bbox 2013 752 3583 825">
     <span class='ocr_line' id='line_1_19' title="bbox 2013 752 3583 825; baseline -0.002 -19"><span class='ocrx_word' id='word_1_150' title='bbox 2013 755 2140 825; x_wconf 73' lang='grc' dir='ltr'>τρὸς</span> <span class='ocrx_word' id='word_1_151' title='bbox 2166 755 2316 824; x_wconf 81' lang='grc' dir='ltr'>αἰτίᾳ</span> <span class='ocrx_word' id='word_1_152' title='bbox 2342 754 2435 806; x_wconf 81' lang='grc' dir='ltr'>τοῦ</span> <span class='ocrx_word' id='word_1_153' title='bbox 2469 754 2808 823; x_wconf 85' lang='grc' dir='ltr'>Πνεύματος.</span> <span class='ocrx_word' id='word_1_154' title='bbox 2862 754 3058 807; x_wconf 81' lang='grc' dir='ltr'>Καίτοι</span> <span class='ocrx_word' id='word_1_155' title='bbox 3094 769 3158 821; x_wconf 86' lang='grc' dir='ltr'>γε</span> <span class='ocrx_word' id='word_1_156' title='bbox 3188 752 3253 806; x_wconf 74' lang='grc' dir='ltr'>τὰ</span> <span class='ocrx_word' id='word_1_157' title='bbox 3297 752 3491 823; x_wconf 81' lang='grc' dir='ltr'>μέτριά</span> <span class='ocrx_word' id='word_1_158' title='bbox 3517 768 3583 819; x_wconf 81' lang='grc' dir='ltr'>γε</span> 
     </span>
    </p>
   </div>
   <div class='ocr_carea' id='block_1_20' title="bbox 2013 841 3586 915">
    <p class='ocr_par' dir='ltr' id='par_1_20' title="bbox 2013 841 3586 915">
     <span class='ocr_line' id='line_1_20' title="bbox 2013 841 3586 915; baseline -0.001 -20"><span class='ocrx_word' id='word_1_159' title='bbox 2013 845 2124 906; x_wconf 85' lang='grc' dir='ltr'>τοῖς</span> <span class='ocrx_word' id='word_1_160' title='bbox 2151 843 2329 913; x_wconf 73' lang='grc' dir='ltr'>λόγοις</span> <span class='ocrx_word' id='word_1_161' title='bbox 2370 843 2534 896; x_wconf 77' lang='grc' dir='ltr'>αὑτοῦ</span> <span class='ocrx_word' id='word_1_162' title='bbox 2582 843 3050 915; x_wconf 82' lang='grc' dir='ltr'>προσαρχόμενος,</span> <span class='ocrx_word' id='word_1_163' title='bbox 3092 845 3179 897; x_wconf 80' lang='grc' dir='ltr'>ὅτε</span> <span class='ocrx_word' id='word_1_164' title='bbox 3211 861 3297 907; x_wconf 84' lang='grc' dir='ltr'><strong>τις</strong></span> <span class='ocrx_word' id='word_1_165' title='bbox 3340 841 3432 895; x_wconf 70' lang='grc' dir='ltr'><strong>καὶ</strong></span> <span class='ocrx_word' id='word_1_166' title='bbox 3461 844 3586 894; x_wconf 83' lang='grc' dir='ltr'>άντ-</span> 
     </span>
    </p>
   </div>
   <div class='ocr_carea' id='block_1_21' title="bbox 2016 928 3653 1001">
    <p class='ocr_par' dir='ltr' id='par_1_21' title="bbox 2016 928 3653 1001">
     <span class='ocr_line' id='line_1_21' title="bbox 2016 928 3653 1001; baseline -0.004 -17"><span class='ocrx_word' id='word_1_167' title='bbox 2016 933 2222 1001; x_wconf 78' lang='grc' dir='ltr'>επῆγεν</span> <span class='ocrx_word' id='word_1_168' title='bbox 2249 930 2401 998; x_wconf 82' lang='grc' dir='ltr'>αὑτῷ</span> <span class='ocrx_word' id='word_1_169' title='bbox 2429 932 2526 998; x_wconf 75' lang='grc' dir='ltr'>τὴν</span> <span class='ocrx_word' id='word_1_170' title='bbox 2557 931 2763 995; x_wconf 86' lang='grc' dir='ltr'>αἰτίαν,</span> <span class='ocrx_word' id='word_1_171' title='bbox 2794 931 2871 994; x_wconf 88' lang='grc' dir='ltr'>ὼς</span> <span class='ocrx_word' id='word_1_172' title='bbox 2905 930 3115 983; x_wconf 82' lang='grc' dir='ltr'>πολλῶν</span> <span class='ocrx_word' id='word_1_173' title='bbox 3146 930 3241 981; x_wconf 71' lang='grc' dir='ltr'><strong>ἐπὶ</strong></span> <span class='ocrx_word' id='word_1_174' title='bbox 3278 928 3413 981; x_wconf 83' lang='grc' dir='ltr'>Θεοῦ</span> <span class='ocrx_word' id='word_1_175' title='bbox 3434 928 3588 995; x_wconf 82' lang='grc' dir='ltr'>λεγο-</span> <span class='ocrx_word' id='word_1_176' title='bbox 3638 971 3653 989; x_wconf 82' lang='lat'><strong>,</strong></span> 
     </span>
    </p>
   </div>
   <div class='ocr_carea' id='block_1_22' title="bbox 2017 1017 3584 1091">
    <p class='ocr_par' dir='ltr' id='par_1_22' title="bbox 2017 1017 3584 1091">
     <span class='ocr_line' id='line_1_22' title="bbox 2017 1017 3584 1091; baseline -0.006 -15"><span class='ocrx_word' id='word_1_177' title='bbox 2017 1022 2195 1091; x_wconf 68' lang='grc' dir='ltr'>μένων</span> <span class='ocrx_word' id='word_1_178' title='bbox 2241 1024 2331 1074; x_wconf 70' lang='grc' dir='ltr'><strong>καὶ</strong></span> <span class='ocrx_word' id='word_1_179' title='bbox 2362 1022 2426 1091; x_wconf 82' lang='grc' dir='ltr'>δὴ</span> <span class='ocrx_word' id='word_1_180' title='bbox 2467 1023 2561 1075; x_wconf 74' lang='grc' dir='ltr'><strong>καὶ</strong></span> <span class='ocrx_word' id='word_1_181' title='bbox 2611 1021 2809 1083; x_wconf 80' lang='grc' dir='ltr'>κακίας</span> <span class='ocrx_word' id='word_1_182' title='bbox 2860 1022 3230 1090; x_wconf 76' lang='grc' dir='ltr'>ἐπιφερόντων</span> <span class='ocrx_word' id='word_1_183' title='bbox 3255 1017 3493 1087; x_wconf 72' lang='grc' dir='ltr'>ἔμφασιν</span> <span class='ocrx_word' id='word_1_184' title='bbox 3515 1017 3584 1068; x_wconf 62' lang='grc' dir='ltr'>τὰ</span> 
     </span>
    </p>
   </div>
   <div class='ocr_carea' id='block_1_23' title="bbox 2019 1105 3582 1182">
    <p class='ocr_par' dir='ltr' id='par_1_23' title="bbox 2019 1105 3582 1182">
     <span class='ocr_line' id='line_1_23' title="bbox 2019 1105 3582 1182; baseline -0.006 -17"><span class='ocrx_word' id='word_1_185' title='bbox 2019 1112 2118 1182; x_wconf 71' lang='grc' dir='ltr'>μὲν</span> <span class='ocrx_word' id='word_1_186' title='bbox 2163 1112 2433 1181; x_wconf 82' lang='grc' dir='ltr'>λεγόμενα</span> <span class='ocrx_word' id='word_1_187' title='bbox 2477 1111 2551 1176; x_wconf 85' lang='grc' dir='ltr'>ὡς</span> <span class='ocrx_word' id='word_1_188' title='bbox 2587 1112 2758 1180; x_wconf 81' lang='grc' dir='ltr'>ἁγίων</span> <span class='ocrx_word' id='word_1_189' title='bbox 2803 1111 3023 1182; x_wconf 78' lang='grc' dir='ltr'>ῥήματα</span> <span class='ocrx_word' id='word_1_190' title='bbox 3069 1109 3427 1180; x_wconf 81' lang='grc' dir='ltr'>προσιέμεθα,</span> <span class='ocrx_word' id='word_1_191' title='bbox 3451 1107 3512 1158; x_wconf 77' lang='grc' dir='ltr'>τὸ</span> <span class='ocrx_word' id='word_1_192' title='bbox 3538 1105 3582 1157; x_wconf 78' lang='grc' dir='ltr'>δ’</span> 
     </span>
    </p>
   </div>
   <div class='ocr_carea' id='block_1_24' title="bbox 2016 1196 3590 1273">
    <p class='ocr_par' dir='ltr' id='par_1_24' title="bbox 2016 1196 3590 1273">
     <span class='ocr_line' id='line_1_24' title="bbox 2016 1196 3590 1273; baseline -0.003 -16"><span class='ocrx_word' id='word_1_193' title='bbox 2016 1205 2356 1273; x_wconf 79' lang='grc' dir='ltr'>ὑπεμφαῖνον</span> <span class='ocrx_word' id='word_1_194' title='bbox 2379 1203 2439 1257; x_wconf 79' lang='grc' dir='ltr'><strong>οὐ</strong></span> <span class='ocrx_word' id='word_1_195' title='bbox 2465 1203 2895 1273; x_wconf 65' lang='grc' dir='ltr'>προσδεχόμεθα,</span> <span class='ocrx_word' id='word_1_196' title='bbox 2922 1220 2942 1255; x_wconf 85' lang='grc'><strong>‹</strong></span> <span class='ocrx_word' id='word_1_197' title='bbox 2969 1202 3193 1267; x_wconf 79' lang='grc' dir='ltr'>Λέγετε,</span> <span class='ocrx_word' id='word_1_198' title='bbox 3220 1219 3238 1253; x_wconf 73' lang='grc' dir='ltr'><strong>ι</strong></span> <span class='ocrx_word' id='word_1_199' title='bbox 3275 1202 3460 1270; x_wconf 66' lang='grc' dir='ltr'>φησὶν,</span> <span class='ocrx_word' id='word_1_200' title='bbox 3489 1219 3507 1250; x_wconf 77' lang='grc' dir='ltr'><strong>ι</strong></span> <span class='ocrx_word' id='word_1_201' title='bbox 3538 1196 3590 1253; x_wconf 76' lang='grc' dir='ltr'>ὦ</span> 
     </span>
    </p>
   </div>
   <div class='ocr_carea' id='block_1_25' title="bbox 2015 1276 3583 1364">
    <p class='ocr_par' dir='ltr' id='par_1_25' title="bbox 2015 1276 3583 1364">
     <span class='ocr_line' id='line_1_25' title="bbox 2015 1276 3583 1364; baseline -0.004 -17"><span class='ocrx_word' id='word_1_202' title='bbox 2015 1290 2181 1359; x_wconf 72' lang='grc' dir='ltr'>οὗτοι,</span> <span class='ocrx_word' id='word_1_203' title='bbox 2202 1294 2334 1357; x_wconf 78' lang='grc' dir='ltr'>Θεὸς</span> <span class='ocrx_word' id='word_1_204' title='bbox 2365 1276 2568 1358; x_wconf 68' lang='grc' dir='ltr'>τέλειος</span> <span class='ocrx_word' id='word_1_205' title='bbox 2598 1295 2625 1346; x_wconf 87' lang='grc' dir='ltr'>ὁ</span> <span class='ocrx_word' id='word_1_206' title='bbox 2652 1294 2859 1364; x_wconf 80' lang='grc' dir='ltr'>Πατὴρ,</span> <span class='ocrx_word' id='word_1_207' title='bbox 2894 1296 2988 1347; x_wconf 73' lang='grc' dir='ltr'>καὶ</span> <span class='ocrx_word' id='word_1_208' title='bbox 3010 1293 3138 1355; x_wconf 78' lang='grc' dir='ltr'>Θεὸς</span> <span class='ocrx_word' id='word_1_209' title='bbox 3154 1292 3357 1354; x_wconf 77' lang='grc' dir='ltr'>τέλειος</span> <span class='ocrx_word' id='word_1_210' title='bbox 3382 1292 3408 1343; x_wconf 75' lang='grc' dir='ltr'>ὁ</span> <span class='ocrx_word' id='word_1_211' title='bbox 3432 1291 3583 1355; x_wconf 71' lang='grc' dir='ltr'>Υἱὸς,</span> 
     </span>
    </p>
   </div>
   <div class='ocr_carea' id='block_1_26' title="bbox 2016 1384 3582 1463">
    <p class='ocr_par' dir='ltr' id='par_1_26' title="bbox 2016 1384 3582 1463">
     <span class='ocr_line' id='line_1_26' title="bbox 2016 1384 3582 1463; baseline -0.005 -19"><span class='ocrx_word' id='word_1_212' title='bbox 2016 1392 2111 1444; x_wconf 70' lang='grc' dir='ltr'><strong>καὶ</strong></span> <span class='ocrx_word' id='word_1_213' title='bbox 2135 1391 2267 1454; x_wconf 81' lang='grc' dir='ltr'>Θεὸς</span> <span class='ocrx_word' id='word_1_214' title='bbox 2288 1395 2494 1453; x_wconf 79' lang='grc' dir='ltr'>τέλειος</span> <span class='ocrx_word' id='word_1_215' title='bbox 2525 1393 2552 1444; x_wconf 84' lang='grc' dir='ltr'><strong>ὁ</strong></span> <span class='ocrx_word' id='word_1_216' title='bbox 2580 1390 2953 1463; x_wconf 72' lang='grc' dir='ltr'>Παράκλητος.</span> <span class='ocrx_word' id='word_1_217' title='bbox 2983 1384 3109 1458; x_wconf 77' lang='lat' dir='ltr'><strong>&#39;Ap’</strong></span> <span class='ocrx_word' id='word_1_218' title='bbox 3131 1386 3225 1443; x_wconf 83' lang='grc' dir='ltr'><strong>οὖν</strong></span> <span class='ocrx_word' id='word_1_219' title='bbox 3250 1387 3336 1439; x_wconf 73' lang='grc' dir='ltr'>διὰ</span> <span class='ocrx_word' id='word_1_220' title='bbox 3357 1388 3415 1438; x_wconf 68' lang='grc' dir='ltr'>τὴ</span> <span class='ocrx_word' id='word_1_221' title='bbox 3434 1389 3582 1456; x_wconf 81' lang='grc' dir='ltr'>τρεῖς</span> 
     </span>
    </p>
   </div>
   <div class='ocr_carea' id='block_1_27' title="bbox 2014 1474 3585 1550">
    <p class='ocr_par' dir='ltr' id='par_1_27' title="bbox 2014 1474 3585 1550">
     <span class='ocr_line' id='line_1_27' title="bbox 2014 1474 3585 1550; baseline -0.006 -17"><span class='ocrx_word' id='word_1_222' title='bbox 2014 1480 2179 1543; x_wconf 71' lang='grc' dir='ltr'>Θεοῦς</span> <span class='ocrx_word' id='word_1_223' title='bbox 2207 1479 2647 1550; x_wconf 80' lang='grc' dir='ltr'>ὐπεμφαίνεσθαι</span> <span class='ocrx_word' id='word_1_224' title='bbox 2686 1475 3223 1549; x_wconf 74' lang='grc' dir='ltr'>καταρῤυπαροῦμεν</span> <span class='ocrx_word' id='word_1_225' title='bbox 3276 1477 3376 1545; x_wconf 76' lang='grc' dir='ltr'>τὴν</span> <span class='ocrx_word' id='word_1_226' title='bbox 3404 1474 3585 1527; x_wconf 83' lang='grc' dir='ltr'>θεολο-</span> 
     </span>
    </p>
   </div>
   <div class='ocr_carea' id='block_1_28' title="bbox 2013 1564 3582 1641">
    <p class='ocr_par' dir='ltr' id='par_1_28' title="bbox 2013 1564 3582 1641">
     <span class='ocr_line' id='line_1_28' title="bbox 2013 1564 3582 1641; baseline -0.005 -19"><span class='ocrx_word' id='word_1_227' title='bbox 2013 1574 2172 1638; x_wconf 81' lang='grc' dir='ltr'>γίανς</span> <span class='ocrx_word' id='word_1_228' title='bbox 2202 1589 2220 1621; x_wconf 74' lang='grc' dir='ltr'><strong>ι</strong></span> <span class='ocrx_word' id='word_1_229' title='bbox 2250 1571 2401 1635; x_wconf 81' lang='grc' dir='ltr'>Τέως</span> <span class='ocrx_word' id='word_1_230' title='bbox 2427 1573 2509 1634; x_wconf 86' lang='grc' dir='ltr'><strong>είς</strong></span> <span class='ocrx_word' id='word_1_231' title='bbox 2529 1569 2818 1641; x_wconf 74' lang='grc' dir='ltr'>ἀποφυγὴν</span> <span class='ocrx_word' id='word_1_232' title='bbox 2834 1566 2928 1622; x_wconf 79' lang='grc' dir='ltr'>τοῦ</span> <span class='ocrx_word' id='word_1_233' title='bbox 2953 1567 3297 1638; x_wconf 73' lang='grc' dir='ltr'>ἐγκλήματος</span> <span class='ocrx_word' id='word_1_234' title='bbox 3320 1564 3415 1620; x_wconf 71' lang='grc' dir='ltr'>καὶ</span> <span class='ocrx_word' id='word_1_235' title='bbox 3435 1570 3582 1634; x_wconf 70' lang='grc' dir='ltr'>τρισὶ</span> 
     </span>
    </p>
   </div>
   <div class='ocr_carea' id='block_1_29' title="bbox 2014 1657 3685 1733">
    <p class='ocr_par' dir='ltr' id='par_1_29' title="bbox 2014 1657 3685 1733">
     <span class='ocr_line' id='line_1_29' title="bbox 2014 1657 3685 1733; baseline -0.005 -18"><span class='ocrx_word' id='word_1_236' title='bbox 2014 1661 2328 1731; x_wconf 80' lang='grc' dir='ltr'>κεφαλαίοις</span> <span class='ocrx_word' id='word_1_237' title='bbox 2358 1663 2450 1715; x_wconf 81' lang='grc' dir='ltr'><strong>τὸν</strong></span> <span class='ocrx_word' id='word_1_238' title='bbox 2479 1662 2571 1715; x_wconf 75' lang='grc' dir='ltr'><strong>ἐπὶ</strong></span> <span class='ocrx_word' id='word_1_239' title='bbox 2592 1664 2658 1733; x_wconf 82' lang='grc' dir='ltr'>τῇ</span> <span class='ocrx_word' id='word_1_240' title='bbox 2684 1662 2784 1730; x_wconf 82' lang='grc' dir='ltr'>τῆς</span> <span class='ocrx_word' id='word_1_241' title='bbox 2814 1659 3156 1732; x_wconf 79' lang='grc' dir='ltr'>Ὀρθοδοξίας</span> <span class='ocrx_word' id='word_1_242' title='bbox 3181 1659 3366 1728; x_wconf 71' lang='grc' dir='ltr'>ἡμέρᾳ</span> <span class='ocrx_word' id='word_1_243' title='bbox 3395 1657 3583 1721; x_wconf 73' lang='grc' dir='ltr'>ἀναγι-</span> <span class='ocrx_word' id='word_1_244' title='bbox 3678 1716 3685 1725; x_wconf 25' lang='grc' dir='ltr'><strong>Ἰ</strong></span> 
     </span>
    </p>
   </div>
   <div class='ocr_carea' id='block_1_30' title="bbox 2013 1746 3580 1822">
    <p class='ocr_par' dir='ltr' id='par_1_30' title="bbox 2013 1746 3580 1822">
     <span class='ocr_line' id='line_1_30' title="bbox 2013 1746 3580 1822; baseline -0.005 -16"><span class='ocrx_word' id='word_1_245' title='bbox 2013 1754 2353 1822; x_wconf 76' lang='grc' dir='ltr'>νωσκὸμενον</span> <span class='ocrx_word' id='word_1_246' title='bbox 2373 1753 2500 1822; x_wconf 81' lang='grc' dir='ltr'>ὅρον</span> <span class='ocrx_word' id='word_1_247' title='bbox 2523 1751 2611 1807; x_wconf 72' lang='grc' dir='ltr'>ἐπ’</span> <span class='ocrx_word' id='word_1_248' title='bbox 2631 1752 2931 1821; x_wconf 75' lang='grc' dir='ltr'>ἐκκλησίας</span> <span class='ocrx_word' id='word_1_249' title='bbox 2955 1750 3226 1819; x_wconf 81' lang='grc' dir='ltr'>ὲπηύξανε</span> <span class='ocrx_word' id='word_1_250' title='bbox 3242 1746 3580 1817; x_wconf 72' lang='grc' dir='ltr'>προστιθεὶς,</span> 
     </span>
    </p>
   </div>
   <div class='ocr_carea' id='block_1_31' title="bbox 329 1834 3583 1934">
    <p class='ocr_par' dir='ltr' id='par_1_31' title="bbox 329 1834 3583 1934">
     <span class='ocr_line' id='line_1_31' title="bbox 329 1834 3583 1934; baseline 0 -23"><span class='ocrx_word' id='word_1_251' title='bbox 329 1876 431 1911; x_wconf 85' lang='grc' dir='ltr'><strong>τον</strong></span> <span class='ocrx_word' id='word_1_252' title='bbox 464 1861 828 1930; x_wconf 80' lang='grc' dir='ltr'>Δαμασκηνὸν</span> <span class='ocrx_word' id='word_1_253' title='bbox 855 1863 912 1914; x_wconf 77' lang='grc' dir='ltr'>ἐν</span> <span class='ocrx_word' id='word_1_254' title='bbox 946 1862 1408 1934; x_wconf 78' lang='grc' dir='ltr'>τρεισκαιδεκάτῳ</span> <span class='ocrx_word' id='word_1_255' title='bbox 1441 1863 1548 1918; x_wconf 86' lang='grc' dir='ltr'>τῶν</span> <span class='ocrx_word' id='word_1_256' title='bbox 1592 1864 1913 1932; x_wconf 72' lang='grc' dir='ltr'>θεολογικῶν</span> <span class='ocrx_word' id='word_1_257' title='bbox 1949 1834 1987 1888; x_wconf 62' lang='grc' dir='ltr'><strong>Β</strong></span> <span class='ocrx_word' id='word_1_258' title='bbox 2019 1845 2342 1915; x_wconf 72' lang='grc' dir='ltr'>ποιούμενος</span> <span class='ocrx_word' id='word_1_259' title='bbox 2394 1842 2488 1896; x_wconf 65' lang='grc' dir='ltr'><strong>ὑπ’</strong></span> <span class='ocrx_word' id='word_1_260' title='bbox 2517 1844 2767 1913; x_wconf 76' lang='grc' dir='ltr'>ἀνάθεμα</span> <span class='ocrx_word' id='word_1_261' title='bbox 2800 1844 2984 1913; x_wconf 73' lang='grc' dir='ltr'>τρίτον</span> <span class='ocrx_word' id='word_1_262' title='bbox 3020 1841 3112 1895; x_wconf 74' lang='grc' dir='ltr'><strong>τδν</strong></span> <span class='ocrx_word' id='word_1_263' title='bbox 3149 1840 3268 1912; x_wconf 63' lang='grc' dir='ltr'><strong>ἦτοι</strong></span> <span class='ocrx_word' id='word_1_264' title='bbox 3293 1836 3583 1934; x_wconf 47' lang='grc' dir='ltr'><strong>δῗξᾴξονττξ</strong></span> 
     </span>
    </p>
   </div>
   <div class='ocr_carea' id='block_1_32' title="bbox 330 1948 1915 2026">
    <p class='ocr_par' dir='ltr' id='par_1_32' title="bbox 330 1948 1915 2026">
     <span class='ocr_line' id='line_1_32' title="bbox 330 1948 1915 2026; baseline 0.004 -26"><span class='ocrx_word' id='word_1_265' title='bbox 330 1948 507 2001; x_wconf 72' lang='grc' dir='ltr'>αὑτοῦ</span> <span class='ocrx_word' id='word_1_266' title='bbox 528 1950 835 2017; x_wconf 79' lang='grc' dir='ltr'>κεφαλαίων</span> <span class='ocrx_word' id='word_1_267' title='bbox 860 1951 1104 2020; x_wconf 67' lang='grc' dir='ltr'>λέγοντα,</span> <span class='ocrx_word' id='word_1_268' title='bbox 1133 1972 1150 2005; x_wconf 80' lang='lat' dir='ltr'><strong>t</strong></span> <span class='ocrx_word' id='word_1_269' title='bbox 1180 1956 1288 2008; x_wconf 73' lang='grc' dir='ltr'>Καὶ</span> <span class='ocrx_word' id='word_1_270' title='bbox 1318 1954 1406 2007; x_wconf 77' lang='grc' dir='ltr'>διὰ</span> <span class='ocrx_word' id='word_1_271' title='bbox 1426 1955 1600 2023; x_wconf 81' lang='grc' dir='ltr'>Λόγου</span> <span class='ocrx_word' id='word_1_272' title='bbox 1620 1955 1915 2026; x_wconf 68' lang='grc' dir='ltr'>προϐολείρς</span> 
     </span>
    </p>
   </div>
   <div class='ocr_carea' id='block_1_33' title="bbox 329 2041 1906 2116">
    <p class='ocr_par' dir='ltr' id='par_1_33' title="bbox 329 2041 1906 2116">
     <span class='ocr_line' id='line_1_33' title="bbox 329 2041 1906 2116; baseline 0.004 -25"><span class='ocrx_word' id='word_1_273' title='bbox 329 2041 737 2111; x_wconf 78' lang='grc' dir='ltr'>ἐκφαντορικοῦ</span> <span class='ocrx_word' id='word_1_274' title='bbox 788 2044 1123 2112; x_wconf 81' lang='grc' dir='ltr'>Πνεύματος,</span> <span class='ocrx_word' id='word_1_275' title='bbox 1167 2063 1185 2096; x_wconf 73' lang='grc' dir='ltr'><strong>ι</strong></span> <span class='ocrx_word' id='word_1_276' title='bbox 1242 2044 1717 2116; x_wconf 78' lang='grc' dir='ltr'>ὲκλαμόανόμενος</span> <span class='ocrx_word' id='word_1_277' title='bbox 1754 2045 1810 2098; x_wconf 79' lang='grc' dir='ltr'>δὲ</span> <span class='ocrx_word' id='word_1_278' title='bbox 1846 2045 1906 2097; x_wconf 77' lang='grc' dir='ltr'>τὸ</span> 
     </span>
    </p>
   </div>
   <div class='ocr_carea' id='block_1_34' title="bbox 331 2129 1909 2207">
    <p class='ocr_par' dir='ltr' id='par_1_34' title="bbox 331 2129 1909 2207">
     <span class='ocr_line' id='line_1_34' title="bbox 331 2129 1909 2207; baseline 0.004 -26"><span class='ocrx_word' id='word_1_279' title='bbox 331 2129 638 2198; x_wconf 80' lang='grc' dir='ltr'>προὸολεὺς</span> <span class='ocrx_word' id='word_1_280' title='bbox 667 2134 748 2194; x_wconf 84' lang='grc' dir='ltr'>εἰς</span> <span class='ocrx_word' id='word_1_281' title='bbox 793 2134 855 2184; x_wconf 80' lang='grc' dir='ltr'>τὸ</span> <span class='ocrx_word' id='word_1_282' title='bbox 891 2130 1063 2195; x_wconf 72' lang='grc' dir='ltr'>αἴτιος</span> <span class='ocrx_word' id='word_1_283' title='bbox 1112 2135 1283 2203; x_wconf 82' lang='grc' dir='ltr'>(μηδὲ</span> <span class='ocrx_word' id='word_1_284' title='bbox 1320 2136 1427 2205; x_wconf 70' lang='grc' dir='ltr'>γὰρ</span> <span class='ocrx_word' id='word_1_285' title='bbox 1478 2131 1623 2190; x_wconf 66' lang='grc' dir='ltr'>εἶναι</span> <span class='ocrx_word' id='word_1_286' title='bbox 1641 2136 1739 2207; x_wconf 68' lang='grc' dir='ltr'>τὴν</span> <span class='ocrx_word' id='word_1_287' title='bbox 1766 2136 1909 2200; x_wconf 77' lang='grc' dir='ltr'>λέξιν</span> 
     </span>
    </p>
   </div>
   <div class='ocr_carea' id='block_1_35' title="bbox 330 2222 1906 2299">
    <p class='ocr_par' dir='ltr' id='par_1_35' title="bbox 330 2222 1906 2299">
     <span class='ocr_line' id='line_1_35' title="bbox 330 2222 1906 2299; baseline 0.004 -24"><span class='ocrx_word' id='word_1_288' title='bbox 330 2224 425 2276; x_wconf 68' lang='grc' dir='ltr'><strong>ἐπ’</strong></span> <span class='ocrx_word' id='word_1_289' title='bbox 449 2222 610 2278; x_wconf 77' lang='grc' dir='ltr'>ἄλλου</span> <span class='ocrx_word' id='word_1_290' title='bbox 638 2225 1039 2295; x_wconf 79' lang='grc' dir='ltr'>σημαινομένου</span> <span class='ocrx_word' id='word_1_291' title='bbox 1070 2225 1482 2297; x_wconf 78' lang='grc' dir='ltr'>λαμϐάνεσθαι)</span> <span class='ocrx_word' id='word_1_292' title='bbox 1509 2230 1601 2280; x_wconf 79' lang='grc' dir='ltr'>καὶ</span> <span class='ocrx_word' id='word_1_293' title='bbox 1626 2229 1714 2282; x_wconf 78' lang='grc' dir='ltr'>διὰ</span> <span class='ocrx_word' id='word_1_294' title='bbox 1734 2231 1906 2299; x_wconf 60' lang='grc' dir='ltr'>Λόγιυ</span> 
     </span>
    </p>
   </div>
   <div class='ocr_carea' id='block_1_36' title="bbox 332 2401 1903 2474">
    <p class='ocr_par' dir='ltr' id='par_1_36' title="bbox 332 2401 1903 2474">
     <span class='ocr_line' id='line_1_36' title="bbox 332 2401 1903 2474; baseline 0.004 -22"><span class='ocrx_word' id='word_1_295' title='bbox 332 2410 528 2469; x_wconf 76' lang='lat' dir='ltr'><strong>geret;</strong></span> <span class='ocrx_word' id='word_1_296' title='bbox 560 2414 792 2469; x_wconf 89' lang='lat' dir='ltr'><strong>quorum</strong></span> <span class='ocrx_word' id='word_1_297' title='bbox 834 2401 1067 2456; x_wconf 78' lang='lat' dir='ltr'><strong>nihilne</strong></span> <span class='ocrx_word' id='word_1_298' title='bbox 1094 2402 1266 2472; x_wconf 88' lang='lat' dir='ltr'><strong>prima</strong></span> <span class='ocrx_word' id='word_1_299' title='bbox 1316 2402 1535 2469; x_wconf 81' lang='lat' dir='ltr'><strong>quidem</strong></span> <span class='ocrx_word' id='word_1_300' title='bbox 1577 2403 1903 2474; x_wconf 73' lang='lat' dir='ltr'><strong>cogitatione</strong></span> 
     </span>
    </p>
   </div>
   <div class='ocr_carea' id='block_1_37' title="bbox 335 2490 1901 2565">
    <p class='ocr_par' dir='ltr' id='par_1_37' title="bbox 335 2490 1901 2565">
     <span class='ocr_line' id='line_1_37' title="bbox 335 2490 1901 2565; baseline 0.006 -22"><span class='ocrx_word' id='word_1_301' title='bbox 335 2502 501 2545; x_wconf 70' lang='lat' dir='ltr'><strong>tenus</strong></span> <span class='ocrx_word' id='word_1_302' title='bbox 526 2490 629 2545; x_wconf 88' lang='lat' dir='ltr'><strong>sibi</strong></span> <span class='ocrx_word' id='word_1_303' title='bbox 675 2491 891 2547; x_wconf 81' lang='lat' dir='ltr'><strong>venisse</strong></span> <span class='ocrx_word' id='word_1_304' title='bbox 932 2493 985 2548; x_wconf 91' lang='lat' dir='ltr'><strong>in</strong></span> <span class='ocrx_word' id='word_1_305' title='bbox 1028 2505 1263 2563; x_wconf 84' lang='lat' dir='ltr'><strong>mentem</strong></span> <span class='ocrx_word' id='word_1_306' title='bbox 1296 2494 1556 2549; x_wconf 78' lang='lat' dir='ltr'><strong>scribenti</strong></span> <span class='ocrx_word' id='word_1_307' title='bbox 1598 2494 1901 2565; x_wconf 73' lang='lat' dir='ltr'><strong>deierabat.</strong></span> 
     </span>
    </p>
   </div>
   <div class='ocr_carea' id='block_1_38' title="bbox 333 2579 1899 2655">
    <p class='ocr_par' dir='ltr' id='par_1_38' title="bbox 333 2579 1899 2655">
     <span class='ocr_line' id='line_1_38' title="bbox 333 2579 1899 2655; baseline 0.003 -20"><span class='ocrx_word' id='word_1_308' title='bbox 333 2579 524 2635; x_wconf 83' lang='lat' dir='ltr'><strong>Solum</strong></span> <span class='ocrx_word' id='word_1_309' title='bbox 560 2582 795 2635; x_wconf 87' lang='lat' dir='ltr'><strong>voluisse</strong></span> <span class='ocrx_word' id='word_1_310' title='bbox 823 2597 1057 2651; x_wconf 81' lang='lat' dir='ltr'><strong>purgare</strong></span> <span class='ocrx_word' id='word_1_311' title='bbox 1077 2582 1304 2648; x_wconf 83' lang='lat' dir='ltr'><strong>crimen,</strong></span> <span class='ocrx_word' id='word_1_312' title='bbox 1331 2599 1440 2637; x_wconf 79' lang='lat' dir='ltr'><strong>non</strong></span> <span class='ocrx_word' id='word_1_313' title='bbox 1469 2584 1597 2639; x_wconf 91' lang='lat' dir='ltr'><strong>illud</strong></span> <span class='ocrx_word' id='word_1_314' title='bbox 1628 2586 1899 2655; x_wconf 89' lang='lat' dir='ltr'><strong>proprium</strong></span> 
     </span>
    </p>
   </div>
   <div class='ocr_carea' id='block_1_39' title="bbox 334 2670 1902 2741">
    <p class='ocr_par' dir='ltr' id='par_1_39' title="bbox 334 2670 1902 2741">
     <span class='ocr_line' id='line_1_39' title="bbox 334 2670 1902 2741; baseline 0.004 -18"><span class='ocrx_word' id='word_1_315' title='bbox 334 2670 654 2724; x_wconf 76' lang='lat' dir='ltr'><strong>Latinorum</strong></span> <span class='ocrx_word' id='word_1_316' title='bbox 709 2687 819 2739; x_wconf 91' lang='lat' dir='ltr'><strong>quo</strong></span> <span class='ocrx_word' id='word_1_317' title='bbox 866 2673 1020 2741; x_wconf 87' lang='lat' dir='ltr'><strong>ipsos</strong></span> <span class='ocrx_word' id='word_1_318' title='bbox 1101 2673 1417 2733; x_wconf 80' lang='lat' dir='ltr'><strong>attentanda</strong></span> <span class='ocrx_word' id='word_1_319' title='bbox 1496 2673 1774 2737; x_wconf 85' lang='lat' dir='ltr'><strong>additione</strong></span> <span class='ocrx_word' id='word_1_320' title='bbox 1834 2675 1902 2729; x_wconf 91' lang='lat' dir='ltr'><strong>ad</strong></span> 
     </span>
    </p>
   </div>
   <div class='ocr_carea' id='block_1_40' title="bbox 334 2759 1900 2834">
    <p class='ocr_par' dir='ltr' id='par_1_40' title="bbox 334 2759 1900 2834">
     <span class='ocr_line' id='line_1_40' title="bbox 334 2759 1900 2834; baseline 0.006 -25"><span class='ocrx_word' id='word_1_321' title='bbox 334 2759 652 2830; x_wconf 73' lang='lat' dir='ltr'><strong>Symbolum</strong></span> <span class='ocrx_word' id='word_1_322' title='bbox 715 2760 996 2830; x_wconf 85' lang='lat' dir='ltr'><strong>prolapsos</strong></span> <span class='ocrx_word' id='word_1_323' title='bbox 1049 2760 1341 2826; x_wconf 82' lang='lat' dir='ltr'><strong>fatebatur,</strong></span> <span class='ocrx_word' id='word_1_324' title='bbox 1399 2763 1719 2833; x_wconf 81' lang='lat' dir='ltr'><strong>gravissime</strong></span> <span class='ocrx_word' id='word_1_325' title='bbox 1773 2779 1900 2834; x_wconf 79' lang='lat' dir='ltr'><strong>pec-</strong></span> 
     </span>
    </p>
   </div>
   <div class='ocr_carea' id='block_1_41' title="bbox 334 2853 1900 2922">
    <p class='ocr_par' dir='ltr' id='par_1_41' title="bbox 334 2853 1900 2922">
     <span class='ocr_line' id='line_1_41' title="bbox 334 2853 1900 2922; baseline 0.004 -18"><span class='ocrx_word' id='word_1_326' title='bbox 334 2853 516 2905; x_wconf 81' lang='lat' dir='ltr'><strong>cando</strong></span> <span class='ocrx_word' id='word_1_327' title='bbox 537 2861 727 2907; x_wconf 87' lang='lat' dir='ltr'><strong>contra</strong></span> <span class='ocrx_word' id='word_1_328' title='bbox 760 2853 1129 2922; x_wconf 88' lang='lat' dir='ltr'><strong>disciplinam,</strong></span> <span class='ocrx_word' id='word_1_329' title='bbox 1169 2870 1278 2908; x_wconf 91' lang='lat' dir='ltr'><strong>non</strong></span> <span class='ocrx_word' id='word_1_330' title='bbox 1322 2866 1501 2910; x_wconf 86' lang='lat' dir='ltr'><strong>tamen</strong></span> <span class='ocrx_word' id='word_1_331' title='bbox 1533 2871 1562 2909; x_wconf 90' lang='lat' dir='ltr'><strong>a</strong></span> <span class='ocrx_word' id='word_1_332' title='bbox 1595 2856 1699 2912; x_wconf 86' lang='lat' dir='ltr'><strong>ﬁde</strong></span> <span class='ocrx_word' id='word_1_333' title='bbox 1744 2857 1900 2911; x_wconf 88' lang='lat' dir='ltr'><strong>aber-</strong></span> 
     </span>
    </p>
   </div>
   <div class='ocr_carea' id='block_1_42' title="bbox 335 2946 1900 3018">
    <p class='ocr_par' dir='ltr' id='par_1_42' title="bbox 335 2946 1900 3018">
     <span class='ocr_line' id='line_1_42' title="bbox 335 2946 1900 3018; baseline 0.004 -21"><span class='ocrx_word' id='word_1_334' title='bbox 335 2946 534 3008; x_wconf 84' lang='lat' dir='ltr'><strong>rando,</strong></span> <span class='ocrx_word' id='word_1_335' title='bbox 577 2947 672 3001; x_wconf 88' lang='lat' dir='ltr'><strong>sed</strong></span> <span class='ocrx_word' id='word_1_336' title='bbox 728 2947 933 3001; x_wconf 88' lang='lat' dir='ltr'><strong>crimen</strong></span> <span class='ocrx_word' id='word_1_337' title='bbox 975 2947 1262 3012; x_wconf 73' lang='lat' dir='ltr'><strong>haereseos,</strong></span> <span class='ocrx_word' id='word_1_338' title='bbox 1323 2946 1533 3018; x_wconf 84' lang='lat' dir='ltr'><strong>quodsi</strong></span> <span class='ocrx_word' id='word_1_339' title='bbox 1590 2949 1798 3004; x_wconf 74' lang='lat' dir='ltr'><strong>hzerere</strong></span> <span class='ocrx_word' id='word_1_340' title='bbox 1846 2951 1900 3004; x_wconf 91' lang='lat' dir='ltr'><strong>in</strong></span> 
     </span>
    </p>
   </div>
   <div class='ocr_carea' id='block_1_43' title="bbox 337 3035 1900 3109">
    <p class='ocr_par' dir='ltr' id='par_1_43' title="bbox 337 3035 1900 3109">
     <span class='ocr_line' id='line_1_43' title="bbox 337 3035 1900 3109; baseline 0.004 -22"><span class='ocrx_word' id='word_1_341' title='bbox 337 3035 544 3091; x_wconf 81' lang='lat' dir='ltr'><strong>Latinis</strong></span> <span class='ocrx_word' id='word_1_342' title='bbox 576 3046 877 3106; x_wconf 91' lang='lat' dir='ltr'><strong>putaretur,</strong></span> <span class='ocrx_word' id='word_1_343' title='bbox 912 3036 1054 3094; x_wconf 85' lang='lat' dir='ltr'><strong>haud</strong></span> <span class='ocrx_word' id='word_1_344' title='bbox 1094 3038 1259 3093; x_wconf 87' lang='lat' dir='ltr'><strong>dubie</strong></span> <span class='ocrx_word' id='word_1_345' title='bbox 1306 3039 1360 3092; x_wconf 92' lang='lat' dir='ltr'><strong>in</strong></span> <span class='ocrx_word' id='word_1_346' title='bbox 1421 3036 1638 3093; x_wconf 70' lang='lat' dir='ltr'><strong>Graecos</strong></span> <span class='ocrx_word' id='word_1_347' title='bbox 1686 3054 1900 3109; x_wconf 90' lang='lat' dir='ltr'><strong>quoque</strong></span> 
     </span>
    </p>
   </div>
   <div class='ocr_carea' id='block_1_44' title="bbox 334 3128 1900 3184">
    <p class='ocr_par' dir='ltr' id='par_1_44' title="bbox 334 3128 1900 3184">
     <span class='ocr_line' id='line_1_44' title="bbox 334 3128 1900 3184; baseline 0.003 -5"><span class='ocrx_word' id='word_1_348' title='bbox 334 3142 461 3179; x_wconf 82' lang='lat' dir='ltr'><strong>cum</strong></span> <span class='ocrx_word' id='word_1_349' title='bbox 494 3128 559 3181; x_wconf 89' lang='lat' dir='ltr'><strong>iis</strong></span> <span class='ocrx_word' id='word_1_350' title='bbox 605 3128 1079 3184; x_wconf 85' lang='lat' dir='ltr'><strong>communicantes</strong></span> <span class='ocrx_word' id='word_1_351' title='bbox 1135 3128 1488 3184; x_wconf 84' lang='lat' dir='ltr'><strong>redundaret.</strong></span> <span class='ocrx_word' id='word_1_352' title='bbox 1550 3128 1900 3184; x_wconf 87' lang='lat' dir='ltr'><strong>Consuluisse</strong></span> 
     </span>
    </p>
   </div>
   <div class='ocr_carea' id='block_1_45' title="bbox 334 3217 1906 3289">
    <p class='ocr_par' dir='ltr' id='par_1_45' title="bbox 334 3217 1906 3289">
     <span class='ocr_line' id='line_1_45' title="bbox 334 3217 1906 3289; baseline 0.004 -20"><span class='ocrx_word' id='word_1_353' title='bbox 334 3219 507 3287; x_wconf 55' lang='lat' dir='ltr'><strong>igitur</strong></span> <span class='ocrx_word' id='word_1_354' title='bbox 553 3234 614 3273; x_wconf 90' lang='lat' dir='ltr'><strong>se</strong></span> <span class='ocrx_word' id='word_1_355' title='bbox 644 3219 759 3274; x_wconf 85' lang='lat' dir='ltr'><strong>suis</strong></span> <span class='ocrx_word' id='word_1_356' title='bbox 816 3217 1020 3273; x_wconf 63' lang='lat' dir='ltr'><strong>Graecis</strong></span> <span class='ocrx_word' id='word_1_357' title='bbox 1069 3234 1234 3289; x_wconf 84' lang='lat' dir='ltr'><strong>opera</strong></span> <span class='ocrx_word' id='word_1_358' title='bbox 1294 3219 1406 3284; x_wconf 89' lang='lat' dir='ltr'><strong>illa,</strong></span> <span class='ocrx_word' id='word_1_359' title='bbox 1449 3229 1502 3273; x_wconf 89' lang='lat' dir='ltr'><strong>et</strong></span> <span class='ocrx_word' id='word_1_360' title='bbox 1557 3222 1623 3274; x_wconf 90' lang='lat' dir='ltr'><strong>de</strong></span> <span class='ocrx_word' id='word_1_361' title='bbox 1662 3219 1726 3274; x_wconf 88' lang='lat' dir='ltr'><strong>iis</strong></span> <span class='ocrx_word' id='word_1_362' title='bbox 1768 3220 1906 3275; x_wconf 85' lang='lat' dir='ltr'><strong>bene</strong></span> 
     </span>
    </p>
   </div>
   <div class='ocr_carea' id='block_1_46' title="bbox 335 3308 1907 3379">
    <p class='ocr_par' dir='ltr' id='par_1_46' title="bbox 335 3308 1907 3379">
     <span class='ocr_line' id='line_1_46' title="bbox 335 3308 1907 3379; baseline 0.003 -18"><span class='ocrx_word' id='word_1_363' title='bbox 335 3311 617 3373; x_wconf 81' lang='lat' dir='ltr'><strong>meritum,</strong></span> <span class='ocrx_word' id='word_1_364' title='bbox 650 3310 839 3379; x_wconf 89' lang='lat' dir='ltr'><strong>utique</strong></span> <span class='ocrx_word' id='word_1_365' title='bbox 870 3325 993 3364; x_wconf 90' lang='lat' dir='ltr'><strong>cum</strong></span> <span class='ocrx_word' id='word_1_366' title='bbox 1030 3308 1111 3364; x_wconf 90' lang='lat' dir='ltr'><strong>sic</strong></span> <span class='ocrx_word' id='word_1_367' title='bbox 1142 3311 1446 3365; x_wconf 86' lang='lat' dir='ltr'><strong>ostenderit</strong></span> <span class='ocrx_word' id='word_1_368' title='bbox 1496 3310 1627 3365; x_wconf 84' lang='lat' dir='ltr'><strong>nihil</strong></span> <span class='ocrx_word' id='word_1_369' title='bbox 1662 3322 1756 3365; x_wconf 88' lang='lat' dir='ltr'><strong>eos</strong></span> <span class='ocrx_word' id='word_1_370' title='bbox 1808 3328 1907 3366; x_wconf 73' lang='lat' dir='ltr'><strong>ne-</strong></span> 
     </span>
    </p>
   </div>
   <div class='ocr_carea' id='block_1_47' title="bbox 336 3402 1909 3472">
    <p class='ocr_par' dir='ltr' id='par_1_47' title="bbox 336 3402 1909 3472">
     <span class='ocr_line' id='line_1_47' title="bbox 336 3402 1909 3472; baseline 0.003 -19"><span class='ocrx_word' id='word_1_371' title='bbox 336 3402 533 3454; x_wconf 71' lang='lat' dir='ltr'><strong>farium</strong></span> <span class='ocrx_word' id='word_1_372' title='bbox 564 3403 762 3472; x_wconf 77' lang='lat' dir='ltr'><strong>egisse,</strong></span> <span class='ocrx_word' id='word_1_373' title='bbox 795 3402 1016 3470; x_wconf 81' lang='lat' dir='ltr'><strong>quando</strong></span> <span class='ocrx_word' id='word_1_374' title='bbox 1043 3411 1269 3472; x_wconf 77' lang='lat' dir='ltr'><strong>propter</strong></span> <span class='ocrx_word' id='word_1_375' title='bbox 1296 3404 1444 3472; x_wconf 82' lang='lat' dir='ltr'><strong>pacis</strong></span> <span class='ocrx_word' id='word_1_376' title='bbox 1476 3403 1681 3458; x_wconf 90' lang='lat' dir='ltr'><strong>bonum</strong></span> <span class='ocrx_word' id='word_1_377' title='bbox 1714 3416 1766 3458; x_wconf 91' lang='lat' dir='ltr'><strong>et</strong></span> <span class='ocrx_word' id='word_1_378' title='bbox 1816 3420 1909 3458; x_wconf 89' lang='lat' dir='ltr'><strong>ve-</strong></span> 
     </span>
    </p>
   </div>
   <div class='ocr_carea' id='block_1_48' title="bbox 338 3490 1906 3550">
    <p class='ocr_par' dir='ltr' id='par_1_48' title="bbox 338 3490 1906 3550">
     <span class='ocr_line' id='line_1_48' title="bbox 338 3490 1906 3550; baseline 0 -3"><span class='ocrx_word' id='word_1_379' title='bbox 338 3504 510 3547; x_wconf 74' lang='lat' dir='ltr'><strong>terem</strong></span> <span class='ocrx_word' id='word_1_380' title='bbox 543 3508 729 3548; x_wconf 90' lang='lat' dir='ltr'><strong>rerum</strong></span> <span class='ocrx_word' id='word_1_381' title='bbox 753 3490 1006 3548; x_wconf 83' lang='lat' dir='ltr'><strong>Ecclesiae</strong></span> <span class='ocrx_word' id='word_1_382' title='bbox 1035 3502 1234 3548; x_wconf 88' lang='lat' dir='ltr'><strong>statum</strong></span> <span class='ocrx_word' id='word_1_383' title='bbox 1266 3495 1637 3550; x_wconf 83' lang='lat' dir='ltr'><strong>reducendum</strong></span> <span class='ocrx_word' id='word_1_384' title='bbox 1672 3508 1906 3550; x_wconf 76' lang='lat' dir='ltr'><strong>consen-</strong></span> 
     </span>
    </p>
   </div>
   <div class='ocr_carea' id='block_1_49' title="bbox 335 3584 1907 3657">
    <p class='ocr_par' dir='ltr' id='par_1_49' title="bbox 335 3584 1907 3657">
     <span class='ocr_line' id='line_1_49' title="bbox 335 3584 1907 3657; baseline 0.002 -19"><span class='ocrx_word' id='word_1_385' title='bbox 335 3598 520 3638; x_wconf 80' lang='lat' dir='ltr'><strong>serant</strong></span> <span class='ocrx_word' id='word_1_386' title='bbox 545 3584 602 3637; x_wconf 92' lang='lat' dir='ltr'><strong>in</strong></span> <span class='ocrx_word' id='word_1_387' title='bbox 630 3585 1069 3640; x_wconf 86' lang='lat' dir='ltr'><strong>communionem</strong></span> <span class='ocrx_word' id='word_1_388' title='bbox 1105 3600 1229 3640; x_wconf 88' lang='lat' dir='ltr'><strong>cum</strong></span> <span class='ocrx_word' id='word_1_389' title='bbox 1256 3585 1321 3640; x_wconf 91' lang='lat' dir='ltr'><strong>iis</strong></span> <span class='ocrx_word' id='word_1_390' title='bbox 1360 3589 1746 3655; x_wconf 87' lang='lat' dir='ltr'><strong>usurpandam,</strong></span> <span class='ocrx_word' id='word_1_391' title='bbox 1770 3602 1907 3657; x_wconf 89' lang='lat' dir='ltr'><strong>quos</strong></span> 
     </span>
    </p>
   </div>
   <div class='ocr_carea' id='block_1_50' title="bbox 336 3677 1901 3747">
    <p class='ocr_par' dir='ltr' id='par_1_50' title="bbox 336 3677 1901 3747">
     <span class='ocr_line' id='line_1_50' title="bbox 336 3677 1901 3747; baseline 0.001 -17"><span class='ocrx_word' id='word_1_392' title='bbox 336 3692 506 3747; x_wconf 86' lang='lat' dir='ltr'><strong>puros</strong></span> <span class='ocrx_word' id='word_1_393' title='bbox 545 3679 617 3731; x_wconf 89' lang='lat' dir='ltr'><strong>ab</strong></span> <span class='ocrx_word' id='word_1_394' title='bbox 646 3677 796 3732; x_wconf 90' lang='lat' dir='ltr'><strong>omni</strong></span> <span class='ocrx_word' id='word_1_395' title='bbox 856 3677 1126 3733; x_wconf 73' lang='lat' dir='ltr'><strong>haereseos</strong></span> <span class='ocrx_word' id='word_1_396' title='bbox 1179 3677 1390 3733; x_wconf 81' lang='lat' dir='ltr'><strong>macula</strong></span> <span class='ocrx_word' id='word_1_397' title='bbox 1425 3693 1547 3732; x_wconf 90' lang='lat' dir='ltr'><strong>esse</strong></span> <span class='ocrx_word' id='word_1_398' title='bbox 1607 3690 1901 3733; x_wconf 86' lang='lat' dir='ltr'><strong>constaret.</strong></span> 
     </span>
    </p>
   </div>
   <div class='ocr_carea' id='block_1_51' title="bbox 335 3768 1904 3841">
    <p class='ocr_par' dir='ltr' id='par_1_51' title="bbox 335 3768 1904 3841">
     <span class='ocr_line' id='line_1_51' title="bbox 335 3768 1904 3841; baseline 0.001 -19"><span class='ocrx_word' id='word_1_399' title='bbox 335 3769 510 3824; x_wconf 85' lang='lat' dir='ltr'><strong>Porro</strong></span> <span class='ocrx_word' id='word_1_400' title='bbox 569 3768 1010 3838; x_wconf 79' lang='lat' dir='ltr'><strong>aequivalentiam</strong></span> <span class='ocrx_word' id='word_1_401' title='bbox 1073 3770 1220 3824; x_wconf 89' lang='lat' dir='ltr'><strong>inter</strong></span> <span class='ocrx_word' id='word_1_402' title='bbox 1276 3784 1396 3824; x_wconf 86' lang='lat' dir='ltr'><strong>sese</strong></span> <span class='ocrx_word' id='word_1_403' title='bbox 1423 3785 1487 3825; x_wconf 89' lang='lat' dir='ltr'><strong>ac</strong></span> <span class='ocrx_word' id='word_1_404' title='bbox 1543 3772 1904 3841; x_wconf 79' lang='lat' dir='ltr'><strong>promiscuam</strong></span> 
     </span>
    </p>
   </div>
   <div class='ocr_carea' id='block_1_52' title="bbox 336 3860 1905 3932">
    <p class='ocr_par' dir='ltr' id='par_1_52' title="bbox 336 3860 1905 3932">
     <span class='ocr_line' id='line_1_52' title="bbox 336 3860 1905 3932; baseline 0.001 -17"><span class='ocrx_word' id='word_1_405' title='bbox 336 3862 619 3915; x_wconf 85' lang='lat' dir='ltr'><strong>notionem</strong></span> <span class='ocrx_word' id='word_1_406' title='bbox 647 3860 1099 3932; x_wconf 60' lang='lat' dir='ltr'><strong>prapositionum</strong></span> <span class='ocrx_word' id='word_1_407' title='bbox 1125 3862 1194 3914; x_wconf 78' lang='grc' dir='ltr'>ἐκ</span> <span class='ocrx_word' id='word_1_408' title='bbox 1224 3877 1287 3914; x_wconf 80' lang='lat' dir='ltr'><strong>ea:</strong></span> <span class='ocrx_word' id='word_1_409' title='bbox 1312 3871 1366 3916; x_wconf 88' lang='lat' dir='ltr'><strong>et</strong></span> <span class='ocrx_word' id='word_1_410' title='bbox 1392 3862 1481 3915; x_wconf 88' lang='grc' dir='ltr'><strong>διά</strong></span> <span class='ocrx_word' id='word_1_411' title='bbox 1520 3878 1611 3930; x_wconf 83' lang='lat' dir='ltr'><strong>per</strong></span> <span class='ocrx_word' id='word_1_412' title='bbox 1642 3864 1905 3917; x_wconf 78' lang='lat' dir='ltr'><strong>maximo-</strong></span> 
     </span>
    </p>
   </div>
   <div class='ocr_carea' id='block_1_53' title="bbox 335 3935 1907 4025">
    <p class='ocr_par' dir='ltr' id='par_1_53' title="bbox 335 3935 1907 4025">
     <span class='ocr_line' id='line_1_53' title="bbox 335 3935 1907 4025; baseline 0.001 -18"><span class='ocrx_word' id='word_1_413' title='bbox 335 3968 469 4023; x_wconf 85' lang='lat' dir='ltr'><strong>pere</strong></span> <span class='ocrx_word' id='word_1_414' title='bbox 499 3935 759 4020; x_wconf 71' lang='lat' dir='ltr'><strong>astruxit,</strong></span> <span class='ocrx_word' id='word_1_415' title='bbox 807 3955 1151 4010; x_wconf 88' lang='lat' dir='ltr'><strong>contendens</strong></span> <span class='ocrx_word' id='word_1_416' title='bbox 1200 3956 1548 4024; x_wconf 86' lang='lat' dir='ltr'><strong>persuadere,</strong></span> <span class='ocrx_word' id='word_1_417' title='bbox 1578 3956 1791 4025; x_wconf 87' lang='lat' dir='ltr'><strong>quoties</strong></span> <span class='ocrx_word' id='word_1_418' title='bbox 1830 3973 1907 4010; x_wconf 81' lang='lat' dir='ltr'><strong>eae</strong></span> 
     </span>
    </p>
   </div>
   <div class='ocr_carea' id='block_1_54' title="bbox 337 4044 1909 4116">
    <p class='ocr_par' dir='ltr' id='par_1_54' title="bbox 337 4044 1909 4116">
     <span class='ocr_line' id='line_1_54' title="bbox 337 4044 1909 4116; baseline -0.001 -13"><span class='ocrx_word' id='word_1_419' title='bbox 337 4047 605 4103; x_wconf 85' lang='lat' dir='ltr'><strong>tradenda</strong></span> <span class='ocrx_word' id='word_1_420' title='bbox 640 4045 762 4100; x_wconf 84' lang='lat' dir='ltr'><strong>Filii</strong></span> <span class='ocrx_word' id='word_1_421' title='bbox 811 4044 1000 4101; x_wconf 73' lang='lat' dir='ltr'><strong>aeterni</strong></span> <span class='ocrx_word' id='word_1_422' title='bbox 1031 4046 1306 4116; x_wconf 83' lang='lat' dir='ltr'><strong>theologia</strong></span> <span class='ocrx_word' id='word_1_423' title='bbox 1367 4055 1782 4116; x_wconf 86' lang='lat' dir='ltr'><strong>usurparentur,</strong></span> <span class='ocrx_word' id='word_1_424' title='bbox 1829 4049 1909 4102; x_wconf 84' lang='lat' dir='ltr'><strong>sic</strong></span> 
     </span>
    </p>
   </div>
   <div class='ocr_carea' id='block_1_55' title="bbox 338 4134 1908 4208">
    <p class='ocr_par' dir='ltr' id='par_1_55' title="bbox 338 4134 1908 4208">
     <span class='ocr_line' id='line_1_55' title="bbox 338 4134 1908 4208; baseline -0.001 -13"><span class='ocrx_word' id='word_1_425' title='bbox 338 4141 571 4195; x_wconf 80' lang='lat' dir='ltr'><strong>ouitiino</strong></span> <span class='ocrx_word' id='word_1_426' title='bbox 634 4134 1014 4208; x_wconf 80' lang='lat' dir='ltr'><strong>intelligendas</strong></span> <span class='ocrx_word' id='word_1_427' title='bbox 1089 4145 1346 4206; x_wconf 87' lang='lat' dir='ltr'><strong>tanquam</strong></span> <span class='ocrx_word' id='word_1_428' title='bbox 1413 4153 1578 4191; x_wconf 92' lang='lat' dir='ltr'><strong>unum</strong></span> <span class='ocrx_word' id='word_1_429' title='bbox 1657 4137 1908 4206; x_wconf 86' lang='lat' dir='ltr'><strong>idemque</strong></span> 
     </span>
    </p>
   </div>
   <div class='ocr_carea' id='block_1_56' title="bbox 337 4223 1907 4299">
    <p class='ocr_par' dir='ltr' id='par_1_56' title="bbox 337 4223 1907 4299">
     <span class='ocr_line' id='line_1_56' title="bbox 337 4223 1907 4299; baseline -0.003 -14"><span class='ocrx_word' id='word_1_430' title='bbox 337 4231 515 4285; x_wconf 59' lang='lat' dir='ltr'><strong>ambae</strong></span> <span class='ocrx_word' id='word_1_431' title='bbox 538 4229 933 4299; x_wconf 83' lang='lat' dir='ltr'><strong>signiﬁcarent,</strong></span> <span class='ocrx_word' id='word_1_432' title='bbox 967 4223 1129 4297; x_wconf 84' lang='lat' dir='ltr'><strong>idque</strong></span> <span class='ocrx_word' id='word_1_433' title='bbox 1154 4226 1355 4281; x_wconf 82' lang='lat' dir='ltr'><strong>diserte</strong></span> <span class='ocrx_word' id='word_1_434' title='bbox 1403 4228 1584 4283; x_wconf 79' lang='lat' dir='ltr'><strong>doceri</strong></span> <span class='ocrx_word' id='word_1_435' title='bbox 1635 4228 1812 4282; x_wconf 77' lang='lat' dir='ltr'><strong>aiebat</strong></span> <span class='ocrx_word' id='word_1_436' title='bbox 1852 4227 1907 4282; x_wconf 92' lang='lat' dir='ltr'><strong>in</strong></span> 
     </span>
    </p>
   </div>
   <div class='ocr_carea' id='block_1_57' title="bbox 338 4319 1909 4393">
    <p class='ocr_par' dir='ltr' id='par_1_57' title="bbox 338 4319 1909 4393">
     <span class='ocr_line' id='line_1_57' title="bbox 338 4319 1909 4393; baseline -0.003 -16"><span class='ocrx_word' id='word_1_437' title='bbox 338 4340 511 4393; x_wconf 88' lang='lat' dir='ltr'><strong>opere</strong></span> <span class='ocrx_word' id='word_1_438' title='bbox 533 4323 621 4377; x_wconf 81' lang='lat' dir='ltr'><strong>cui</strong></span> <span class='ocrx_word' id='word_1_439' title='bbox 648 4336 801 4376; x_wconf 89' lang='lat' dir='ltr'><strong>sacra</strong></span> <span class='ocrx_word' id='word_1_440' title='bbox 840 4319 1165 4389; x_wconf 87' lang='lat' dir='ltr'><strong>hoplotheea</strong></span> <span class='ocrx_word' id='word_1_441' title='bbox 1192 4319 1308 4374; x_wconf 88' lang='lat' dir='ltr'><strong>sive</strong></span> <span class='ocrx_word' id='word_1_442' title='bbox 1355 4335 1568 4374; x_wconf 88' lang='lat' dir='ltr'><strong>sacrum</strong></span> <span class='ocrx_word' id='word_1_443' title='bbox 1603 4332 1909 4374; x_wconf 86' lang='lat' dir='ltr'><strong>armamen-</strong></span> 
     </span>
    </p>
   </div>
   <div class='ocr_carea' id='block_1_58' title="bbox 341 4410 1909 4481">
    <p class='ocr_par' dir='ltr' id='par_1_58' title="bbox 341 4410 1909 4481">
     <span class='ocr_line' id='line_1_58' title="bbox 341 4410 1909 4481; baseline -0.004 -11"><span class='ocrx_word' id='word_1_444' title='bbox 341 4420 547 4470; x_wconf 80' lang='lat' dir='ltr'><strong>tarium</strong></span> <span class='ocrx_word' id='word_1_445' title='bbox 601 4429 797 4468; x_wconf 86' lang='lat' dir='ltr'><strong>nomen</strong></span> <span class='ocrx_word' id='word_1_446' title='bbox 824 4423 930 4478; x_wconf 85' lang='lat' dir='ltr'><strong>est,</strong></span> <span class='ocrx_word' id='word_1_447' title='bbox 965 4412 1059 4481; x_wconf 88' lang='lat' dir='ltr'><strong>qui</strong></span> <span class='ocrx_word' id='word_1_448' title='bbox 1111 4411 1248 4466; x_wconf 90' lang='lat' dir='ltr'><strong>liber</strong></span> <span class='ocrx_word' id='word_1_449' title='bbox 1301 4410 1445 4465; x_wconf 91' lang='lat' dir='ltr'><strong>inter</strong></span> <span class='ocrx_word' id='word_1_450' title='bbox 1477 4412 1822 4467; x_wconf 84' lang='lat' dir='ltr'><strong>authenticos</strong></span> <span class='ocrx_word' id='word_1_451' title='bbox 1853 4421 1909 4464; x_wconf 85' lang='lat' dir='ltr'><strong>ct</strong></span> 
     </span>
    </p>
   </div>
   <div class='ocr_carea' id='block_1_59' title="bbox 2015 1928 3583 2006">
    <p class='ocr_par' dir='ltr' id='par_1_59' title="bbox 2015 1928 3583 2006">
     <span class='ocr_line' id='line_1_59' title="bbox 2015 1928 3583 2006; baseline -0.005 -17"><span class='ocrx_word' id='word_1_452' title='bbox 2015 1937 2046 2004; x_wconf 77' lang='grc' dir='ltr'>ἦ</span> <span class='ocrx_word' id='word_1_453' title='bbox 2076 1937 2248 1989; x_wconf 77' lang='grc' dir='ltr'>αἴτιον</span> <span class='ocrx_word' id='word_1_454' title='bbox 2280 1935 2313 2006; x_wconf 75' lang='grc' dir='ltr'>ἢ</span> <span class='ocrx_word' id='word_1_455' title='bbox 2345 1936 2483 2005; x_wconf 82' lang='grc' dir='ltr'>μετὰ</span> <span class='ocrx_word' id='word_1_456' title='bbox 2519 1937 2614 1988; x_wconf 76' lang='grc' dir='ltr'><strong>τοῦ</strong></span> <span class='ocrx_word' id='word_1_457' title='bbox 2643 1933 2856 2004; x_wconf 77' lang='grc' dir='ltr'>[ἰατρὸς</span> <span class='ocrx_word' id='word_1_458' title='bbox 2888 1933 3161 1987; x_wconf 77' lang='grc' dir='ltr'>συναίτιον</span> <span class='ocrx_word' id='word_1_459' title='bbox 3199 1931 3291 1984; x_wconf 68' lang='grc' dir='ltr'>τὸν</span> <span class='ocrx_word' id='word_1_460' title='bbox 3335 1928 3465 1983; x_wconf 81' lang='grc' dir='ltr'>Υίδν</span> <span class='ocrx_word' id='word_1_461' title='bbox 3487 1928 3583 1981; x_wconf 76' lang='grc' dir='ltr'>τοῦ</span> 
     </span>
    </p>
   </div>
   <div class='ocr_carea' id='block_1_60' title="bbox 2014 2021 3581 2098">
    <p class='ocr_par' dir='ltr' id='par_1_60' title="bbox 2014 2021 3581 2098">
     <span class='ocr_line' id='line_1_60' title="bbox 2014 2021 3581 2098; baseline -0.006 -17"><span class='ocrx_word' id='word_1_462' title='bbox 2014 2028 2348 2098; x_wconf 74' lang='grc' dir='ltr'>Πνεῦμα-τος,</span> <span class='ocrx_word' id='word_1_463' title='bbox 2374 2029 2407 2098; x_wconf 78' lang='grc' dir='ltr'>ἢ</span> <span class='ocrx_word' id='word_1_464' title='bbox 2433 2029 2819 2095; x_wconf 78' lang='grc' dir='ltr'>συγκοινωνετν</span> <span class='ocrx_word' id='word_1_465' title='bbox 2840 2028 2898 2078; x_wconf 78' lang='grc' dir='ltr'>ὲν</span> <span class='ocrx_word' id='word_1_466' title='bbox 2918 2022 3118 2094; x_wconf 78' lang='grc' dir='ltr'>γνώσει</span> <span class='ocrx_word' id='word_1_467' title='bbox 3149 2021 3581 2092; x_wconf 78' lang='grc' dir='ltr'>καταδεχόμενον</span> 
     </span>
    </p>
   </div>
   <div class='ocr_carea' id='block_1_61' title="bbox 2009 2112 3581 2187">
    <p class='ocr_par' dir='ltr' id='par_1_61' title="bbox 2009 2112 3581 2187">
     <span class='ocr_line' id='line_1_61' title="bbox 2009 2112 3581 2187; baseline -0.003 -16"><span class='ocrx_word' id='word_1_468' title='bbox 2009 2122 2120 2183; x_wconf 86' lang='grc' dir='ltr'>τοῖς</span> <span class='ocrx_word' id='word_1_469' title='bbox 2150 2118 2531 2187; x_wconf 77' lang='grc' dir='ltr'>οὕτωλέγουσι</span> <span class='ocrx_word' id='word_1_470' title='bbox 2568 2120 2663 2171; x_wconf 80' lang='grc' dir='ltr'><strong>καὶ</strong></span> <span class='ocrx_word' id='word_1_471' title='bbox 2684 2118 2989 2184; x_wconf 78' lang='grc' dir='ltr'>δοξάζουσι.</span> <span class='ocrx_word' id='word_1_472' title='bbox 3015 2115 3202 2172; x_wconf 81' lang='grc' dir='ltr'>Ταῦτα</span> <span class='ocrx_word' id='word_1_473' title='bbox 3234 2115 3409 2182; x_wconf 79' lang='grc' dir='ltr'>ἔλεγε,</span> <span class='ocrx_word' id='word_1_474' title='bbox 3427 2112 3581 2167; x_wconf 81' lang='grc' dir='ltr'>ταῦτ’</span> 
     </span>
    </p>
   </div>
   <div class='ocr_carea' id='block_1_62' title="bbox 2006 2205 3581 2282">
    <p class='ocr_par' dir='ltr' id='par_1_62' title="bbox 2006 2205 3581 2282">
     <span class='ocr_line' id='line_1_62' title="bbox 2006 2205 3581 2282; baseline -0.003 -19"><span class='ocrx_word' id='word_1_475' title='bbox 2006 2210 2271 2280; x_wconf 67' lang='grc' dir='ltr'>ἔγραφεν.</span> <span class='ocrx_word' id='word_1_476' title='bbox 2310 2227 2330 2262; x_wconf 77' lang='grc' dir='ltr'><strong>ι</strong></span> <span class='ocrx_word' id='word_1_477' title='bbox 2361 2210 2422 2263; x_wconf 82' lang='lat' dir='ltr'><strong>El</strong></span> <span class='ocrx_word' id='word_1_478' title='bbox 2453 2208 2500 2265; x_wconf 87' lang='grc' dir='ltr'>δ’</span> <span class='ocrx_word' id='word_1_479' title='bbox 2531 2209 2723 2282; x_wconf 83' lang='grc' dir='ltr'>ἀνήκει</span> <span class='ocrx_word' id='word_1_480' title='bbox 2756 2227 2830 2276; x_wconf 85' lang='grc' dir='ltr'><strong>τι,</strong></span> <span class='ocrx_word' id='word_1_481' title='bbox 2871 2229 2889 2260; x_wconf 74' lang='grc' dir='ltr'><strong>ι</strong></span> <span class='ocrx_word' id='word_1_482' title='bbox 2928 2209 3084 2279; x_wconf 79' lang='grc' dir='ltr'>φησὶ,</span> <span class='ocrx_word' id='word_1_483' title='bbox 3125 2227 3142 2259; x_wconf 80' lang='grc' dir='ltr'><strong>ι</strong></span> <span class='ocrx_word' id='word_1_484' title='bbox 3167 2206 3231 2278; x_wconf 75' lang='grc' dir='ltr'>τῇ</span> <span class='ocrx_word' id='word_1_485' title='bbox 3265 2205 3363 2259; x_wconf 84' lang='grc' dir='ltr'>διὰ</span> <span class='ocrx_word' id='word_1_486' title='bbox 3392 2208 3469 2269; x_wconf 78' lang='grc' dir='ltr'><strong>είς</strong></span> <span class='ocrx_word' id='word_1_487' title='bbox 3490 2205 3581 2259; x_wconf 73' lang='grc' dir='ltr'>τὸν</span> 
     </span>
    </p>
   </div>
   <div class='ocr_carea' id='block_1_63' title="bbox 2008 2384 3579 2459">
    <p class='ocr_par' dir='ltr' id='par_1_63' title="bbox 2008 2384 3579 2459">
     <span class='ocr_line' id='line_1_63' title="bbox 2008 2384 3579 2459; baseline -0.003 -17"><span class='ocrx_word' id='word_1_488' title='bbox 2008 2387 2269 2459; x_wconf 88' lang='lat' dir='ltr'><strong>Spiritus,</strong></span> <span class='ocrx_word' id='word_1_489' title='bbox 2299 2388 2465 2444; x_wconf 88' lang='lat' dir='ltr'><strong>etiam</strong></span> <span class='ocrx_word' id='word_1_490' title='bbox 2492 2388 2630 2443; x_wconf 87' lang='lat' dir='ltr'><strong>Filio</strong></span> <span class='ocrx_word' id='word_1_491' title='bbox 2665 2389 2965 2443; x_wconf 82' lang='lat' dir='ltr'><strong>attribucre</strong></span> <span class='ocrx_word' id='word_1_492' title='bbox 3022 2389 3288 2441; x_wconf 87' lang='lat' dir='ltr'><strong>rationem</strong></span> <span class='ocrx_word' id='word_1_493' title='bbox 3323 2384 3579 2456; x_wconf 85' lang='lat' dir='ltr'><strong>principii</strong></span> 
     </span>
    </p>
   </div>
   <div class='ocr_carea' id='block_1_64' title="bbox 2005 2476 3580 2551">
    <p class='ocr_par' dir='ltr' id='par_1_64' title="bbox 2005 2476 3580 2551">
     <span class='ocr_line' id='line_1_64' title="bbox 2005 2476 3580 2551; baseline -0.003 -16"><span class='ocrx_word' id='word_1_494' title='bbox 2005 2489 2061 2535; x_wconf 90' lang='lat' dir='ltr'><strong>et</strong></span> <span class='ocrx_word' id='word_1_495' title='bbox 2101 2495 2281 2535; x_wconf 85' lang='lat' dir='ltr'><strong>causae</strong></span> <span class='ocrx_word' id='word_1_496' title='bbox 2336 2496 2462 2551; x_wconf 75' lang='lat' dir='ltr'><strong>erga</strong></span> <span class='ocrx_word' id='word_1_497' title='bbox 2522 2479 2789 2549; x_wconf 81' lang='lat' dir='ltr'><strong>Spiritum</strong></span> <span class='ocrx_word' id='word_1_498' title='bbox 2843 2478 3120 2535; x_wconf 87' lang='lat' dir='ltr'><strong>eumdem.</strong></span> <span class='ocrx_word' id='word_1_499' title='bbox 3179 2476 3289 2533; x_wconf 79' lang='lat' dir='ltr'><strong>Nec</strong></span> <span class='ocrx_word' id='word_1_500' title='bbox 3343 2477 3432 2532; x_wconf 89' lang='lat' dir='ltr'><strong>ille</strong></span> <span class='ocrx_word' id='word_1_501' title='bbox 3468 2491 3580 2532; x_wconf 88' lang='lat' dir='ltr'><strong>non</strong></span> 
     </span>
    </p>
   </div>
   <div class='ocr_carea' id='block_1_65' title="bbox 2004 2570 3583 2640">
    <p class='ocr_par' dir='ltr' id='par_1_65' title="bbox 2004 2570 3583 2640">
     <span class='ocr_line' id='line_1_65' title="bbox 2004 2570 3583 2640; baseline -0.001 -14"><span class='ocrx_word' id='word_1_502' title='bbox 2004 2571 2275 2626; x_wconf 86' lang='lat' dir='ltr'><strong>sentiebat</strong></span> <span class='ocrx_word' id='word_1_503' title='bbox 2306 2572 2562 2625; x_wconf 83' lang='lat' dir='ltr'><strong>invidiam</strong></span> <span class='ocrx_word' id='word_1_504' title='bbox 2586 2571 2742 2637; x_wconf 88' lang='lat' dir='ltr'><strong>dicti,</strong></span> <span class='ocrx_word' id='word_1_505' title='bbox 2789 2586 2950 2640; x_wconf 88' lang='lat' dir='ltr'><strong>quam</strong></span> <span class='ocrx_word' id='word_1_506' title='bbox 2981 2580 3040 2624; x_wconf 89' lang='lat' dir='ltr'><strong>ut</strong></span> <span class='ocrx_word' id='word_1_507' title='bbox 3066 2570 3358 2634; x_wconf 87' lang='lat' dir='ltr'><strong>emolliret,</strong></span> <span class='ocrx_word' id='word_1_508' title='bbox 3387 2571 3583 2625; x_wconf 81' lang='lat' dir='ltr'><strong>mode-</strong></span> 
     </span>
    </p>
   </div>
   <div class='ocr_carea' id='block_1_66' title="bbox 2006 2662 3586 2733">
    <p class='ocr_par' dir='ltr' id='par_1_66' title="bbox 2006 2662 3586 2733">
     <span class='ocr_line' id='line_1_66' title="bbox 2006 2662 3586 2733; baseline -0.001 -16"><span class='ocrx_word' id='word_1_509' title='bbox 2006 2662 2238 2717; x_wconf 85' lang='lat' dir='ltr'><strong>rationis</strong></span> <span class='ocrx_word' id='word_1_510' title='bbox 2280 2664 2567 2733; x_wconf 82' lang='lat' dir='ltr'><strong>quamdam</strong></span> <span class='ocrx_word' id='word_1_511' title='bbox 2602 2664 2839 2732; x_wconf 88' lang='lat' dir='ltr'><strong>speciem</strong></span> <span class='ocrx_word' id='word_1_512' title='bbox 2885 2664 3163 2717; x_wconf 86' lang='lat' dir='ltr'><strong>inserebat</strong></span> <span class='ocrx_word' id='word_1_513' title='bbox 3207 2676 3270 2717; x_wconf 89' lang='lat' dir='ltr'><strong>ac</strong></span> <span class='ocrx_word' id='word_1_514' title='bbox 3303 2662 3452 2716; x_wconf 83' lang='lat' dir='ltr'><strong>velut</strong></span> <span class='ocrx_word' id='word_1_515' title='bbox 3510 2662 3586 2716; x_wconf 75' lang='lat' dir='ltr'><strong>ad</strong></span> 
     </span>
    </p>
   </div>
   <div class='ocr_carea' id='block_1_67' title="bbox 2003 2755 3577 2824">
    <p class='ocr_par' dir='ltr' id='par_1_67' title="bbox 2003 2755 3577 2824">
     <span class='ocr_line' id='line_1_67' title="bbox 2003 2755 3577 2824; baseline 0 -15"><span class='ocrx_word' id='word_1_516' title='bbox 2003 2756 2198 2810; x_wconf 79' lang='lat' dir='ltr'><strong>ﬂexum</strong></span> <span class='ocrx_word' id='word_1_517' title='bbox 2229 2756 2575 2811; x_wconf 89' lang='lat' dir='ltr'><strong>commodum</strong></span> <span class='ocrx_word' id='word_1_518' title='bbox 2603 2755 2987 2823; x_wconf 83' lang='lat' dir='ltr'><strong>inarticulabat</strong></span> <span class='ocrx_word' id='word_1_519' title='bbox 3028 2756 3381 2824; x_wconf 79' lang='lat' dir='ltr'><strong>disputationi</strong></span> <span class='ocrx_word' id='word_1_520' title='bbox 3440 2757 3577 2809; x_wconf 72' lang='lat' dir='ltr'><strong>alio~</strong></span> 
     </span>
    </p>
   </div>
   <div class='ocr_carea' id='block_1_68' title="bbox 2001 2846 3585 2922">
    <p class='ocr_par' dir='ltr' id='par_1_68' title="bbox 2001 2846 3585 2922">
     <span class='ocr_line' id='line_1_68' title="bbox 2001 2846 3585 2922; baseline 0.001 -20"><span class='ocrx_word' id='word_1_521' title='bbox 2001 2850 2093 2921; x_wconf 90' lang='lat' dir='ltr'><strong>qui</strong></span> <span class='ocrx_word' id='word_1_522' title='bbox 2130 2849 2519 2922; x_wconf 71' lang='lat' dir='ltr'><strong>rigidiusculas,</strong></span> <span class='ocrx_word' id='word_1_523' title='bbox 2548 2846 2888 2904; x_wconf 81' lang='lat' dir='ltr'><strong>occurrendo</strong></span> <span class='ocrx_word' id='word_1_524' title='bbox 2926 2847 3065 2902; x_wconf 89' lang='lat' dir='ltr'><strong>ultro</strong></span> <span class='ocrx_word' id='word_1_525' title='bbox 3086 2846 3305 2919; x_wconf 75' lang='lat' dir='ltr'><strong>ingenio</strong></span> <span class='ocrx_word' id='word_1_526' title='bbox 3335 2848 3585 2910; x_wconf 69' lang='lat' dir='ltr'><strong>lectoris,</strong></span> 
     </span>
    </p>
   </div>
   <div class='ocr_carea' id='block_1_69' title="bbox 2001 2939 3574 3011">
    <p class='ocr_par' dir='ltr' id='par_1_69' title="bbox 2001 2939 3574 3011">
     <span class='ocr_line' id='line_1_69' title="bbox 2001 2939 3574 3011; baseline -0.003 -13"><span class='ocrx_word' id='word_1_527' title='bbox 2001 2958 2068 2998; x_wconf 82' lang='lat' dir='ltr'><strong>ex</strong></span> <span class='ocrx_word' id='word_1_528' title='bbox 2090 2942 2335 3011; x_wconf 73' lang='lat' dir='ltr'><strong>allegatis</strong></span> <span class='ocrx_word' id='word_1_529' title='bbox 2395 2939 2618 2995; x_wconf 86' lang='lat' dir='ltr'><strong>Patrum</strong></span> <span class='ocrx_word' id='word_1_530' title='bbox 2678 2940 2991 3004; x_wconf 81' lang='lat' dir='ltr'><strong>sententiis,</strong></span> <span class='ocrx_word' id='word_1_531' title='bbox 3049 2950 3107 2993; x_wconf 90' lang='lat' dir='ltr'><strong>ut</strong></span> <span class='ocrx_word' id='word_1_532' title='bbox 3162 2955 3396 3009; x_wconf 87' lang='lat' dir='ltr'><strong>pronum</strong></span> <span class='ocrx_word' id='word_1_533' title='bbox 3434 2952 3574 3003; x_wconf 85' lang='lat' dir='ltr'><strong>erat,</strong></span> 
     </span>
    </p>
   </div>
   <div class='ocr_carea' id='block_1_70' title="bbox 2001 3027 3586 3088">
    <p class='ocr_par' dir='ltr' id='par_1_70' title="bbox 2001 3027 3586 3088">
     <span class='ocr_line' id='line_1_70' title="bbox 2001 3027 3586 3088; baseline -0.003 -1"><span class='ocrx_word' id='word_1_534' title='bbox 2001 3032 2280 3088; x_wconf 83' lang='lat' dir='ltr'><strong>collecturi</strong></span> <span class='ocrx_word' id='word_1_535' title='bbox 2309 3032 2499 3085; x_wconf 83' lang='lat' dir='ltr'><strong>falsam</strong></span> <span class='ocrx_word' id='word_1_536' title='bbox 2532 3046 2720 3084; x_wconf 87' lang='lat' dir='ltr'><strong>revera</strong></span> <span class='ocrx_word' id='word_1_537' title='bbox 2772 3040 2829 3084; x_wconf 90' lang='lat' dir='ltr'><strong>et</strong></span> <span class='ocrx_word' id='word_1_538' title='bbox 2872 3027 3040 3083; x_wconf 84' lang='lat' dir='ltr'><strong>veteri</strong></span> <span class='ocrx_word' id='word_1_539' title='bbox 3079 3028 3337 3086; x_wconf 79' lang='lat' dir='ltr'><strong>Ecclesia:</strong></span> <span class='ocrx_word' id='word_1_540' title='bbox 3372 3029 3586 3084; x_wconf 74' lang='lat' dir='ltr'><strong>doctri—</strong></span> 
     </span>
    </p>
   </div>
   <div class='ocr_carea' id='block_1_71' title="bbox 1930 3121 3578 3222">
    <p class='ocr_par' dir='ltr' id='par_1_71' title="bbox 1930 3121 3578 3222">
     <span class='ocr_line' id='line_1_71' title="bbox 1930 3121 3578 3222; baseline -0.005 -43"><span class='ocrx_word' id='word_1_541' title='bbox 1930 3160 1975 3222; x_wconf 64' lang='grc' dir='ltr'><strong>Ο</strong></span> <span class='ocrx_word' id='word_1_542' title='bbox 2010 3141 2093 3180; x_wconf 82' lang='lat' dir='ltr'><strong>nae</strong></span> <span class='ocrx_word' id='word_1_543' title='bbox 2123 3126 2456 3180; x_wconf 89' lang='lat' dir='ltr'><strong>contrariam</strong></span> <span class='ocrx_word' id='word_1_544' title='bbox 2485 3137 2604 3178; x_wconf 86' lang='lat' dir='ltr'><strong>esse</strong></span> <span class='ocrx_word' id='word_1_545' title='bbox 2638 3122 2949 3180; x_wconf 66' lang='lat' dir='ltr'><strong>Graecorum</strong></span> <span class='ocrx_word' id='word_1_546' title='bbox 2980 3121 3143 3177; x_wconf 84' lang='lat' dir='ltr'><strong>hodie</strong></span> <span class='ocrx_word' id='word_1_547' title='bbox 3167 3121 3436 3192; x_wconf 74' lang='lat' dir='ltr'><strong>vigentem</strong></span> <span class='ocrx_word' id='word_1_548' title='bbox 3468 3123 3578 3193; x_wconf 77' lang='lat' dir='ltr'><strong>opi.</strong></span> 
     </span>
    </p>
   </div>
   <div class='ocr_carea' id='block_1_72' title="bbox 2013 3213 3578 3287">
    <p class='ocr_par' dir='ltr' id='par_1_72' title="bbox 2013 3213 3578 3287">
     <span class='ocr_line' id='line_1_72' title="bbox 2013 3213 3578 3287; baseline -0.002 -14"><span class='ocrx_word' id='word_1_549' title='bbox 2013 3220 2261 3284; x_wconf 81' lang='lat' dir='ltr'><strong>nionem,</strong></span> <span class='ocrx_word' id='word_1_550' title='bbox 2306 3232 2416 3287; x_wconf 79' lang='lat' dir='ltr'><strong>qua</strong></span> <span class='ocrx_word' id='word_1_551' title='bbox 2458 3224 2682 3272; x_wconf 84' lang='lat' dir='ltr'><strong>sanctus</strong></span> <span class='ocrx_word' id='word_1_552' title='bbox 2731 3215 2971 3286; x_wconf 88' lang='lat' dir='ltr'><strong>Spiritus</strong></span> <span class='ocrx_word' id='word_1_553' title='bbox 2999 3226 3063 3270; x_wconf 82' lang='lat' dir='ltr'><strong>ex</strong></span> <span class='ocrx_word' id='word_1_554' title='bbox 3115 3213 3274 3269; x_wconf 85' lang='lat' dir='ltr'><strong>Patre</strong></span> <span class='ocrx_word' id='word_1_555' title='bbox 3311 3215 3578 3270; x_wconf 74' lang='lat' dir='ltr'><strong>duntaxat</strong></span> 
     </span>
    </p>
   </div>
   <div class='ocr_carea' id='block_1_73' title="bbox 2012 3306 3578 3379">
    <p class='ocr_par' dir='ltr' id='par_1_73' title="bbox 2012 3306 3578 3379">
     <span class='ocr_line' id='line_1_73' title="bbox 2012 3306 3578 3379; baseline -0.003 -15"><span class='ocrx_word' id='word_1_556' title='bbox 2012 3311 2082 3364; x_wconf 92' lang='lat' dir='ltr'><strong>ab</strong></span> <span class='ocrx_word' id='word_1_557' title='bbox 2110 3311 2179 3364; x_wconf 91' lang='lat' dir='ltr'><strong>iis</strong></span> <span class='ocrx_word' id='word_1_558' title='bbox 2214 3308 2530 3379; x_wconf 77' lang='lat' dir='ltr'><strong>agnoscitur</strong></span> <span class='ocrx_word' id='word_1_559' title='bbox 2562 3306 2888 3376; x_wconf 88' lang='lat' dir='ltr'><strong>procedens,</strong></span> <span class='ocrx_word' id='word_1_560' title='bbox 2917 3321 3042 3360; x_wconf 89' lang='lat' dir='ltr'><strong>eum</strong></span> <span class='ocrx_word' id='word_1_561' title='bbox 3075 3307 3215 3360; x_wconf 85' lang='lat' dir='ltr'><strong>ratio</strong></span> <span class='ocrx_word' id='word_1_562' title='bbox 3245 3306 3494 3375; x_wconf 84' lang='lat' dir='ltr'><strong>principii</strong></span> <span class='ocrx_word' id='word_1_563' title='bbox 3519 3317 3578 3361; x_wconf 67' lang='lat' dir='ltr'><strong>ea</strong></span> 
     </span>
    </p>
   </div>
   <div class='ocr_carea' id='block_1_74' title="bbox 2010 3395 3581 3468">
    <p class='ocr_par' dir='ltr' id='par_1_74' title="bbox 2010 3395 3581 3468">
     <span class='ocr_line' id='line_1_74' title="bbox 2010 3395 3581 3468; baseline -0.003 -13"><span class='ocrx_word' id='word_1_564' title='bbox 2010 3415 2211 3461; x_wconf 61' lang='lat' dir='ltr'><strong>causae,</strong></span> <span class='ocrx_word' id='word_1_565' title='bbox 2244 3408 2495 3468; x_wconf 87' lang='lat' dir='ltr'><strong>respectu</strong></span> <span class='ocrx_word' id='word_1_566' title='bbox 2517 3395 2757 3466; x_wconf 86' lang='lat' dir='ltr'><strong>Spiritus</strong></span> <span class='ocrx_word' id='word_1_567' title='bbox 2778 3397 3042 3451; x_wconf 87' lang='lat' dir='ltr'><strong>attributa</strong></span> <span class='ocrx_word' id='word_1_568' title='bbox 3070 3411 3169 3467; x_wconf 89' lang='lat' dir='ltr'><strong>per</strong></span> <span class='ocrx_word' id='word_1_569' title='bbox 3185 3406 3403 3453; x_wconf 86' lang='lat' dir='ltr'><strong>sanctos</strong></span> <span class='ocrx_word' id='word_1_570' title='bbox 3432 3397 3581 3467; x_wconf 80' lang='lat' dir='ltr'><strong>ipso-</strong></span> 
     </span>
    </p>
   </div>
   <div class='ocr_carea' id='block_1_75' title="bbox 1962 3486 3581 3559">
    <p class='ocr_par' dir='ltr' id='par_1_75' title="bbox 1962 3486 3581 3559">
     <span class='ocr_line' id='line_1_75' title="bbox 1962 3486 3581 3559; baseline -0.001 -13"><span class='ocrx_word' id='word_1_571' title='bbox 1962 3544 1976 3558; x_wconf 74' lang='grc'><strong>,</strong></span> <span class='ocrx_word' id='word_1_572' title='bbox 2010 3507 2130 3546; x_wconf 83' lang='lat' dir='ltr'><strong>rum</strong></span> <span class='ocrx_word' id='word_1_573' title='bbox 2156 3491 2345 3545; x_wconf 82' lang='lat' dir='ltr'><strong>Patres</strong></span> <span class='ocrx_word' id='word_1_574' title='bbox 2363 3488 2527 3545; x_wconf 85' lang='lat' dir='ltr'><strong>etiam</strong></span> <span class='ocrx_word' id='word_1_575' title='bbox 2568 3486 2725 3551; x_wconf 86' lang='lat' dir='ltr'><strong>Filio,</strong></span> <span class='ocrx_word' id='word_1_576' title='bbox 2774 3502 2841 3542; x_wconf 83' lang='lat' dir='ltr'><strong>ex</strong></span> <span class='ocrx_word' id='word_1_577' title='bbox 2872 3486 2991 3557; x_wconf 83' lang='lat' dir='ltr'><strong>ipso</strong></span> <span class='ocrx_word' id='word_1_578' title='bbox 3020 3503 3234 3557; x_wconf 88' lang='lat' dir='ltr'><strong>quoque</strong></span> <span class='ocrx_word' id='word_1_579' title='bbox 3281 3488 3581 3559; x_wconf 73' lang='lat' dir='ltr'><strong>procedere</strong></span> 
     </span>
    </p>
   </div>
   <div class='ocr_carea' id='block_1_76' title="bbox 2010 3581 3575 3655">
    <p class='ocr_par' dir='ltr' id='par_1_76' title="bbox 2010 3581 3575 3655">
     <span class='ocr_line' id='line_1_76' title="bbox 2010 3581 3575 3655; baseline -0.003 -16"><span class='ocrx_word' id='word_1_580' title='bbox 2010 3585 2191 3655; x_wconf 88' lang='lat' dir='ltr'><strong>ipsum</strong></span> <span class='ocrx_word' id='word_1_581' title='bbox 2229 3583 2385 3653; x_wconf 77' lang='lat' dir='ltr'><strong>juxta</strong></span> <span class='ocrx_word' id='word_1_582' title='bbox 2427 3581 2748 3635; x_wconf 82' lang='lat' dir='ltr'><strong>Latinorum</strong></span> <span class='ocrx_word' id='word_1_583' title='bbox 2798 3589 3040 3635; x_wconf 85' lang='lat' dir='ltr'><strong>mentem</strong></span> <span class='ocrx_word' id='word_1_584' title='bbox 3090 3582 3467 3637; x_wconf 85' lang='lat' dir='ltr'><strong>demonstrare</strong></span> <span class='ocrx_word' id='word_1_585' title='bbox 3488 3582 3575 3637; x_wconf 85' lang='lat' dir='ltr'><strong>vi-</strong></span> 
     </span>
    </p>
   </div>
   <div class='ocr_carea' id='block_1_77' title="bbox 2010 3671 3579 3742">
    <p class='ocr_par' dir='ltr' id='par_1_77' title="bbox 2010 3671 3579 3742">
     <span class='ocr_line' id='line_1_77' title="bbox 2010 3671 3579 3742; baseline -0.002 -10"><span class='ocrx_word' id='word_1_586' title='bbox 2010 3678 2225 3733; x_wconf 77' lang='lat' dir='ltr'><strong>deatur;</strong></span> <span class='ocrx_word' id='word_1_587' title='bbox 2276 3674 2478 3729; x_wconf 83' lang='lat' dir='ltr'><strong>Contra</strong></span> <span class='ocrx_word' id='word_1_588' title='bbox 2513 3673 2621 3728; x_wconf 88' lang='lat' dir='ltr'><strong>hoc</strong></span> <span class='ocrx_word' id='word_1_589' title='bbox 2649 3672 2796 3726; x_wconf 90' lang='lat' dir='ltr'><strong>enim</strong></span> <span class='ocrx_word' id='word_1_590' title='bbox 2852 3671 2943 3726; x_wconf 90' lang='lat' dir='ltr'><strong>ille</strong></span> <span class='ocrx_word' id='word_1_591' title='bbox 2976 3674 3367 3742; x_wconf 70' lang='lat' dir='ltr'><strong>praescribebat</strong></span> <span class='ocrx_word' id='word_1_592' title='bbox 3404 3677 3579 3730; x_wconf 83' lang='lat' dir='ltr'><strong>multa</strong></span> 
     </span>
    </p>
   </div>
   <div class='ocr_carea' id='block_1_78' title="bbox 2008 3764 3574 3837">
    <p class='ocr_par' dir='ltr' id='par_1_78' title="bbox 2008 3764 3574 3837">
     <span class='ocr_line' id='line_1_78' title="bbox 2008 3764 3574 3837; baseline -0.001 -13"><span class='ocrx_word' id='word_1_593' title='bbox 2008 3770 2077 3825; x_wconf 85' lang='lat' dir='ltr'><strong>de</strong></span> <span class='ocrx_word' id='word_1_594' title='bbox 2109 3769 2223 3823; x_wconf 90' lang='lat' dir='ltr'><strong>Deo</strong></span> <span class='ocrx_word' id='word_1_595' title='bbox 2250 3765 2563 3821; x_wconf 86' lang='lat' dir='ltr'><strong>necessario</strong></span> <span class='ocrx_word' id='word_1_596' title='bbox 2589 3764 2868 3827; x_wconf 79' lang='lat' dir='ltr'><strong>aﬁirmari,</strong></span> <span class='ocrx_word' id='word_1_597' title='bbox 2898 3765 2979 3820; x_wconf 88' lang='lat' dir='ltr'><strong>sic</strong></span> <span class='ocrx_word' id='word_1_598' title='bbox 3008 3766 3364 3837; x_wconf 76' lang='lat' dir='ltr'><strong>irrefragabili</strong></span> <span class='ocrx_word' id='word_1_599' title='bbox 3385 3778 3574 3822; x_wconf 84' lang='lat' dir='ltr'><strong>aucto-</strong></span> 
     </span>
    </p>
   </div>
   <div class='ocr_carea' id='block_1_79' title="bbox 2010 3854 3575 3926">
    <p class='ocr_par' dir='ltr' id='par_1_79' title="bbox 2010 3854 3575 3926">
     <span class='ocr_line' id='line_1_79' title="bbox 2010 3854 3575 3926; baseline 0 -14"><span class='ocrx_word' id='word_1_600' title='bbox 2010 3859 2173 3912; x_wconf 89' lang='lat' dir='ltr'><strong>ritate</strong></span> <span class='ocrx_word' id='word_1_601' title='bbox 2202 3856 2514 3924; x_wconf 79' lang='lat' dir='ltr'><strong>subigente,</strong></span> <span class='ocrx_word' id='word_1_602' title='bbox 2545 3870 2612 3908; x_wconf 82' lang='lat' dir='ltr'><strong>ex</strong></span> <span class='ocrx_word' id='word_1_603' title='bbox 2640 3854 2841 3923; x_wconf 86' lang='lat' dir='ltr'><strong>quibus</strong></span> <span class='ocrx_word' id='word_1_604' title='bbox 2871 3855 3010 3908; x_wconf 87' lang='lat' dir='ltr'><strong>mala</strong></span> <span class='ocrx_word' id='word_1_605' title='bbox 3034 3856 3104 3910; x_wconf 90' lang='lat' dir='ltr'><strong>de</strong></span> <span class='ocrx_word' id='word_1_606' title='bbox 3146 3856 3266 3926; x_wconf 85' lang='lat' dir='ltr'><strong>ipso</strong></span> <span class='ocrx_word' id='word_1_607' title='bbox 3309 3866 3366 3912; x_wconf 87' lang='lat' dir='ltr'><strong>et</strong></span> <span class='ocrx_word' id='word_1_608' title='bbox 3392 3862 3575 3913; x_wconf 85' lang='lat' dir='ltr'><strong>neuti-</strong></span> 
     </span>
    </p>
   </div>
   <div class='ocr_carea' id='block_1_80' title="bbox 2008 3943 3575 4016">
    <p class='ocr_par' dir='ltr' id='par_1_80' title="bbox 2008 3943 3575 4016">
     <span class='ocr_line' id='line_1_80' title="bbox 2008 3943 3575 4016; baseline 0.001 -18"><span class='ocrx_word' id='word_1_609' title='bbox 2008 3961 2171 4016; x_wconf 88' lang='lat' dir='ltr'><strong>quam</strong></span> <span class='ocrx_word' id='word_1_610' title='bbox 2202 3943 2537 3998; x_wconf 81' lang='lat' dir='ltr'><strong>admittenda</strong></span> <span class='ocrx_word' id='word_1_611' title='bbox 2581 3943 2727 3996; x_wconf 84' lang='lat' dir='ltr'><strong>clare</strong></span> <span class='ocrx_word' id='word_1_612' title='bbox 2767 3946 3024 4012; x_wconf 89' lang='lat' dir='ltr'><strong>consequi</strong></span> <span class='ocrx_word' id='word_1_613' title='bbox 3053 3954 3346 4013; x_wconf 86' lang='lat' dir='ltr'><strong>appareat;</strong></span> <span class='ocrx_word' id='word_1_614' title='bbox 3409 3961 3575 4015; x_wconf 84' lang='lat' dir='ltr'><strong>quam</strong></span> 
     </span>
    </p>
   </div>
   <div class='ocr_carea' id='block_1_81' title="bbox 2010 4035 3573 4103">
    <p class='ocr_par' dir='ltr' id='par_1_81' title="bbox 2010 4035 3573 4103">
     <span class='ocr_line' id='line_1_81' title="bbox 2010 4035 3573 4103; baseline -0.001 -11"><span class='ocrx_word' id='word_1_615' title='bbox 2010 4038 2134 4092; x_wconf 88' lang='lat' dir='ltr'><strong>ideo</strong></span> <span class='ocrx_word' id='word_1_616' title='bbox 2157 4037 2603 4091; x_wconf 83' lang='lat' dir='ltr'><strong>consecutionem</strong></span> <span class='ocrx_word' id='word_1_617' title='bbox 2630 4035 2919 4090; x_wconf 78' lang='lat' dir='ltr'><strong>orthodoxi</strong></span> <span class='ocrx_word' id='word_1_618' title='bbox 2965 4050 3075 4089; x_wconf 91' lang='lat' dir='ltr'><strong>non</strong></span> <span class='ocrx_word' id='word_1_619' title='bbox 3102 4036 3418 4103; x_wconf 88' lang='lat' dir='ltr'><strong>admittunt,</strong></span> <span class='ocrx_word' id='word_1_620' title='bbox 3444 4055 3573 4097; x_wconf 84' lang='lat' dir='ltr'><strong>cum</strong></span> 
     </span>
    </p>
   </div>
   <div class='ocr_carea' id='block_1_82' title="bbox 2008 4127 3574 4203">
    <p class='ocr_par' dir='ltr' id='par_1_82' title="bbox 2008 4127 3574 4203">
     <span class='ocr_line' id='line_1_82' title="bbox 2008 4127 3574 4203; baseline 0.003 -21"><span class='ocrx_word' id='word_1_621' title='bbox 2008 4127 2411 4191; x_wconf 76' lang='lat' dir='ltr'><strong>antecedentia,</strong></span> <span class='ocrx_word' id='word_1_622' title='bbox 2442 4142 2512 4182; x_wconf 80' lang='lat' dir='ltr'><strong>ex</strong></span> <span class='ocrx_word' id='word_1_623' title='bbox 2557 4127 2757 4197; x_wconf 88' lang='lat' dir='ltr'><strong>quibus</strong></span> <span class='ocrx_word' id='word_1_624' title='bbox 2791 4127 3053 4194; x_wconf 80' lang='lat' dir='ltr'><strong>infertur,</strong></span> <span class='ocrx_word' id='word_1_625' title='bbox 3086 4129 3371 4200; x_wconf 87' lang='lat' dir='ltr'><strong>recipiant.</strong></span> <span class='ocrx_word' id='word_1_626' title='bbox 3406 4131 3574 4203; x_wconf 82' lang='lat' dir='ltr'><strong>Igitur</strong></span> 
     </span>
    </p>
   </div>
   <div class='ocr_carea' id='block_1_83' title="bbox 2010 4219 3576 4290">
    <p class='ocr_par' dir='ltr' id='par_1_83' title="bbox 2010 4219 3576 4290">
     <span class='ocr_line' id='line_1_83' title="bbox 2010 4219 3576 4290; baseline 0.003 -13"><span class='ocrx_word' id='word_1_627' title='bbox 2010 4232 2066 4277; x_wconf 93' lang='lat' dir='ltr'><strong>et</strong></span> <span class='ocrx_word' id='word_1_628' title='bbox 2093 4237 2213 4287; x_wconf 86' lang='lat' dir='ltr'><strong>nos,</strong></span> <span class='ocrx_word' id='word_1_629' title='bbox 2257 4221 2463 4276; x_wconf 70' lang='lat' dir='ltr'><strong>Veccus</strong></span> <span class='ocrx_word' id='word_1_630' title='bbox 2489 4220 2691 4286; x_wconf 77' lang='lat' dir='ltr'><strong>aiebat,</strong></span> <span class='ocrx_word' id='word_1_631' title='bbox 2729 4221 2818 4274; x_wconf 88' lang='lat' dir='ltr'><strong>hic</strong></span> <span class='ocrx_word' id='word_1_632' title='bbox 2851 4234 3069 4290; x_wconf 89' lang='lat' dir='ltr'><strong>quoque</strong></span> <span class='ocrx_word' id='word_1_633' title='bbox 3113 4219 3333 4278; x_wconf 86' lang='lat' dir='ltr'><strong>Patrum</strong></span> <span class='ocrx_word' id='word_1_634' title='bbox 3369 4224 3576 4281; x_wconf 83' lang='lat' dir='ltr'><strong>diserta</strong></span> 
     </span>
    </p>
   </div>
   <div class='ocr_carea' id='block_1_84' title="bbox 2011 4312 3576 4387">
    <p class='ocr_par' dir='ltr' id='par_1_84' title="bbox 2011 4312 3576 4387">
     <span class='ocr_line' id='line_1_84' title="bbox 2011 4312 3576 4387; baseline -0.003 -17"><span class='ocrx_word' id='word_1_635' title='bbox 2011 4314 2323 4370; x_wconf 82' lang='lat' dir='ltr'><strong>testimonia</strong></span> <span class='ocrx_word' id='word_1_636' title='bbox 2384 4312 2705 4383; x_wconf 86' lang='lat' dir='ltr'><strong>recipimus,</strong></span> <span class='ocrx_word' id='word_1_637' title='bbox 2754 4313 2848 4368; x_wconf 87' lang='lat' dir='ltr'><strong>sed</strong></span> <span class='ocrx_word' id='word_1_638' title='bbox 2907 4314 3052 4383; x_wconf 89' lang='lat' dir='ltr'><strong>quod</strong></span> <span class='ocrx_word' id='word_1_639' title='bbox 3110 4330 3174 4369; x_wconf 83' lang='lat' dir='ltr'><strong>ex</strong></span> <span class='ocrx_word' id='word_1_640' title='bbox 3217 4314 3303 4373; x_wconf 82' lang='lat' dir='ltr'><strong>bis</strong></span> <span class='ocrx_word' id='word_1_641' title='bbox 3348 4331 3576 4387; x_wconf 72' lang='lat' dir='ltr'><strong>apparc|</strong></span> 
     </span>
    </p>
   </div>
   <div class='ocr_carea' id='block_1_85' title="bbox 2010 4403 3577 4474">
    <p class='ocr_par' dir='ltr' id='par_1_85' title="bbox 2010 4403 3577 4474">
     <span class='ocr_line' id='line_1_85' title="bbox 2010 4403 3577 4474; baseline 0.002 -14"><span class='ocrx_word' id='word_1_642' title='bbox 2010 4406 2295 4474; x_wconf 82' lang='lat' dir='ltr'><strong>consequi,</strong></span> <span class='ocrx_word' id='word_1_643' title='bbox 2338 4417 2448 4457; x_wconf 92' lang='lat' dir='ltr'><strong>non</strong></span> <span class='ocrx_word' id='word_1_644' title='bbox 2475 4404 2802 4473; x_wconf 86' lang='lat' dir='ltr'><strong>recipimus;</strong></span> <span class='ocrx_word' id='word_1_645' title='bbox 2832 4403 3173 4474; x_wconf 83' lang='lat' dir='ltr'><strong>instabatque</strong></span> <span class='ocrx_word' id='word_1_646' title='bbox 3196 4418 3513 4473; x_wconf 75' lang='lat' dir='ltr'><strong>argumento</strong></span> <span class='ocrx_word' id='word_1_647' title='bbox 3540 4426 3577 4464; x_wconf 85' lang='lat' dir='ltr'><strong>e</strong></span> 
     </span>
    </p>
   </div>
   <div class='ocr_carea' id='block_1_86' title="bbox 340 4495 3576 4567">
    <p class='ocr_par' dir='ltr' id='par_1_86' title="bbox 340 4495 3576 4567">
     <span class='ocr_line' id='line_1_86' title="bbox 340 4495 3576 4567; baseline -0.004 -2"><span class='ocrx_word' id='word_1_648' title='bbox 340 4525 537 4565; x_wconf 84' lang='lat' dir='ltr'><strong>sanam</strong></span> <span class='ocrx_word' id='word_1_649' title='bbox 570 4505 829 4561; x_wconf 72' lang='lat' dir='ltr'><strong>Ecclesia:</strong></span> <span class='ocrx_word' id='word_1_650' title='bbox 874 4505 1174 4558; x_wconf 85' lang='lat' dir='ltr'><strong>doctrinam</strong></span> <span class='ocrx_word' id='word_1_651' title='bbox 1203 4513 1349 4558; x_wconf 89' lang='lat' dir='ltr'><strong>recte</strong></span> <span class='ocrx_word' id='word_1_652' title='bbox 1382 4502 1736 4559; x_wconf 69' lang='lat' dir='ltr'><strong>‘deelarantes</strong></span> <span class='ocrx_word' id='word_1_653' title='bbox 1775 4520 1904 4558; x_wconf 76' lang='lat' dir='ltr'><strong>ccn-</strong></span> <span class='ocrx_word' id='word_1_654' title='bbox 1941 4502 1981 4557; x_wconf 89' lang='lat' dir='ltr'><strong>D</strong></span> <span class='ocrx_word' id='word_1_655' title='bbox 2010 4498 2215 4553; x_wconf 83' lang='lat' dir='ltr'><strong>Graecis</strong></span> <span class='ocrx_word' id='word_1_656' title='bbox 2234 4498 2400 4551; x_wconf 87' lang='lat' dir='ltr'><strong>ducto</strong></span> <span class='ocrx_word' id='word_1_657' title='bbox 2419 4495 2572 4565; x_wconf 87' lang='lat' dir='ltr'><strong>ipsis,</strong></span> <span class='ocrx_word' id='word_1_658' title='bbox 2591 4498 2674 4548; x_wconf 86' lang='lat' dir='ltr'><strong>An</strong></span> <span class='ocrx_word' id='word_1_659' title='bbox 2695 4511 2825 4561; x_wconf 88' lang='lat' dir='ltr'><strong>non,</strong></span> <span class='ocrx_word' id='word_1_660' title='bbox 2853 4496 3125 4564; x_wconf 85' lang='lat' dir='ltr'><strong>inquiens,</strong></span> <span class='ocrx_word' id='word_1_661' title='bbox 3158 4512 3255 4552; x_wconf 90' lang='lat' dir='ltr'><strong>vos</strong></span> <span class='ocrx_word' id='word_1_662' title='bbox 3279 4511 3576 4567; x_wconf 66' lang='lat' dir='ltr'><strong>quoquee:</strong></span> 
     </span>
    </p>
   </div>
   <div class='ocr_carea' id='block_1_87' title="bbox 343 4594 1906 4664">
    <p class='ocr_par' dir='ltr' id='par_1_87' title="bbox 343 4594 1906 4664">
     <span class='ocr_line' id='line_1_87' title="bbox 343 4594 1906 4664; baseline -0.004 -9"><span class='ocrx_word' id='word_1_663' title='bbox 343 4602 459 4656; x_wconf 86' lang='lat' dir='ltr'><strong>seri</strong></span> <span class='ocrx_word' id='word_1_664' title='bbox 492 4600 649 4653; x_wconf 80' lang='lat' dir='ltr'><strong>solet.</strong></span> <span class='ocrx_word' id='word_1_665' title='bbox 685 4597 737 4650; x_wconf 90' lang='lat' dir='ltr'><strong>ld</strong></span> <span class='ocrx_word' id='word_1_666' title='bbox 767 4597 859 4651; x_wconf 86' lang='lat' dir='ltr'><strong>ille</strong></span> <span class='ocrx_word' id='word_1_667' title='bbox 892 4596 958 4648; x_wconf 74' lang='grc' dir='ltr'>[ιιι</span> <span class='ocrx_word' id='word_1_668' title='bbox 979 4596 1124 4650; x_wconf 80' lang='lat' dir='ltr'><strong>iebat</strong></span> <span class='ocrx_word' id='word_1_669' title='bbox 1154 4610 1262 4664; x_wconf 90' lang='lat' dir='ltr'><strong>quo</strong></span> <span class='ocrx_word' id='word_1_670' title='bbox 1292 4594 1549 4649; x_wconf 86' lang='lat' dir='ltr'><strong>Italorum</strong></span> <span class='ocrx_word' id='word_1_671' title='bbox 1577 4596 1906 4650; x_wconf 88' lang='lat' dir='ltr'><strong>additionem</strong></span> 
     </span>
    </p>
   </div>
   <div class='ocr_carea' id='block_1_88' title="bbox 340 4685 1908 4756">
    <p class='ocr_par' dir='ltr' id='par_1_88' title="bbox 340 4685 1908 4756">
     <span class='ocr_line' id='line_1_88' title="bbox 340 4685 1908 4756; baseline -0.005 -8"><span class='ocrx_word' id='word_1_672' title='bbox 340 4693 549 4748; x_wconf 83' lang='lat' dir='ltr'><strong>nostris</strong></span> <span class='ocrx_word' id='word_1_673' title='bbox 586 4688 1005 4744; x_wconf 81' lang='lat' dir='ltr'><strong>tolerabiliorem</strong></span> <span class='ocrx_word' id='word_1_674' title='bbox 1054 4685 1342 4756; x_wconf 77' lang='lat' dir='ltr'><strong>minusque</strong></span> <span class='ocrx_word' id='word_1_675' title='bbox 1402 4686 1719 4742; x_wconf 76' lang='lat' dir='ltr'><strong>invidiosam</strong></span> <span class='ocrx_word' id='word_1_676' title='bbox 1782 4696 1908 4741; x_wconf 81' lang='lat' dir='ltr'><strong>red-</strong></span> 
     </span>
    </p>
   </div>
   <div class='ocr_carea' id='block_1_89' title="bbox 339 4778 1907 4850">
    <p class='ocr_par' dir='ltr' id='par_1_89' title="bbox 339 4778 1907 4850">
     <span class='ocr_line' id='line_1_89' title="bbox 339 4778 1907 4850; baseline -0.003 -12"><span class='ocrx_word' id='word_1_677' title='bbox 339 4786 505 4839; x_wconf 83' lang='lat' dir='ltr'><strong>deret</strong></span> <span class='ocrx_word' id='word_1_678' title='bbox 554 4782 814 4850; x_wconf 76' lang='lat' dir='ltr'><strong>Denique,</strong></span> <span class='ocrx_word' id='word_1_679' title='bbox 850 4779 993 4847; x_wconf 86' lang='lat' dir='ltr'><strong>quod</strong></span> <span class='ocrx_word' id='word_1_680' title='bbox 1032 4778 1081 4833; x_wconf 87' lang='lat' dir='ltr'><strong>ei</strong></span> <span class='ocrx_word' id='word_1_681' title='bbox 1109 4778 1325 4833; x_wconf 88' lang='lat' dir='ltr'><strong>culmen</strong></span> <span class='ocrx_word' id='word_1_682' title='bbox 1352 4780 1590 4835; x_wconf 80' lang='lat' dir='ltr'><strong>audaciae</strong></span> <span class='ocrx_word' id='word_1_683' title='bbox 1624 4779 1743 4845; x_wconf 79' lang='lat' dir='ltr'><strong>fuit,</strong></span> <span class='ocrx_word' id='word_1_684' title='bbox 1785 4795 1907 4834; x_wconf 86' lang='lat' dir='ltr'><strong>cum</strong></span> 
     </span>
    </p>
   </div>
   <div class='ocr_carea' id='block_1_90' title="bbox 341 4868 1905 4942">
    <p class='ocr_par' dir='ltr' id='par_1_90' title="bbox 341 4868 1905 4942">
     <span class='ocr_line' id='line_1_90' title="bbox 341 4868 1905 4942; baseline -0.005 -12"><span class='ocrx_word' id='word_1_685' title='bbox 341 4876 650 4931; x_wconf 75' lang='lat' dir='ltr'><strong>invenisset</strong></span> <span class='ocrx_word' id='word_1_686' title='bbox 715 4886 988 4925; x_wconf 85' lang='lat' dir='ltr'><strong>summum</strong></span> <span class='ocrx_word' id='word_1_687' title='bbox 1055 4872 1364 4942; x_wconf 78' lang='lat' dir='ltr'><strong>theologum</strong></span> <span class='ocrx_word' id='word_1_688' title='bbox 1416 4868 1806 4926; x_wconf 86' lang='lat' dir='ltr'><strong>Damascenum</strong></span> <span class='ocrx_word' id='word_1_689' title='bbox 1854 4872 1905 4923; x_wconf 88' lang='lat' dir='ltr'><strong>in</strong></span> 
     </span>
    </p>
   </div>
   <div class='ocr_carea' id='block_1_91' title="bbox 342 4960 1910 5031">
    <p class='ocr_par' dir='ltr' id='par_1_91' title="bbox 342 4960 1910 5031">
     <span class='ocr_line' id='line_1_91' title="bbox 342 4960 1910 5031; baseline -0.004 -10"><span class='ocrx_word' id='word_1_690' title='bbox 342 4966 512 5022; x_wconf 86' lang='lat' dir='ltr'><strong>tertio</strong></span> <span class='ocrx_word' id='word_1_691' title='bbox 539 4963 751 5017; x_wconf 86' lang='lat' dir='ltr'><strong>decimo</strong></span> <span class='ocrx_word' id='word_1_692' title='bbox 779 4960 1202 5031; x_wconf 80' lang='lat' dir='ltr'><strong>theoIOgicornni</strong></span> <span class='ocrx_word' id='word_1_693' title='bbox 1222 4976 1445 5015; x_wconf 89' lang='lat' dir='ltr'><strong>suorum</strong></span> <span class='ocrx_word' id='word_1_694' title='bbox 1467 4961 1703 5030; x_wconf 88' lang='lat' dir='ltr'><strong>capitum</strong></span> <span class='ocrx_word' id='word_1_695' title='bbox 1723 4962 1910 5015; x_wconf 89' lang='lat' dir='ltr'><strong>dicen-</strong></span> 
     </span>
    </p>
   </div>
   <div class='ocr_carea' id='block_1_92' title="bbox 342 5048 1911 5122">
    <p class='ocr_par' dir='ltr' id='par_1_92' title="bbox 342 5048 1911 5122">
     <span class='ocr_line' id='line_1_92' title="bbox 342 5048 1911 5122; baseline -0.006 -10"><span class='ocrx_word' id='word_1_696' title='bbox 342 5068 459 5112; x_wconf 70' lang='grc' dir='ltr'>ιι-ιιι</span> <span class='ocrx_word' id='word_1_697' title='bbox 485 5058 549 5109; x_wconf 88' lang='lat' dir='ltr'><strong>de</strong></span> <span class='ocrx_word' id='word_1_698' title='bbox 572 5056 751 5113; x_wconf 76' lang='lat' dir='ltr'><strong>Patre,</strong></span> <span class='ocrx_word' id='word_1_699' title='bbox 774 5073 790 5104; x_wconf 81' lang='grc' dir='ltr'><strong>ι</strong></span> <span class='ocrx_word' id='word_1_700' title='bbox 832 5050 894 5104; x_wconf 89' lang='lat' dir='ltr'><strong>Et</strong></span> <span class='ocrx_word' id='word_1_701' title='bbox 928 5068 1022 5120; x_wconf 89' lang='lat' dir='ltr'><strong>per</strong></span> <span class='ocrx_word' id='word_1_702' title='bbox 1043 5048 1278 5104; x_wconf 71' lang='lat' dir='ltr'><strong>Verbum</strong></span> <span class='ocrx_word' id='word_1_703' title='bbox 1303 5049 1595 5122; x_wconf 79' lang='grc' dir='ltr'>προϐολεύς</span> <span class='ocrx_word' id='word_1_704' title='bbox 1623 5051 1911 5117; x_wconf 82' lang='lat' dir='ltr'><strong>productor</strong></span> 
     </span>
    </p>
   </div>
   <div class='ocr_carea' id='block_1_93' title="bbox 342 5141 1907 5212">
    <p class='ocr_par' dir='ltr' id='par_1_93' title="bbox 342 5141 1907 5212">
     <span class='ocr_line' id='line_1_93' title="bbox 342 5141 1907 5212; baseline -0.007 -9"><span class='ocrx_word' id='word_1_705' title='bbox 342 5144 706 5203; x_wconf 72' lang='lat' dir='ltr'><strong>cntintiatorii</strong></span> <span class='ocrx_word' id='word_1_706' title='bbox 753 5142 1008 5212; x_wconf 87' lang='lat' dir='ltr'><strong>Spiritus,</strong></span> <span class='ocrx_word' id='word_1_707' title='bbox 1044 5159 1063 5193; x_wconf 75' lang='grc' dir='ltr'><strong>ι</strong></span> <span class='ocrx_word' id='word_1_708' title='bbox 1097 5141 1407 5211; x_wconf 77' lang='lat' dir='ltr'><strong>intelligens</strong></span> <span class='ocrx_word' id='word_1_709' title='bbox 1441 5141 1496 5195; x_wconf 87' lang='lat' dir='ltr'><strong>in</strong></span> <span class='ocrx_word' id='word_1_710' title='bbox 1526 5154 1657 5194; x_wconf 88' lang='lat' dir='ltr'><strong>voce</strong></span> <span class='ocrx_word' id='word_1_711' title='bbox 1706 5141 1907 5210; x_wconf 80' lang='grc' dir='ltr'>προδο-</span> 
     </span>
    </p>
   </div>
   <div class='ocr_carea' id='block_1_94' title="bbox 340 5231 1906 5304">
    <p class='ocr_par' dir='ltr' id='par_1_94' title="bbox 340 5231 1906 5304">
     <span class='ocr_line' id='line_1_94' title="bbox 340 5231 1906 5304; baseline -0.003 -13"><span class='ocrx_word' id='word_1_712' title='bbox 340 5240 477 5300; x_wconf 55' lang='lat' dir='ltr'><strong>aes;</strong></span> <span class='ocrx_word' id='word_1_713' title='bbox 506 5238 611 5290; x_wconf 82' lang='lat' dir='ltr'><strong>vim</strong></span> <span class='ocrx_word' id='word_1_714' title='bbox 635 5235 888 5304; x_wconf 84' lang='lat' dir='ltr'><strong>principii</strong></span> <span class='ocrx_word' id='word_1_715' title='bbox 937 5240 992 5287; x_wconf 90' lang='lat' dir='ltr'><strong>et</strong></span> <span class='ocrx_word' id='word_1_716' title='bbox 1036 5247 1237 5295; x_wconf 68' lang='lat' dir='ltr'><strong>causae,</strong></span> <span class='ocrx_word' id='word_1_717' title='bbox 1294 5231 1423 5300; x_wconf 85' lang='lat' dir='ltr'><strong>quin</strong></span> <span class='ocrx_word' id='word_1_718' title='bbox 1474 5232 1812 5287; x_wconf 87' lang='lat' dir='ltr'><strong>contendens</strong></span> <span class='ocrx_word' id='word_1_719' title='bbox 1854 5233 1906 5288; x_wconf 89' lang='lat' dir='ltr'><strong>id</strong></span> 
     </span>
    </p>
   </div>
   <div class='ocr_carea' id='block_1_95' title="bbox 344 5324 1909 5396">
    <p class='ocr_par' dir='ltr' id='par_1_95' title="bbox 344 5324 1909 5396">
     <span class='ocr_line' id='line_1_95' title="bbox 344 5324 1909 5396; baseline -0.004 -12"><span class='ocrx_word' id='word_1_720' title='bbox 344 5330 675 5386; x_wconf 71' lang='lat' dir='ltr'><strong>vocabulum</strong></span> <span class='ocrx_word' id='word_1_721' title='bbox 708 5328 762 5380; x_wconf 89' lang='lat' dir='ltr'><strong>in</strong></span> <span class='ocrx_word' id='word_1_722' title='bbox 796 5326 903 5379; x_wconf 81' lang='lat' dir='ltr'><strong>alio</strong></span> <span class='ocrx_word' id='word_1_723' title='bbox 930 5324 1235 5396; x_wconf 81' lang='lat' dir='ltr'><strong>signiﬁcatu</strong></span> <span class='ocrx_word' id='word_1_724' title='bbox 1275 5324 1413 5377; x_wconf 90' lang='lat' dir='ltr'><strong>sumi</strong></span> <span class='ocrx_word' id='word_1_725' title='bbox 1445 5337 1554 5377; x_wconf 91' lang='lat' dir='ltr'><strong>non</strong></span> <span class='ocrx_word' id='word_1_726' title='bbox 1589 5338 1771 5392; x_wconf 88' lang='lat' dir='ltr'><strong>posse,</strong></span> <span class='ocrx_word' id='word_1_727' title='bbox 1801 5324 1909 5379; x_wconf 88' lang='lat' dir='ltr'><strong>sic-</strong></span> 
     </span>
    </p>
   </div>
   <div class='ocr_carea' id='block_1_96' title="bbox 338 5414 1909 5493">
    <p class='ocr_par' dir='ltr' id='par_1_96' title="bbox 338 5414 1909 5493">
     <span class='ocr_line' id='line_1_96' title="bbox 338 5414 1909 5493; baseline -0.005 -16"><span class='ocrx_word' id='word_1_728' title='bbox 338 5438 459 5493; x_wconf 88' lang='lat' dir='ltr'><strong>que</strong></span> <span class='ocrx_word' id='word_1_729' title='bbox 508 5422 783 5476; x_wconf 85' lang='lat' dir='ltr'><strong>aﬁirmans</strong></span> <span class='ocrx_word' id='word_1_730' title='bbox 862 5416 1072 5471; x_wconf 88' lang='lat' dir='ltr'><strong>Patrem</strong></span> <span class='ocrx_word' id='word_1_731' title='bbox 1134 5432 1229 5486; x_wconf 90' lang='lat' dir='ltr'><strong>per</strong></span> <span class='ocrx_word' id='word_1_732' title='bbox 1287 5414 1522 5470; x_wconf 84' lang='lat' dir='ltr'><strong>Verbum</strong></span> <span class='ocrx_word' id='word_1_733' title='bbox 1579 5415 1909 5485; x_wconf 82' lang='lat' dir='ltr'><strong>principium</strong></span> 
     </span>
    </p>
   </div>
   <div class='ocr_carea' id='block_1_97' title="bbox 336 5509 1907 5584">
    <p class='ocr_par' dir='ltr' id='par_1_97' title="bbox 336 5509 1907 5584">
     <span class='ocr_line' id='line_1_97' title="bbox 336 5509 1907 5584; baseline -0.004 -14"><span class='ocrx_word' id='word_1_734' title='bbox 336 5519 466 5571; x_wconf 79' lang='lat' dir='ltr'><strong>sive</strong></span> <span class='ocrx_word' id='word_1_735' title='bbox 496 5515 602 5584; x_wconf 78' lang='lat'><strong>32</strong></span> <span class='ocrx_word' id='word_1_736' title='bbox 634 5526 854 5567; x_wconf 85' lang='lat' dir='ltr'><strong>causam</strong></span> <span class='ocrx_word' id='word_1_737' title='bbox 886 5510 1120 5579; x_wconf 82' lang='lat' dir='ltr'><strong>Spiritus</strong></span> <span class='ocrx_word' id='word_1_738' title='bbox 1150 5523 1289 5573; x_wconf 82' lang='lat' dir='ltr'><strong>esse,</strong></span> <span class='ocrx_word' id='word_1_739' title='bbox 1351 5509 1527 5563; x_wconf 89' lang='lat' dir='ltr'><strong>locum</strong></span> <span class='ocrx_word' id='word_1_740' title='bbox 1576 5509 1907 5564; x_wconf 90' lang='lat' dir='ltr'><strong>accusationi</strong></span> 
     </span>
    </p>
   </div>
   <div class='ocr_carea' id='block_1_98' title="bbox 338 5601 1907 5664">
    <p class='ocr_par' dir='ltr' id='par_1_98' title="bbox 338 5601 1907 5664">
     <span class='ocr_line' id='line_1_98' title="bbox 338 5601 1907 5664; baseline -0.006 0"><span class='ocrx_word' id='word_1_741' title='bbox 338 5610 430 5664; x_wconf 85' lang='lat' dir='ltr'><strong>sui</strong></span> <span class='ocrx_word' id='word_1_742' title='bbox 466 5607 617 5661; x_wconf 81' lang='lat' dir='ltr'><strong>dedit</strong></span> <span class='ocrx_word' id='word_1_743' title='bbox 657 5603 801 5658; x_wconf 86' lang='lat' dir='ltr'><strong>haud</strong></span> <span class='ocrx_word' id='word_1_744' title='bbox 831 5617 962 5656; x_wconf 88' lang='lat' dir='ltr'><strong>sane</strong></span> <span class='ocrx_word' id='word_1_745' title='bbox 997 5602 1432 5663; x_wconf 84' lang='lat' dir='ltr'><strong>contemnendae,</strong></span> <span class='ocrx_word' id='word_1_746' title='bbox 1484 5614 1606 5654; x_wconf 89' lang='lat' dir='ltr'><strong>cum</strong></span> <span class='ocrx_word' id='word_1_747' title='bbox 1638 5601 1907 5655; x_wconf 43' lang='lat' dir='ltr'><strong>non‘lcvis</strong></span> 
     </span>
    </p>
   </div>
   <div class='ocr_carea' id='block_1_99' title="bbox 341 5689 1905 5767">
    <p class='ocr_par' dir='ltr' id='par_1_99' title="bbox 341 5689 1905 5767">
     <span class='ocr_line' id='line_1_99' title="bbox 341 5689 1905 5767; baseline -0.006 -13"><span class='ocrx_word' id='word_1_748' title='bbox 341 5717 451 5754; x_wconf 83' lang='lat' dir='ltr'><strong>nec</strong></span> <span class='ocrx_word' id='word_1_749' title='bbox 478 5699 714 5767; x_wconf 70' lang='lat' dir='ltr'><strong>vulgaris</strong></span> <span class='ocrx_word' id='word_1_750' title='bbox 753 5709 905 5748; x_wconf 87' lang='lat' dir='ltr'><strong>error</strong></span> <span class='ocrx_word' id='word_1_751' title='bbox 953 5691 1220 5753; x_wconf 77' lang='lat' dir='ltr'><strong>videatur,</strong></span> <span class='ocrx_word' id='word_1_752' title='bbox 1282 5699 1476 5759; x_wconf 62' lang='lat' dir='ltr'><strong>prater</strong></span> <span class='ocrx_word' id='word_1_753' title='bbox 1515 5694 1623 5742; x_wconf 84' lang='lat' dir='ltr'><strong>vim</strong></span> <span class='ocrx_word' id='word_1_754' title='bbox 1654 5689 1905 5758; x_wconf 84' lang='lat' dir='ltr'><strong>principii</strong></span> 
     </span>
    </p>
   </div>
   <div class='ocr_carea' id='block_1_100' title="bbox 330 5770 1903 5858">
    <p class='ocr_par' dir='ltr' id='par_1_100' title="bbox 330 5770 1903 5858">
     <span class='ocr_line' id='line_1_100' title="bbox 330 5770 1903 5858; baseline -0.008 -10"><span class='ocrx_word' id='word_1_755' title='bbox 330 5804 393 5848; x_wconf 84' lang='lat' dir='ltr'><strong>et</strong></span> <span class='ocrx_word' id='word_1_756' title='bbox 414 5806 732 5858; x_wconf 65' lang='lat' dir='ltr'><strong>cans&#39;xqtla:</strong></span> <span class='ocrx_word' id='word_1_757' title='bbox 764 5789 816 5840; x_wconf 88' lang='lat' dir='ltr'><strong>in</strong></span> <span class='ocrx_word' id='word_1_758' title='bbox 850 5784 1005 5840; x_wconf 75' lang='lat' dir='ltr'><strong>Patre</strong></span> <span class='ocrx_word' id='word_1_759' title='bbox 1037 5802 1063 5838; x_wconf 76' lang='grc' dir='ltr'><strong>ιι</strong></span> <span class='ocrx_word' id='word_1_760' title='bbox 1094 5776 1297 5839; x_wconf 77' lang='lat' dir='ltr'><strong>cunclis</strong></span> <span class='ocrx_word' id='word_1_761' title='bbox 1326 5770 1631 5853; x_wconf 60' lang='lat' dir='ltr'><strong>agnoscitur</strong></span> <span class='ocrx_word' id='word_1_762' title='bbox 1659 5795 1903 5851; x_wconf 82' lang='lat' dir='ltr'><strong>respectu</strong></span> 
     </span>
    </p>
   </div>
   <div class='ocr_carea' id='block_1_101' title="bbox 2008 4584 3571 4658">
    <p class='ocr_par' dir='ltr' id='par_1_101' title="bbox 2008 4584 3571 4658">
     <span class='ocr_line' id='line_1_101' title="bbox 2008 4584 3571 4658; baseline 0.003 -14"><span class='ocrx_word' id='word_1_763' title='bbox 2008 4592 2188 4645; x_wconf 87' lang='lat' dir='ltr'><strong>dicitis</strong></span> <span class='ocrx_word' id='word_1_764' title='bbox 2216 4602 2270 4643; x_wconf 83' lang='lat' dir='ltr'><strong>et</strong></span> <span class='ocrx_word' id='word_1_765' title='bbox 2296 4598 2442 4643; x_wconf 85' lang='lat' dir='ltr'><strong>recte</strong></span> <span class='ocrx_word' id='word_1_766' title='bbox 2471 4588 2576 4643; x_wconf 92' lang='lat' dir='ltr'><strong>diei</strong></span> <span class='ocrx_word' id='word_1_767' title='bbox 2617 4587 2862 4641; x_wconf 82' lang='lat' dir='ltr'><strong>fatemini</strong></span> <span class='ocrx_word' id='word_1_768' title='bbox 2885 4584 3102 4640; x_wconf 82' lang='lat' dir='ltr'><strong>Patrem</strong></span> <span class='ocrx_word' id='word_1_769' title='bbox 3120 4601 3242 4642; x_wconf 83' lang='lat' dir='ltr'><strong>esse</strong></span> <span class='ocrx_word' id='word_1_770' title='bbox 3268 4589 3571 4658; x_wconf 71' lang='lat' dir='ltr'><strong>perfectura</strong></span> 
     </span>
    </p>
   </div>
   <div class='ocr_carea' id='block_1_102' title="bbox 2013 4679 3579 4755">
    <p class='ocr_par' dir='ltr' id='par_1_102' title="bbox 2013 4679 3579 4755">
     <span class='ocr_line' id='line_1_102' title="bbox 2013 4679 3579 4755; baseline 0.002 -18"><span class='ocrx_word' id='word_1_771' title='bbox 2013 4686 2204 4743; x_wconf 82' lang='lat' dir='ltr'><strong>Deum.</strong></span> <span class='ocrx_word' id='word_1_772' title='bbox 2237 4682 2538 4752; x_wconf 69' lang='lat' dir='ltr'><strong>perfectum</strong></span> <span class='ocrx_word' id='word_1_773' title='bbox 2571 4681 2695 4735; x_wconf 86' lang='lat' dir='ltr'><strong>item</strong></span> <span class='ocrx_word' id='word_1_774' title='bbox 2732 4680 2900 4735; x_wconf 88' lang='lat' dir='ltr'><strong>Deum</strong></span> <span class='ocrx_word' id='word_1_775' title='bbox 2923 4693 3047 4734; x_wconf 80' lang='lat' dir='ltr'><strong>esse</strong></span> <span class='ocrx_word' id='word_1_776' title='bbox 3077 4679 3307 4745; x_wconf 79' lang='lat' dir='ltr'><strong>Filium,</strong></span> <span class='ocrx_word' id='word_1_777' title='bbox 3334 4683 3579 4755; x_wconf 76' lang='lat' dir='ltr'><strong>denique</strong></span> 
     </span>
    </p>
   </div>
   <div class='ocr_carea' id='block_1_103' title="bbox 2010 4770 3575 4843">
    <p class='ocr_par' dir='ltr' id='par_1_103' title="bbox 2010 4770 3575 4843">
     <span class='ocr_line' id='line_1_103' title="bbox 2010 4770 3575 4843; baseline 0.001 -14"><span class='ocrx_word' id='word_1_778' title='bbox 2010 4775 2345 4835; x_wconf 78' lang='lat' dir='ltr'><strong>l’aracletum</strong></span> <span class='ocrx_word' id='word_1_779' title='bbox 2369 4777 2667 4843; x_wconf 77' lang='lat' dir='ltr'><strong>perfectum</strong></span> <span class='ocrx_word' id='word_1_780' title='bbox 2693 4782 2748 4826; x_wconf 90' lang='lat' dir='ltr'><strong>et</strong></span> <span class='ocrx_word' id='word_1_781' title='bbox 2784 4772 2958 4840; x_wconf 91' lang='lat' dir='ltr'><strong>ipsum</strong></span> <span class='ocrx_word' id='word_1_782' title='bbox 2988 4770 3156 4825; x_wconf 87' lang='lat' dir='ltr'><strong>Deum</strong></span> <span class='ocrx_word' id='word_1_783' title='bbox 3181 4774 3341 4828; x_wconf 87' lang='lat' dir='ltr'><strong>esse?</strong></span> <span class='ocrx_word' id='word_1_784' title='bbox 3377 4774 3575 4831; x_wconf 81' lang='lat' dir='ltr'><strong>Utrum</strong></span> 
     </span>
    </p>
   </div>
   <div class='ocr_carea' id='block_1_104' title="bbox 2012 4862 3580 4938">
    <p class='ocr_par' dir='ltr' id='par_1_104' title="bbox 2012 4862 3580 4938">
     <span class='ocr_line' id='line_1_104' title="bbox 2012 4862 3580 4938; baseline 0.001 -18"><span class='ocrx_word' id='word_1_785' title='bbox 2012 4870 2175 4938; x_wconf 82' lang='lat' dir='ltr'><strong>igitur</strong></span> <span class='ocrx_word' id='word_1_786' title='bbox 2206 4866 2330 4936; x_wconf 82' lang='lat' dir='ltr'><strong>quia</strong></span> <span class='ocrx_word' id='word_1_787' title='bbox 2349 4864 2474 4919; x_wconf 83' lang='lat' dir='ltr'><strong>inde</strong></span> <span class='ocrx_word' id='word_1_788' title='bbox 2505 4874 2616 4919; x_wconf 88' lang='lat' dir='ltr'><strong>tres</strong></span> <span class='ocrx_word' id='word_1_789' title='bbox 2638 4877 2759 4915; x_wconf 86' lang='lat' dir='ltr'><strong>esse</strong></span> <span class='ocrx_word' id='word_1_790' title='bbox 2789 4864 2925 4917; x_wconf 85' lang='lat' dir='ltr'><strong>deos</strong></span> <span class='ocrx_word' id='word_1_791' title='bbox 2952 4862 3169 4915; x_wconf 86' lang='lat' dir='ltr'><strong>videtur</strong></span> <span class='ocrx_word' id='word_1_792' title='bbox 3195 4862 3407 4927; x_wconf 79' lang='lat' dir='ltr'><strong>inferri,</strong></span> <span class='ocrx_word' id='word_1_793' title='bbox 3436 4865 3580 4922; x_wconf 80' lang='lat' dir='ltr'><strong>falso</strong></span> 
     </span>
    </p>
   </div>
   <div class='ocr_carea' id='block_1_105' title="bbox 2011 4951 3574 5027">
    <p class='ocr_par' dir='ltr' id='par_1_105' title="bbox 2011 4951 3574 5027">
     <span class='ocr_line' id='line_1_105' title="bbox 2011 4951 3574 5027; baseline -0.001 -16"><span class='ocrx_word' id='word_1_794' title='bbox 2011 4960 2118 5014; x_wconf 88' lang='lat' dir='ltr'><strong>isto</strong></span> <span class='ocrx_word' id='word_1_795' title='bbox 2169 4966 2226 5012; x_wconf 87' lang='lat' dir='ltr'><strong>et</strong></span> <span class='ocrx_word' id='word_1_796' title='bbox 2260 4956 2569 5027; x_wconf 84' lang='lat' dir='ltr'><strong>respuendo</strong></span> <span class='ocrx_word' id='word_1_797' title='bbox 2619 4952 2908 5027; x_wconf 83' lang='lat' dir='ltr'><strong>corollario</strong></span> <span class='ocrx_word' id='word_1_798' title='bbox 2956 4951 3280 5024; x_wconf 82' lang='lat' dir='ltr'><strong>theologiam</strong></span> <span class='ocrx_word' id='word_1_799' title='bbox 3314 4954 3574 5025; x_wconf 79' lang='lat' dir='ltr'><strong>inquina-</strong></span> 
     </span>
    </p>
   </div>
   <div class='ocr_carea' id='block_1_106' title="bbox 2009 5044 3573 5115">
    <p class='ocr_par' dir='ltr' id='par_1_106' title="bbox 2009 5044 3573 5115">
     <span class='ocr_line' id='line_1_106' title="bbox 2009 5044 3573 5115; baseline -0.003 -9"><span class='ocrx_word' id='word_1_800' title='bbox 2009 5051 2245 5106; x_wconf 84' lang='lat' dir='ltr'><strong>bimus?‘</strong></span> <span class='ocrx_word' id='word_1_801' title='bbox 2278 5048 2402 5103; x_wconf 79' lang='lat' dir='ltr'><strong>Haec</strong></span> <span class='ocrx_word' id='word_1_802' title='bbox 2438 5048 2553 5106; x_wconf 88' lang='lat' dir='ltr'><strong>ille,</strong></span> <span class='ocrx_word' id='word_1_803' title='bbox 2596 5061 2717 5115; x_wconf 84' lang='lat' dir='ltr'><strong>quae</strong></span> <span class='ocrx_word' id='word_1_804' title='bbox 2755 5046 2823 5100; x_wconf 91' lang='lat' dir='ltr'><strong>ad</strong></span> <span class='ocrx_word' id='word_1_805' title='bbox 2878 5044 3278 5113; x_wconf 78' lang='lat' dir='ltr'><strong>subterfugium</strong></span> <span class='ocrx_word' id='word_1_806' title='bbox 3327 5048 3573 5102; x_wconf 77' lang='lat' dir='ltr'><strong>criminis</strong></span> 
     </span>
    </p>
   </div>
   <div class='ocr_carea' id='block_1_107' title="bbox 2009 5131 3571 5212">
    <p class='ocr_par' dir='ltr' id='par_1_107' title="bbox 2009 5131 3571 5212">
     <span class='ocr_line' id='line_1_107' title="bbox 2009 5131 3571 5212; baseline -0.006 -12"><span class='ocrx_word' id='word_1_807' title='bbox 2009 5155 2189 5200; x_wconf 88' lang='lat' dir='ltr'><strong>astute</strong></span> <span class='ocrx_word' id='word_1_808' title='bbox 2219 5143 2394 5212; x_wconf 86' lang='lat' dir='ltr'><strong>ipsum</strong></span> <span class='ocrx_word' id='word_1_809' title='bbox 2446 5131 2750 5209; x_wconf 64' lang='lat' dir='ltr'><strong>praeparare</strong></span> <span class='ocrx_word' id='word_1_810' title='bbox 2795 5136 2898 5192; x_wconf 89' lang='lat' dir='ltr'><strong>sibi</strong></span> <span class='ocrx_word' id='word_1_811' title='bbox 2967 5135 3144 5207; x_wconf 79' lang='lat' dir='ltr'><strong>palam</strong></span> <span class='ocrx_word' id='word_1_812' title='bbox 3195 5146 3332 5190; x_wconf 82' lang='lat' dir='ltr'><strong>erat.</strong></span> <span class='ocrx_word' id='word_1_813' title='bbox 3399 5136 3571 5202; x_wconf 76' lang='lat' dir='ltr'><strong>Quem</strong></span> 
     </span>
    </p>
   </div>
   <div class='ocr_carea' id='block_1_108' title="bbox 2009 5227 3573 5296">
    <p class='ocr_par' dir='ltr' id='par_1_108' title="bbox 2009 5227 3573 5296">
     <span class='ocr_line' id='line_1_108' title="bbox 2009 5227 3573 5296; baseline -0.004 -5"><span class='ocrx_word' id='word_1_814' title='bbox 2009 5238 2174 5292; x_wconf 86' lang='lat' dir='ltr'><strong>etiam</strong></span> <span class='ocrx_word' id='word_1_815' title='bbox 2219 5234 2287 5289; x_wconf 91' lang='lat' dir='ltr'><strong>ad</strong></span> <span class='ocrx_word' id='word_1_816' title='bbox 2336 5234 2497 5287; x_wconf 83' lang='lat' dir='ltr'><strong>ﬁnem</strong></span> <span class='ocrx_word' id='word_1_817' title='bbox 2532 5231 2811 5286; x_wconf 83' lang='lat' dir='ltr'><strong>decretum</strong></span> <span class='ocrx_word' id='word_1_818' title='bbox 2869 5229 2940 5283; x_wconf 90' lang='lat' dir='ltr'><strong>de</strong></span> <span class='ocrx_word' id='word_1_819' title='bbox 2979 5227 3083 5283; x_wconf 78' lang='lat' dir='ltr'><strong>ﬁde</strong></span> <span class='ocrx_word' id='word_1_820' title='bbox 3121 5227 3222 5296; x_wconf 81' lang='lat' dir='ltr'><strong>legi</strong></span> <span class='ocrx_word' id='word_1_821' title='bbox 3248 5228 3465 5283; x_wconf 87' lang='lat' dir='ltr'><strong>solitum</strong></span> <span class='ocrx_word' id='word_1_822' title='bbox 3516 5229 3573 5284; x_wconf 89' lang='lat' dir='ltr'><strong>in</strong></span> 
     </span>
    </p>
   </div>
   <div class='ocr_carea' id='block_1_109' title="bbox 2010 5320 3576 5393">
    <p class='ocr_par' dir='ltr' id='par_1_109' title="bbox 2010 5320 3576 5393">
     <span class='ocr_line' id='line_1_109' title="bbox 2010 5320 3576 5393; baseline -0.004 -11"><span class='ocrx_word' id='word_1_823' title='bbox 2010 5329 2241 5384; x_wconf 82' lang='lat' dir='ltr'><strong>ecclesia</strong></span> <span class='ocrx_word' id='word_1_824' title='bbox 2276 5325 2365 5380; x_wconf 86' lang='lat' dir='ltr'><strong>die</strong></span> <span class='ocrx_word' id='word_1_825' title='bbox 2397 5339 2520 5393; x_wconf 71' lang='lat' dir='ltr'><strong>qua:</strong></span> <span class='ocrx_word' id='word_1_826' title='bbox 2548 5333 2778 5377; x_wconf 88' lang='lat' dir='ltr'><strong>vocatur</strong></span> <span class='ocrx_word' id='word_1_827' title='bbox 2810 5320 3184 5383; x_wconf 74' lang='lat' dir='ltr'><strong>Orthodoxize.</strong></span> <span class='ocrx_word' id='word_1_828' title='bbox 3219 5321 3394 5374; x_wconf 86' lang='lat' dir='ltr'><strong>tribus</strong></span> <span class='ocrx_word' id='word_1_829' title='bbox 3422 5325 3576 5379; x_wconf 67' lang='lat' dir='ltr'><strong>anxi:</strong></span> 
     </span>
    </p>
   </div>
   <div class='ocr_carea' id='block_1_110' title="bbox 2010 5411 3571 5488">
    <p class='ocr_par' dir='ltr' id='par_1_110' title="bbox 2010 5411 3571 5488">
     <span class='ocr_line' id='line_1_110' title="bbox 2010 5411 3571 5488; baseline -0.006 -12"><span class='ocrx_word' id='word_1_830' title='bbox 2010 5418 2342 5488; x_wconf 75' lang='lat' dir='ltr'><strong>capitulis,ei</strong></span> <span class='ocrx_word' id='word_1_831' title='bbox 2368 5417 2670 5487; x_wconf 66' lang='lat' dir='ltr'><strong>adiungens</strong></span> <span class='ocrx_word' id='word_1_832' title='bbox 2691 5415 2884 5484; x_wconf 77' lang='lat' dir='ltr'><strong>triplex</strong></span> <span class='ocrx_word' id='word_1_833' title='bbox 2907 5412 3215 5473; x_wconf 85' lang='lat' dir='ltr'><strong>anathema,</strong></span> <span class='ocrx_word' id='word_1_834' title='bbox 3246 5411 3296 5464; x_wconf 89' lang='lat' dir='ltr'><strong>in</strong></span> <span class='ocrx_word' id='word_1_835' title='bbox 3321 5426 3445 5466; x_wconf 90' lang='lat' dir='ltr'><strong>eum</strong></span> <span class='ocrx_word' id='word_1_836' title='bbox 3477 5416 3571 5482; x_wconf 92' lang='lat' dir='ltr'><strong>qui</strong></span> 
     </span>
    </p>
   </div>
   <div class='ocr_carea' id='block_1_111' title="bbox 2014 5502 3575 5582">
    <p class='ocr_par' dir='ltr' id='par_1_111' title="bbox 2014 5502 3575 5582">
     <span class='ocr_line' id='line_1_111' title="bbox 2014 5502 3575 5582; baseline -0.007 -14"><span class='ocrx_word' id='word_1_837' title='bbox 2014 5523 2074 5568; x_wconf 93' lang='lat' dir='ltr'><strong>ut</strong></span> <span class='ocrx_word' id='word_1_838' title='bbox 2095 5513 2286 5582; x_wconf 77' lang='lat' dir='ltr'><strong>dogma</strong></span> <span class='ocrx_word' id='word_1_839' title='bbox 2321 5509 2443 5564; x_wconf 87' lang='lat' dir='ltr'><strong>ﬁdei</strong></span> <span class='ocrx_word' id='word_1_840' title='bbox 2471 5515 2740 5563; x_wconf 77' lang='lat' dir='ltr'><strong>assereret</strong></span> <span class='ocrx_word' id='word_1_841' title='bbox 2784 5504 2979 5560; x_wconf 85' lang='lat' dir='ltr'><strong>Filium</strong></span> <span class='ocrx_word' id='word_1_842' title='bbox 3006 5519 3127 5559; x_wconf 89' lang='lat' dir='ltr'><strong>esse</strong></span> <span class='ocrx_word' id='word_1_843' title='bbox 3161 5518 3382 5570; x_wconf 82' lang='lat' dir='ltr'><strong>causam</strong></span> <span class='ocrx_word' id='word_1_844' title='bbox 3402 5502 3575 5572; x_wconf 82' lang='lat' dir='ltr'><strong>Spiri-</strong></span> 
     </span>
    </p>
   </div>
   <div class='ocr_carea' id='block_1_112' title="bbox 2012 5593 3572 5668">
    <p class='ocr_par' dir='ltr' id='par_1_112' title="bbox 2012 5593 3572 5668">
     <span class='ocr_line' id='line_1_112' title="bbox 2012 5593 3572 5668; baseline -0.006 -13"><span class='ocrx_word' id='word_1_845' title='bbox 2012 5603 2220 5668; x_wconf 89' lang='lat' dir='ltr'><strong>tus,qui</strong></span> <span class='ocrx_word' id='word_1_846' title='bbox 2243 5599 2450 5654; x_wconf 83' lang='lat' dir='ltr'><strong>diceret</strong></span> <span class='ocrx_word' id='word_1_847' title='bbox 2482 5597 2678 5652; x_wconf 84' lang='lat' dir='ltr'><strong>Filium</strong></span> <span class='ocrx_word' id='word_1_848' title='bbox 2712 5610 2837 5651; x_wconf 80' lang='lat' dir='ltr'><strong>esse</strong></span> <span class='ocrx_word' id='word_1_849' title='bbox 2869 5610 2992 5650; x_wconf 77' lang='lat' dir='ltr'><strong>cum</strong></span> <span class='ocrx_word' id='word_1_850' title='bbox 3037 5593 3195 5648; x_wconf 78' lang='lat' dir='ltr'><strong>Patre</strong></span> <span class='ocrx_word' id='word_1_851' title='bbox 3240 5606 3572 5648; x_wconf 83' lang='lat' dir='ltr'><strong>concausam</strong></span> 
     </span>
    </p>
   </div>
   <div class='ocr_carea' id='block_1_113' title="bbox 2012 5684 3575 5762">
    <p class='ocr_par' dir='ltr' id='par_1_113' title="bbox 2012 5684 3575 5762">
     <span class='ocr_line' id='line_1_113' title="bbox 2012 5684 3575 5762; baseline -0.006 -16"><span class='ocrx_word' id='word_1_852' title='bbox 2012 5692 2268 5762; x_wconf 78' lang='lat' dir='ltr'><strong>Spiritus,</strong></span> <span class='ocrx_word' id='word_1_853' title='bbox 2304 5699 2580 5758; x_wconf 87' lang='lat' dir='ltr'><strong>postremo</strong></span> <span class='ocrx_word' id='word_1_854' title='bbox 2624 5688 2715 5757; x_wconf 90' lang='lat' dir='ltr'><strong>qui</strong></span> <span class='ocrx_word' id='word_1_855' title='bbox 2761 5689 2941 5741; x_wconf 85' lang='lat' dir='ltr'><strong>sciens</strong></span> <span class='ocrx_word' id='word_1_856' title='bbox 2992 5684 3419 5740; x_wconf 81' lang='lat' dir='ltr'><strong>communicaret</strong></span> <span class='ocrx_word' id='word_1_857' title='bbox 3474 5698 3575 5737; x_wconf 64' lang='lat' dir='ltr'><strong>nec</strong></span> 
     </span>
    </p>
   </div>
   <div class='ocr_carea' id='block_1_114' title="bbox 2012 5766 3575 5852">
    <p class='ocr_par' dir='ltr' id='par_1_114' title="bbox 2012 5766 3575 5852">
     <span class='ocr_line' id='line_1_114' title="bbox 2012 5766 3575 5852; baseline -0.004 -15"><span class='ocrx_word' id='word_1_858' title='bbox 2012 5784 2227 5852; x_wconf 66' lang='lat' dir='ltr'><strong>adiungi</strong></span> <span class='ocrx_word' id='word_1_859' title='bbox 2268 5790 2520 5837; x_wconf 79' lang='lat' dir='ltr'><strong>renuerct</strong></span> <span class='ocrx_word' id='word_1_860' title='bbox 2550 5796 2619 5849; x_wconf 80' lang='lat' dir='ltr'><strong>qn</strong></span> <span class='ocrx_word' id='word_1_861' title='bbox 2651 5766 2834 5834; x_wconf 46' lang='lat' dir='ltr'><strong>linsvis</strong></span> <span class='ocrx_word' id='word_1_862' title='bbox 2875 5780 2944 5832; x_wconf 85' lang='lat' dir='ltr'><strong>ita</strong></span> <span class='ocrx_word' id='word_1_863' title='bbox 2972 5777 3316 5846; x_wconf 64' lang='lat' dir='ltr'><strong>loquentibus</strong></span> <span class='ocrx_word' id='word_1_864' title='bbox 3344 5786 3399 5832; x_wconf 85' lang='lat' dir='ltr'><strong>ct.</strong></span> <span class='ocrx_word' id='word_1_865' title='bbox 3451 5791 3575 5831; x_wconf 87' lang='lat' dir='ltr'><strong>cre-</strong></span> 
     </span>
    </p>
   </div>
  </div>
