3950 6550
405 327 477 391 39

1617 315 1934 378 GEORGII
1983 312 2466 373 PAClIYMERAE

3577 298 3651 362 40

400 440 507 507 τῆς
539 403 724 499 αἰτίας
755 433 933 505 λόγον,
963 434 1050 507 [Ρ.
1089 432 1178 506 18]
1209 431 1367 486 τοῦτο
1393 430 1645 501 τόλμημα
1676 430 1774 499 μὲν
1802 427 1985 495 λέγειν
2010 427 2059 485 Δ
2089 427 2204 495 ρεῖν
2236 425 2326 478 διὰ
2380 423 2605 492 ταύτην,
2656 422 2860 483 ἐκεῖνος
2907 417 2983 489 μὴ
3015 417 3096 473 ὅτι
3130 433 3193 484 γε
3222 417 3403 487 ,μόνον
3429 414 3528 480 τὴν
3559 433 3667 470 πα-

401 526 437 596 ἦ
475 527 675 579 ἐννοεῖν
700 566 716 592 ,
750 526 801 577 εί
843 524 899 577 δέ
947 541 1031 587 τις
1080 521 1330 592 τολμῴη,
1367 519 1433 574 τδ
1464 520 1532 573 ὲκ
1560 516 1657 571 τοῦ
1688 516 1849 585 λόγου
1881 514 1981 585 μὶν

406 622 523 690 ἐρεῖ
554 621 977 690 ἐμφαινόμενον,
1015 618 1193 674 αἰτίαν
1223 616 1278 670 δὲ
1327 616 1550 678 πάντως
1571 613 1859 670 ἀποίσεται
1886 605 1981 662 τοῦ

412 711 785 782 τολμήματος.
815 729 834 763 ι

414 866 468 922 ι’.
504 868 704 934 Ὅπως
727 869 761 922 ὀ
788 867 1009 931 Brimo;
1043 864 1569 932 μετακαλούμενος
1605 865 1693 929 εις
1731 859 1845 931 τὴν
1871 860 1982 915 σύ-

887 936 1072 990 νοδον
1101 934 1510 1002 ἐπεδήμησεν.

483 1063 669 1118 Ταῦτα
696 1063 837 1117 κατὰ
871 1061 961 1115 τὸν
990 1062 1197 1115 Βέκκον
1223 1033 1342 1124 ταῖς
1366 1059 1671 1132 ἀληθείαις,
1702 1060 1798 1114 καὶ
1823 1059 1987 1113 πλέον

413 1157 590 1210 οὐδέν.
616 1157 705 1210 Διὸ
727 1157 792 1229 δὴ
822 1157 916 1210 καὶ
960 1158 1120 1227 ἡμεῖς
1163 1155 1583 1226 ἐξεπίτηδεςτὰ
1610 1154 1708 1222 τῆς
1747 1153 1988 1224 ἱστορίας

418 1250 559 1303 κατὰ
582 1249 779 1303 λεπτὸν
816 1249 1221 1318 ὲπλατύναμεν,
1256 1248 1324 1301 ἵν’
1413 1248 1573 1317 δῆλον
1606 1248 1753 1309 ὅπως
1783 1246 1877 1299 καὶ
1902 1245 1986 1315 ἐφ’

414 1340 556 1401 οἵαις
585 1342 787 1417 αἰτίαις
817 1341 941 1395 ὅσον
979 1338 1078 1393 οὐκ
1107 1339 1209 1409 ἤδη
1264 1338 1298 1409 ή
1359 1336 1660 1406 Ἐκκλησία
1707 1337 1857 1389 πᾶσα
1893 1334 1988 1389 τοῦ

417 1431 592 1484 κακοῦ
628 1431 1049 1501 παραπολαύειν
1087 1428 1312 1501 ἧμελλε.
1349 1429 1572 1499 Σὼφρον
1620 1421 1689 1497 ἦν
1726 1423 1822 1481 οὖν
1868 1425 1988 1480 κατ’

417 1524 558 1594 ἐμὴν
606 1522 836 1594 γνώμην
878 1522 1047 1593 μηδὲν
1097 1521 1230 1592 περὶ
1264 1520 1487 1574 τούτων’
1519 1519 1808 1574 κινεῖσθαι.
1850 1518 1990 1572 Ἀλλ’

418 1612 571 1681 ὅμως
601 1612 738 1674 τέως
765 1610 862 1666 καὶ
894 1612 944 1664 οί
968 1613 1174 1665 ἐκεῖνον
1201 1611 1594 1680 ἐποτρύνοντες
1634 1611 1832 1663 αἰτίαν
1871 1609 1995 1677 βου-

419 1702 647 1772 λόμενος
681 1703 934 1777 γὰρ’τοῖς
964 1698 1314 1773 αίτιωμένοις
1346 1700 1731 1768 ἀπολογεῖσθαι
1768 1699 1866 1753 καὶ
1899 1698 1992 1766 ἐγ-

422 1794 611 1863 κλημα
646 1795 873 1863 φεύγειν
922 1794 1190 1864 αἱρέσεως
1241 1792 1430 1846 ἔλαθεν
1480 1793 1687 1862 αἱρέσει
1719 1791 1875 1859 δόξας
1916 1790 1992 1842 δι-

423 1887 596 1948 καίως
637 1884 988 1956 περιπαρείς.
1039 1884 1271 1937 Ἐκεῖνοι
1307 1882 1406 1953 μὲν
1453 1882 1547 1939 οὖν
1579 1883 1637 1935 ἒν
1677 1877 1822 1952 εἶχον
1853 1881 1995 1935 κατὰ

424 1976 653 2041 σκοπὸν,
688 1978 753 2029 τὸ
791 1975 1188 2030 καθυποκλίναι
1224 1977 1315 2029 τὸν
1361 1975 1617 2045 Ἰωάννην
1649 1974 1729 2044 τῷ
1772 1974 1994 2043 Ἰωσὴφ,

423 2069 521 2123 καὶ
566 2070 693 2140 παρ’
721 2069 933 2121 ἐκείνου
970 2067 1176 2120 πείθειν
1220 2066 1403 2134 ζητεῖν
1450 2066 1780 2136 συγγνώμην
1806 2059 1885 2128 οἷς
1914 2065 1997 2117 ὃτι

426 2160 631 2222 ζῶντος
659 2160 867 2213 ἐκείνου
914 2158 1172 2229 ὲπιὸἧναι
1203 2158 1297 2210 τοῦ
1330 2159 1522 2227 θρόνου
1564 2157 1872 2228 τολμήσειε,
1904 2157 1998 2211 καὶ

426 2254 497 2304 τὰ
522 2251 620 2319 τῆς
660 2252 885 2322 είρήνης
920 2251 994 2322 μὴ
1043 2249 1502 2320 καταδεχομένου,
1549 2250 1625 2313 ὡς
1661 2252 1752 2304 καὶ
1789 2234 2001 2319 ὑποχω-

429 2428 702 2483 dcntibus.
738 2426 862 2481 llaec
884 2426 1119 2488 dicebat.
1158 2426 1272 2480 lucc
1309 2424 1607 2487 scribebat,
1640 2423 1767 2479 illud
1786 2437 1998 2493 quoque

429 2519 637 2573 addens
671 2534 684 2571 :
716 2519 773 2572 Si
833 2518 955 2587 quis
1013 2517 1192 2570 inesse
1236 2517 1583 2583 contenderit
1634 2516 1999 2586 prmpositioni

429 2609 522 2661 διά
542 2624 635 2660 νει·
664 2606 943 2661 notionem
976 2620 1178 2670 causai,
1217 2606 1390 2659 audax
1423 2605 1475 2659 id
1500 2605 1644 2659 dictu
1671 2605 1775 2674 33
1798 2605 2002 2675 cOgita-

435 2710 602 2769 tnque
637 2698 834 2763 fuerit;
892 2706 949 2752 et
990 2697 1240 2767 quisquis
1296 2696 1350 2751 id
1389 2697 1554 2760 ausit,
1614 2697 1899 2751 allirmabit
1955 2697 2002 2751 is

434 2806 569 2846 sane
594 2789 739 2861 quod
762 2805 827 2844 ex
858 2790 1085 2843 Patrum
1121 2789 1447 2843 testimoniis
1475 2788 1688 2842 videtur
1714 2790 1998 2857 consequi:

429 2892 695 2941 Caeterum
758 2881 905 2937 idem
955 2880 1279 2938 temeritatis
1326 2880 1550 2937 omnino
1596 2881 1998 2937 accusationem

434 2974 552 3029 ausi
574 2988 789 3046 pinnam
814 2973 973 3030 feret.

2084 518 2379 588 τριαρχίαν
2414 514 2789 586 καταδέχοιτο,
2828 511 2966 565 ἀλλὰ
2999 512 3091 564 καὶ
3131 511 3371 580 γραφαῖς
3419 510 3661 580 πειρῷτο

2083 607 2356 660 δεικνύναι
2384 604 2484 675 τὴν
2521 602 2721 674 πρᾶξιν
2746 601 3160 672 ἀνεπιτίμητον.
3196 599 3360 654 Ὅθεν
3396 598 3493 652 κοιλ⁸
3529 601 3661 669 ὁση-

2087 699 2254 769 μέραι
2317 696 2537 750 σύνοδον
2591 695 2689 766 μὲν
2744 694 2930 764 ἐντελῆ
2980 693 3281 758 καθίστων,
3338 692 3553 762 κρότοις
3602 693 3661 746 δὲ

2086 790 2304 859 συχνοῖς
2359 787 2468 841 τῶν
2522 788 2621 858 τῆς
2675 786 2974 858 ἐκκλησίας
3032 783 3301 838 κωδώνων
3355 782 3660 851 ξύγκλυδας

2089 880 2492 952 ξυμφοροῦντες
2524 879 2619 933 καὶ
2650 877 2853 948 πλήθη,
2908 878 2962 931 εί
2991 876 3094 929 πού
3137 892 3222 939 τις
3264 875 3339 938 ὡς
3381 873 3664 945 ἠσέϐησαν

2087 973 2287 1034 πείθοι.
2320 971 2823 1042 παρακινησείοντα
2846 971 2944 1031 τὰς
2977 968 3152 1036 ὁρμὰς
3185 965 3307 1020 καθ’
3330 960 3404 1020 ὧν
3430 965 3536 1035 ἄρα
3562 964 3663 1017 τοῦ

2086 1064 2247 1136 ὀρθοῦ
2280 1063 2347 1135 [Ρ
2381 1061 2470 1134 l9]
2506 1060 3003 1132 παρακινησάντων
3037 1060 3179 1126 σφᾶς
3221 1054 3660 1117 ύποπτεύσειαν,

2090 1158 2183 1210 καὶ
2228 1156 2372 1224 μάλα
2401 1154 2621 1224 θερμῶς
2651 1152 2841 1223 ἠξίουν
2878 1152 2971 1205 τὸν
3010 1150 3266 1218 Ἰωάννην
3295 1146 3627 1214 καταπέμπε
3647 1170 3665 1187 ο

2091 1249 2216 1302 σθαι
2273 1247 2690 1318 κριθησόμενον.
2753 1244 2970 1315 Συχνῶν
3037 1241 3171 1312 γοῦν
3231 1239 3664 1311 διαμηνυμάτων

2091 1340 2229 1409 πρὸς
2272 1342 2479 1392 ἐκεῖνον
2528 1337 2829 1408 γινομένων
2882 1337 2967 1404 ἐφ’
3014 1330 3057 1402 «ἶ»
3107 1332 3466 1404 παραγίνοιτο
3503 1329 3664 1396 λόγον

2090 1434 2277 1487 δώσων
2305 1431 2417 1485 τῶν
2450 1429 2875 1499 γεγραμμένων,
2911 1428 3008 1480 καὶ
3041 1426 3167 1496 μάλ’
3188 1418 3414 1477 ἐκείνων
3453 1422 3662 1475 ἐπιδει-

2092 1523 2379 1595 κνυμένων
2413 1525 2525 1586 τοῖς
2555 1522 2838 1593 πλήθεσιν,
2879 1520 3088 1580 ἐκεῖνος
3119 1516 3179 1569 τὸ
3212 1516 3408 1585 ἄλογον
3436 1519 3536 1583 τῆς
3567 1513 3665 1581 vip-

2096 1622 2204 1689 μῆς
2231 1617 2340 1670 τῶν
2372 1614 2582 1669 πολλῶν
2605 1612 2796 1676 δεδιὼς
2829 1611 2922 1664 ἐπὶ
2955 1610 3085 1663 πολύ
3121 1626 3178 1662 τε
3213 1608 3375 1660 ὤκνει
3414 1606 3506 1659 καὶ
3543 1606 3668 1657 tiva—

2094 1706 2319 1758 ὀάλλετο
2348 1704 2443 1774 τὴν
2463 1703 2538 1767 ὡς
2566 1702 2807 1764 ἐκείνους
2831 1701 3016 1770 ἄφιξιν
3040 1718 3051 1728 ⁸
3078 1701 3246 1771 δήλην
3263 1699 3372 1768 γὰρ
3402 1693 3544 1749 εἶναι
3568 1693 3667 1767 τὴν

2099 1796 2631 1868 παρακινδύνευσιν,
2687 1796 2737 1847 εί
2793 1793 3001 1863 πλῆθος
3045 1792 3313 1860 ἀσεϐῆσαι
3374 1787 3663 1855 πεισθείη.

2097 1888 2237 1941 ὥστε
2275 1886 2349 1958 μὴ
2382 1887 2564 1955 μένειν
2592 1887 2684 1938 ἐπὶ
2714 1885 2806 1939 τοῦ
2844 1884 3242 1953 καθεστηκότος
3280 1881 3511 1950 τρόπον,
3544 1877 3665 1930 ἀλλ’

2098 1983 2247 2043 ὅλαις
2266 1981 2463 2050 ὁρμαῖς
2490 1978 2582 2032 ἐπὶ
2605 1977 2694 2030 τὸν
2721 1977 2892 2030 αἴτιον
2913 1975 3231 2045 τρέπεσθαι.
3273 1971 3415 2026 Ἀλλ’
3436 1973 3464 2024 ὀ
3492 1970 3668 2041 μέγας

2097 2072 2392 2142 λογοθέτης
2430 2069 2852 2141 ἐμῦριθὲστερον
2878 2067 2976 2136 τὴν
3008 2065 3101 2118 τοῦ
3141 2063 3379 2131 πλήθους
3429 2060 3667 2130 παρακί·

2084 2180 2257 2237 ννησιν
2305 2160 2685 2223 καταστείλας,
2729 2158 2806 2219 ὡς
2850 2155 2933 2217 είς
2982 2153 3145 2207 αὐτὸν
3186 2150 3414 2221 βασιλέα
3444 2148 3538 2202 τοῦ
3581 2146 3670 2200 ἐπ’

2100 2254 2313 2326 ἐκεῖνον
2365 2252 2768 2323 ἀτακτήσοντος
2820 2247 3065 2314 δόξοντος
3114 2244 3421 2316 ἁμαρτεῖν,
3483 2239 3577 2295 καί
3619 2240 3671 2291 οι

2102 2454 2292 2495 narum
2321 2435 2423 2490 sibi
2449 2435 2739 2495 faventem,
2768 2430 3032 2486 urbanum
3070 2427 3231 2481 simul
3258 2423 3520 2494 populum
3557 2436 3675 2474 ma-

2101 2545 2208 2595 gno
2227 2542 2455 2582 numero
2484 2530 2877 2580 convocarunt.
2915 2516 3321 2588 Congregandae
3365 2511 3674 2568 multitudi-

2101 2620 2187 2673 nis
2214 2618 2326 2671 haec
2355 2614 2577 2669 factiosa
2606 2610 2714 2683 34
2739 2620 2857 2665 erat
2888 2624 3074 2663 causa.
3108 2604 3414 2676 Sperabam
3433 2604 3550 2671 ipso
3579 2615 3676 2668 ap-

2103 2718 2292 2779 paratu
2317 2705 2530 2777 synodi.
2553 2720 2674 2774 quae
2703 2702 2823 2773 cogi
2888 2699 3163 2754 ferebatur
3213 2696 3281 2751 ad
3331 2693 3675 2749 emendanda

2101 2818 2221 2872 qua:
2244 2812 2525 2869 perperam
2549 2806 2666 2851 acta
2705 2794 2915 2848 fuerant
2940 2791 2995 2845 in
3028 2788 3387 2845 conventione
3413 2800 3538 2842 eum
3571 2783 3680 2838 ιιι-
3710 2834 3725 2858 ,-

2105 2871 2230 2945 tinis
2276 2886 2651 2942 intellecturos
2695 2882 2947 2937 homines
2986 2894 3018 2935 e
3044 2878 3202 2948 vulgo
3232 2891 3291 2930 se
3319 2874 3574 2943 deceptos
3607 2871 3679 2925 ab

2104 2984 2421 3040 auctoribus
2458 2976 2835 3037 conventionis
2879 2976 2998 3045 ejus
3044 2973 3096 3027 in
3133 2970 3466 3040 impietatem
3507 2965 3679 3020 fuisse

2027 3108 2073 3172 ο
2109 3077 2408 3146 prolapsos,
2431 3088 2594 3143 quam
2628 3085 2774 3125 nunc
2813 3066 3021 3138 expiari
3056 3071 3361 3172 Oporteret.’
3395 3059 3532 3115 lnde
3578 3073 3680 3112 au-

547 3161 634 3217 ιο.
673 3159 745 3218 Ut
793 3160 982 3216 Veccus
1013 3160 1208 3214 citatus
1241 3160 1297 3213 in
1331 3160 1588 3231 synodum
1638 3160 1893 3230 adfuerit.

510 3294 636 3348 Haec
665 3292 823 3362 plane
858 3300 985 3347 sunt
1023 3305 1143 3360 quae
1191 3289 1398 3345 Veccus
1430 3291 1570 3343 circa
1604 3289 1705 3343 hoc
1732 3287 2004 3354 negotium

441 3385 683 3456 scripsit,
707 3384 862 3453 dixit,
909 3384 1099 3455 gessit,
1117 3391 1172 3435 et
1217 3382 1353 3435 nihil
1390 3381 1471 3435 his
1501 3382 1653 3450 plus;
1709 3396 1829 3448 qua:
1885 3379 2010 3434 data

444 3492 612 3546 opera
654 3475 838 3530 studui
898 3472 1200 3529 minutatim
1241 3487 1306 3527 ac
1363 3471 1528 3542 paulo
1574 3471 1735 3526 latius
1774 3470 2013 3525 historiae

441 3568 844 3631 commendare,
879 3564 1032 3629 utsit
1062 3563 1406 3618 manifestum
1434 3561 1705 3631 quomodo
1735 3571 1790 3616 et
1812 3561 2012 3631 quibus

439 3674 512 3727 ex
542 3656 724 3712 causis
760 3655 815 3708 in
870 3664 1172 3708 extremum
1218 3651 1456 3708 Ecclesia
1497 3650 1793 3720 periculum
1831 3651 2012 3721 magni

449 3750 574 3803 mali
604 3746 872 3804 subeundi
901 3741 1566 3815 venerit.’l‘emperanttus
1582 3751 1762 3798 autem
1782 3740 2012 3807 Veccus,

450 3856 567 3896 mea
597 3840 819 3909 quidem
863 3837 1158 3903 sententia,
1200 3835 1439 3897 fecisset,
1469 3835 1514 3890 si
1561 3834 1698 3889 nihil
1727 3834 1873 3890 circa
1914 3835 2015 3889 hoc

449 3931 728 3985 movisset.
757 3928 959 3983 Tamen
991 3929 1106 4000 ejus
1130 3928 1305 3993 culpae
1336 3941 1583 3995 magnam
1612 3936 1820 3995 partem
1847 3930 2016 3981 susti-

450 4032 605 4078 nent.
630 4020 722 4090 qui
750 4020 852 4075 hoc
887 4018 959 4073 illi
985 4017 1219 4073 faciendi
1242 4016 1619 4071 vehementem
1647 4016 1937 4085 impulsum
1963 4025 2020 4070 et

449 4110 739 4179 quamdam
769 4107 924 4179 quasi
964 4106 1350 4162 necessitatem
1388 4104 1785 4174 imposuerunt.
1815 4105 2019 4157 Accur-

452 4218 582 4256 rens
624 4201 825 4271 quippe
871 4200 917 4254 is
954 4200 1018 4253 ad
1051 4198 1255 4269 justam
1283 4196 1656 4253 defensionem
1702 4194 2018 4250 Latinorum

450 4304 642 4350 i-tmtra
671 4309 766 4349 eos
800 4308 831 4347 a
859 4291 1056 4362 quibus
1082 4289 1354 4345 immerito
1396 4290 1664 4344 haereseos
1693 4287 2022 4343 damnaban-

455 4398 566 4449 tur,
596 4383 769 4439 induit
797 4398 856 4439 se
883 4397 991 4436 non
1027 4381 1317 4437 advertens
1345 4390 1400 4435 et
1438 4380 1616 4434 studio
1644 4378 1814 4433 datus
1844 4377 1899 4431 in
1932 4377 2016 4443 ju-

453 4489 567 4531 stas
596 4477 929 4546 suspiciones
956 4475 1077 4545 ejus
1143 4474 1280 4528 labis
1314 4488 1419 4543 qua
1473 4488 1699 4543 purgare
1744 4471 2021 4541 satagebat
2054 4461 2095 4514 ί)
2125 4458 2212 4511 in"

453 4569 610 4632 alius,
638 4569 784 4621 visus
809 4566 860 4619 in
886 4563 1133 4619 haeresim
1158 4562 1477 4633 impingere.
1499 4563 1670 4630 Atque
1695 4561 1752 4614 in
1784 4573 2022 4630 praesens

453 4660 696 4728 quidem,
726 4658 816 4726 qui
849 4671 937 4712 res
972 4657 1103 4709 istas
1128 4652 1526 4724 gubernabant,
1564 4666 1732 4705 unum
1765 4650 1867 4704 hoc
1898 4663 2022 4718 spe-
2050 4655 2071 4667 '

456 4751 699 4813 ctabant,
729 4759 788 4803 ut
814 4748 1077 4801 Joannem
1116 4744 1355 4814 Josepho
1374 4742 1706 4812 subjicerent
1735 4739 2024 4803 volentem,

459 4840 834 4913 persuadendo
859 4838 936 4894 illi
972 4839 1119 4914 utab
1163 4838 1264 4892 hoc
1286 4835 1501 4892 veniam
1530 4833 1759 4904 supplex
1796 4839 2025 4902 peteret,

455 4936 603 5005 quod
629 4935 747 5002 ipso
777 4933 959 4987 adhuc
993 4931 1207 4986 vivente
1244 4930 1497 4984 thronum
1532 4923 1899 4980 conscendere
1928 4936 2028 4976 au-

455 5040 555 5079 sus
585 5031 749 5085 esset,
779 5029 835 5076 et
863 5019 1005 5090 quod
1054 5032 1179 5075 cum
1222 5018 1432 5072 videret
1452 5014 1745 5084 Josephum
1778 5011 1921 5067 adeo
1964 5010 2032 5064 ab

465 5115 830 5172 Ecclesiarum
861 5126 993 5183 pace
1021 5111 1319 5166 abhorrere
1350 5117 1425 5173 ut,
1458 5124 1528 5163 ne
1556 5105 1703 5161 illam
1752 5102 2029 5174 probaret,

458 5209 657 5266 cedere
679 5205 1040 5276 patriarchatu
1081 5203 1284 5266 mallet,
1314 5212 1493 5256 tamen
1523 5201 1636 5268 ipse
1656 5210 1886 5251 vacuum
1913 5193 2034 5262 ejus

464 5319 683 5360 sacessu
719 5300 1088 5373 patriarchale
1119 5297 1312 5352 solium
1329 5309 1438 5349 non
1468 5291 1633 5347 modo
1676 5304 1786 5345 non
1823 5285 2038 5341 dubita-

467 5397 604 5452 verit
624 5395 862 5450 oblatum
901 5391 1214 5449 admittere,
1237 5386 1333 5442 sed
1371 5386 1535 5440 etiam
1564 5381 1717 5436 libris
1756 5378 1914 5434 editis
1940 5390 2037 5430 eo-

467 5497 625 5544 natus
648 5486 815 5542 fuerit
833 5486 1089 5541 evincere
1106 5483 1241 5538 nilnl
1264 5482 1319 5535 in
1347 5494 1432 5541 ea,
1454 5490 1586 5548 pace
1614 5471 2039 5544 reprehensibile

468 5578 656 5635 fuisse.
677 5579 805 5634 llaec
835 5586 895 5632 ut
922 5576 991 5631 ab
1012 5590 1078 5631 eo
1098 5576 1507 5641 extorquerent,
1533 5564 1799 5638 synodum
1824 5562 2038 5632 plenam

2109 3178 2215 3221 tem
2234 3165 2579 3221 conﬁdebant
2600 3174 2894 3216 exarsuros
2923 3171 3022 3212 eos
3044 3165 3101 3211 et
3126 3156 3179 3208 in
3207 3152 3526 3207 seditionem
3549 3162 3681 3203 con-

2107 3257 2356 3312 citandos
2399 3255 2665 3309 adversus
2713 3237 2973 3314 Veccum,
3004 3262 3167 3318 quem
3214 3244 3333 3313 ejus
3381 3240 3458 3295 rei
3517 3237 3682 3292 totius

2109 3349 2443 3421 praecipuum
2499 3344 2761 3401 artiﬁcem
2816 3342 3245 3412 snspicarentur.
3295 3335 3473 3401 Quare
3527 3331 3679 3384 illum

2111 3445 2237 3498 huic
2266 3414 2480 3497 invidiae
2506 3438 2794 3509 objecturi,
2826 3436 3078 3491 ardenter
3113 3428 3368 3501 petebant
3394 3414 3547 3480 citari
3580 3425 3686 3478 rite

2112 3551 2175 3590 ac
2205 3534 2383 3605 juheri
2414 3549 2474 3588 se
2506 3534 2700 3587 sistere
2747 3524 3100 3598 iudicandum
3129 3541 3158 3575 a
3185 3534 3320 3591 syno
3341 3520 3412 3573 ‘o.
3462 3514 3687 3571 Crebris

2113 3630 2276 3697 igitur
2319 3627 2581 3682 viatorum
2633 3618 3081 3678 missitationibus
3126 3613 3334 3669 Veccus
3369 3620 3687 3678 comparere

2114 3733 2293 3773 coram
2324 3714 2660 3786 congregatis
2691 3710 2938 3765 Patribus
2959 3709 3141 3777 jussus
3160 3711 3244 3759 est
3264 3702 3329 3755 ad
3355 3699 3684 3753 reddendam

2114 3813 2378 3865 rationem
2407 3822 2595 3863 eorum
2630 3820 2749 3874 quae
2783 3803 3101 3870 scripserat;
3152 3795 3311 3863 idque
3335 3791 3463 3845 dum
3509 3786 3685 3845 ﬁeret.

2117 3902 2334 3957 interim
2366 3899 2457 3970 qui
2494 3900 2608 3967 haec
2635 3894 2917 3955 curabant,
2973 3890 3172 3957 scripta
3208 3885 3297 3938 illa
3321 3881 3487 3936 Vecci.
3512 3889 3571 3933 ut
3597 3892 3688 3928 er-

2118 4011 2302 4050 rorum
2335 3990 2662 4046 ctfraudum
2702 3984 2857 4055 plena
2896 3978 3315 4036 invidiosissime
3336 3970 3478 4044 apud
3516 3984 3690 4040 pupu—

2121 4089 2230 4142 lum
2283 4080 2661 4141 traducebant,
2709 4088 3035 4146 magnopere
3078 4077 3418 4147 ostentantes
3460 4073 3693 4130 exagge-

2120 4189 2409 4246 rantesque
2428 4170 2726 4243 perniciem
2744 4168 2975 4222 illorum.
3002 4162 3058 4217 ld
3074 4163 3282 4217 Veccus
3301 4173 3407 4212 non
3434 4157 3693 4226 ignorans

2119 4242 2475 4324 cunctabatur
2493 4264 2870 4330 obtemperare
2892 4252 3230 4313 vocantibus,
3275 4260 3562 4316 morasque
3610 4242 3695 4297 in-

2122 4361 2369 4417 nrctchal
2404 4359 2592 4428 longas
2618 4368 2718 4408 suo
2760 4351 2815 4404 in
2849 4346 3217 4403 vadimonium
3270 4340 3546 4398 occursui.
3581 4351 3694 4389 non

2218 4426 2551 4506 erisimilitcr
2571 4443 2807 4511 allegaus
2844 4435 3191 4492 manifestum
3222 4446 3345 4486 esse
3371 4426 3697 4499 periculum,

2127 4556 2198 4595 ne
2222 4537 2450 4607 populus
2470 4546 2760 4606 persuasus
2781 4527 2932 4600 gravi
2960 4540 3019 4581 se
3048 4523 3382 4595 implicatum
3415 4517 3556 4570 malo
3583 4515 3700 4582 pia-

2127 4606 2358 4700 culoque
2397 4626 2696 4697 subjectum
2722 4636 2819 4692 per
2848 4632 3034 4690 pacem
3054 4628 3178 4670 eum
3234 4609 3444 4666 Latinis
3483 4606 3700 4667 initam,

2129 4725 2334 4780 furiose
2359 4721 2413 4775 in
2449 4718 2570 4789 ejus
2618 4716 2767 4786 pacis
2794 4721 3071 4767 auctorem
3108 4708 3441 4771 erumperet,
3483 4713 3607 4753 cum
3651 4696 3705 4750 is

2131 4824 2371 4893 primum
2401 4818 2453 4872 in
2476 4820 2825 4883 conspectum
2847 4803 3188 4861 essetdatns.
3225 4798 3405 4866 Itaque
3431 4810 3552 4850 cum
3590 4807 3703 4846 non

2132 4885 2406 4986 ignoraret
2453 4916 2570 4961 arte
2620 4900 3052 4959 adversariorum
3098 4903 3267 4949 totam
3321 4890 3442 4960 ejus
3497 4885 3705 4957 negotii

2133 4977 2343 5073 Jupam
2371 5004 2501 5057 inse
2535 4986 2953 5060 conferri,ltaud
2987 4989 3089 5043 sibi
3123 4983 3295 5040 videri
3326 4990 3499 5037 tutum
3544 4977 3710 5047 proli-

2135 5070 2269 5155 cisci
2299 5110 2406 5164 quo
2446 5079 3132 5151 vocaretur.discerpendo
3167 5076 3357 5144 utique
3390 5088 3419 5126 a
3453 5070 3705 5123 multitu-

2134 5191 2285 5253 dine,
2303 5186 2391 5241 cni
2421 5182 2510 5253 qui
2545 5196 2606 5235 se
2640 5178 2836 5233 vellent
2857 5174 3125 5246 perditum
3153 5170 3388 5225 sinistris
3406 5172 3532 5219 ante
3551 5176 3711 5230 spar-

2137 5283 2212 5337 sis
2243 5256 2556 5334 rumoribus
2591 5275 2974 5344 persuaserant
2998 5279 3165 5337 penes
3188 5279 3246 5317 se
3278 5273 3444 5315 unum
3467 5255 3711 5310 residere

2137 5388 2354 5428 causam
2380 5369 2504 5423 mali
2534 5364 2732 5421 omnis.
2766 5362 2893 5417 Ηιεο
2920 5362 3042 5428 jure
3088 5352 3299 5410 causari
3327 5364 3450 5404 eum
3481 5358 3713 5413 magnus

2134 5464 2410 5533 leguheta
2441 5458 2769 5527 intelligens.
2806 5452 2919 5508 acri
2940 5466 3040 5505 nec
3062 5446 3237 5503 inutili
3264 5458 3427 5513 Opera
3460 5436 3715 5517 incutmit

2142 5560 2209 5612 ad
2238 5548 2245 5555 ”
2275 5554 2598 5610 seditionem
2650 5542 3113 5616 comprimendam
3156 5535 3336 5607 p0puli
3379 5542 3526 5586 metu
3578 5526 3713 5581 huic

468 5618 656 5635 Iu'vgv.
678 5618 805 5634 ’δην
838 5618 895 5632 δ’,
922 5618 989 5631 *⁵,
1013 5618 1077 5631 vv
1100 5618 1383 5641 V""'"‘|""
1398 5618 1507 5633 ""‘l
1534 5618 1581 5638 -δ
1618 5618 1625 5619 ί
1646 5618 1655 5619 ί
1684 5618 1687 5619 ⁷
1824 5618 1839 5632 ι
1989 5627 1992 5630 ,

451 5688 628 5743 quam
678 5673 917 5745 primum
984 5671 1309 5725 studuerunt
1360 5676 1576 5732 cogere.
1623 5656 1875 5713 Pulsibus
1912 5670 2042 5724 ergo
2143 5649 2362 5705 admoto
2382 5645 2448 5699 ab
2470 5646 3017 5711 impcratore,quem,
3048 5632 3213 5700 siqua
3240 5627 3317 5681 vis
3343 5626 3516 5681 ﬁeret.
3539 5618 3718 5721 oden-

2160 5740 2174 5745 -
2272 5740 2282 5745 -
2537 5735 2568 5745 ,Α
2707 5742 2716 5745 -
2759 5743 2764 5745 ,
2898 5741 2932 5745 κ-
2978 5725 3145 5745 ᾼ-ξ-.ν-
3174 5723 3474 5745 1-...-..........η
3518 5716 3568 5745 in
3606 5725 3717 5745 ναι-

469 5716 628 5743 .,.......
985 5716 1307 5725 --ηηηη
1369 5716 1481 5732 --νγ
1975 5716 2005 5724 _

468 5716 833 5825 crebrisrazris
869 5762 1112 5820 ecclesiae
1139 5756 1386 5831 campani
1422 5754 1634 5810 turbam
1670 5747 1830 5806 simul
1874 5746 2042 5803 adve-
2144 5740 2379 5797 dendum
2403 5735 2637 5810 graviter
2666 5742 2724 5787 et
2754 5741 2939 5786 severe
2972 5723 3475 5781 animadversurum
3518 5716 3570 5768 in
3606 5716 3717 5766 vio-

1443 5964 1485 6007 Νι
