4022 6564
583 477 650 540 63

1795 455 2117 519 GEORGII
2158 450 2640 514 PACHYMEREE

3752 434 3844 502 ’44

579 604 711 643 των.
754 580 1037 638 Ἐϐεὸαίου
1081 578 1141 634 δὲ
1201 575 1299 632 καὶ
1343 573 1441 638 τὰς
1478 570 1703 643 γνώμας
1754 568 2025 638 λεγόντων
2070 565 2165 621 καὶ
2193 570 2236 629 Α
2269 563 2380 635 σὴφ
2409 564 2709 637 ἀρρώστως
2736 564 2877 636 ἔχων
2915 561 3010 618 τοῦ
3044 560 3298 635 σώματος
3339 560 3441 626 τῆς
3468 548 3853 631 πατριαρχῖας

540 740 549 749 ,
586 679 844 755 προθέσει
869 674 1102 746 καρδίας
1148 672 1241 726 καὶ
1272 668 1626 740 γράμμασιν,
1652 658 1728 718 ὧν
1760 661 1822 715 τὸ
1854 660 2042 731 μεῖζον
2067 659 2160 712 καὶ

582 753 802 847 πρῶτον
858 770 934 842 μὴ
969 769 1036 823 ἄν
1070 766 1192 820 ποτ’
1235 762 1488 834 εὐφήμου
1523 759 1766 831 μνήμης,
1812 755 1888 826 μὴ
1931 753 2162 824 ψαλμῳ-

480 904 488 917 ι
579 845 724 936 δίας,
765 868 841 939 μὴ
866 864 1045 934 ταφῆς
1076 858 1382 929 ἀξιωθῆναι
1426 854 1518 908 τὸν
1546 850 1930 922 ἀποιχόμενον.
1966 847 2027 900 Ol
2063 845 2162 915 μὲν

585 962 680 1018 οὖν
709 937 854 1015 ebrio
881 959 1080 1018 ταῦτα,
1122 948 1385 1024 βασιλεὺς
1434 947 1481 1018 δζ
1522 944 1769 1016 οἰόμενος
1816 937 2164 1011 πραγμάτων

585 1054 973 1123 ἀπαλλαγῆναι
1007 1048 1071 1102 τὸ
1116 1022 1227 1100 πᾶν
1250 1037 1559 1113 κατορθοῦν
1603 1035 1846 1107 ἐνόμιζε.
1883 1022 1957 1088 Τὸ
1981 1031 2025 1084 δ’
2056 1030 2165 1100 ἄρα

585 1144 653 1220 ἦν
686 1147 918 1219 θνειρος.
2001 1150 2007 1157 -

530 1336 535 1343 -
589 1309 675 1380 ιβ’.
722 1301 861 1373 Περὶ
896 1300 1015 1355 τῶν
1064 1290 1465 1418 ’Λρσενιιέἔῶν
1508 1288 1607 1344 καί
1652 1283 1763 1356 τῆς
1795 1279 1903 1338 τοῦ
1951 1278 2165 1346 Ἰωσὴφ

1267 1382 1306 1418 ν
1388 1380 1482 1417 ου.

1267 1376 1383 1420 νσσ
1388 1380 1482 1417 ου.

656 1516 721 1569 Ol
755 1511 869 1582 γὰρ
913 1504 1262 1579 ’Ᾱρσενιᾶται
1293 1498 1479 1562 ἁδείας
1513 1494 1577 1569 [Ρ
1607 1492 1701 1565 2η
1729 1492 1972 1544 κάκεῖνοι
2000 1484 2167 1540 λαϐό-

590 1625 745 1678 μενοι
771 1602 1051 1661 πείθοντος
1079 1596 1175 1651 τοῦ
1215 1588 1434 1663 καιροῦ,
1475 1590 1571 1643 καί¹
1603 1581 1944 1654 πανταχόθεν
1973 1578 2172 1642 ὑπεξαο

589 1692 850 1755 ναδύντες
898 1689 1008 1743 τῶν
1048 1683 1294 1757 φωλεῶν,
1336 1678 1432 1735 τοῦ
1491 1675 1755 1749 βασιλέως
1804 1672 2045 1734 ἀνιέντος
2092 1668 2169 1732 ὡς

590 1786 884 1847 κάκείνους
924 1782 1004 1845 εἰς
1035 1780 1261 1851 εἰρήνην
1287 1775 1445 1845 ἄγειν
1489 1771 1828 1836 ἐλπίζοντος,
1867 1764 2170 1837 ύπέτρεχον

588 1885 717 1946 τοὺς
769 1876 1021 1942 πολλοὺς,
1054 1872 1152 1928 καὶ
1187 1869 1388 1943 μᾶλλον
1433 1863 1768 1939 θαρροῦντες
1812 1861 1901 1915 ἐπ’
1946 1856 2168 1926 Ἀνδρο’

2263 656 2585 727 ἐπείληπτο,
2607 658 2801 728 καιρὸν
2826 655 3008 729 ἥκιστ’
3034 650 3178 727 εῐχον
3196 655 3397 708 ἐκεῖνοι
3431 653 3561 729 πρὸς
3587 648 3849 721 βασιλέα·

2263 746 2323 803 τὸ
2360 748 2465 819 γὰρ
2501 748 2654 816 σφῶν
2691 728 3109 803 ἀκαταλλακτον
3141 749 3191 801 oi
3226 745 3323 801 τοῦ
3368 728 3568 816 Ἰωσὴφ
3596 728 3857 819 ἐκκλεί-

2266 856 2396 894 στου
2444 840 2667 907 εἰδότες,
2703 842 2799 895 καὶ
2851 841 2935 895 ὅτι
2989 842 3145 896 αὐτοὶ
3191 841 3292 910 μὲν
3346 839 3699 909 πατριάρχην
3755 818 3856 910 τὸν

2277 931 2477 1002 Ἰωσὴφ
2525 927 2694 1003 εἶχον,
2753 935 2953 987 ἐκεῖνοι
3001 933 3057 986 δὲ
3097 908 3209 987 ούδί
3256 932 3407 1000 ἄξιον
3445 908 3857 1001 Χριστιανικῆς

2265 1023 2485 1093 ὁμιλίας
2515 1023 2755 1095 ἔκρινον,
2795 1028 2892 1079 καὶ
2935 1025 3027 1080 διὰ
3065 1024 3238 1079 ταῦτα
3284 1024 3544 1078 ἀδύνατον
3582 1014 3837 1090 τὴν“ξύμ

2266 1115 2431 1171 σασιν
2473 1117 2759 1189 κρίνοντες
2791 1116 3314 1188 προκατελάμϐανον
3356 1114 3603 1186 βασιλέα,
3645 1126 3864 1181 μαρτυ-

2272 1211 2493 1284 ροῦντες
2523 1212 2673 1281 σφίσι
2702 1212 2771 1266 τὰ
2801 1212 3075 1285 χείριστα,
3121 1214 3215 1265 καὶ
3245 1211 3319 1274 ὡς
3353 1208 3461 1264 οὐδ’
3498 1207 3586 1263 ἐπ’
3620 1203 3862 1274 ἀγαθοῖς

2269 1305 2418 1376 αύτῷ
2450 1305 2793 1377 βασιλεύοντι
2842 1306 3038 1359 ἐκείνοι
3081 1304 3183 1375 τὴν
3221 1301 3555 1371 Ἐκκλησίαν
3606 1297 3867 1371 σχίζουσι

2269 1398 2525 1466 λέγοντες
2555 1402 2839 1471 φροντίσιν
2865 1399 2924 1452 ού
2954 1401 3079 1461 ταῖς
3100 1396 3399 1469 τυχούσαις
3432 1386 3662 1448 ἐδίδουν.
3703 1390 3869 1443 Ἐπεὶ

2271 1490 2317 1544 δ’
2347 1492 2715 1563 ἐκραταιοῦτο
2742 1491 2821 1561 τῷ
2864 1490 3186 1562 πατριάρχῃ
3234 1491 3267 1561 ἠ
3317 1489 3492 1556 νόσος,
3523 1486 3618 1540 καὶ
3650 1483 3756 1555 ἤδη
3808 1482 3869 1545 ἐς

2272 1582 2423 1637 ἅπαν
2454 1583 2815 1654 ἐκλελυμένος
2843 1578 2911 1656 ἦν
2935 1584 3011 1646 ὡς
3051 1585 3147 1637 καὶ
3180 1580 3274 1635 τὸν
3301 1580 3534 1635 θάνατον
3564 1574 3873 1643 ἀπεκδέχε-

2272 1674 2421 1742 σθαι,
2453 1677 2545 1730 καὶ
2570 1675 2660 1731 διὰ
2682 1674 2857 1730 ταῦτα
2888 1678 3191 1749 παρῃτεῖτο
3225 1672 3325 1745 τὴν
3365 1670 3732 1745 προστασίαν,
3769 1665 3872 1718 καὶ

2270 1766 2512 1838 γράμμα
2564 1763 2866 1838 προύϐαινε
2914 1766 3335 1837 παραιτήσεως,
3385 1763 3725 1834 ὑπορρέουσι
3766 1756 3872 1826 μὲν

2272 1862 2322 1915 οί
2360 1860 2580 1924 τούτου,
2621 1860 2704 1922 είς
2746 1859 2953 1931 πλῆθος
2991 1859 3049 1913 δὲ
3081 1857 3377 1923 ξυστάντες
3403 1856 3630 1918 ἐκεῖνοι,
3662 1850 3742 1907 ὼς
3772 1847 3875 1900 καὶ

590 1976 724 2047 νίκῳ
749 1972 828 2046 τῷ
860 1971 969 2027 ἀπὸ
1002 1922 1273 2039 Σάρδεων.
1307 1963 1366 2017 δν
1396 1922 1522 2015 δσοᾷ
1544 1922 1707 2014 λῦπω
1752 1953 1960 2047 ἧξαντα
1996 1922 2171 2047 “Pi”:
2202 1922 2246 1977 Β
2281 1952 2374 2007 τὸν
2402 1954 2544 2009 πάνυ
2565 1922 2901 2024 θαρραλέον
2943 1922 3181 2005 δεδιέναι
3208 1952 3304 2005 καὶ
3335 1948 3435 2020 τὴν
3470 1945 3700 2000 ἐκείνων
3738 1941 3879 1992 ὑπο-

591 2040 860 2140 εδέγοντο,
893 2060 1037 2118 εἷναί
1071 2078 1134 2116 τε
1164 2060 1255 2140 τὸν
1295 2055 1495 2126 Ἰωσὴφ
1524 2053 1617 2107 ὑπ’
1646 2046 1958 2120 ἀφορισμδν
1984 2046 2048 2099 ὲκ
2079 2040 2173 2096 τού

590 2134 943 2233 πατριάρχου
999 2134 1278 2226 Ἀρσενίου
1322 2145 1686 2208 διεδεϐαίουν,
1713 2142 1808 2195 καὶ
1834 2140 1934 2211 τὴν
1964 2137 2176 2190 ἐκείνου

593 2228 884 2310 κοινωνίαν
918 2248 995 2320 μὴ
1032 2249 1116 2302 ὅτι
1140 2243 1192 2313 γ’
1222 2243 1423 2296 ἐκεῖνοι
1449 2238 1524 2301 ὡς
1550 2239 1685 2304 ἄγος
1711 2232 2008 2298 ὲξέκλινον,
2043 2228 2180 2283 ἀλλὰ

595 2349 687 2403 καὶ
719 2343 949 2406 πολλοὺς
999 2336 1221 2393 ἔπειθον
1267 2331 1519 2402 φεύγειν,
1575 2328 1717 2383 ὥστε
1767 2326 1867 2378 καὶ
1908 2323 2179 2393 ὁσημέραι

595 2439 818 2502 πλείους
883 2432 1119 2494 ἐκείνοις
1178 2421 1596 2500 προστίθεσθαι,
1655 2418 1762 2485 κάξ
1820 2415 2020 2483 ὀλίγων
2072 2412 2181 2467 τῶν

597 2533 834 2605 πρώτων
861 2524 1094 2590 πολλοὺς
1123 2520 1398 2593 γίνεσθαι.
1434 2513 1577 2570 Ἀλλ’
1608 2511 1695 2583 ἐφ’
1725 2514 1850 2567 ὅσον
1880 2509 1980 2581 μὲν
2005 2509 2033 2560 ό
2066 2507 2182 2559 Ἰω-

597 2695 808 2769 quinet
839 2704 963 2746 cum
991 2683 1209 2758 quidvis
1235 2695 1335 2753 pro
1362 2676 1612 2749 quolibet
1638 2671 2045 2728 intercederent
2091 2668 2187 2723 aut

598 2768 870 2863 peterent,
896 2786 1150 2854 prompte
1179 2787 1455 2838 annuens,
1500 2768 1781 2853 multaque
1806 2781 1876 2819 ex
1916 2778 2018 2817 usu
2052 2775 2189 2832 pra:-

600 2842 739 2936 ίει)ιὶ
771 2842 1005 2936 faciens,
1031 2842 1199 2940 prout
1227 2865 1305 2922 illi
1335 2861 1457 2919 fieri
1490 2842 1715 2916 omnino
1740 2849 1943 2912 debere
1964 2867 2189 2924 sugges—

600 2972 820 3029 sissent.
852 2960 1225 3022 Confirmabat
1254 2965 1439 3013 autem
1480 2950 1789 3009 sententias
1839 2948 2035 3002 horum
2087 2943 2190 2999 sibi

619 3061 945 3134 oquentium
999 3066 1123 3110 cum
1181 3056 1432 3122 prompta
1487 3042 1886 3118 significatione
1941 3036 2194 3094 benevoli

602 3130 882 3216 assensus,
905 3159 1021 3205 tum
1054 3146 1149 3202 ubi
1180 3158 1269 3198 res
1300 3146 1576 3213 posceret,
1619 3134 1820 3191 litteris
1839 3140 1897 3188 et
1924 3130 2194 3201 diploma-

2284 2046 2512 2119 ποίησιν
2546 2047 2855 2116 ἀναγκαίαν
2887 2044 3163 2118 ἡγεῖσθαι,
3198 2044 3358 2113 λόγου
3406 2040 3654 2112 μείζονος
3687 2032 3877 2099 ἀξιοῦ-

2287 2142 2432 2207 σθαι,
2456 2139 2751 2205 νεύσαντος
2778 2140 2872 2195 ἐπὶ
2893 2139 3115 2203 τούτους
3132 2137 3225 2192 τοῦ
3252 2135 3541 2208 βασιλέως,
3567 2131 3664 2186 καὶ
3689 2126 3879 2196 πολλῴ

2285 2251 2392 2288 τινι
2432 2234 2699 2289 νικῶνται
2728 2234 2788 2287 τὸ
2822 2233 3029 2304 πλῆθος
3063 2233 3193 2297 τοὺς
3231 2230 3327 2284 τοῦ
3370 2228 3594 2298 Ἰωσήφ.
3640 2222 3882 2291 Ἐξῆρχε

2290 2327 2391 2399 μὲν
2421 2322 2517 2381 οὖν
2541 2327 2765 2381 ἐκείνων
2785 2326 2939 2383 ἔνθεν
2969 2329 3069 2396 μὲν
3092 2327 3120 2378 ό
3148 2319 3574 2394 Ταρκανειώτης
3617 2315 3883 2381 Ἰωάννης

2291 2419 2387 2473 καὶ
2422 2418 2516 2473 τοῦ
2550 2418 2817 2489 βασιλέως
2845 2416 3170 2487 αὐτανέψιος
3204 2414 3326 2485 (τῆς
3361 2413 3472 2484 γὰρ
3507 2400 3743 2480 Μάρθας
3765 2404 3883 2458 τῶν

2290 2512 2460 2584 τριῶν
2490 2512 2655 2566 υίέων
2690 2509 2919 2582 ὕστερος
2956 2505 3070 2582 ἦν),
3118 2510 3215 2563 σὺν
3245 2502 3385 2578 ᾧνδὴ
3417 2503 3515 2558 καὶ
3543 2503 3600 2556 al
3642 2496 3887 2568 ἀδελφαὶ

2298 2666 2710 2738 patriarchatus
2742 2676 3021 2738 utcunque
3066 2664 3495 2738 possessionem,
3552 2658 3705 2732 gravi
3755 2657 3888 2714 licet

2297 2770 2525 2830 urgente
2548 2762 2762 2827 morbo,
2802 2762 2997 2827 tenuit,
3027 2774 3219 2830 parum
3252 2756 3397 2829 apud
3440 2757 3760 2828 Augustum
3796 2768 3872 2808 va-

2299 2853 2539 2909 luerunt.
2578 2852 2714 2907 Nam
2757 2869 2883 2908 cum
2919 2869 2985 2908 ex
3023 2853 3185 2924 longo
3231 2857 3573 2921 compertum
3609 2840 3887 2902 haberent

2300 2946 2393 3017 qui
2416 2944 2713 3016 .Iosephum
2736 2946 3129 3016 sequebantur,
3165 2940 3506 2997 irrevocabili
3546 2940 3891 2994 Arsenianos

2301 3041 2357 3095 in
2376 3053 2502 3093 eum
2534 3038 2823 3094 instinctos
2848 3038 2995 3104 odio,
3029 3052 3133 3091 nec
3155 3048 3445 3107 superesse
3476 3032 3729 3087 viderent
3754 3046 3893 3084 con-

2302 3132 2592 3188 ciliationis
2614 3146 2767 3203 spem
2799 3131 2962 3186 ullam
2987 3132 3130 3185 inter
3153 3138 3336 3200 partes
3370 3139 3478 3182 tam
3510 3125 3622 3179 acri
3650 3124 3894 3178 discidio

602 3249 753 3305 tibus
780 3245 847 3301 ad
873 3255 1061 3298 earum
1093 3233 1453 3293 sanciendum
1476 3228 1734 3286 effectum
1764 3223 1929 3280 datis.
1959 3222 2195 3277 Istorum
2224 3284 2265 3305 η
2304 3224 2645 3289 commissas,
2674 3232 2734 3279 ut
2760 3238 2922 3293 quem
2952 3221 3054 3276 alia
3081 3221 3385 3292 principem
3413 3231 3695 3273 sacrorum
3723 3229 3894 3269 vene.

604 3284 753 3305 ..μυ-ς.
780 3284 847 3301 υ...
874 3284 1061 3298 νων...
1093 3284 1451 3293 -_-----__”,n
1489 3284 1497 3286 ι

602 3342 755 3398 hisce
788 3332 1175 3392 concessorum
1203 3345 1233 3382 a
1257 3325 1510 3399 principe
1538 3323 1645 3377 hoc
1676 3318 1973 3375 maximqu
2000 3326 2054 3371 et
2077 3313 2193 3385 pri-
2222 3284 2266 3343 ο
2300 3324 2537 3381 raretnr,
2559 3318 2730 3373 altera
2755 3332 2824 3372 ne
2848 3316 2987 3371 laica
3008 3284 3230 3385 quidem
3251 3284 3638 3369 communione
3656 3309 3897 3382 ἀίεηαηο

605 3449 756 3492 mum
776 3426 1070 3499 fuit,'quod
1096 3424 1166 3480 iis
1199 3418 1562 3478 suadentibus
1591 3413 1766 3470 vetuit
1793 3427 1868 3468 ne
1895 3410 2054 3481 signo
2079 3407 2190 3463 ullo

604 3525 922 3584 honorifica:
969 3516 1249 3575 memoria:
1300 3527 1404 3568 nec
1444 3510 1609 3582 justis
1660 3504 1986 3562 funebribus
2024 3510 2188 3556 cantu

607 3621 943 3694 psalmorum
977 3615 1084 3669 rite
1120 3608 1435 3673 celebratis,
1474 3604 1585 3659 imo
1625 3615 1697 3657 ne
1749 3598 2030 3669 sepultura
2063 3594 2189 3665 qni-

605 3689 729 3771 dem
757 3706 1127 3769 ecclesiastica
1170 3710 1323 3774 pater
1364 3698 1488 3769 ejus
1534 3698 1815 3767 Augustus
1862 3705 2041 3760 nuper
2090 3689 2189 3743 de-

606 3808 827 3863 functus
855 3800 1195 3870 dignaretur.
1237 3791 1305 3846 Et
1344 3791 1461 3845 haec
1493 3787 1570 3843 illi
1589 3785 1813 3857 quidem
1835 3782 1914 3836 sic
1938 3787 2187 3850 egerunt.

606 3900 912 3970 Imperator
965 3900 1152 3946 autem
1210 3887 1481 3956 propensa
1516 3881 1631 3934 ista
1677 3876 1746 3932 ad
1785 3890 1977 3932 eorum
2022 3881 2190 3928 nutus

607 3961 802 4047 orn-nes
833 3984 1088 4042 facilitate
1105 3973 1470 4046 obsequendi,
1498 3970 1819 4028 defunctum
1850 3982 1909 4022 se
1936 3965 2108 4021 turbis
2137 3972 2192 4019 et
2223 3961 2242 3977 '

609 4093 861 4152 magnam
889 4078 947 4131 in
990 4084 1297 4146 posterum,
1338 4067 1551 4125 cunctis
1587 4060 1933 4134 compositis,
1981 4072 2042 4113 se
2084 4056 2189 4111 sibi

611 4148 1056 4244 tranquillitatem
1118 4162 1424 4220 confecisse
1465 4157 1881 4219 arbitrabatur;
1941 4151 1995 4206 id
2042 4148 2191 4221 quod

610 4279 810 4324 vanum
839 4261 1115 4318 somnium
1149 4256 1251 4313 sibi
1287 4252 1522 4309 faventis
1549 4248 1720 4305 animi
1756 4247 1876 4303 fuit.

854 4400 940 4455 12.
974 4397 1047 4452 De
1073 4364 1387 4448 Arsénianis
1419 4400 1469 4445 et
1501 4388 1679 4444 morbo
1703 4386 1942 4457 Iosephi.

690 4535 976 4599 Arseniani
1001 4533 1223 4605 quippe,
1246 4544 1315 4586 ex
1342 4528 1645 4584 mutatione
1666 4537 1723 4583 et
1752 4523 1858 4597 ipsi
1882 4531 2192 4593 temporum

2293 3409 2422 3464 dum
2472 3407 2777 3480 Josephum
2810 3409 3059 3473 duceret,
3119 3416 3330 3462 mature
3361 3422 3462 3477 pro
3520 3419 3619 3460 sua
3683 3414 3895 3457 caetera

2294 3499 2439 3570 apud
2477 3500 2855 3555 Andronicum
2903 3500 3232 3553 auctoritate
3271 3512 3398 3552 eum
3436 3497 3494 3550 in
3541 3494 3895 3550 contrarium

2294 3591 2741 3663 praemunierant,
2775 3593 3018 3663 gravium
3059 3590 3395 3646 Arsenianos
3433 3595 3763 3645 accusantes
3787 3586 3901 3640 cri-

2296 3685 2529 3753 minum,
2584 3694 2901 3755 metumque
2944 3685 3305 3747 intentantes,
3371 3699 3444 3738 ne
3487 3682 3593 3737 hoc
3645 3682 3898 3735 schisma

2294 3777 2635 3881 ipvalescens
2662 3794 2771 3833 non
2804 3777 3062 3834 Ecclesia:
3093 3779 3255 3833 modo
3285 3777 3380 3832 sed
3409 3776 3638 3846 imperio
3670 3788 3902 3845 quoque

2294 3870 2395 3939 ipsi
2430 3870 2958 3939 perniciosissimum
2982 3870 3050 3924 ad
3077 3876 3394 3936 extremum
3430 3864 3730 3933 evaderet;
3765 3866 3898 3935 qui-

2294 3959 2398 4016 bus
2430 3961 2689 4016 credulus
2711 3962 2968 4031 princeps
3006 3960 3210 4015 auditis
3254 3960 3311 4012 in
3341 3972 3448 4012 non
3493 3957 3783 4027 vulgarem
3826 3956 3898 4009 ab

2293 4052 2613 4108 Arsenianis
2653 4053 2883 4108 cavendi
2938 4052 3367 4108 sollicitudinem
3423 4048 3897 4105 contrahebatur.

2294 4144 2588 4215 Postquam
2629 4160 2757 4200 vero
2809 4145 3130 4200 intendente
3172 4159 3233 4200 se
3269 4142 3528 4215 gravibus
3580 4140 3902 4213 augmentis

2296 4238 2617 4310 patriarcha;
2642 4237 2855 4301 morbo,
2890 4238 3027 4293 adeo
3052 4245 3110 4291 ut
3142 4253 3287 4310 aeger
3313 4238 3472 4308 plane
3491 4237 3604 4305 jam
3642 4235 3904 4289 delectus

2296 4332 2506 4389 viribus
2545 4340 2597 4385 et
2628 4329 2770 4384 haud
2800 4331 2965 4385 dubie
3019 4338 3251 4384 mortem
3282 4341 3612 4399 exspectans
3652 4333 3903 4398 patriar-

2297 4426 2521 4479 chatum
2549 4424 2854 4490 abdicaret,
2886 4423 3048 4493 cujus
3071 4422 3438 4478 abdicationis
3471 4421 3745 4490 scriptum
3799 4414 3935 4477 rite',

2299 4515 2593 4571 formatum
2618 4514 2838 4584 prodiit.
2868 4515 2962 4582 qui
2989 4514 3111 4583 ejus
3128 4506 3350 4568 nurnine
3370 4527 3456 4567 res
3487 4513 3763 4584 gerebant
3808 4520 3905 4567 des

614 4631 810 4688 fiducia
849 4604 1062 4696 arrepta
1089 4604 1217 4677 snas
1238 4633 1330 4674 res
1358 4617 1466 4690 37
1505 4615 1724 4690 agendi,
1764 4614 2008 4684 undique
2062 4625 2193 4682 pro-
2224 4628 2269 4684 ι)
2299 4606 2568 4678 spondere
2584 4607 2795 4660 animos
2810 4604 3119 4660 etdillluere
3137 4605 3906 4676 38cmperunt.Quoliden-

613 4728 845 4782 dcuntes
859 4735 891 4776 e
907 4715 1148 4775 latibulis
1164 4712 1518 4784 (connivente
1537 4710 1805 4779 Augusto,
1830 4706 1923 4775 qui
1952 4703 2053 4757 hos
2074 4716 2209 4770 qua-

614 4818 739 4874 dam
764 4815 990 4870 lenitate
1008 4810 1205 4866 adduci
1225 4807 1293 4861 ad
1320 4817 1512 4876 pacem
1535 4813 1697 4871 posse
1718 4796 1993 4868 sperabat)
2009 4792 2210 4847 multos

614 4910 825 4966 ambire
847 4916 1010 4974 atque
1039 4903 1096 4958 in
1124 4910 1311 4974 partes
1345 4897 1563 4953 trahere
1585 4897 1898 4960 coeperunt.
1937 4888 2210 4941 Columen

615 5007 735 5075 ejus
775 5012 888 5067 tum
924 4996 1179 5063 factionis
1211 5001 1332 5049 erat
1361 4987 1732 5052 Andronicus,
1754 4983 1886 5038 olim
1913 4982 2215 5052 episcopus

619 5074 897 5161 Sardium,
954 5105 1122 5164 quem
1163 5079 1482 5157 nuperrime
1531 5074 1822 5152 appulsum
1872 5084 2206 5143 exceperant

617 5188 795 5253 avide,
823 5162 999 5256 eoque
1032 5189 1258 5237 auctore
1283 5187 1614 5247 magnopere
1638 5169 1764 5227 freti
1800 5167 2033 5224 fidenter
2057 5162 2208 5220 amr»-

618 5281 845 5336 mahant
900 5273 1197 5347 subiacere
1218 5267 1522 5338 Josephum
1574 5259 1912 5321 anathemati
1968 5258 2023 5311 in
2077 5269 2206 5309 eum

619 5370 896 5443 quondam
942 5368 1148 5423 intorto
1200 5362 1271 5419 ab
1306 5358 1541 5415 Arsenio
1589 5370 1716 5413 cum
1774 5349 2214 5425 patriarchatum

618 5470 872 5539 gereret;
901 5459 1186 5535 ipsiusque
1229 5468 1295 5511 ea
1325 5453 1395 5508 de
1431 5463 1597 5507 causa
1629 5443 2075 5505 contmmionem
2105 5448 2225 5493 non’

621 5533 788 5615 modo
806 5564 869 5612 ut
909 5533 1187 5626 piaculum
1229 5544 1498 5610 vitabant,
1530 5542 1627 5600 sed
1658 5550 1713 5598 et
1764 5553 1877 5594 non
1925 5533 2118 5608 paucis
2160 5543 2219 5588 ut

621 5656 691 5709 ab
716 5651 806 5707 illa
843 5665 901 5705 se
939 5645 1329 5703 abseinderent
1369 5636 1804 5711 persuadehant.
1833 5630 1995 5687 Unde
2027 5626 2220 5681 multis

623 5744 871 5815 quotidie
908 5741 974 5796 ad
1006 5751 1212 5811 paucos
1240 5735 1333 5807 qui
1364 5733 1601 5804 primum
1636 5728 2013 5797 apparuerant
2039 5734 2098 5774 se
2130 5733 2222 5788 ag-

623 5837 1002 5911 gregantibus,
1027 5833 1225 5901 exiguo
1256 5838 1504 5895 tempore
1538 5822 1592 5877 in
1622 5832 1915 5876 numerum
1943 5812 2222 5883 ingentem

624 5930 868 5988 excrevit
892 5923 1192 6011 Arseniana
1219 5921 1408 5977 factio.
1440 5916 1507 5971 lli
1536 5925 1719 5970 tamen
1744 5905 1923 5980 quoad
1948 5901 2222 5972 Joscphus

2310 4703 2419 4757 tius
2435 4700 2678 4770 sesejam
2707 4700 2998 4756 Arseniani
3033 4709 3376 4754 ostentantes
3407 4706 3560 4752 tanto
3583 4713 3647 4752 se
3670 4714 3910 4753 numero

2310 4794 2586 4857 ferebant,
2620 4802 2681 4847 ut
2710 4803 2976 4848 terrorem
2999 4792 3327 4847 adversariis
3345 4807 3452 4845 non
3477 4807 3709 4861 parvum
3754 4798 3913 4848 int-u-

2312 4894 2513 4948 terent,
2539 4897 2839 4952 curamque
2857 4884 3392 4952 adderentAugusto
3407 4885 3786 4937 necessariam
3818 4904 3914 4937 eos

2311 4991 2383 5032 ne
2413 4974 2671 5029 saevirent
2690 4975 3006 5030 deliniendi.
3027 4975 3086 5028 lu
3106 4989 3224 5028 eam
3246 4988 3373 5045 ergo
3389 4984 3601 5044 partem
3630 4975 3722 5029 ille
3756 4992 3918 5029 incu-

2314 5067 2456 5134 buit,
2473 5066 2667 5137 majori
2694 5081 2857 5137 quam
2877 5077 3037 5121 antea
3062 5066 3289 5121 honoris
3312 5066 3728 5136 significatione
3743 5071 3918 5122 Arse-

2315 5164 2511 5219 nianos
2548 5168 2809 5225 tractans;
2826 5172 2936 5227 quo
2950 5157 3101 5213 brevi
3121 5156 3379 5211 effectum
3401 5165 3460 5210 ut
3479 5156 3535 5210 hi
3556 5159 3924 5215 multitudine

2316 5258 2478 5325 longe
2497 5253 2784 5309 vincerent
2813 5248 3040 5321 Josephi
3077 5248 3336 5305 asseclas.
3367 5247 3555 5318 Capita
3587 5251 3925 5306 eminebant

2318 5348 2485 5419 hujus
2513 5356 2832 5400 numerosa
2865 5343 3040 5396 turbae
3095 5355 3161 5396 ac
3226 5339 3379 5395 velut
3423 5339 3690 5396 factionis
3745 5344 3925 5397 duces

2320 5442 2452 5497 hinc
2485 5437 2706 5510 quidem
2720 5434 2963 5490 Joannes
2992 5431 3381 5499 Tarchaniota,
3409 5435 3791 5492 consobrinus
3822 5435 3928 5491 im-

2319 5527 2614 5603 peratoris,
2660 5526 2865 5596 quippe
2908 5520 3155 5588 Marthae,
3199 5521 3408 5577 sororis
3448 5520 3750 5581 Michaelis
3803 5527 3930 5597 ejus

2322 5624 2513 5696 patris,
2568 5618 2736 5673 trium
2786 5615 3023 5671 ﬁliorum
3087 5623 3220 5669 natu
3276 5613 3560 5678 minimus,
3623 5630 3756 5670 cum
3816 5633 3930 5689 quo

2322 5721 2380 5767 et
2402 5711 2522 5781 ejus
2551 5720 2771 5763 sorores
2817 5701 3121 5759 Theodosia
3152 5711 3207 5757 et
3232 5702 3620 5773 Nestongissa,
3654 5704 3799 5763 inde
3829 5724 3929 5761 an-

2327 5817 2436 5861 tem
2477 5802 2733 5871 superius
2762 5813 3099 5854 memoratus
3138 5796 3504 5868 Hyacinthus.
3549 5800 3618 5852 lii
3646 5816 3765 5854 unt.
3807 5816 3934 5856 cca-

2329 5911 2498 5956 sensu
2539 5894 2735 5966 praeire
2775 5890 3191 5953 sibiruniversis
3232 5889 3588 5959 patiebantur
3632 5895 3933 5965 antiquum
