4022 6548
342 463 412 526 49
1235 463 1328 522 DE
1371 463 1818 523 ANDRONICO
1856 459 2321 524 l‘AL-EPIJ'WO
2366 458 2511 517 LIB.
2559 455 2605 514 ῐ.
3511 439 3578 500 50

335 575 715 647 γωγουμένους
745 577 812 628 τὰ
863 577 980 630 κατ’
1029 578 1326 645 ἀρέσκειαν
1365 581 1457 631 τοῦ
1480 579 1640 633 Θείου
1685 579 1860 632 τελεῖν
1883 595 1897 611 ο
1933 588 1974 641 Α
2011 594 2228 648 μνωμοι,
2266 576 2331 647 [P
2358 572 2453 642 9.5]
2487 573 2587 624 κάν
2636 567 2808 638 τούτῳ
2836 564 2890 619 δὲ
2921 564 3078 629 δόξας
3113 557 3439 630 ἰωσηφίτας
3478 558 3578 626 μὲν

332 669 422 724 τοῦ
452 655 844 738 γὰρ’-πλουσίου
876 667 940 742 [Ρ
959 669 1366 750 Ξίλξητοῦντος
1393 671 1756 740 ἐξαναστῆυαί
1777 689 1901 725 τινα

335 763 422 814 καὶ
449 759 657 823 διδάξαι
704 763 833 824 τοὺς
882 763 1168 832 ἀδελφοὺς,
1223 764 1372 832 ἔχειν
1419 765 1664 826 ἐκείνους
1696 764 1900 817 Μωσέα

335 851 426 904 καὶ
456 851 583 912 τοὺς
617 855 908 922 προφήτας
943 852 1216 922 λελέχθαι,
1247 855 1319 916 ὡς
1361 855 1540 907 αὐτῶν
1572 853 1775 908 ἱκανῶν
1809 853 1900 905 δν-

332 959 438 994 των
465 943 678 996 πεὲθειν
707 961 766 996 τε
793 946 889 998 καὶ
915 945 1213 1000 διδάσκειν.
1241 945 1396 999 Οὕτω
1429 945 1527 1016 μὲν
1550 943 1645 998 οὖν
1667 948 1903 1014 ἐκκρου-

333 1034 560 1088 σθέντων
609 1037 709 1099 τῆς
739 1039 1112 1107 ἐγχειρήσεως
1146 1039 1255 1090 τῶν
1303 1038 1690 1108 Ἀρσενιατῶν,
1743 1039 1770 1090 ὁ
1807 1037 1904 1108 βα·

333 1128 507 1189 σιλεῦς
561 1128 767 1196 μᾶλλον
812 1129 890 1200 τῷ
924 1131 1084 1198 μέρει
1119 1129 1214 1182 τοῦ
1253 1131 1456 1199 Ἰωσὴφ
1491 1130 1566 1194 ὡς
1617 1129 1901 1201 εὐθυτὲρῳ

334 1218 730 1287 προσκείμενος
760 1221 881 1272 οὐδὲ
914 1222 1041 1282 τοὺς
1091 1221 1449 1297 Ἀρσενιάτας
1482 1219 1738 1284 καθάπαξ
1766 1219 1904 1271 ἁπε-

329 1309 590 1378 δοκίμαζε
609 1327 621 1339 ·
663 1313 724 1363 τὸ
757 1311 870 1380 γὰρ
898 1313 1027 1382 περὶ
1054 1313 1298 1375 ἐκείνους
1322 1313 1529 1384 πλῆθος
1553 1313 1784 1381 παρεῖχε
1809 1311 1904 1363 καὶ

331 1399 476 1465 σφῶν
510 1401 600 1451 ἐπὶ
629 1400 832 1469 μᾶλλον
865 1403 1198 1472 φροντίζειν.

329 1511 407 1563 ιδ’.
442 1511 644 1577 Ὅπως
669 1513 754 1582 μὴ
798 1513 1249 1583 ἀποδοκιμάζων
1280 1515 1368 1569 τοὶ
1387 1536 1418 1579 ς
1450 1513 1838 1581 Ἀρσενιιὶτας
1874 1515 1908 1566 ὁ

389 1583 715 1648 βασιλεὺς.
747 1585 905 1637 ἀλλὰ
937 1584 1325 1654 δεξιούμενος
1357 1586 1455 1638 διὰ
1485 1585 1602 1652 τὴν
1633 1584 1905 1652 εἰρήνην,

396 1655 494 1706 καὶ
524 1655 632 1706 τὸν
673 1657 944 1722 Κύπριον
975 1658 1062 1722 εις
1098 1655 1472 1724 πατριάρχην
1508 1654 1834 1724 ἀνήγαγεν.

393 1767 483 1837 Τῷ
517 1786 598 1821 τοι
641 1769 738 1820 καὶ
790 1769 894 1839 τὴν
949 1769 1124 1840 μέσην
1187 1769 1448 1838 ἐγνωκὼς
1509 1767 1773 1840 βαδίζειν,
1833 1767 1908 1832 ὼς

239 1869 250 1875 ·
332 1859 452 1928 μήτ’
503 1861 658 1932 ἁνιᾷν
692 1860 941 1924 τούτους,
970 1860 1262 1924 κάκείνους
1291 1859 1546 1932 δέχεσθαι
1587 1860 1664 1932 τῷ
1695 1860 1763 1914 τὰ
1809 1859 1911 1930 ζη-
1947 1870 1974 1932 ξ

327 1951 562 2020 τούμενα
617 1953 750 2021 παρ’
792 1952 1020 2006 ἐκείνων
1058 1956 1363 2024 συγχωρεῖν
1413 1953 1698 2022 γίγνεσθαι
1733 1953 1821 2024 (τὰ
1861 1945 1910 2004 δ’

326 2037 464 2112 ἦσαν
521 2045 741 2106 πάντως
775 2047 808 2114 ἠ
841 2045 1316 2116 τῆ;,Ἐκκλησίας
1367 2046 1444 2109 ὡς
1503 2047 1682 2098 εἰπεῖν
1743 2062 1910 2114 μετα-

331 2135 590 2204 ποίησις),
629 2135 914 2204 ἐκλέγεται
959 2138 1059 2207 μὲν
1085 2140 1163 2198 είς
1189 2138 1541 2208 πατριᾴρχην
1572 2138 1664 2190 τὸν
1695 2139 1758 2190 ἐκ
1797 2137 1909 2190 Κύ-

331 2244 467 2296 πρου
502 2227 800 2297 Γεὼργιον,
828 2229 998 2302 ἄνδρα
1026 2229 1206 2298 λόγοις
1235 2229 1574 2302 ἐντραφέντα
1599 2229 1695 2282 καὶ
1729 2245 1907 2300 σφρα·

333 2321 450 2390 γίδα
495 2321 590 2376 τοῦ
621 2325 960 2395 πατριάρχου
1009 2321 1207 2393 Ἰωσὴφ
1239 2324 1497 2392 φέροντα,
1531 2322 1592 2374 τὸ
1621 2321 1715 2374 ’τοῦ
1755 2338 1908 2390 πρω-

332 2411 797 2486 τολιποστολαρίου
860 2417 940 2480 είς
1005 2415 1324 2488 ἀνακτόρων
1374 2415 1776 2487 ἐπιφερόμενον
1825 2412 1912 2466 σὲ-

336 2573 669 2629 niirabilium
702 2573 984 2645 signorum
1016 2589 1030 2639 ;
1063 2573 1484 2644 audivimusque
1515 2591 1545 2629 a
1595 2573 1912 2630 doctoribus

335 2668 509 2723 sacris
539 2682 734 2724 causas
763 2668 923 2736 plane
953 2667 1179 2723 idoneas
1214 2683 1314 2722 cur
1340 2668 1597 2738 expediat
1630 2667 1754 2723 ta'ia
1787 2682 1912 2740 pro-

337 2763 544 2817 miscue
577 2778 687 2816 non
719 2761 955 2829 ostendi,
991 2777 1117 2816 vera
1147 2760 1256 2829 iam
1291 2761 1554 2832 religione
1593 2775 1692 2832 per
1721 2760 1908 2815 orbem

335 2855 435 2910 late
497 2854 696 2910 diﬂ'nsa
755 2856 997 2925 satisque
1057 2853 1321 2917 stabilita,
1351 2854 1440 2908 cui
1484 2854 1803 2924 spargendae
1849 2869 1913 2910 ac

337 2946 630 3001 fundandae
662 2945 788 3001 talia
810 2947 962 3009 olim,
989 2946 1208 3015 quando
1239 2946 1290 3000 id
1321 2945 1708 3012 conveniebat,
1739 2944 1913 3000 fuisse
1976 2942 1978 2946 ’

337 3047 551 3093 constat
587 3039 800 3093 utiliter
860 3039 1120 3094 adhibita.
1187 3039 1432 3094 Sufﬁciat
1487 3037 1650 3092 nobis
1712 3037 1912 3092 habere

336 3131 636 3201 scripturas
690 3127 934 3195 Patrum,
981 3131 1185 3200 quibus
1245 3129 1539 3184 manuduci
1597 3129 1666 3183 ad
1730 3139 1912 3182 mores

334 3221 533 3290 probos
563 3230 618 3276 et
653 3221 721 3277 ad
782 3221 1199 3292 intelligendum
1252 3221 1384 3291 quid
1416 3221 1526 3277 Deo
1561 3221 1718 3276 cordi
1771 3222 1846 3275 sit
1881 3236 1909 3275 a

338 3313 493 3368 nobis
525 3313 641 3369 tieri
706 3315 838 3370 satis
874 3315 1082 3370 erudiri
1121 3330 1441 3386 possumus.
1497 3314 1634 3368 Nam
1664 3323 1720 3370 et
1755 3315 1909 3370 diviti

339 3407 542 3461 scimus
572 3407 648 3460 illi
678 3408 821 3478 apud
853 3407 1206 3478 Evangelium
1245 3406 1496 3477 poscenti
1549 3415 1608 3460 ut
1659 3415 1913 3464 mortuus

2005 673 2068 724 ὲκ
2095 671 2192 738 τῆς
2219 659 2513 739 σφραγῖδος
2539 661 2998 730 ὑποποιούμενος,
3036 655 3388 722 ’Λρσενιὰτας
3413 651 3468 703 δὲ
3501 651 3580 718 τῷ

2007 761 2253 836 μὴκατὰ
2299 759 2370 813 τὰ
2415 756 2817 823 διατεταγμένα
2868 752 2947 822 τῷ
2994 749 3193 819 Ἰωσὴφ
3238 747 3424 816 sat-:11
3461 744 3584 836 Ἑκ-

2004 835 2560 926 κλησίᾳισυγχωρεῖν
2607 848 2854 916 γίνεσθαι
2886 847 2979 900 καὶ
3029 843 3153 896 λίαν
3207 835 3582 906 ὲξευμενίζειν

2005 949 2084 1010 είς
2127 946 2354 1016 εἰρήνην
2402 940 2664 1004 ἐλπίζων,
2707 939 2992 1010 ἀρχιερεῖς
3048 935 3145 1004 μὲν
3199 931 3442 991 ἐκείνους
3487 929 3583 980 καὶ

2003 1038 2102 1107 τὴν
2132 1035 2264 1106 παρ’
2301 1033 2489 1088 αὐτῶν
2510 1031 2603 1085 ἐπὶ
2624 1031 2702 1102 τῷ
2727 1026 3224 1099 πατριαρχεύσοντι
3253 1024 3434 1092 ιξῆφον
3462 1017 3583 1090 μηδ’

2009 1131 2168 1202 ἵκταρ
2191 1132 2272 1193 είς
2303 1127 2427 1183 νοῢν
2459 1123 3050 1198 βάλ).ων,’ἀψηιρίστως
3085 1119 3142 1174 δὲ
3171 1117 3335 1174 πάλιν
3361 1116 3585 1182 ἀνάγειν
3657 1190 3664 1196 ⁸

2010 1223 2086 1295 μὴ
2116 1223 2394 1294 εὐπρεπὲς
2428 1219 2742 1290 δοκιμάζων
2776 1217 2872 1272 καὶ
2901 1215 3204 1288 εὔσχημον.
3236 1211 3452 1266 Μᾶλλον
3488 1207 3586 1277 μὲν

2006 1319 2098 1373 οὖν
2125 1321 2191 1390 τῇ
2233 1316 2430 1388 πράξει
2469 1317 2562 1369 καὶ
2598 1315 2677 1378 είς
2710 1312 2903 1382 καιρὸν
2932 1307 3398 1381 προστησόμενον,
3430 1304 3586 1361 τινὲς

2007 1406 2116 1460 τῶν
2145 1406 2448 1460 δοκούντων
2502 1403 2891 1471 ὲκλεξαὶμενος,
2929 1401 3024 1453 καὶ
3057 1398 3280 1460 τούτους
3314 1394 3438 1450 καθ’
3463 1393 3584 1450 ἕνα.

2009 1497 2124 1566 ἅμα
2155 1499 2253 1566 μὲν
2277 1497 2463 1560 αὐτοῖς
2509 1497 2609 1566 τὴν
2647 1494 2844 1566 βουλὴν
2885 1489 3183 1556 ἐκοινοῦτο,
3220 1485 3587 1558 πληροφορῶν

2007 1590 2081 1652 ὡς
2109 1586 2220 1660 εἶχε
2246 1591 2342 1644 καὶ
2371 1589 2432 1642 τὸ
2455 1589 2640 1657 σφίσιν
2666 1587 2889 1650 ἐσαῦθις
2917 1585 3228 1646 ἀκίνδυνον,
3259 1581 3379 1650 ἅμα
3409 1579 3466 1632 δὲ
3497 1577 3592 1631 καὶ

2009 1682 2084 1746 ὡς
2127 1683 2309 1752 ψῆφον
2339 1681 2440 1752 τὴν
2478 1682 2574 1734 ἀπ’
2631 1681 2860 1736 ἐκείνων
2919 1677 3236 1750 ἐκχώρησιν
3287 1671 3586 1740 ἐλογίζετο.

2023 1775 2141 1845 Ἐφ’
2185 1769 2267 1840 οἷς
2301 1775 2396 1829 καὶ
2424 1773 2522 1846 τὴν
2562 1773 2656 1828 τοῦ
2693 1773 2801 1826 ἀπὸ
2835 1764 3450 1844 ΣάρδεωνἊθανασίου
3488 1761 3592 1816 εἴτ’

2013 1867 2108 1921 οὖν
2151 1866 2493 1938 Ἀνδρονίκου
2527 1863 2757 1935 γνώμην
2787 1863 3100 1933 δεξάμενος,
3147 1859 3212 1913 ὃν
3259 1858 3324 1928 δὴ
3375 1857 3470 1909 καὶ
3511 1855 3590 1915 εἰς

2018 1958 2234 2030 πατέρα
2292 1957 2480 2012 ἔταττε
2515 1956 2742 2026 γράφων
2773 1955 2802 2008 δ
2850 1952 3132 2024 βασιλεὺς,
3181 1946 3476 2003 κάντεῦθεν
3533 1944 3593 1995 τὸ

2013 2052 2111 2120 τῆς
2141 2049 2518 2116 ἀπεντεύξεως
2541 2050 2642 2118 τῆς
2673 2045 3044 2117 πατριαρχίας
3079 2045 3292 2096 ἐκείνου
3319 2038 3389 2092 τὰ
3422 2035 3592 2090 πολλὰ

2015 2139 2416 2212 τεχνιτεύοντος
2461 2139 2555 2194 ἐπὶ
2599 2139 2808 2200 τούτοις
2842 2137 3140 2208 ὡμαλιζεν,
3184 2133 3260 2196 ὡς
3306 2130 3400 2184 καὶ
3431 2128 3594 2182 αὑτὸν

2015 2234 2078 2303 δὴ
2113 2233 2204 2288 τὸν
2237 2233 2584 2304 πατριάρχην
2617 2231 2846 2302 ὕστερον
2871 2225 3295 2283 καθυποκλίνειν
3326 2225 3406 2286 εἰς
3437 2221 3593 2275 εὐλο-

2015 2327 2144 2396 γίαν
2177 2326 2276 2398 τὴν
2306 2327 2436 2397 παρ’
2468 2324 2704 2390 ἑκείνου,
2733 2324 2795 2378 οὐ
2828 2322 2988 2394 χρείᾳ
3019 2319 3219 2392 μᾶλλον
3262 2319 3296 2390 ἢ
3329 2314 3596 2384 κολακείᾳ

2018 2421 2111 2474 καὶ
2139 2420 2468 2492 ὑποποιὴσει
2501 2419 2710 2492 σφοδρᾷ
2737 2420 2828 2472 καὶ
2855 2415 3104 2488 ἀφύκτῳ,
3142 2412 3202 2466 τὸ
3234 2407 3596 2479 ίκανδνβχειν

2015 2590 2222 2653 gntum,
2243 2590 2391 2636 certo
2413 2579 2731 2634 charactere
2745 2593 2854 2633 sua:
2869 2575 3280 2648 approbationis
3307 2588 3374 2628 ac
3393 2572 3596 2627 favoris

2017 2675 2315 2746 Iosephus,
2373 2674 2503 2728 dum
2544 2673 2776 2738 viveret,
2837 2671 3230 2742 insigniverat;
3297 2667 3442 2721 umle
3493 2666 3598 2720 hoc

2017 2768 2391 2839 promovendo
2416 2781 2526 2820 non
2547 2766 2767 2820 dubiam
2792 2764 2931 2820 inire
2959 2779 3016 2820 se
3042 2760 3308 2833 aJosephi
3348 2759 3599 2814 sectariis
3667 2763 3670 2766 ’

2019 2859 2246 2928 gratiam
2275 2858 2548 2914 sentiebat
2596 2857 2916 2926 imperator.
2974 2853 3080 2922 Qui
3129 2864 3315 2908 tamen
3360 2852 3506 2907 idem
3533 2866 3600 2904 eo

2017 2953 2284 3010 dmiercri
2315 2951 2421 3024 43
2451 2951 2784 3006 Arscniauos
2815 2964 2871 3004 se
2894 2949 3118 3020 putabat
3143 2957 3198 3001 et
3228 2945 3512 3016 proniora?
3533 2945 3604 3000 ad

2019 3060 2307 3100 assensum
2361 3043 2416 3098 in
2470 3043 2974 3098 reconciliationem
3021 3042 3278 3110 sperabat
3342 3041 3598 3100 reddere.

2019 3137 2164 3206 quod
2197 3133 2448 3205 componi
2481 3149 2569 3190 res
2621 3135 3019 3190 ecclesiasticas
3047 3132 3201 3202 juxta
3246 3131 3470 3201 Iosephi
3505 3132 3599 3186 dc-

2018 3236 2168 3284 creta
2235 3243 2344 3282 non
2377 3229 2605 3282 sineret.
2643 3227 2812 3282 Porro
2844 3241 2873 3280 a
2905 3225 2986 3281 sic
3021 3226 3242 3280 decreta
3274 3225 3380 3279 sibi
3412 3223 3596 3294 Cyprii

2017 3319 2287 3376 election‘e
2323 3319 2509 3376 liberis
2533 3320 2838 3374 antistitum
2873 3317 3262 3374 committenda
3323 3317 3598 3391 suifragiis

2014 3413 2332 3484 longissime
2361 3413 2710 3468 Andronicus
2741 3412 2936 3476 abfuit,
2975 3427 3037 3466 ac
3069 3427 3138 3466 ne
3165 3411 3341 3482 prima
3373 3411 3594 3480 quidem

337 3497 533 3566 illiquis
569 3497 810 3551 ³(Ῐνίνοθ
859 3497 1078 3552 rediens
1137 3497 1333 3552 fratres
1381 3511 1512 3551 51109
1569 3495 1921 3550 admonitum
2016 3506 2412 3562 deliberatione
2447 3516 2607 3562 tenus
2664 3506 2938 3576 ejusmodi
2991 3505 3194 3575 quippe
3239 3503 3467 3558 nimium
3498 3519 3598 3556 an-

340 3591 669 3656 mitter’etur,
693 3589 961 3645 divinitus
997 3605 1314 3660 responsum
1340 3591 1543 3644 habere
1568 3589 1688 3642 illos
1707 3589 1911 3656 Mosem

337 3696 387 3740 et
415 3687 740 3758 prophetas,
775 3703 804 3741 a
837 3686 1036 3758 quibus
1087 3686 1372 3742 admoneri
1414 3687 1712 3756 docet-ique
1762 3687 1914 3741 sutli«

337 3780 542 3835 eienter
612 3781 880 3838 valerent.
938 3780 998 3835 1n
1030 3780 1180 3838 hunc
1229 3782 1452 3836 modum
1513 3780 1786 3852 repressis
1845 3781 1914 3836 ab

340 3873 557 3944 incepto
590 3873 784 3928 audaci
825 3874 1168 3940 Arsenianis,
1204 3875 1419 3928 cautior
1473 3873 1822 3928 Andronicus
1856 3872 1910 3926 in

340 3975 614 4034 posterum
646 3973 706 4020 ut
743 3965 797 4020 in
835 3966 1122 4032 iustiorem
1156 3979 1381 4036 suaeque
1399 3965 1675 4020 securitati
1700 3979 1914 4020 accom-

341 4057 700 4113 modatiorem
765 4058 1070 4115 studiosius
1153 4060 1447 4130 propendit
1504 4058 1912 4128 Josephitarum

340 4161 568 4216 sectam,
613 4152 692 4206 sic
745 4161 927 4206 tamen
985 4161 1048 4206 ut
1088 4153 1444 4206 Arscnianam
1511 4151 1654 4204 haud
1688 4165 1914 4220 prorsus

341 4241 634 4309 reprobare
667 4241 965 4305 videretur,
995 4240 1198 4312 quippe
1225 4256 1386 4310 quam
1442 4233 1672 4296 numero
1704 4252 1912 4310 praeva-

339 4329 508 4386 lidam
566 4333 1019 4403 haudquaquam‘
1086 4333 1546 4388 contemnendam
1617 4332 1913 4401 inseque

344 4433 546 4480 temere
581 4425 900 4480 irritandam
933 4427 1134 4482 merito
1167 4424 1418 4492 duceret,
1455 4426 1567 4481 acri
1602 4441 1822 4496 semper
1859 4433 1916 4478 et

340 4518 495 4572 anxia
534 4519 588 4572 in
621 4534 738 4572 eam
771 4519 1140 4574 sollicitudine
1169 4519 1438 4574 intentus.

2017 3614 2147 3669 eeps
2179 3607 2232 3652 et
2288 3599 2436 3654 exitu
2481 3597 2708 3652 dubium
2745 3597 3034 3652 consilium
3090 3595 3334 3650 admisit.
3362 3594 3602 3648 Aliunde

2022 3700 2204 3747 tamen
2239 3705 2428 3746 secum
2463 3701 2727 3760 reputans
2749 3689 3090 3744 eiectionem
3125 3688 3323 3758 privati
3362 3686 3602 3741 hominis

2019 3787 2072 3840 in
2104 3784 2529 3856 patriarchalem
2566 3785 2850 3844 thronum,
2895 3783 3030 3838 citra
3075 3781 3475 3850 qualiacunque
3512 3783 3602 3848 jus

2019 3878 2086 3932 ad
2131 3877 2294 3931 talem
2329 3876 2654 3931 electionem
2719 3875 3034 3928 habentium
3097 3873 3361 3944 suifragia
3421 3882 3600 3927 tenta-

2017 3979 2150 4037 tam,
2185 3971 2333 4026 omni
2367 3970 2661 4034 carituram
2695 3968 2842 4039 apud
2878 3969 3138 4037 populum
3193 3978 3320 4022 rate
3358 3967 3601 4021 auctori-

2019 4065 2147 4120 tatis
2181 4063 2387 4134 specie,
2423 4072 2484 4117 ut
2525 4062 2603 4116 rei
2641 4061 2860 4125 vitium,
2893 4077 3055 4129 quam
3105 4062 3600 4132 quomodocunque

2017 4165 2253 4226 coeptam
2319 4171 2421 4211 usu
2481 4154 2698 4209 tandem
2763 4168 2827 4209 ae
2874 4163 3120 4224 tempore
3200 4154 3604 4211 convalituram

2017 4249 2342 4312 confideret,
2387 4257 2651 4318 quantum
2687 4247 2756 4302 ad
2804 4247 3027 4316 impune
3081 4247 3454 4302 inchoandum
3509 4263 3605 4300 ne-

2017 4355 2170 4395 cesse
2205 4339 2510 4403 videretur,
2546 4340 2848 4393 occultaret
2888 4341 2941 4394 in
2991 4324 3296 4409 principiis,
3333 4340 3598 4409 quosdam

2017 4447 2083 4486 ex
2107 4431 2458 4495 electoribus,
2491 4429 2766 4485 faciliores
2789 4430 3040 4485 videlicet
3071 4440 3126 4486 et
3158 4430 3501 4486 ﬂexibilioris
3534 4432 3600 4486 ad

2021 4535 2216 4580 nutum
2250 4524 2448 4580 indolis
2486 4541 2552 4578 ex
2581 4535 2778 4578 ca‘tcra
2817 4525 2940 4578 vita:
2975 4525 3379 4578 consuetudine
3416 4539 3607 4592 spera-

343 4631 424 4687 η.
463 4633 530 4687 Ut
566 4635 873 4704 imperator,
924 4653 1025 4689 non
1075 4634 1366 4704 raprobans
1411 4633 1757 4698 Arsenianos,
1816 4633 1909 4688 sed

2029 4627 2112 4672 tos
2137 4617 2273 4679 fore,
2327 4616 2604 4686 sigillatim
2637 4625 2894 4670 evocatos
2918 4614 3142 4668 edocuit
3196 4615 3327 4686 quid
3359 4627 3601 4686 pararet,

407 4707 552 4773 paris
585 4723 747 4758 causa
777 4705 1071 4760 liberaliter
1116 4715 1372 4771 tractans,
1420 4705 1675 4775 Cyprium
1707 4720 1915 4776 promo-

409 4778 537 4854 verit
567 4778 620 4828 in
648 4777 1092 4845 patriarcharum.

411 4868 639 4941 Mediam
678 4889 862 4958 itaque
899 4891 1043 4946 inter
1106 4867 1394 4962 utriusque
1427 4887 1786 4944 offensionem
1839 4887 1917 4942 fa-

343 4977 537 5033 ctionis
567 4980 777 5050 ingredi
810 4980 952 5037 viam
987 4983 1290 5048 constituit,
1347 4984 1420 5037 ita
1455 4991 1514 5036 ut
1546 4996 1726 5052 neque
1749 4983 1916 5035 Arseo

345 5072 534 5127 nianos
561 5073 911 5128 contristaret
935 5086 991 5129 et
1042 5076 1358 5146 Josephitas
1399 5085 1577 5130 tamen
1623 5075 1918 5143 amp'ecte-

349 5173 518 5228 retur,
544 5181 666 5235 quae
701 5166 753 5219 hi
784 5173 1048 5236 cuperent
1079 5167 1407 5238 permittens
1438 5167 1575 5223 ﬁeri.
1605 5165 1916 5234 Cupiebant

347 5273 471 5312 vero
499 5259 574 5312 illi
609 5258 748 5312 nihil
803 5261 984 5314 minus
1018 5277 1178 5330 quam
1238 5261 1424 5320 totius.
1468 5270 1524 5313 ut
1559 5259 1727 5313 verbo
1762 5259 1916 5313 dixe-

349 5353 470 5418 rim,
529 5353 1071 5409 transformationem
1145 5355 1422 5410 Ecclesire.
1521 5354 1680 5424 Eligit
1749 5358 1916 5424 igitur

350 5445 400 5498 in
463 5448 826 5513 patriareham
904 5448 1197 5503 oriundum
1259 5463 1288 5503 e
1339 5449 1518 5520 Cypro
1575 5449 1908 5523 Georgium,

352 5532 521 5589 virum
583 5537 850 5590 doctrinis
907 5537 1256 5599 innutritum,
1285 5555 1446 5608 quem
1509 5543 1918 5597 commendaret

350 5625 641 5697 Josrphitis
668 5643 697 5682 a
728 5627 967 5699 Josepho
990 5629 1302 5698 patriarcha
1336 5630 1650 5686 benedictio
1673 5643 1915 5704 accepta.

353 5720 558 5792 Quippe
618 5721 768 5776 illum
815 5723 881 5776 ad
916 5722 1254 5777 (unctionem
1294 5725 1537 5794 primarii
1589 5726 1919 5783 ecclesiastis

355 5813 598 5880 palatina:
652 5813 960 5876 concionis,
1021 5823 1286 5870 consueta
1333 5815 1504 5870 sacris
1557 5817 1753 5872 ritibus
1825 5820 1914 5873 tali

354 5907 632 5960 occasione
663 5905 804 5960 bene
841 5907 1100 5976 precandi
1127 5907 1361 5963 formula
1399 5911 1572 5979 palam
1604 5929 1632 5964 a
1679 5926 1734 5965 se
1770 5911 1920 5968 dele-

2018 4709 2168 4764 omni
2224 4707 2636 4764 asseveratione
2687 4708 3024 4762 confirmans
3079 4708 3218 4763 nihil
3253 4709 3388 4778 ipsis
3417 4711 3603 4764 damni

2018 4801 2224 4872 preprii
2257 4817 2321 4854 ex
2373 4801 2497 4861 hac,
2525 4800 2761 4869 publicis
2812 4799 3015 4870 alioqui
3070 4801 3378 4856 rationibus
3410 4816 3602 4854 neces-

2019 4879 2180 4957 saria,
2239 4890 2458 4964 Georgii
2526 4892 2870 4962 promotione
2953 4893 3334 4948 metuendum.
3407 4893 3600 4947 Petere

2020 4987 2230 5040 idcirco
2287 5000 2639 5056 magnopere,
2677 4985 2777 5040 sibi
2821 4994 2880 5039 ut
2939 4983 3004 5038 ad
3035 4985 3180 5039 illam
3251 4986 3603 5040 commodare

2020 5096 2090 5132 ne
2149 5090 2530 5149 gravarentur,
2615 5078 2658 5134 si
2715 5078 2898 5131 minus
2961 5078 3230 5133 disertum
3288 5093 3599 5142 assensntu,

2019 5173 2208 5226 saltem
2279 5171 2495 5224 tacitam
2535 5172 2984 5226 conniventiam:
3025 5173 3160 5226 ultra
3223 5171 3371 5226 enim
3438 5173 3602 5235 hanc,

2020 5276 2075 5320 et
2107 5280 2261 5317 usum
2301 5264 2354 5316 in
2413 5279 2654 5334 prmsens
2713 5274 2767 5318 et
2817 5265 2962 5333 apud
3028 5280 3088 5320 se
3130 5267 3387 5320 meritum
3453 5266 3605 5336 pleni

2021 5357 2265 5427 sull‘ragii
2301 5357 2608 5411 habituram
2631 5397 2645 5421 ,
2713 5357 2860 5410 aliud
2892 5373 2950 5411 se
2983 5357 3162 5412 modo‘
3191 5374 3299 5412 non
3333 5371 3600 5428 quaerere.

2023 5449 2287 5504 Viderent
2313 5449 2580 5518 quantulo
2605 5460 2750 5502 esset
2783 5458 3079 5503 contentus
3109 5465 3124 5515 ;
3159 5465 3260 5504 nec
3284 5449 3604 5504 dubitarent

2023 5542 2172 5596 nullo
2209 5557 2308 5596 suo
2366 5543 2572 5603 labore,
2603 5543 2750 5594 nulla
2785 5542 3015 5608 invidia,
3077 5541 3466 5596 immertaliter
3499 5539 3602 5594 sibi

2025 5633 2372 5706 obstringere
2401 5635 2730 5704 principem.
2764 5633 2879 5688 liae
2906 5643 3024 5688 arte
3049 5649 3170 5689 cum
3217 5633 3352 5688 alios
3401 5647 3469 5686 ex
3502 5647 3602 5686 an-

2027 5726 2316 5790 tistitibus,
2344 5741 2413 5779 ne
2445 5725 2548 5780 sibi
2577 5725 2884 5790 obstarent,
2921 5727 3199 5790 astrinxit,
3259 5736 3372 5779 tum
3404 5725 3458 5778 in
3489 5726 3605 5796 pri-

2026 5821 2130 5874 mis
2182 5834 2248 5872 ex
2284 5815 2542 5873 Sardensi
2576 5817 2704 5870 olim
2769 5819 3086 5872 Andronico
3118 5833 3265 5873 nunc
3304 5818 3466 5874 uedio
3499 5833 3602 5873 suo

2025 5927 2220 5984 magno
2250 5911 2431 5968 adhuc
2464 5912 2791 5967 monachum
2851 5911 3234 5976 Athanasium,
3295 5927 3458 5982 quem
3492 5925 3599 5964 non
