4022 6580
355 410 414 475 51
1552 422 1873 483 GEORGII
1920 426 2397 494 PACHYMEILE
3532 446 3604 512 ξε

356 534 449 631 καῖ
480 530 700 631 βέῦαιον
727 531 1197 631 ὲπὶταῖςῌιζιήφοις
1225 534 1532 631 ἐπίστευενῖ
1572 537 1721 631 ἐπεὶ
1754 538 1798 590 δ’
1826 539 1931 592 ἔδει
1962 543 2006 597 Α
2038 545 2150 596 κῶν
2193 550 2564 611 ἀποδείκνυσι.
2592 552 2842 607 διάκονον
2869 553 2915 608 δ’
2946 554 3007 621 ἐξ
3044 556 3394 625 ἀναγνώστου
3422 578 3607 631 χειρο-

354 624 449 677 καὶ
490 626 767 680 τελεῖσθαι
795 629 860 680 τὰ
895 627 1087 697 μείζω,
1124 627 1199 691 ὡς
1229 627 1454 690 εἴθιστο,
1486 628 1535 680 οἱ
1564 627 1608 682 δ’
1649 628 1932 701 ἀρχιερεῖς

355 717 678 784 ὡϐελίζοντο
708 721 824 789 (καὶ
861 721 981 784 πῶς
1005 720 1115 791 γὰρ
1151 719 1249 787 ob;
1300 723 1435 775 ὅπου
1478 739 1543 790 γε
1588 724 1682 775 καὶ
1712 725 1792 787 είς
1831 723 1933 792 ψή-

358 831 491 879 φους
526 813 697 883 μόνας
728 815 829 867 οὐκ
860 814 1155 884 ἠξιοῦντο),
1185 814 1296 868 τῶν
1328 833 1434 868 τινι
1475 817 1794 871 ἐπισκόπων
1825 818 1931 870 Κο-

355 904 549 975 ζῦλης,
596 906 902 973 πεμφθέντι
941 905 1085 959 κατὰ
1123 906 1313 976 χρείαν
1348 904 1649 975 πρεσϐείας
1694 910 1756 960 ἐκ
1786 908 1933 961 δυτι-

353 996 490 1060 κῶν,
530 998 622 1050 καὶ
648 998 900 1067 ἀχράντῳ
930 995 1141 1062 δόξαντι
1178 999 1271 1051 ἐπὶ
1299 1000 1414 1061 τοῖς
1438 998 1736 1069 πραχθεῖσι
1763 999 1929 1053 πάλαι

352 1089 430 1152 ὡς
457 1088 592 1160 ξένῳ
642 1090 787 1159 μάλα
818 1089 927 1144 τῶν
963 1090 1276 1161 ἡμετέρων,
1324 1092 1529 1158 γλυκὺς
1561 1089 1752 1160 ἀγκὼν
1797 1092 1826 1144 ὃ
1865 1092 1929 1162 δὴ

351 1180 573 1245 λέγεται
611 1179 778 1248 (τινὲς
808 1180 1050 1255 γὰρ,ἰώς
1093 1182 1333 1249 ἐλέγετο,
1360 1178 1503 1253 ἦσαν
1528 1182 1576 1235 οἱ
1619 1182 1713 1235 καὶ
1740 1182 1931 1237 τοῦτον

352 1269 408 1332 ἐς
442 1270 589 1323 ἅπαν
633 1270 856 1337 εἰδότες,
906 1272 982 1345 τῷ
1018 1271 1242 1343 μεγάλῳ
1276 1272 1453 1343 κυρίῳ
1494 1272 1767 1340 Φιλίππῳ,
1800 1274 1930 1346 περὶ

350 1355 411 1413 οὗ
441 1363 534 1416 καὶ
559 1363 869 1432 φθάσαντες
899 1366 1294 1436 ἱστορήκαμεν,
1326 1368 1422 1419 καὶ
1442 1365 1608 1430 ζῶντι
1636 1365 1930 1439 ίερατικῶς

351 1454 771 1534 ὲκδουλεῦονταη
796 1457 891 1511 καὶ
927 1457 1251 1526 σφαγέντος,
1295 1456 1389 1510 ἐπὶ
1415 1458 1648 1528 χρυσέου
1693 1457 1929 1521 πίνακος

355 1549 747 1627 προκειμένης,
780 1552 879 1619 τῆς
921 1549 1190 1618 κεφαλῆς,
1221 1550 1367 1604 οὕτω
1397 1549 1560 1617 δόξαν
1602 1554 1670 1622 τῇ
1707 1548 1931 1617 συζύγῳ

354 1642 716 1714 Φραντζαίνῃ,
743 1645 809 1697 τὰ
840 1646 948 1696 τῶν
970 1644 1354 1697 ἐπιτελευτίων
1388 1643 1575 1713 ὓμνων
1600 1644 1679 1706 είς
1708 1645 1931 1714 μνήμην

353 1732 753 1796 ἐπετελοῦντα),
793 1735 862 1788 τὰ
911 1735 1021 1805 τῆς
1041 1734 1266 1806 τελετῆς
1314 1736 1410 1789 τοῦ
1457 1728 1933 1805 πατριαρχτύσον-

351 1845 446 1891 τος
495 1826 932 1897 ἐγχειρίζουσιν·
975 1827 1035 1887 ὃς
1086 1827 1150 1898 δὴ
1200 1826 1294 1880 καὶ
1328 1826 1423 1880 τοῦ
1475 1826 1641 1880 αὐτοῦ
1691 1824 1930 1897 Κρονίου

358 1916 527 1988 μηνὸς
560 1916 897 1989 παραλαϐὼν
928 1920 1136 1971 ἐκεῖνον
1169 1919 1380 1987 εἰσάγει
1412 1918 1514 1989 τὴν
1554 1918 1648 1972 τοῦ
1690 1918 1931 1991 Προδρο-

359 2008 591 2082 μουτῆς
628 2012 841 2083 πέτρας
875 2012 1045 2083 μονὴν
1095 2013 1194 2066 σὺν
1223 2010 1429 2079 ὀλίγοις
1474 2012 1609 2075 τισὶ,
1660 2012 1756 2065 καὶ
1801 2010 1930 2072 ναὸν

356 2100 610 2173 εὑρόντες
641 2107 728 2160 ἐπ’
760 2106 1105 2175 ἀμπελῶνος.
1149 2107 1322 2175 ἀργὸν
1363 2105 1441 2169 ὡς
1469 2105 1646 2159 ἐδόκει
1677 2104 1957 2169 κάκεῖνον,

356 2192 513 2260 ὄντα,
536 2195 717 2248 ἐκεῖσε
748 2196 813 2249 τὰ
840 2196 1028 2250 εἰκότα
1053 2197 1282 2261 τελέσας
1315 2196 1551 2267 μοναχὸν
1588 2196 1691 2266 μὲν
1720 2196 1785 2248 ὲκ
1816 2197 1936 2248 Λαῒ-

356 2357 622 2412 intactum
651 2344 952 2424 cupiditate
1002 2356 1430 2426 patriarchatus,
1473 2355 1673 2427 quose
1704 2357 1760 2411 in
1793 2358 1934 2427 pra!-

358 2440 485 2504 sens
529 2448 810 2505 exclusum
842 2432 1047 2505 throno
1093 2450 1317 2504 alterius
1374 2449 1432 2503 in
1466 2464 1589 2504 eum
1646 2448 1935 2505 evectione

356 2542 533 2595 levius
587 2540 776 2607 ferret,
814 2543 1213 2613 prmoccupavit
1239 2550 1455 2597 astutus
1517 2541 1778 2612 princeps
1816 2556 1937 2613 gra-

358 2637 574 2692 tissimo
623 2638 726 2708 ipsi
756 2638 1073 2703 deferendo,
1102 2638 1320 2708 scriptis
1345 2640 1511 2693 etiam
1531 2638 1751 2702 litteris,
1776 2637 1935 2693 titulo

356 2727 657 2796 spiritualis
686 2729 882 2799 patris.
912 2730 1043 2783 Erat
1073 2729 1127 2783 in
1164 2744 1230 2783 eo
1260 2744 1389 2783 cum
1425 2743 1664 2798 praesens
1704 2728 1933 2785 honoris

358 2821 571 2876 fructus
623 2830 736 2875 tum
788 2836 916 2890 spes
962 2821 1018 2876 in
1095 2831 1378 2891 posterum
1435 2821 1766 2887 crescendi;
1825 2837 1933 2891 quo

357 2925 589 2984 utroque
627 2913 890 2969 delinitus
946 2912 1272 2970 ambitiosus
1322 2916 1539 2969 animus
1595 2913 1936 2984 inquietudi-

254 3034 274 3049 -
355 3023 480 3061 nem
526 3006 835 3076 composuit
861 3006 930 3061 ad
962 3015 1199 3075 tempus,
1234 3016 1289 3061 et
1310 3006 1619 3063 machinari
1656 3023 1795 3061 nova
1838 3007 1933 3062 de-

355 3102 545 3153 sinens
572 3099 926 3154 securitatem
948 3113 1113 3168 quam
1143 3098 1401 3168 captabat
1426 3098 1481 3152 in
1512 3114 1672 3152 usum
1702 3098 1929 3161 obvium

2033 641 2194 691 τονεῖ.
2232 641 2342 709 Τῆς
2378 641 2423 694 δ’
2455 643 2624 713 αὐτῆς
2654 645 2867 716 ἡμέρας
2890 647 2984 700 καὶ
3013 649 3367 721 πατριάρχην
3392 660 3419 706 ο
3451 656 3609 723 βασι-

2034 730 2160 795 λεὺς
2191 734 2403 789 ἐκεῖνον
2436 736 2823 807 προϐάλλεται.
2874 740 3155 794 Ἐντεῦθεν
3197 743 3407 806 ἐκεῖνος
3447 746 3608 799 ἐκκε-

2033 827 2361 894 χωρημένον
2420 827 2561 899 ἔχων
2609 830 2696 884 διὰ
2755 833 3083 904 προτροπῶν
3144 836 3392 906 ἐνεργεῖν
3434 837 3504 891 τά
3557 839 3607 890 οι

2033 923 2405 987 προσήκοντα,
2438 922 2528 974 τὸν
2556 922 2649 976 τοῦ
2682 924 2958 989 Ἀκακίου,
2995 926 3184 998 ἀνδρὸς
3215 927 3477 989 εὐλαϐοῦς
3502 930 3596 982 καὶ

2030 1008 2101 1062 τὰ
2136 1009 2306 1063 πολλὰ
2337 1015 2814 1085 συντιτηρημένου
2862 1018 2957 1071 καὶ
3008 1020 3100 1073 ἐπὶ
3140 1023 3253 1084 τοῖς
3299 1022 3425 1091 χθὲς
3465 1041 3605 1094 πρα-

2032 1098 2209 1170 χθεῖσι
2264 1102 2517 1167 δόξαντος
2563 1106 3033 1178 ἀμφιγνωμονεῖν,
3086 1111 3334 1183 μαθητὴν
3372 1115 3595 1183 Γερμα-

2032 1193 2142 1257 νδν,
2173 1194 2239 1268 [Ρ
2268 1196 2361 1268 26]
2394 1198 2599 1268 εὐλαϐῆ
2624 1217 2687 1268 γε
2716 1201 2971 1255 κάκεῖνον
3003 1203 3060 1263 ἐς
3091 1205 3237 1258 ἅπαν
3272 1207 3365 1258 καλ⁸
3389 1206 3449 1258 τὸ
3476 1201 3609 1277 ἦθος

2030 1285 2295 1340 ἁπλοϊκὸν
2317 1288 2393 1352 ὡς
2430 1291 2524 1343 καὶ
2555 1291 2613 1345 ἐν
2646 1288 3044 1363 πνευματικοῖς
3080 1297 3355 1365 ταχθέντα
3383 1297 3479 1368 τῷ
3501 1318 3609 1353 πα-

2032 1380 2484 1447 τριαρχεὺσαντι,
2524 1381 2641 1452 ἅμα
2680 1383 2782 1453 μὲν
2810 1385 2910 1438 σὺν
2945 1386 3022 1456 τῷ
3048 1387 3300 1459 Κοζύλης
3342 1392 3610 1462 πρόεδρον

2046 1469 2376 1541 Ἡρακλείας
2427 1476 2527 1543 τῆς
2577 1477 2721 1528 κατὰ
2775 1475 2999 1548 Θρᾴκην
3058 1480 3157 1534 καὶ
3220 1486 3610 1554 χειροτονητὴν

2033 1561 2226 1614 ἑαυτοῦ
2258 1564 2606 1633 ψηφίζονται,
2641 1566 2758 1634 ἅμα
2784 1568 2840 1621 δὲ
2874 1570 2951 1638 τῷ
2984 1572 3270 1644 ἑπισκόττῳ
3304 1561 3611 1645 προτρέπε-

2032 1667 2145 1713 ται,
2187 1651 2331 1705 οὕτω
2355 1653 2452 1706 τοῦ
2490 1655 2690 1725 καιροῦ
2727 1658 3124 1728 σχεδιάζοντος,
3156 1665 3235 1727 είς
3277 1666 3610 1735 μητροπολί-

2031 1759 2133 1811 την
2173 1748 2536 1814 χειροτονεῖν·
2586 1748 2684 1801 καὶ
2716 1748 2745 1800 ὁ
2787 1752 2888 1821 τῆς
2921 1750 3161 1815 παλαιᾶς
3200 1755 3437 1825 Εἰρήνης
3468 1755 3610 1819 θεῖος

1964 1878 2008 1934 Β
2034 1836 2182 1903 ναὸς,
2212 1838 2386 1892 πολλὰ
2411 1841 2891 1910 καταπλυνδείσης
2918 1842 3187 1915 πρότερον
3213 1847 3318 1915 τῆς
3343 1849 3493 1917 ἱερᾶς
3517 1850 3610 1902 καὶ

2039 1932 2311 2001 μυστικῆς
2355 1935 2635 2004 τραπέζης
2669 1934 2763 1987 καί
2807 1953 2948 1989 τισιν
2997 1939 3359 2007 ἀγιασθείσης
3400 1942 3606 2010 εὐχαῖς,

2032 2024 2132 2095 τὴν
2165 2024 2376 2078 ἐκείνου
2409 2021 2516 2080 εἶδε
2547 2030 2907 2097 χειροτονίαν.
2943 2031 3115 2094 Αὐτὸς
3155 2032 3199 2086 δ’
3233 2032 3390 2096 αὖθις
3422 2035 3611 2086 κάκεῖ-

2035 2134 2125 2180 νος
2156 2118 2375 2183 πρῶτον
2403 2118 2502 2187 μὲν
2530 2120 2703 2190 ἱερέα,
2726 2118 2847 2175 εἶτα
2869 2122 2926 2175 δὲ
2956 2123 3061 2176 κάν
3086 2126 3150 2195 τῇ
3182 2123 3414 2197 λαμπρᾷ
3444 2127 3607 2196 ἑορτῇ

2033 2212 2144 2266 τῶν
2176 2213 2355 2266 Βαῖων
2391 2213 2657 2285 ἀρχιερέα
2682 2213 2774 2267 τὸν
2802 2217 3153 2288 πατριάρχην
3178 2218 3606 2288 χειροτονοῦσιν.

2030 2362 2377 2429 narravimus
2401 2412 2417 2439 ,
2440 2384 2495 2429 et
2542 2374 2750 2430 viventi
2771 2391 2993 2446 operam
3025 2377 3425 2432 sacerdotalem
3455 2384 3621 2448 grate‘

2035 2475 2200 2536 atque
2230 2466 2462 2521 obnoxie
2490 2481 2745 2534 navasse,
2805 2475 2862 2522 et
2890 2467 2958 2522 ad
2999 2469 3118 2538 ejus
3159 2467 3324 2523 occisi
3359 2466 3610 2536 proposi-

2037 2568 2152 2614 tum
2211 2560 2264 2614 in
2287 2568 2454 2615 aureo
2510 2560 2663 2617 disco
2686 2570 2873 2628 caput,
2923 2561 3068 2632 quod
3120 2561 3200 2616 sic
3246 2561 3366 2629 ejus
3388 2560 3607 2632 conjugi

2035 2648 2410 2705 Phrantzzenaa
2472 2651 2649 2707 visum
2717 2661 2886 2716 esset,
2931 2668 3088 2706 sacra
3132 2652 3406 2715 funebria.
3475 2667 3606 2722 pro-

2034 2743 2361 2798 nuntiandis
2396 2743 2635 2812 hymnis,
2667 2744 2871 2813 quibus
2905 2755 3252 2799 mortuorum
3286 2744 3606 2799 memoriam

2035 2836 2289 2906 prosequi
2322 2835 2405 2891 fas
2431 2845 2536 2898 est,
2589 2837 2692 2891 rite
2738 2836 3038 2907 peregisse.
3069 2834 3170 2892 llic
3239 2835 3405 2905 igitur
3453 2850 3607 2889 com-

2033 2930 2257 2985 missam
2312 2928 2415 2983 sibi
2470 2926 2739 2998 designati
2824 2926 3151 2997 patriarchae
3199 2926 3603 2982 ordinationem

2033 3022 2442 3090 auspicaturus.
2472 3035 2665 3076 mense
2683 3018 2877 3075 Martio
2904 3028 3224 3089 susceptum
3260 3034 3386 3073 eum
3429 3018 3610 3073 intro-

2032 3114 2187 3170 ducit
2216 3128 2343 3168 cum
2394 3111 2587 3181 paucis
2636 3111 2694 3166 in
2741 3111 3136 3166 monasterium
3173 3125 3201 3164 a
3229 3111 3526 3180 prodromo
3551 3117 3607 3163 et

353 3191 589 3263 praebuit
632 3190 874 3262 Augusto
909 3208 925 3256 ;
960 3192 1053 3260 qui
1088 3199 1147 3245 ut
1184 3190 1374 3245 eadem
1434 3205 1568 3247 ansa
1611 3176 1932 3263 teneretbo-

355 3302 365 3305 ,
648 3299 714 3305 __
758 3284 800 3305 ε-
837 3284 1153 3305 “sane”-..
1211 3291 1349 3305 ---Α
1387 3283 1547 3305 _-.-__-
1583 3283 1925 3305 ---ημηω

2036 3217 2190 3277 petra
2239 3204 2603 3268 nominatum,
2639 3203 2731 3259 ubi
2787 3203 2990 3273 templo
3041 3203 3097 3257 in
3149 3203 3310 3257 vinea
3368 3209 3607 3271 reperto,

355 3286 582 3348 minem,
647 3299 719 3339 ne
758 3284 803 3339 is
837 3284 1156 3354 priusquam
1206 3291 1353 3338 esset
1387 3283 1551 3338 rebus
1577 3283 1927 3339 commodum

354 3376 482 3430 fuco
516 3373 907 3429 animadverso
930 3372 1186 3434 resiliret,
1214 3372 1465 3442 gnaviter
1498 3370 1551 3425 in
1577 3369 1930 3426 simulatione

353 3465 613 3520 studendi
641 3462 955 3519 Andronico
992 3463 1251 3532 perstitit,
1289 3462 1584 3531 adjuvante
1609 3462 1728 3532 ipso
1749 3476 1849 3530 pro
1869 3475 1928 3515 se

351 3574 593 3629 quoque,
636 3568 928 3629 postquam
962 3567 1045 3613 est
1080 3558 1395 3627 patriarcha
1427 3567 1667 3623 creatus,
1702 3556 1925 3628 Cyprio,

351 3654 479 3705 dum
514 3665 573 3706 se
607 3649 717 3723 Μ
748 3650 1018 3705 inclinare
1076 3649 1343 3717 sustinuit
1364 3663 1539 3719 usque
1565 3649 1630 3702 ad
1655 3648 1926 3720 eulogiam

351 3743 420 3795 ab
460 3755 526 3794 eo
571 3740 973 3807 accipiendam,
1006 3754 1114 3794 non
1155 3754 1254 3793 usu
1286 3740 1392 3793 alio
1421 3755 1583 3809 quam
1639 3739 1922 3804 adulandi,

351 3844 407 3886 et
439 3841 594 3886 tanto
629 3830 1001 3886 strictioribus
1032 3830 1172 3887 ﬁcta:
1226 3829 1661 3885 honoriﬁcentia:
1693 3824 1927 3886 vinculis

352 3925 649 3992 gloriosum
683 3926 1013 3980 monachum
1045 3940 1225 3980 causae
1262 3939 1327 3979 ac
1356 3924 1605 4001 partibus
1645 3924 1927 3997 alligandi.

352 4019 491 4073 Inde
527 4012 694 4088 porro
723 4017 941 4073 abunde
984 4031 1044 4072 se
1092 4011 1391 4071 faventium
1446 4016 1829 4093 suffragiorum
1861 4016 1929 4071 ad

353 4118 471 4165 tuto
504 4107 868 4180 peragendam
900 4094 1081 4178 Cyprii
1143 4090 1547 4176 promotionem
1593 4090 1795 4162 habere
1841 4123 1932 4161 ra-

356 4213 444 4256 tus
483 4203 851 4269 Andronicus.
880 4199 968 4255 ubi
1016 4199 1262 4270 progredi
1298 4199 1365 4254 ad
1415 4200 1620 4269 majora
1646 4199 1931 4270 ipsamque

352 4295 759 4350 ordinationem
820 4294 1023 4348 adoriri
1103 4293 1489 4363 tempestivum
1561 4282 1645 4347 est
1706 4293 1928 4359 visum,

355 4386 559 4441 nullius
581 4385 939 4440 Orientalium
980 4384 1286 4439 antistitum
1313 4384 1379 4437 ad
1416 4384 1522 4439 tale
1557 4384 1925 4440 ministerium

355 4496 577 4549 operam
606 4479 861 4550 probavit
890 4480 1016 4548 (nec
1038 4487 1157 4533 erat
1181 4493 1312 4532 sane
1337 4494 1682 4548 consequens
1707 4477 1776 4534 ad
1806 4480 1929 4548 ejus

2036 3299 2090 3353 in
2123 3312 2231 3367 quo
2279 3306 2336 3353 et
2370 3297 2493 3367 ipso
2569 3296 2869 3367 apparebat
2898 3312 3014 3351 rem
3049 3296 3290 3352 divinam
3327 3310 3395 3349 ex
3446 3294 3609 3365 longo

2038 3389 2153 3444 ﬁeri
2205 3387 2458 3451 desiisse,
2507 3386 2563 3440 in
2611 3402 2677 3441 eo
2709 3387 2991 3442 consuetis
3032 3384 3371 3441 caremoniis
3415 3398 3613 3437 mona-

2038 3482 2205 3537 chum
2235 3496 2305 3535 ex
2361 3479 2503 3534 laico
2533 3478 2773 3533 instituit
2823 3478 3109 3549 Cyprium,
3156 3489 3390 3545 moxque
3424 3474 3611 3529 diaco-

2035 3590 2169 3630 num
2194 3584 2223 3628 e
2270 3573 2471 3628 lectore
2497 3572 2733 3627 ordinat.
2790 3571 2987 3626 Eadem
3016 3585 3179 3641 porro
3217 3569 3306 3625 die
3359 3567 3612 3622 eumdem

2040 3669 2341 3737 imperator
2376 3665 2619 3721 declarat
2641 3662 3039 3734 patriarcbam.
3067 3661 3204 3717 Hinc
3240 3660 3351 3731 jam
3385 3660 3616 3727 patriar-

2038 3762 2162 3825 cha,
2207 3758 2312 3827 qui
2348 3758 2643 3814 multorum
2682 3756 3036 3812 suasionibus
3069 3750 3176 3827 45
3212 3753 3468 3807 inductus
3493 3766 3614 3807 cer-

2040 3862 2155 3909 tum
2183 3868 2246 3907 ac
2278 3852 2440 3922 plane
2473 3852 2835 3906 constitutum
2866 3848 3096 3903 haberet
3119 3860 3232 3900 non
3256 3844 3423 3899 alium
3455 3843 3617 3898 adhi-

2036 3946 2167 4001 bere
2193 3945 2260 4000 ad
2292 3942 2862 3998 suiconsecrationem
2893 3954 3056 4009 quam
3073 3952 3200 3993 eum
3236 3937 3303 3992 de
3330 3950 3438 4005 quo
3475 3935 3619 3991 inter

2038 4051 2233 4092 omnes
2262 4042 2540 4090 constaret
2564 4034 2723 4103 longe
2767 4032 3007 4086 alienum
3043 4045 3166 4085 esse
3200 4029 3269 4084 ab
3298 4028 3447 4082 omni
3490 4041 3616 4099 spe.

2040 4130 2123 4184 cie
2161 4126 2382 4199 piaculi,
2414 4126 2573 4196 quale
2604 4124 2854 4195 plerique
2921 4122 3230 4177 antistitum
3272 4119 3616 4175 contraxisse

2040 4221 2244 4276 mutuis
2274 4219 2620 4292 ﬂagrantium
2649 4217 2950 4271 factionum
2984 4211 3488 4269 insimulationibus
3507 4211 3621 4267 cul-

2041 4316 2338 4385 pabantur,
2398 4311 2733 4381 discipulum
2788 4308 3154 4371 Germanum,
3199 4305 3374 4362 lilium
3432 4302 3616 4360 Acacii

2040 4407 2144 4459 viri
2186 4405 2258 4474 pii
2309 4413 2363 4457 et
2396 4403 2551 4457 valde
2607 4400 3018 4470 circumspecti,
3085 4398 3178 4469 qui
3229 4411 3289 4452 se
3352 4396 3405 4451 in
3440 4397 3618 4467 palam

2041 4514 2219 4566 nuper
2248 4495 2385 4550 artis
2418 4493 2571 4564 quasi
2610 4503 2864 4547 neutrum
2919 4485 3213 4553 habuerat,
3245 4504 3528 4544 assensum
3563 4487 3620 4541 in

356 4573 480 4631 illos
508 4572 577 4627 ab
603 4575 849 4642 Augusto
879 4571 1358 4626 consecrationem
1393 4570 1666 4632 adhiberi.
1695 4586 1930 4643 quorum
1970 4603 2012 4658 Β
2040 4600 2249 4660 panem
2310 4580 2572 4641 ίιιτειηινίε
2629 4584 2910 4638 sustinens
2952 4591 3007 4636 ει
3043 4582 3283 4653 umque,
3348 4590 3617 4651 quantum

356 4682 425 4718 ne
454 4664 713 4735 suﬂ‘ragia
748 4664 968 4734 quidem
1000 4664 1068 4719 ad
1099 4664 1725 4739 electionemdignatus
1754 4665 1937 4721 fuerat

359 4757 682 4828 requirere),
705 4756 800 4812 sed
845 4755 1182 4831 iunctionem
1220 4756 1369 4810 illam
1423 4757 1620 4812 detulit
1673 4758 1936 4827 episcopo

355 4850 579 4920 Coiyles
607 4867 669 4904 cx
697 4848 1235 4905 Occiduistractibus
1269 4850 1556 4920 legationis
1570 4865 1734 4906 causa
1760 4866 1954 4921 nuper.
1987 4888 1992 4893 η

283 5000 289 5007 ,
357 4944 612 5015 appulsu,
640 4952 694 4996 et
743 4943 888 5014 quod
922 4958 1150 5015 peregre
1209 4944 1439 5000 vixisset
1468 4944 1522 4998 in
1577 4959 1789 4999 summa
1813 4945 1936 5000 dis-

355 5038 645 5108 junctioue
689 5052 716 5089 a
805 5037 974 5093 rebus
1041 5038 1269 5105 nostris,
1332 5038 1483 5093 nulla
1563 5039 1938 5095 contaminato

359 5133 692 5204 contagione
779 5132 1123 5202 piaculorum
1158 5170 1174 5196 ,
1217 5148 1338 5201 quae
1387 5149 1452 5187 ex
1510 5133 1649 5188 actis
1703 5134 1941 5187 antehac

359 5225 842 5294 Constantinopoli
889 5224 1139 5295 plerique
1190 5224 1297 5281 illic
1337 5224 1650 5295 degentium
1686 5236 1782 5280 aut
1808 5240 1940 5280 con-

364 5329 646 5375 traxerant
715 5327 812 5375 aut
875 5319 1216 5376 contraxisse
1282 5320 1638 5390 putabantur.
1717 5321 1848 5376 Erat
1895 5320 1940 5375 is

363 5415 531 5470 homo
578 5420 844 5484 praeterea
867 5412 1162 5482 gratificari
1213 5412 1432 5482 quidvis
1458 5412 1810 5482 poscentibus
1859 5412 1941 5466 l'a-

363 5507 506 5571 cilis,
559 5515 614 5562 ct
671 5505 824 5576 juxta
867 5506 1058 5560 tritum
1134 5504 1405 5576 adagium,
1464 5504 1642 5559 dulcis
1698 5506 1941 5570 cubitus,

364 5615 526 5671 quem
581 5598 837 5655 videlicet
878 5598 980 5652 ad
1030 5596 1296 5667 quidquid
1360 5614 1425 5652 ex
1480 5613 1585 5653 usu
1639 5597 1780 5653 foret
1834 5597 1944 5669 pla-

364 5694 488 5750 cide
522 5707 813 5763 sequacem
865 5690 1137 5747 ﬂecteres.
1188 5689 1481 5747 Nonnullis
1511 5692 1679 5756 enim,
1747 5694 1945 5762 quibus

364 5787 549 5844 fuerat
595 5788 842 5842 anterior
871 5788 991 5859 ejus
1035 5786 1142 5841 vita
1191 5786 1352 5856 plane
1405 5794 1714 5857 perspecta,
1750 5796 1940 5841 notum

364 5891 479 5941 erat
504 5898 701 5953 magno
759 5897 884 5937 cum
915 5882 1136 5939 domino
1167 5880 1420 5953 Philippo
1450 5919 1463 5945 ,
1527 5880 1593 5936 de
1648 5898 1760 5952 quo
1810 5882 1945 5937 alias

2040 4682 2302 4738 duntaxat
2338 4680 2472 4734 satis
2518 4687 2639 4734 erat
2696 4677 2762 4731 ad
2811 4677 3186 4739 securitatem,
3228 4674 3417 4730 favens
3475 4673 3621 4728 hunc

2040 4787 2259 4844 quoque
2299 4770 2475 4842 ipsum
2510 4767 2682 4824 multa
2716 4767 2998 4839 religionis
3024 4767 3438 4823 existimatione
3470 4779 3622 4819 com-

2042 4865 2382 4926 mendatum,
2411 4872 2674 4930 praeterea
2705 4860 2776 4914 ita
2795 4861 3044 4914 moribus
3061 4858 3366 4927 simplicem
3401 4866 3461 4910 ut
3491 4871 3619 4911 eum

2044 4958 2135 5013 ille
2165 4956 2256 5027 qui
2303 4954 2738 5025 patriarchatum
2782 4967 2960 5022 nuper
2990 4947 3623 5022 gesseratspirilualihus

2041 5047 2435 5115 accensuisset,
2498 5047 2667 5108 hunc,
2697 5046 2953 5115 inquam,
2989 5036 3143 5112 quasi
3200 5042 3268 5096 de
3314 5055 3427 5110 quo
3471 5039 3620 5093 nulla

2042 5159 2162 5198 esse
2193 5151 2377 5213 posset
2417 5141 2741 5211 cujusquam
2791 5135 3096 5207 plausibilis
3122 5132 3394 5203 exceptio,
3446 5132 3499 5185 in
3537 5131 3624 5185 sui

2044 5235 2415 5291 ordinatorem
2451 5232 2798 5304 praeparavit,
2860 5229 3068 5302 eligens
3103 5242 3253 5295 eum,
3289 5224 3625 5295 sull‘ragante

2047 5329 2103 5385 in
2139 5327 2193 5383 id
2252 5327 2461 5397 pariter
2510 5324 2807 5396 Cozyleno,
2871 5324 2923 5377 in
2984 5321 3275 5393 praesulem
3347 5318 3625 5375 Heraclea:

2047 5419 2319 5475 Thraciae.
2349 5416 2482 5474 Post
2541 5417 2689 5487 quod
2742 5417 3006 5487 episcopo
3065 5411 3346 5467 mandavit
3377 5422 3436 5465 ut
3498 5425 3625 5465 eum

2046 5511 2334 5568 confestim
2368 5512 2480 5578 (res
2535 5507 2684 5562 enim
2741 5520 2923 5562 moras
2989 5519 3097 5559 non
3132 5500 3364 5571 ferebat)
3421 5500 3478 5555 in
3502 5514 3623 5554 eam

2048 5604 2232 5660 sedem
2260 5604 2365 5658 rite
2392 5600 2803 5670 metropolitam
2849 5598 3155 5654 ordinaret.
3213 5594 3308 5650 Isti
3351 5590 3626 5649 functioni

2048 5697 2323 5754 delectum
2362 5704 2447 5750 est
2494 5695 2736 5763 antiquae
2795 5690 2982 5746 lrenes
3050 5690 3300 5747 divinum
3338 5686 3625 5758 templum,

2048 5790 2204 5858 cujus
2230 5804 2383 5845 sacra
2414 5796 2472 5843 et
2500 5788 2730 5860 mystica
2761 5800 2951 5842 mensa
2996 5784 3185 5840 multis
3211 5783 3365 5853 prius
3423 5788 3626 5852 purga-

2053 5883 2293 5946 tonibus
2351 5880 2567 5953 expiata
2614 5891 2669 5936 et
2719 5879 2886 5935 certis
2941 5877 3282 5935 sanctiﬁcata
3368 5874 3626 5949 precibus
