4022 6602
1999 276 2009 310 l

256 440 315 503 53
1161 440 1260 501 DE
1314 438 1763 503 ANDRONICO
1798 437 2278 503 PAl'u‘EOLOGO
2323 444 2475 505 LIB.
2521 442 2568 504 ῐ.
3414 440 3486 505 5i

253 553 321 607 οι
354 550 532 623 χεῖρον
569 550 622 606 δὲ
646 552 823 624 μικρὰ
856 553 951 607 καὶ
980 553 1232 627 περὶτῆς
1254 556 1590 628 χειροτονίας
1620 555 1884 615 διαλα-ιΔ

254 645 378 699 ὃεῖν.

216 815 223 823 ,
257 758 328 817 ιε’.
359 762 698 832 Χειροτονία
730 760 837 816 τοῦ
872 763 1243 832 πατριάρχου
1273 764 1562 834 Κυπρίου,
1601 764 1697 819 καί
1735 765 1808 819 τὰ

518 840 527 849 ’
703 846 709 851 '
821 836 953 900 περὶ
980 835 1223 901 ταύτης.

315 924 571 993 Ἠτνιστο
596 923 695 994 μὲν
727 926 914 996 εὐχαῖς
942 944 1001 979 τε
1028 930 1120 980 καὶ
1150 928 1314 995 ἁγιάσ
1324 945 1488 998 μασιν
1529 930 1564 999 ἠ
1586 930 1683 994 τῆς
1698 930 1810 982 Με-

255 1017 427 1087 γίστης
469 1018 765 1087 ἐκκλησίας
815 1020 938 1088 ἱερὰ
986 1020 1256 1090 τράπεζα,
1286 1022 1580 1092 συνήγοντο
1606 1022 1662 1075 δὲ
1680 1022 1810 1093 περὶ

256 1111 331 1163 τὸν
362 1109 943 1182 χειροτονηθηοόμενον
995 1111 1045 1165 οἳ
1095 1112 1160 1185 δὴ
1195 1114 1290 1168 καὶ
1329 1112 1438 1167 τῶν
1476 1114 1811 1185 σχιζομένων

258 1203 732 1270 συγκατεκλίνοντο,
779 1203 971 1274 ἄνδρες
1022 1204 1159 1276 πρὸς
1215 1204 1315 1276 μὲν
1379 1206 1448 1259 τὰ
1510 1207 1811 1276 τελούμενα

254 1294 479 1363 ἀμαθεῖς.
499 1293 585 1366 [Ρ.
616 1293 710 1360 271
739 1295 989 1361 δόξαντες
1021 1296 1078 1349 δὲ
1118 1296 1197 1369 τῷ
1242 1294 1389 1368 ζήλῳ
1444 1299 1813 1369 προστετηκέ-

255 1405 347 1439 ναι.
378 1387 687 1456 Μαρτύριον
747 1387 804 1441 δὲ
861 1388 923 1442 τὺ
970 1388 1096 1459 μηδ’
1134 1367 1333 1444 ἔίδέναι
1364 1367 1513 1462 μηδ’
1545 1391 1683 1454 ὅλως
1708 1367 1711 1368 ν
1736 1392 1810 1461 μὴ

254 1480 322 1531 ὅτι
340 1496 395 1546 τε
421 1480 756 1548 χειροτονίας
784 1479 961 1545 τάξιν,
994 1480 1108 1534 ἀλλ’
1138 1481 1246 1536 οὐδ’
1273 1483 1445 1554 αὐτὴν
1466 1482 1566 1555 τὴν
1595 1483 1690 1538 τοῦ
1717 1483 1816 1555 βή-

258 1583 425 1636 ματος,
451 1566 527 1631 ὡς
562 1570 653 1622 καὶ
700 1569 1035 1624 κινδυνεύειν
1080 1570 1171 1625 διὰ
1215 1571 1388 1626 ταῦτα
1436 1573 1813 1645 παροραθῆναι

254 1660 335 1726 τὴν
354 1657 567 1711 ἐκείνων
593 1660 797 1731 ἀκριϐῆ
824 1663 1230 1733 παρατήρησιν.
1276 1664 1536 1729 Ἐκείνοις
1590 1665 1697 1737 γὰρ
1744 1661 1815 1736 ἦν

256 1750 476 1817 ὁσκοπδς
506 1751 735 1822 ἀπερεῖν
763 1753 1044 1824 κληρικοῖς
1103 1759 1177 1825 μὴ
1208 1757 1469 1825 παρεῖναι
1512 1757 1634 1828 μηδ’
1689 1758 1815 1827 ὕψιν

256 1843 588 1912 προοδάλλειν
602 1847 718 1909 τοῖς
751 1846 1119 1914 τελουμένοις,
1157 1847 1261 1902 κᾶν
1289 1850 1437 1911 ὅστις
1471 1852 1567 1904 καὶ
1615 1852 1701 1923 εἴη
1723 1867 1737 1882 ·
1776 1853 1808 1921 ἠ

257 1933 293 1986 δ’
326 1936 522 2007 ἀνάγκη
575 1936 686 1989 τῶν
725 1940 1140 2009 πραττομένων,
1182 1941 1265 2003 ὡς
1297 1942 1564 1997 εὐοδοϊντο
1605 1944 1673 1997 τά
1721 1946 1819 2013 τῆς

258 2026 450 2096 τελετῆς
476 2029 765 2099 ἁμηγέπη,
809 2030 906 2083 ἕνα
934 2030 1042 2084 τῶν
1067 2030 1161 2085 τοῦ
1207 2032 1412 2104 κλήρου
1468 2033 1819 2105 προσληφθῆ-

259 2134 352 2178 ναι,
378 2120 463 2171 καὶ
491 2122 548 2174 ὲν
570 2121 756 2184 αὺτοῖς
784 2125 898 2186 τοῖς
928 2122 1140 2188 ἀδύτοις
1172 2124 1233 2176 τὸ
1266 2125 1543 2195 μέγιστον,
1602 2125 1697 2179 τὸν
1728 2126 1819 2178 ὲκ-

260 2210 555 2283 ιλησέαρχον
592 2214 831 2283 ἔπειθεν,
876 2214 965 2285 ἐφ’
1015 2211 1060 2286 ᾧ
1121 2217 1614 2287 ξυνεπιλαμϐάνειν
1666 2217 1819 2287 σφίσι

262 2303 342 2356 καὶ
376 2306 676 2373 πράττοντα
702 2307 795 2358 καὶ
816 2306 1160 2365 διδάσκοντα.
1193 2310 1303 2363 Καὶ
1328 2309 1474 2363 οὕτω
1533 2309 1637 2380 μὲν
1676 2309 1823 2362 ὲκεί-

263 2412 353 2458 νοις
381 2396 621 2469 ἀποχρῆν
647 2399 744 2452 ἐπὶ
772 2399 866 2453 τοῦ
892 2399 1158 2471 παρόντος
1206 2400 1404 2465 ἐδόκει,
1443 2403 1492 2455 εἰ
1537 2400 1820 2472 παραϐάν-

264 2680 488 2737 Grrmani
529 2683 654 2763 novi
710 2682 1096 2739 Heracleensis
1131 2682 1611 2756 inaugurationem
1651 2682 1814 2739 vidit.

268 2773 347 2829 llic
393 2791 554 2845 porro
600 2776 844 2832 vicissim
920 2784 1292 2848 promotorem
1341 2792 1500 2833 suum
1554 2777 1813 2848 Cyprium

267 2871 472 2937 primum
517 2869 734 2940 quidem
767 2871 1082 2926 sacerdotio
1113 2872 1376 2935 initiavit,
1414 2870 1614 2926 deinde
1649 2871 1705 2925 in
1734 2885 1817 2926 ce-

268 2962 379 3015 chri
405 2961 711 3018 Palmaruni
739 2965 901 3028 festo.
923 2973 1256 3035 cooperante
1287 2964 1532 3020 antistite
1566 2958 1811 3034 Cozyles,

270 3052 603 3120 patriarcbam
662 3056 963 3111 ordinavit.
1009 3056 1083 3111 De
1140 3071 1247 3126 qua
1288 3055 1645 3110 ordinatione
1702 3070 1815 3110 non

269 3144 354 3196 erit
378 3144 467 3199 abs
487 3160 549 3200 re
570 3147 824 3216 quaedam
856 3146 947 3203 hic
975 3146 1289 3202 distinctius
1321 3146 1548 3219 referre.

272 3283 715 3359 15.1ηαιι9ιιναιὶο
769 3287 1094 3358 patriarcha:
1142 3287 1347 3360 Cyprii,
1401 3298 1452 3344 et
1499 3304 1617 3358 qua:
1669 3283 1873 3345 rirca‘:

764 3375 880 3413 eam
930 3360 1284 3430 contigerunt.

331 3494 566 3552 Lnstrata
593 3497 834 3569 primum
858 3506 945 3553 est
969 3496 1226 3569 precibus
1257 3505 1313 3553 et
1338 3496 1709 3567 piacularibus
1741 3495 1816 3551 ri-

275 3584 393 3640 tibus
416 3571 632 3643 maximi
658 3589 847 3658 templi
867 3598 1022 3643 sacra
1042 3586 1253 3641 mensa.
1272 3585 1597 3658 Congregati
1617 3584 1818 3640 deinde

275 3688 379 3732 sunt
428 3681 568 3736 circa
615 3680 959 3752 designatum
1000 3678 1315 3751 pontiﬁcem
1343 3664 1819 3734 schismaticornrn

273 3771 472 3837 sodales,
510 3774 605 3828 viri
633 3787 915 3828 sacrorum
950 3773 1154 3828 rituum
1187 3770 1352 3826 rudes
1376 3808 1393 3837 ,
1429 3770 1523 3840 qui
1563 3769 1665 3824 sibi
1700 3767 1820 3822 vice

275 3864 427 3918 omnis
466 3865 917 3920 caeremoniarum
971 3862 1472 3935 pcritiaasuﬂicere
1520 3852 1817 3931 putarent.

274 3970 364 4022 quo
387 3958 462 4011 uri
500 3973 561 4013 ac
592 3958 749 4029 quasi
782 3958 1066 4013 tabescere
1095 3956 1447 4020 videbantur,
1477 3954 1675 4009 zelum.
1712 3950 1822 4007 Do-

275 4060 500 4105 cumento
527 4050 643 4118 fuit,
669 4049 815 4121 quod
835 4043 1261 4106 consecrationis
1287 4045 1634 4117 pontiﬁcalis,
1658 4056 1823 4114 quam

274 4138 363 4211 46
390 4144 706 4199 celebraturi
735 4151 1140 4208 convenerant,
1196 4141 1443 4197 ordinem
1498 4137 1825 4211 ignorabant

279 4229 509 4291 imiditns.
541 4236 646 4292 Sed
679 4252 748 4291 ne
775 4236 916 4292 sacri
959 4236 1177 4305 quidem
1219 4234 1408 4290 altaris
1437 4249 1501 4291 ac
1530 4232 1699 4290 divini
1731 4246 1825 4288 sa-

279 4324 439 4379 crilicii
470 4326 674 4381 functio
703 4343 809 4397 quo
843 4335 1000 4396 pacto
1031 4335 1404 4390 exerceretur,
1438 4325 1733 4392 tenebant;
1764 4334 1825 4382 ut

280 4430 532 4485 propterea
578 4421 879 4491 periculum
928 4429 1074 4476 esset
1121 4435 1192 4475 ne
1238 4418 1617 4490 despiceretur
1665 4428 1719 4473 ct
1767 4428 1827 4474 ut

278 4520 570 4579 thpostcre
615 4503 804 4568 sedula
852 4512 1090 4570 ludibrio
1124 4523 1270 4569 esset
1299 4514 1387 4568 illa
1418 4514 1684 4584 exquisita
1727 4513 1826 4567 ob-

1910 572 2000 618 τες
2027 557 2085 609 τὸ
2115 559 2279 628 μέρος
2311 560 2370 612 τὸ
2410 560 2638 615 καθόλου
2684 556 3146 629 διαφυλάττοιντο.
3216 554 3279 611 Ol
3312 556 3366 611 6i
3400 558 3494 611 τοῦ

1913 651 2128 724 κλήρου.
2153 651 2254 722 τῆς
2288 650 2584 723 ἐκκληαίας
2620 653 2720 723 μὲν
2746 651 2807 707 τὸ
2843 652 3107 723 παράπαν
3140 640 3499 716 ἐξεκλείοντο,

1912 741 2047 796 ὅπου
2076 760 2139 812 γε
2166 744 2259 798 καὶ
2289 745 2451 809 αὐτὸς
2472 745 2501 799 ὁ
2531 746 2703 816 μέγας
2748 744 3060 816 λογοθέτης,
3121 742 3348 815 μηδενὸς
3382 759 3495 796 κω-

1912 833 2152 900 λύοντος,
2196 837 2307 891 ἀλλ’
2340 838 2500 901 αὑτός
2522 856 2584 907 γε
2616 837 2817 910 κρίνων
2845 839 2946 909 τὴν
2978 838 3244 892 ἀπουσίαν
3299 830 3495 891 ἑαυτοῦ

1915 927 2071 993 ἀξίαν
2094 931 2206 992 τοῖς
2227 929 2595 1001 τελουμένοις,
2630 929 2903 1001 μακρόθεν
2936 928 3364 999 ἐπεξυγωμένης
3390 927 3494 991 τῆς

1914 1021 2089 1092 πύλης
2120 1021 2405 1092 ἱστάμενος
2442 1022 2597 1090 μόλις
2627 1020 2774 1092 ἑώρα
2818 1021 2915 1075 καὶ
2971 1020 3048 1093 τῷ
3101 1018 3496 1087 ὑπεσταλμένῳ

1913 1113 2009 1167 τοῦ
2040 1114 2201 1185 ἥθους
2228 1114 2287 1166 τὸ
2314 1113 2530 1179 ἀνάξιον
2554 1112 2879 1185 παρεδείκνυ
2921 1130 2935 1144 ’
2972 1108 3084 1168 ἄνω
3126 1110 3182 1165 δέ
3233 1127 3334 1162 που
3387 1108 3497 1163 τῶν

1915 1205 2392 1278 κατηχουμενείων
2412 1205 2816 1276 παραϐυόμενοι
2845 1203 3089 1275 ὀπτῆρας
3115 1198 3259 1272 εἶχον
3289 1198 3381 1253 sua
3416 1199 3494 1270 μὴ

1917 1300 2238 1372 παρακύψαι
2275 1298 2395 1369 μηδ’
2431 1297 2559 1351 ίδεϊν
2587 1297 2655 1350 τὰ
2700 1296 3073 1368 πραττόμενα,
3131 1293 3203 1357 ὡς
3247 1291 3499 1346 ἐντεῦθεν

1915 1390 2366 1460 κωλυθησομένου
2398 1389 2558 1460 δῆθεν
2580 1385 2676 1441 τοῦ
2714 1387 2789 1458 μὴ
2840 1386 3140 1455 δυναμένου
3198 1382 3523 1453 ὑπέχεσϐαι,

1914 1486 1993 1555 τῷ
2021 1482 2158 1553 ἀξίῳ
2180 1483 2278 1553 τῆς
2303 1481 2411 1535 τῶν
2446 1468 2840 1553 συμπαρόντων
2864 1472 3212 1548 άναξιότητος
3244 1475 3404 1547 χάριν
3426 1474 3498 1528 δι’

1916 1577 2229 1647 άγαθότητα
2252 1574 2580 1643 πνεύματος.
2634 1570 2788 1626 Ἐπεὶ
2811 1571 2868 1625 δὲ
2892 1571 2984 1651 διαὶ
3012 1564 3081 1623 τὰ
3126 1569 3226 1641 τῆς
3274 1567 3501 1636 τελετῆς

1915 1668 2189 1738 διήνυστο,
2212 1667 2305 1720 καὶ
2335 1666 2481 1739 τρισὶ
2506 1658 2968 1736 προηγιασμένοις
3007 1662 3212 1731 ἄρτοις,
3259 1656 3336 1723 ὡς
3380 1660 3499 1721 ταῖς

1916 1758 2094 1829 τρισὶν
2121 1756 2354 1828 ἡμέραις
2381 1756 2480 1824 τῆς
2508 1755 2747 1827 μεγάλης
2776 1752 3063 1824 ἑϐδομάδος
3095 1750 3407 1834 ἀρκέσουσι,
3440 1750 3501 1801 τὸ

1919 1853 2018 1921 τῆς
2040 1851 2335 1921 ἐκκλησίας
2362 1850 2549 1917 πυξίον
2585 1844 2917 1914 ὲνικανοῦτο,
2942 1848 2970 1900 ὁ
2990 1837 3332 1917 πατριάρχης
3363 1841 3500 1915 πρὸς

1872 1942 1891 1965 ¹
1923 1949 2147 2018 βασιλέα
2166 1947 2391 2002 αὐτόθεν
2421 1947 2638 2018 ἀπήντα
2672 1943 2974 1999 ὲκτελέσων
3004 1945 3120 2012 μετ’
3160 1942 3368 1994 ἐκείνου
3399 1939 3499 2008 τὴν

1919 2042 2113 2114 ἑορτὴν
2147 2041 2287 2094 κατὰ
2323 2040 2383 2094 τὸ
2410 2038 2658 2110 σύνηθες,
2689 2038 2740 2091 οἱ
2777 2036 2832 2090 δὲ
2862 2036 2957 2090 καὶ
2987 2031 3141 2098 αὖθις
3186 2032 3294 2087 τῶν
3335 2031 3499 2102 ἱερῶν

1922 2133 2195 2199 συνάξεων
2226 2131 2577 2197 ὲξεκλείοντο,
2603 2127 2731 2197 παρ’
2763 2125 2915 2181 οὐδὲν
2970 2125 3212 2196 θεμένων
3256 2122 3355 2186 τὶς
3402 2121 3499 2175 τοῦ

1934 2226 2132 2297 Ἰωσὴφ
2165 2224 2581 2295 προστιμήσεις.
2638 2219 2987 2289 Ἐπέφωσκεν
3017 2219 3051 2288 ἠ
3112 2215 3357 2286 δευτέρα,
3405 2215 3500 2269 καὶ¹

1918 2322 2030 2383 τοῖς
2060 2317 2159 2390 μὲν
2183 2316 2277 2370 τοῦ
2303 2315 2642 2388 πατριάρχου
2671 2315 2700 2368 δ
2731 2313 2856 2376 ναὸς
2882 2312 3083 2373 ἀνεῖτο,
3140 2311 3253 2373 τοῖς
3312 2308 3368 2362 δέ
3433 2316 3505 2378 γε

1919 2416 2201 2487 κληρικοῖς
2222 2411 2422 2469 ἄϐατον
2457 2411 2516 2464 τὸ
2547 2409 2774 2480 τέμενος
2799 2403 2888 2478 ἦν.
2929 2407 3165 2475 Ἐπέστη
3212 2406 3246 2470 ἡ
3314 2403 3499 2475 τρίτη,

1918 2682 2066 2729 reret
2095 2686 2217 2744 quas
2247 2684 2425 2743 quove
2456 2677 2614 2741 pacto
2645 2667 2727 2723 fas
2751 2674 2870 2722 erat
2902 2665 2992 2722 tali
3030 2660 3320 2720 occasione
3357 2662 3496 2721 ﬁeri.

1916 2771 1995 2823 Ac
2023 2766 2101 2822 sic
2136 2766 2189 2820 in
2222 2779 2465 2837 praesens
2489 2763 2594 2819 sibi
2628 2763 2761 2820 satis
2790 2773 3010 2820 cautum
3043 2770 3405 2834 putaverunt,
3439 2770 3502 2817 ut

1917 2858 2119 2915 omissa
2164 2856 2293 2912 licet
2323 2867 2477 2927 parte
2517 2861 2901 2912 consuetarum
2935 2853 3502 2919 circumstantiarum,

1916 2948 2191 3021 negotium
2222 2956 2403 3003 tamen
2429 2947 2608 3019 ipsum
2638 2947 2981 3010 subsisteret,
3012 2955 3275 3015 quantum
3308 2946 3374 2999 ad
3404 2960 3495 2998 ra-

1918 3048 2029 3091 tam
2074 3040 2460 3092 auctoritatem
2510 3046 2655 3091 esset
2690 3037 2858 3090 -satis.
2893 3035 3097 3091 Omnes
3124 3051 3273 3107 ergo,
3302 3034 3502 3106 praeter

1917 3141 2108 3188 unum,
2142 3125 2325 3181 clerici
2356 3139 2581 3195 prorsus
2615 3124 2822 3179 exclusi
2859 3126 3061 3195 templo
3104 3136 3254 3188 sunt,
3282 3126 3410 3180 dum
3442 3126 3497 3179 in

1912 3234 1989 3275 eo
2019 3218 2325 3289 patriarcha
2359 3217 2806 3280 consecrabatur,
2837 3218 3054 3288 quando
3088 3228 3145 3274 et
3175 3218 3496 3273 modestiam

1890 3308 2199 3366 t'ostentare
2228 3309 2419 3365 miram
2449 3308 2721 3380 logotheta
2761 3309 2878 3379 ipse
2925 3324 3157 3379 magnus
3197 3308 3496 3379 affectavit,

1919 3403 2048 3477 dum
2074 3405 2293 3458 nemine
2312 3403 2438 3457 licet
2460 3402 2593 3457 aedis
2620 3415 2792 3457 sacras
2821 3399 3122 3474 ingressum
3150 3405 3494 3475 prohibente,

1920 3497 2062 3565 ultro
2095 3496 2240 3551 velut
2271 3510 2330 3551 se
2363 3487 2644 3567 indignum
2693 3493 3028 3550 admissione
3079 3494 3133 3549 in
3175 3492 3318 3552 sacri
3362 3513 3499 3554 con-

1921 3586 2205 3642 scientiam
2239 3595 2503 3656 reputans
2531 3593 2684 3640 extra
2719 3585 2909 3656 procul
2945 3585 3119 3651 stetit,
3168 3601 3233 3641 ex
3270 3586 3517 3643 adverso

1924 3677 2111 3748 templi
2145 3677 2267 3733 ostii
2300 3676 2509 3732 foribus
2536 3676 2790 3732 obductis
2823 3677 3027 3744 clausi,
3057 3679 3306 3735 demissis
3330 3681 3497 3735 etiam

1923 3770 1978 3824 in
2012 3779 2212 3825 terram
2244 3769 2420 3844 oculis
2448 3778 2505 3825 et
2531 3768 2719 3824 humili
2754 3770 3129 3841 babitu‘quasi
3170 3786 3283 3844 prae
3312 3789 3370 3829 se
3418 3775 3502 3830 fc-

1922 3878 2052 3918 rens
2081 3856 2386 3933 agnoscere
2405 3842 2463 3917 se
2501 3848 2623 3933 jure
2653 3862 2830 3917 arceri
2878 3863 3081 3935 quippe
3110 3842 3389 3937 indignum
3434 3883 3499 3923 ac

1925 3955 2232 4026 profanum,
2260 3964 2317 4013 et
2346 3955 2550 4026 justam
2584 3948 3113 4012 animadversionem
3143 3958 3269 4014 δοιιί
3300 3954 3501 4015 consu—

1924 4046 2056 4102 lere.
2084 4046 2162 4103 Ne
2185 4047 2279 4118 qui
2310 4056 2493 4103 autem
2526 4047 2583 4103 in
2619 4047 2994 4116 superioribus
3014 4042 3017 4045 “
3037 4046 3290 4104 vestibuli
3322 4053 3498 4119 odeis,

1924 4156 2045 4211 quae
2073 4144 2495 4197 catechumenea
2537 4140 2890 4223 vocabantur,
2932 4143 3071 4198 forte
3113 4133 3498 4199 delitescentes

1926 4233 2145 4291 furtivis
2174 4234 2329 4289 illinc
2347 4226 2657 4291 delibarent
2694 4233 2984 4290 obtutunm
3014 4226 3358 4304 conjectibus
3380 4253 3500 4307 qua:

1929 4336 2059 4381 tunc
2087 4327 2139 4381 in
2175 4324 2376 4395 templo
2410 4324 2765 4398 gerebantur,
2811 4325 3039 4381 aderant
3084 4331 3178 4396 qui
3220 4328 3321 4383 hoc
3352 4338 3502 4382 veta-

1928 4426 2050 4473 rent
2075 4417 2442 4488 speculatores
2479 4416 2553 4472 ibi
2577 4416 2761 4481 locati,
2786 4417 3063 4472 neminem
3088 4433 3184 4488 per
3202 4425 3381 4472 crates
3406 4428 3503 4472 aut

1929 4509 2197 4566 fenestras
2223 4509 2329 4592 47
2358 4511 2645 4566 demittere
2675 4496 2871 4565 oculos
2915 4509 2971 4564 in
3000 4502 3291 4564 ecclesiam
3316 4511 3501 4566 εἰωθυι-

278 4605 503 4668 servatio,
547 4605 747 4675 quippe
792 4607 951 4677 cujus
989 4606 1394 4661 accuratissima
1427 4606 1705 4676 diligentia
1748 4620 1816 4660 ne
1848 4599 1899 4667 D
1926 4612 2042 4671 tes;
2074 4612 2133 4659 ut
2157 4590 2296 4675 quos
2326 4590 2578 4659 videlicet
2608 4603 2661 4656 in
2688 4598 2864 4658 officio
2889 4609 3209 4669 spontaneae
3237 4602 3267 4657 ἐι
3306 4606 3496 4668 sacris,

279 4690 320 4743 id
345 4697 543 4763 quidem
571 4706 804 4762 teneret,
837 4702 956 4753 sine
978 4712 1086 4767 quo
1118 4697 1269 4751 irrita
1299 4696 1422 4766 jure
1455 4696 1664 4773 censeri
1692 4712 1818 4767 pos-

280 4792 541 4854 set,quam
595 4787 977 4852 moliebantur,
1031 4787 1324 4843 ordinatio.
1365 4786 1585 4841 Illorum
1634 4797 1815 4841 autem

279 4874 504 4933 obnixum
529 4879 769 4935 studium
801 4880 868 4934 ad
896 4894 1018 4934 eum
1048 4894 1274 4950 scopum
1311 4879 1586 4943 tendebat,
1619 4889 1679 4933 ut
1711 4876 1820 4933 cle-

281 4965 361 5019 rici
390 4979 694 5026 arcerentur
720 4986 753 5025 a
786 4986 937 5026 sacra
969 4973 1058 5028 illa
1082 4972 1426 5039 caremonia,
1455 4988 1518 5026 ac
1543 4988 1613 5027 ne
1644 4973 1820 5043 quivis

284 5052 488 5122 illorum,
516 5067 950 5130 quantacunque
1003 5054 1203 5132 alioqui
1250 5063 1548 5133 dignitatis,
1586 5064 1670 5118 vel
1702 5063 1819 5118 visu

282 5147 441 5209 procul
470 5164 729 5219 usurpare
745 5151 1037 5220 quidquam
1064 5167 1127 5207 ea
1149 5153 1437 5209 occasione
1456 5140 1819 5224 gerendorum

282 5244 454 5298 plissrt.
502 5239 690 5309 Coegit
742 5246 923 5295 tamen
957 5258 1054 5298 eos
1097 5258 1246 5298 mera
1286 5245 1586 5300 necessitas
1625 5244 1823 5299 defun-

283 5328 413 5392 gendi
456 5342 728 5401 utcunque
764 5334 1051 5390 ministerii
1100 5336 1360 5391 adhibere
1404 5352 1573 5391 unum
1625 5337 1820 5392 saltem

284 5416 481 5488 aliquem
527 5441 557 5480 e
589 5425 736 5479 clero
785 5443 1011 5497 gnarum
1055 5429 1260 5483 ordinis
1306 5444 1612 5495 sacrorum,
1667 5429 1824 5499 cujus

285 5507 423 5568 ductu
466 5520 858 5588 admonituque
913 5528 1253 5589 regerentur,
1306 5520 1609 5591 praesertim
1657 5520 1711 5574 in
1758 5534 1821 5574 ea

288 5613 411 5667 Parte
429 5624 544 5678 quae
577 5614 847 5681 prmcipua
875 5610 1263 5682 primariaque,
1286 5611 1382 5666 sed
1405 5611 1591 5667 eadem
1612 5609 1825 5665 arcanis

287 5705 331 5747 ει
354 5706 588 5771 perplexe
615 5705 1010 5772 multiplicibus
1035 5713 1293 5760 constans
1326 5704 1521 5760 ritibus
1542 5704 1681 5758 intra
1708 5702 1823 5775 ipsa

287 5799 473 5853 omnes
506 5802 685 5868 agitur
718 5798 898 5868 adyta.
931 5798 1296 5853 Adsciverunt
1330 5782 1493 5868 igitur
1539 5797 1825 5853 ecclesiar-

287 5878 439 5947 clnnn,
468 5893 553 5957 qni
587 5890 780 5958 partim
818 5888 934 5959 ipso
963 5888 1182 5953 faceret,
1218 5892 1412 5959 partim
1455 5888 1585 5959 ipsis
1635 5904 1827 5960 sugge-

1923 4695 2121 4765 quibus
2157 4688 2315 4750 erant
2344 4694 2579 4765 indigni,
2613 4693 2872 4749 absentia:
2902 4710 3013 4748 non
3046 4695 3356 4751 contineret
3386 4713 3500 4751 sua:

1923 4772 2167 4858 ipsorum
2216 4787 2459 4842 modesta
2514 4787 2784 4856 reputatio
2867 4786 3006 4842 labis
3059 4796 3114 4842 et
3176 4789 3501 4843 verecundia

1922 4879 2254 4950 pmnitentes
2310 4879 2510 4935 decens
2547 4919 2563 4944 ,
2626 4893 2721 4933 eos
2782 4878 3125 4936 denuntiatio
3189 4880 3499 4945 custodum,

1923 4977 1978 5024 et
2049 4969 2158 5025 nisi
2232 4971 2532 5035 audirent,"
2598 4972 2683 5026 vis
2740 4971 2929 5042 utique
3007 4972 3254 5028 addenda
3313 4972 3503 5043 prohi—

1927 5061 2081 5115 beret
2168 5076 2198 5113 a
2261 5061 2611 5116 temerandis'
2671 5062 2892 5132 procaci
2992 5073 3218 5132 aspectu
3295 5065 3499 5131 sacris;

1886 5150 1981 5203 (in
2048 5165 2282 5221 quorum
2341 5151 2760 5221 usurpationem
2824 5154 3132 5225 irrumpere
3200 5154 3346 5209 haud
3404 5171 3503 5225 par

1929 5240 2077 5319 fasve
2115 5252 2260 5297 esset
2319 5234 2815 5314 noxarinexpiata:
2871 5245 2976 5299 sibi
3041 5249 3333 5311 conscios,
3365 5264 3504 5317 pra:-

1927 5335 2119 5388 sertim
2154 5333 2409 5405 exemplo
2436 5336 2747 5392 admonitos
2768 5335 3000 5392 aliorum
3050 5339 3196 5409 paris
3255 5339 3499 5394 amnium

1929 5427 2149 5498 piaculi,
2180 5443 2318 5498 quos
2346 5416 2598 5485 viderent
2626 5446 2782 5500 aequo
2805 5431 2992 5485 animo
3049 5426 3193 5487 ferre
3224 5433 3306 5488 sui
3339 5435 3407 5488 ab
3438 5437 3504 5488 iis

1926 5520 2315 5575 exclusionem.
2357 5506 2458 5576 Ubi
2484 5537 2615 5577 vcrc
2643 5531 2924 5592 peractum
2962 5524 3279 5595 mysterium
3339 5536 3421 5580 est
3451 5536 3503 5579 et

1928 5626 2083 5667 sacra
2114 5612 2267 5683 pyxis
2303 5612 2551 5668 ecclesia:
2586 5613 2761 5668 tribus
2789 5624 2878 5668 est
2931 5612 3384 5684 praaconsccratis
3417 5617 3504 5670 in-

1929 5712 2134 5758 structa
2168 5704 2421 5775 panibus,
2457 5692 2688 5775 quot‘ad
2724 5693 3233 5762 tres-hebdomadas
3281 5709 3502 5780 majoris

1930 5794 2067 5858 dics.
2108 5794 2309 5864 quibus
2334 5793 2552 5848 nonnisi
2593 5809 2655 5847 cx
2681 5793 3148 5864 pnesanctilicatis
3201 5801 3357 5850 Sacra
3385 5796 3504 5851 ﬁeri

1932 5887 2012 5943 fas
2046 5896 2149 5952 est,
2182 5895 2335 5943 erant
2367 5878 2689 5955 exireccpto
2723 5901 2820 5939 usu
2851 5885 3167 5953 necessarii,
3198 5889 3502 5957 patriarcha
