4022 6582
484 419 555 482 εδ
1689 431 2015 494 GEORGII
2059 434 2538 497 PACHYMERJ!
3654 440 3723 506 56

480 532 664 586 καὶτὰ
689 533 827 592 αὐτὰ
860 539 1229 612 διεπράττετο.
1268 541 1357 606 Ὦς
1406 542 1449 596 δ’
1505 543 1537 611 ὴ
1581 542 1814 615 τετάρτη
1869 546 2047 616 παρῆν
2075 551 2121 609 Α
2149 545 2495 617 κλασμάτων,
2526 550 2554 602 δ
2588 551 2651 623 δὴ
2684 553 2777 607 καὶ
2807 553 3047 622 γνωσθὲν
3071 553 3298 626 ὕστερον
3322 554 3419 609 οὐκ
3442 550 3588 624 εἶχον
3612 556 3641 608 ὅ
3679 572 3729 609 τι

474 630 572 681 καὶ
600 629 703 701 ήδη
739 634 1038 702 συγχωρεῖν
1072 633 1294 703 ἔμελλον
1313 633 1513 702 σφίσιν,
1547 636 1668 689 ἐπεὶ
1697 637 1795 690 οὐκ
1816 631 1885 707 ἦν
1909 654 2049 707 συμ-

476 722 674 788 φωνεῖν
713 721 954 786 ἐκείνους
982 724 1072 777 ἐπὶ
1102 727 1213 787 τοῖς
1235 725 1471 793 δόξασιν,
1506 728 1621 780 ἀλλ’
1677 729 2049 798 ἀμφεγνωμό-

472 829 599 864 νουν
626 812 719 865 ἐπὶ
751 813 907 876 πολὺ,
939 815 1013 877 ὡς
1042 818 1133 883 καὶ
1156 818 1448 887 παρελθεῖν
1502 819 1601 890 τὴν
1646 819 1743 888 τῆς
1783 835 2048 889 προηγια-

474 904 678 980 σμένης
706 905 928 976 τελετῆς
960 907 1128 978 ὤραν,
1168 910 1320 978 μόλις
1352 913 1646 982 στήσαντες
1694 911 1781 981 ἐφ’
1811 912 2046 982 ἑκάτερα

470 993 628 1065 ὄχλον
679 995 853 1060 ἄλλως
904 998 998 1051 καὶ
1045 1000 1246 1070 πλῆθος
1273 1001 1460 1055 δοκοῦν
1509 1005 1566 1056 ἐν
1602 1002 1868 1073 ζηλωταῖς
1900 991 2047 1080 apte}

473 1088 716 1153 μεῖσθαι,
751 1089 912 1159 μέσον
942 1092 1163 1145 ἐκείνων
1232 1094 1377 1165 παρὰ
1419 1094 1619 1166 θάτερα
1670 1097 1776 1149 τῶν
1830 1097 2046 1164 ὡραίων

470 1176 732 1232 πυλώνων
762 1183 1021 1253 παρεῖχον
1056 1184 1178 1248 τοὺς
1240 1187 1338 1256 τῆς
1375 1186 1700 1253 Ἑκκλησίας
1763 1189 2046 1257 διερχομέ-

469 1285 593 1332 νους
616 1275 978 1341 προσπίπτειν
1010 1277 1103 1329 καὶ
1145 1278 1472 1349 συγγνώμην
1518 1282 1688 1332 αἰτεῖν
1737 1282 1829 1332 καὶ
1874 1281 2045 1344 οὕτως

469 1359 656 1425 ἀξίους
677 1362 992 1431 νομίζεσθαι
1024 1366 1123 1438 τῆς
1159 1371 1684 1439 συνεκκλησιάσεως.
1711 1373 1865 1442 ’Ἀμα
1912 1375 2044 1443 γοῦν

468 1455 536 1507 τὰ
554 1456 663 1510 τῶν
689 1457 962 1531 ἐσπερίων
986 1460 1170 1531 ὓμνων
1194 1464 1296 1517 ὑπὸ
1322 1466 1497 1536 σκότῳ
1522 1466 1858 1530 τελέσαντες,
1883 1485 2045 1539 παρι-

467 1542 647 1608 δόντες
677 1546 777 1618 τὴν
808 1549 1167 1619 λειτουργίαν,
1202 1555 1301 1607 οὐκ
1328 1551 1442 1608 οἴδα
1485 1556 1573 1609 διὰ
1595 1557 1685 1610 τὶν
1733 1558 1923 1627 καιρὸν
1967 1559 2041 1628 μὴ

467 1637 814 1706 ἐκχωροῦντα
846 1640 879 1712 ἦ
910 1642 1110 1711 μᾶλλον
1137 1644 1225 1698 διὰ
1250 1646 1310 1699 τὸ
1342 1647 1416 1716 μὴ
1447 1648 1690 1701 δικαιοῦν
1715 1648 1778 1721 [P
1810 1647 1903 1721 28]
1964 1650 2043 1703 ἔτι

467 1729 793 1801 ἁγιασθῆναι
832 1734 953 1798 τοὺς
973 1737 1422 1808 συγχωρηθέντας
1448 1740 1523 1810 τῷ
1565 1734 1695 1812 ίερῷ
1744 1742 2038 1812 κλάσματι,

2152 634 2212 698 ἐξ
2238 637 2541 709 ὑπερτέρας
2568 642 2722 705 ἀνίας
2746 645 2840 697 καὶ
2871 646 3131 712 γένοιντο.
3159 646 3349 716 Ὅμως
3377 645 3435 700 δὲ
3483 646 3618 716 πρὸς
3664 646 3732 699 τὰ

2151 726 2371 792 ἐσαῦθις
2401 731 2729 802 ἐλπιζόμενα
2753 737 2928 789 οίστὸν
2967 738 3192 791 κάκεῖνο
3240 738 3434 803 ἐδόκει,
3488 736 3583 791 καὶ
3632 736 3729 804 φέο

2150 832 2335 886 ροντες
2357 821 2424 873 τὰ
2445 823 2555 877 τῶν
2578 828 2759 879 κακῶν
2811 830 3152 897 προσεδόκων
3213 830 3399 899 μείζω,
3455 828 3516 882 οὐ
3576 829 3732 881 τόσον

2147 912 2259 971 τοῖς
2285 912 2519 981 παροῦσι
2550 915 2640 969 διὰ
2671 917 2770 989 τὴν
2806 922 3000 990 πεῖραν
3021 921 3143 973 ὅσον
3166 922 3281 984 τοῖς
3340 918 3731 990 προσδοκωμές

2147 1014 2257 1061 νοις
2283 999 2371 1054 διὰ
2402 1003 2502 1075 τὴν
2532 1005 2722 1060 ἐλπίδα
2765 1009 3137 1081 ἐξανιώμενοι.
3197 1012 3271 1064 Τὸ
3292 1013 3404 1080 γὰρ
3431 1010 3608 1081 παρὸν
3642 1010 3736 1062 λυ-

2148 1089 2341 1157 πηρὸν,
2361 1092 2590 1150 ἐπιστὰν
2627 1098 2941 1169 ἀνθρώποις
2982 1102 3145 1172 φύσιν
3170 1102 3352 1172 ἔχουσι
3404 1103 3590 1173 φέρειν
3636 1101 3734 1154 καὶ

2144 1179 2216 1231 τὰ
2236 1181 2551 1253 ἀνύποιστα,
2593 1190 2753 1245 λυπεῖ
2782 1193 2881 1261 μὲν
2910 1193 2986 1259 ὼς
3008 1195 3153 1258 είκδς
3191 1198 3285 1250 καὶ
3311 1197 3439 1267 ἀνιᾷ
3471 1197 3561 1248 τὸν
3613 1210 3736 1246 πει-

2147 1270 2418 1338 ρασθέντα
2465 1278 2573 1331 τῶν
2609 1281 2906 1353 δυσχερῶν,
2959 1288 3023 1356 τῇ
3075 1286 3132 1340 δὲ
3187 1287 3336 1355 παρὰ
3366 1287 3475 1339 τῶν
3521 1284 3737 1338 πολλῶν

2147 1362 2470 1436 παραμυθίᾳ
2532 1368 2823 1426 ἐκλύεσθαι
2896 1375 3136 1443 πέφυκεν
3172 1391 3186 1406 ·
3252 1376 3611 1445 ἐλπιζόμενον
3674 1372 3733 1426 δὲ

2142 1446 2484 1508 δυσδιάθετον
2542 1457 2641 1528 τὴν
2698 1463 2954 1531 φροντίδα
2993 1465 3072 1534 τῷ
3122 1465 3432 1536 πεισομένῳ
3475 1462 3728 1532 παρέχει-⁸

2145 1536 2309 1594 Ταῦτ’
2360 1546 2469 1615 ἄρα
2507 1550 2777 1615 κάκείνοις
2824 1554 2887 1608 τὸ
2929 1558 3101 1628 παρὸν
3130 1558 3239 1610 τῶν
3269 1558 3453 1611 κακῶν
3506 1557 3581 1618 ὡς
3606 1558 3737 1624 ἐνῆν

2144 1631 2371 1699 φέρουσι
2430 1639 2606 1711 δεινὴν
2662 1644 2850 1699 ἐλπίδα
2897 1649 2956 1700 τὸ
3014 1650 3438 1705 ἐπελευσὸαενον
3481 1645 3604 1722 ἦγε,
3638 1650 3733 1702 καὶ

2142 1724 2319 1811 οἰστρν
2342 1727 2513 1784 ἐδόκει
2538 1734 2601 1785 τὸ
2627 1734 2852 1791 ἐπιστὰν
2880 1741 3016 1809 πρὸς
3046 1743 3145 1811 τὴν
3169 1742 3358 1794 ἐλπίδα
3382 1740 3478 1793 τοῦ
3511 1742 3736 1811 μέλλον-

468 1816 544 1880 ὠς
572 1819 604 1889 ἡ
633 1820 892 1892 ὑστεραία
929 1824 1148 1891 ἔδειξεν,
1174 1827 1259 1880 ἐπ’
1307 1830 1454 1883 οἴκου
1495 1831 1760 1884 ἀπελύετο
1795 1832 2039 1894 ἕκαστος.
2076 1891 2113 1902 _
2141 1828 2231 1902 Ἔτος
2256 1796 2529 1889 λυπηροῦ·
2560 1820 2669 1878 Ἦν
2701 1828 2894 1895 ταῦτα.
2933 1832 3027 1885 XO“
3075 1836 3106 1902 ἡ
3150 1834 3313 1898 κυρία
3369 1834 3568 1900 ἑπέπτὶ
3621 1833 3734 1884 τῶν

480 1908 569 1971 Ὡς
605 1909 661 1964 δὲ
698 1891 795 1984 τῆξ
824 1914 973 1985 Ῑερᾶέ
1000 1919 1093 1970 καὶ
1127 1920 1369 1991 μεγάλης
1414 1923 1673 1993 πέμπτης
1732 1924 1964 1977 ἐτελεῖτο
2001 1891 2042 1994 -ή
2076 1891 2115 1946 Β
2145 1900 2370 1975 ἑορτῶν»
2407 1913 2529 1964 καθ’
2557 1915 2623 1986 ἥν
2657 1918 2765 1972 ἔδει
2799 1891 2894 1975 καί
2941 1891 3246 1977 συνδεῖσθαι
3267 1927 3392 1986 τοὺς
3443 1891 3568 1986 τῆς.
3602 1924 3736 1977 Ἑκ-

470 1996 778 2071 λειτουργία
808 2006 900 2058 καὶ
924 2007 1077 2061 αὐτοὶ
1110 2012 1501 2080 συμπαρῆσαν,
1557 2015 1756 2066 ἐκεῖνοι
1805 2013 2048 2077 θέλοντες

472 2092 622 2161 σφίσι
646 2096 1116 2166 παραλογίσασθαι
1140 2101 1229 2154 τὸν
1249 2105 1541 2173 ἁγιασμὸν,
1572 2103 1886 2174 πέμψαντες
1918 2121 2049 2174 κρυ·

469 2185 635 2256 φηδὸν
658 2187 714 2254 ἐξ
737 2190 942 2258 ἀγορᾶς
968 2191 1340 2265 λαμϐάνουσιν
1363 2195 1547 2264 ἄρτον,
1599 2200 1696 2251 καὶ
1750 2198 2045 2259 κλάσαντες

468 2275 548 2341 είς
586 2276 759 2333 λεπτὰ
818 2281 983 2352 μηδὲν
1015 2284 1178 2338 εἰδόσι
1229 2286 1533 2358 μετεδίδουν
1569 2286 1644 2349 ώς
1684 2287 1831 2358 ἱεροῦ
1878 2288 2044 2357 ἄρτου

469 2539 693 2608 quidem
722 2541 791 2597 ad
821 2542 1203 2614 imperatorem
1236 2558 1383 2603 recta
1410 2549 1537 2605 inde
1563 2565 1622 2606 se
1650 2553 1903 2616 contulit.
1954 2572 2043 2613 ce-

466 2632 781 2691 lebraturus
807 2652 931 2692 cum
967 2653 1033 2694 eo
1063 2639 1131 2694 de
1183 2655 1334 2696 more
1372 2636 1591 2699 festum.
1632 2647 1699 2701 At
1729 2648 1915 2721 clerici
1959 2651 2042 2703 ni-

464 2725 768 2783 hilominus
805 2729 980 2784 sacris
1010 2731 1309 2802 synaxibus
1331 2736 1763 2792 excludebantur
1802 2753 1830 2793 a
1879 2739 2036 2795 nihili

463 2818 795 2878 ducentibus
831 2825 1147 2880 sanctiones
1175 2823 1402 2896 Iosephi
1454 2829 1781 2898 patriarcha:
1819 2834 2034 2901 nuperi.

462 2920 745 2986 utcunque
769 2925 825 2971 et
852 2916 1001 2987 ipsas
1029 2934 1313 2987 pinnarum
1337 2920 1826 2978 ecclesiasticarum
1850 2925 2036 2994 injun-

460 3005 643 3063 ctione
686 3007 947 3065 (irmatas.
997 3010 1177 3066 Illuxit
1215 3013 1452 3067 secunda
1498 3012 1849 3071 hebdomadze
1898 3018 2032 3085 dies,

464 3098 723 3168 quailem
784 3099 1150 3159 familiaribus
1197 3103 1324 3158 novi
1359 3105 1683 3174 patriarchae
1736 3109 2037 3177 permissus

458 3190 741 3262 ingressus
771 3193 826 3247 in
860 3194 1121 3265 templum
1155 3204 1259 3260 est,
1291 3196 1505 3251 clericis
1535 3212 1666 3254 vero
1706 3200 2031 3268 prohibitus.

463 3283 798 3355 Supervenit
846 3294 904 3341 et
969 3289 1148 3349 tertia,
1202 3303 1308 3357 qua
1371 3297 1427 3342 et
1474 3287 1590 3358 ipsa
1662 3291 1912 3347 similiter
1955 3302 2038 3348 est

462 3384 667 3432 actum.
711 3377 786 3433 Ut
834 3392 967 3434 vero
992 3388 1181 3447 quarta
1217 3378 1336 3434 dies
1359 3378 1558 3447 adfuit,
1589 3396 1696 3451 qua
1727 3381 2036 3439 decrevisse

460 3468 787 3524 videbantur
813 3470 1103 3525 remittere
1134 3470 1241 3537 iam
1264 3470 1485 3526 clericis
1510 3472 1785 3528 interdicti
1816 3490 2036 3543 ptenam

460 3577 564 3617 nec
593 3578 690 3617 eos
717 3562 787 3618 de
837 3573 1039 3619 caetero
1071 3563 1244 3619 sacris
1296 3579 1487 3619 arcere
1519 3581 1532 3617 :
1566 3581 1756 3621 verum
1813 3567 1879 3623 ad
1933 3569 2038 3623 hoc.

458 3652 617 3725 prius
643 3652 713 3709 ab
745 3654 881 3733 ipsis
902 3653 1198 3724 exigebant
1242 3664 1453 3711 certum
1484 3671 1767 3712 assensum
1800 3659 1867 3713 ad
1892 3674 2036 3728 quac-

463 3746 589 3802 dam
612 3745 745 3816 ipsis
775 3746 995 3816 placita,
1044 3762 1207 3817 quem
1234 3763 1359 3803 cum
1411 3750 1658 3820 plerique
1715 3751 2034 3807 clericorum

462 3851 574 3891 non
599 3836 784 3893 statim
807 3836 1151 3908 expedirent,
1182 3838 1279 3895 sed
1314 3839 1727 3897 deliberabundi
1762 3854 2039 3900 verentes-

458 3944 567 3999 que
591 3928 993 3993 consultarent,
1044 3930 1265 4000 quidam
1308 3930 1473 3986 etiam
1513 3933 1658 3989 clare
1706 3934 2033 3998 abnuerent,

458 4023 517 4079 in
548 4022 635 4078 bis
675 4022 1133 4083 altercationibus
1165 4024 1301 4078 hora
1348 4024 1589 4097 legitima
1636 4029 1775 4083 sacri
1806 4044 1871 4082 ex
1900 4045 2037 4098 pra:-

459 4116 816 4176 sanctilicatis
852 4116 947 4173 tali
975 4115 1063 4170 die
1104 4114 1366 4170 celebrari
1400 4116 1544 4171 soliti
1574 4119 1859 4189 praeteriit.
1905 4121 2039 4174 Sero

460 4211 706 4277 tandem,
766 4208 909 4264 re-in
959 4209 1378 4264 conventionem
1406 4209 1633 4265 adducta
1682 4212 2039 4281 qualemcun-

458 4315 587 4371 que,
616 4299 902 4371 dispositis
936 4313 1135 4372 maguo
1163 4312 1398 4353 numero
1426 4298 1483 4354 in
1518 4300 1799 4371 duplicem
1837 4303 2037 4358 seriem

458 4394 789 4449 altrinsecus
821 4408 854 4447 a
900 4391 1115 4448 dextris
1144 4400 1200 4448 et
1227 4392 1471 4449 sinistris
1494 4402 1665 4463 portae
1687 4394 1950 4464 speciosae
1973 4396 2040 4450 iis

458 4504 490 4544 e
517 4488 722 4560 populo
752 4487 857 4543 sibi
890 4487 1152 4552 obnoxio,
1199 4488 1293 4559 qui
1336 4488 1454 4543 zelo
1484 4487 1691 4557 majori
1731 4503 1891 4543 sensa
1948 4489 2041 4543 de-

2157 1999 2404 2069 κλησίας.
2432 2004 2790 2076 Χριστιανούς
2817 2031 2881 2082 γε
2919 2016 3098 2081 ὄντας,
3162 2017 3380 2085 ἀγάπης
3437 2017 3733 2086 φιλήματι.

2156 2094 2264 2147 Καὶ
2291 2096 2356 2168 δὴ
2374 2105 2804 2170 προσεκαλοῦντο
2834 2110 2933 2179 μὲν
2964 2112 3261 2181 ἀρχιερεῖς,
3294 2110 3735 2182 προσεκαλοῦντο

2151 2184 2207 2238 δὲ
2237 2187 2505 2259 κληρικοὶ,
2531 2196 2623 2249 καὶ
2650 2201 2749 2266 τῆς
2777 2201 2869 2254 ἐπὶ
2895 2205 2961 2273 τῇ
2992 2202 3180 2275 πρώτῃ
3226 2205 3318 2257 καὶ
3344 2204 3513 2273 κυρίᾳ
3540 2201 3731 2254 δευτέο

2152 2294 2252 2347 ρας
2300 2286 2657 2355 συναχθέντες
2704 2290 2819 2361 ἅμα
2877 2295 3174 2366 φιλήμασιν
3230 2296 3427 2365 ἁγίοις,
3471 2294 3548 2357 ὡς
3596 2293 3633 2364 ἦ
3669 2308 3731 2346 τε

2650 2504 2663 2530 \

2146 2552 2282 2606 Cum
2352 2569 2482 2609 vero
2529 2555 2649 2611 luce
2704 2566 2917 2627 postera
2993 2560 3236 2613 solemne
3290 2574 3504 2614 sacrum
3573 2557 3729 2612 feria:

2147 2644 2353 2712 quintae
2383 2643 2741 2703 hebdomada
2771 2649 2994 2718 majoris
3027 2650 3422 2713 celebraretur,
3476 2664 3729 2718 praesen-

2150 2735 2296 2789 tibus
2315 2738 2426 2806 jam
2467 2739 2706 2803 cunctis,
2737 2741 2940 2811 quippe
2963 2742 3085 2797 sine
3117 2743 3439 2799 discrimine
3462 2742 3729 2798 admissis

2145 2827 2443 2893 universis,
2471 2831 2565 2901 qui
2619 2835 2695 2886 rei
2721 2845 3008 2903 praeerant,
3035 2835 3285 2891 frustrari
3327 2836 3727 2891 communione

2141 2922 2528 2978 reconciliatos
2573 2923 2749 2994 pridie
2781 2927 2901 2980 sine
2934 2928 3174 2997 ipserum
3230 2943 3418 2991 sensu,
3470 2927 3620 2997 quod
3647 2926 3723 2980 ita

2142 3013 2525 3078 decreverant,
2571 3018 2876 3081 studentes,
2905 3035 3099 3090 panem
3128 3038 3157 3075 e
3181 3020 3301 3076 foro
3323 3021 3460 3075 clam
3492 3020 3723 3074 allatum

2140 3114 2196 3160 et
2231 3116 2441 3161 sectum
2484 3109 2536 3161 in
2592 3110 2822 3165 frustula
2882 3112 2953 3165 iis
3000 3112 3204 3180 ignaris
3261 3123 3516 3181 tanquam
3577 3111 3726 3167 sacri

2141 3201 2297 3269 panis
2321 3200 2615 3268 particulas
2653 3202 3075 3258 distribuerunt.
3135 3204 3291 3271 Quod
3322 3221 3447 3259 cum
3506 3205 3585 3258 illi
3626 3205 3728 3257 de—

2141 3290 2270 3345 inde
2308 3293 2685 3358 rescivissent,
2719 3294 2957 3348 immane
2983 3306 3250 3365 quantum
3287 3297 3551 3368 indignati
3588 3296 3730 3349 θηρ-

2138 3383 2352 3454 ratique
2391 3393 2542 3440 sunt.
2575 3384 2776 3441 Verum
2831 3386 2904 3442 ita
2958 3388 3011 3441 in
3060 3389 3274 3442 ruinam
3326 3404 3412 3442 res
3473 3389 3728 3457 ipsorum

2138 3474 2551 3539 incumbebant,
2600 3485 2661 3530 ut
2691 3478 3071 3546 reputantibus
3100 3480 3233 3548 quid
3263 3478 3644 3533 verisimiliter
3668 3478 3726 3532 in

2138 3575 2416 3635 posterum
2447 3567 2724 3632 timerent,
2757 3569 3061 3625 tolerabilia
3114 3568 3417 3624 existimari
3474 3584 3727 3637 praesen-

2140 3658 2216 3713 tia
2262 3666 2541 3729 utcunque
2612 3659 2965 3715 acerbissima
3038 3676 3139 3729 par
3189 3670 3357 3716 esset.
3442 3659 3729 3715 Ferebant

2140 3748 2303 3821 igitur
2350 3761 2409 3805 ut
2443 3758 2719 3820 poterant,
2755 3744 2834 3806 et
2881 3752 3153 3806 durabant
3191 3767 3251 3807 se
3289 3752 3354 3807 ad
3397 3752 3727 3822 patientiam

2139 3843 2481 3912 graviorum,
2516 3843 2700 3897 acrius
2730 3843 3015 3912 inquietati
3057 3843 3353 3898 formidine
3392 3844 3733 3911 impenden-

2140 3934 2276 3988 tium
2312 3934 2785 3989 incommodorum
2812 3948 2973 4003 quam
3006 3949 3172 3990 sensu
3202 3937 3317 4005 jam
3332 3938 3726 4006 appuisorum.

2139 4022 2274 4079 Nam
2320 4026 2516 4080 malum
2546 4026 2803 4095 praesenti
2836 4025 2886 4079 vi
2934 4040 3185 4094 pungens
3236 4027 3491 4083 homines
3522 4037 3733 4083 natura

2140 4118 2419 4186 expositos
2450 4117 2693 4171 incursui
2730 4116 2887 4183 longe
2918 4117 3093 4184 magis
3124 4118 3397 4172 atrocium
3449 4119 3730 4173 malorum

2142 4208 2429 4262 contristat
2454 4208 2673 4276 quidem
2725 4214 2783 4259 et
2811 4205 3015 4259 cruciat
3048 4220 3146 4275 pro
3199 4208 3524 4263 conditione
3567 4225 3726 4263 mor-

2141 4298 2371 4353 talitatis
2392 4298 2461 4351 aei
2508 4295 2816 4364 subjectum
2874 4303 3059 4362 caput,
3119 4311 3230 4350 non
3271 4307 3456 4352 tamen
3492 4299 3616 4352 sine
3650 4299 3735 4354 le-

2147 4398 2401 4443 vamento
2424 4385 2820 4441 consolationis
2863 4386 2983 4453 ejus
3015 4401 3137 4453 quae
3165 4401 3230 4440 ex
3263 4389 3548 4443 consortio
3584 4391 3734 4443 mulv

2146 4491 2327 4534 torum
2358 4481 2508 4550 paria
2545 4476 2893 4534 ttderantium
2925 4478 3108 4532 oﬂerri
3130 4480 3350 4534 miseris
3391 4483 3535 4536 solet
3560 4470 3581 4533 Ξ
3606 4500 3734 4551 quae

459 4584 727 4649 cretaque
759 4579 1004 4649 ipsorum
1040 4578 1298 4648 amplecti
1339 4579 1697 4648 putabantur,
1754 4579 2043 4648 patefactis
2076 4586 2120 4640 ι)
2150 4582 2330 4627 autem
2368 4570 2660 4625 imminere
2703 4570 2760 4623 in
2786 4578 3066 4637 posterum
3116 4570 3405 4628 calamitas
3454 4575 3732 4639 creditur,

456 4671 671 4727 foribus
693 4670 1046 4741 praebuerunt
1073 4671 1281 4726 aditum
1311 4680 1465 4726 extra
1492 4670 1782 4737 stantibus,
1817 4687 1940 4726 cum
1973 4687 2039 4725 eo

459 4772 522 4818 ut
563 4763 617 4816 in
646 4762 837 4817 limine
868 4763 1218 4833 procidentes
1247 4763 1466 4818 veniam
1494 4776 1808 4833 poscerent,
1850 4764 2041 4833 sicque

459 4856 609 4927 digni
642 4855 905 4924 deinceps
944 4853 1057 4927 48
1086 4854 1421 4918 admissione
1478 4853 1534 4909 in
1564 4871 1797 4929 synaxes
1821 4856 2039 4925 judica-

368 4982 371 4985 ‹
458 4956 675 5004 rentur.
716 4948 853 5002 Dum
885 4938 1002 5002 baic
1018 4948 1236 5009 lierent.
1274 4947 1465 5018 hymni
1504 4948 1804 5019 veSpertini
1836 4948 2039 5001 decan-

458 5040 738 5103 tabantur,
782 5038 982 5110 quibus
1003 5038 1288 5105 absolutis,
1323 5037 1610 5093 nocturnis
1631 5039 1742 5106 jam
1776 5037 2038 5100 tenebris,

455 5129 679 5187 dimissa
747 5130 980 5186 ecclesia
1053 5141 1160 5195 est,
1212 5145 1368 5185 sacra
1422 5129 1662 5201 liturgia,
1714 5143 1836 5196 quae
1887 5128 2040 5196 juxta

457 5229 740 5291 receptum
793 5221 959 5274 ritum
988 5234 1049 5274 ea
1088 5218 1179 5274 die
1216 5216 1340 5273 lieri
1396 5216 1688 5277 debuerat,
1747 5213 2040 5282 praeterita,

454 5314 604 5370 haud
636 5313 751 5369 scio
788 5327 858 5367 an
893 5312 1037 5382 quod
1062 5312 1182 5381 ejus
1217 5310 1377 5373 hora,
1409 5315 1471 5361 ut
1504 5305 1637 5371 dixi,
1670 5303 2039 5372 essetelapsa,

457 5423 528 5463 an
559 5407 765 5478 petius,
830 5404 977 5475 quod
1013 5404 1108 5475 qui
1148 5401 1311 5457 modo
1349 5399 1406 5454 in
1441 5396 1705 5466 templum
1764 5394 2042 5450 introduci

458 5509 766 5579 Ctrperant,
797 5497 1041 5553 nondum
1076 5493 1211 5549 satis
1247 5489 1468 5562 purgati
1523 5487 1762 5556 antiquis
1811 5486 2044 5555 piaculis

459 5578 803 5657 viderentur,
874 5598 935 5644 ut
990 5602 1153 5644 sacro
1217 5584 1528 5653 fragmento
1588 5578 2039 5647 impertit-eatur;

454 5700 619 5755 quam
676 5684 928 5740 ultimam
985 5677 1366 5749 suspicionem
1425 5670 1700 5726 veriorem
1743 5670 1939 5722 astruit
1985 5669 2042 5723 id

449 5778 596 5847 quod
632 5775 896 5847 postridie
928 5782 1112 5828 actum
1156 5776 1263 5823 est.
1313 5764 1488 5834 Igitur
1511 5774 1642 5816 tunc
1672 5760 1892 5829 quidem
1927 5775 2043 5812 om-

447 5884 545 5926 nes
580 5870 634 5927 in
690 5856 839 5925 hunc
870 5866 1095 5921 modum
1139 5861 1205 5917 ad
1239 5875 1340 5914 sua
1372 5855 1605 5927 quisque
1657 5859 2030 5907 recesserunt.

2150 4664 2346 4719 acriori
2372 4664 2486 4718 ﬁere
2532 4677 2663 4717 cura
2692 4669 2749 4716 et
2799 4660 3003 4714 nullius
3055 4670 3358 4732 temperato
3394 4666 3737 4722 admistione

2150 4755 2331 4810 solatii
2363 4755 2551 4809 dolore
2577 4760 2871 4808 aestuantes
2906 4740 3056 4821 angit
3083 4753 3299 4809 animos
3357 4765 3415 4810 et
3444 4770 3740 4812 aerumno-

2151 4848 2268 4902 sius
2290 4847 2518 4901 sauciat.
2551 4844 2729 4909 Quare
2747 4845 2884 4898 istos
2912 4844 2994 4896 his
3033 4857 3154 4911 quae
3194 4860 3344 4901 nunc
3378 4847 3745 4917 patiebantur

2153 4949 2431 5006 utcunque
2477 4933 2774 4987 tolerandis
2804 4945 2987 5001 pares.
3021 4931 3130 5002 49
3176 4936 3535 4992 exanimabat
3574 4948 3744 4995 atrox

2153 5027 2489 5096 exspectatio
2514 5012 2897 5094 sequentium,
2916 5032 2972 5077 et
2999 5024 3176 5079 minas
3224 5024 3428 5082 futurae
3492 5030 3747 5087 miseriae

2154 5121 2414 5175 smviores
2449 5117 2517 5171 ad
2579 5130 2644 5170 se
2680 5114 3079 5169 excruciandos
3133 5120 3569 5187 experiebantur
3647 5125 3747 5181 illo

2150 5212 2271 5278 ipso
2290 5225 2398 5278 quo
2430 5216 2545 5262 tum
2586 5206 2822 5261 maxime
2847 5207 3192 5261 vexabantur
3222 5208 3551 5268 infortunio.
3590 5214 3748 5273 Inter

2155 5304 2278 5358 haec
2306 5300 2545 5354 evolutis
2570 5295 2862 5352 sanctioris
2893 5295 3253 5353 ncbdomadse
3282 5300 3442 5358 feriis
3471 5307 3749 5376 princeps

2153 5390 2559 5447 solemnitatum
2595 5386 2876 5441 Dominica
2906 5385 3348 5444 Resurrectionis
3386 5390 3591 5458 illuxit,
3629 5412 3749 5466 qua

2153 5500 2219 5539 ex
2253 5498 2415 5537 more:
2430 5480 2716 5551 oportebat
2743 5477 3083 5533 Christianos
3103 5496 3320 5547 omnes,
3363 5486 3576 5543 nedum
3635 5490 3752 5548 Ec-

2153 5574 2332 5630 clesiae
2387 5572 2669 5627 ministros
2711 5570 2860 5639 pacis
2883 5569 3116 5625 invicem
3135 5580 3192 5626 et
3216 5573 3508 5633 charitatis
3544 5585 3750 5641 osculo

2152 5672 2396 5719 mutuam
2430 5661 2670 5732 proﬁteri
2697 5658 3130 5730 germanitatem.
3187 5664 3586 5725 Convocantur
3607 5688 3751 5747 ergo

2153 5755 2453 5822 antistites,
2511 5760 2881 5807 convocantur
2909 5761 2964 5806 et
3001 5753 3221 5823 clerici;
3277 5774 3592 5830 omnesque
3650 5782 3750 5823 se-

2153 5846 2329 5903 cunda
2362 5855 2489 5917 post
2539 5844 2777 5915 primum
2835 5844 3058 5899 Pascha:
3124 5846 3323 5903 festum
3377 5850 3470 5909 die
3526 5862 3751 5917 sanctis
