3950 6546
438 393 510 455 59
682 385 688 392 ’
1285 400 1293 409 ’
1669 411 1991 473 GEORGII

2119 416 2519 478 CIIYMERE
3629 408 3701 470 δι)

438 515 604 579 κῆςαι
652 518 707 565 τ),
762 515 914 568 Θεῖον
959 519 1069 580 τοῖς
1125 519 1358 587 ἀνιέροις
1385 521 1686 585 ἐπεξιόντα.
1744 527 1850 579 Καὶ
1882 528 1943 580 τό
1967 529 2014 594 γ’
2047 533 2091 591 Α
2120 530 2387 601 ἀξιώματι
2419 548 2432 562 ·
2473 532 2634 593 τόπος
2666 529 2722 582 δὲ
2752 530 2849 599 τῆς
2890 526 3113 582 ἐκείνων
3156 524 3426 591 συνάξεως
3460 539 3713 592 συμπαρ.

439 607 670 660 ἐλεεινὸν
700 609 791 661 καὶ
818 610 985 674 ξένον,
1027 611 1083 662 τὸ
1115 611 1200 663 ἐπ’
1233 612 1410 676 ἄλλοις
1439 612 1536 681 μὲν
1570 616 1694 679 τοὺς
1721 619 2024 688 ἐκχωροῦν-

438 715 536 759 ta;
566 700 958 775 ὲςςιέναιταῦτα
994 702 1261 768 γίνεσθαι,
1289 704 1375 758 ἐπ’
1398 706 1577 769 ἄλλοις
1618 708 1661 761 δ’
1692 713 1899 765 ἐκεῖνον
1925 712 2024 774 τὰς

439 792 741 859 ἔκδικήοεις
769 796 939 847 ποιεῖν
963 795 1369 863 ἑτοιμάζεσθαι.
1410 798 1672 861 Ἐκείνοις
1696 802 1792 871 μὲν
1825 809 1934 874 γὰρ
1954 800 2024 874 ἦν

440 883 665 951 θελητὺν
734 885 801 936 τὰ
857 884 982 953 χθὲς
1034 889 1125 938 καὶ
1180 888 1285 956 πρὸ
1337 889 1526 961 τρίτης
1574 892 1667 945 ἐπὶ
1717 894 1794 964 τῷ
1822 897 2024 968 πάππα

441 976 754 1045 πραχθέντα
814 977 953 1029 κατὰ
979 980 1207 1042 κανόνας
1234 982 1392 1045 τέως,
1445 983 1520 1047 ὡς
1561 987 1803 1039 κάκεῖνοι
1839 988 2023 1056 ἔλεγον

437 1067 735 1132 ἀξιοῦντες,
774 1068 1014 1135 μετιέναι
1039 1072 1133 1123 καὶ
1166 1072 1448 1143 καθιστᾷν,
1478 1076 1669 1147 ἐκείνῳ
1690 1078 1745 1130 δὲ
1770 1080 1833 1132 τὰ
1855 1081 2023 1139 πάλαι

438 1160 722 1228 ξυμϐάντα
774 1160 861 1212 διὰ
908 1162 975 1213 τὰ
1026 1164 1103 1223 εἰς
1129 1163 1218 1214 τὸν
1292 1163 1544 1235 Ἰωάννην
1587 1158 2022 1241 παρηνομημένα

434 1253 527 1301 τὶν
553 1252 667 1302 υίδν
696 1250 787 1303 τοῦ
808 1253 1059 1323 Λάσκαρι
1092 1254 1377 1325 βασιλέως,
1423 1260 1518 1310 καὶ
1547 1260 1648 1329 τὴν
1685 1263 1778 1315 τοῦ
1833 1282 2027 1336 πατρι-

440 1344 609 1414 άρχου
642 1345 943 1415 παρόρασιν
987 1348 1265 1416 Ἀρσενίου
1302 1349 1390 1402 διὰ
1422 1351 1521 1422 τὴν
1552 1352 1762 1407 ἐκείνου
1801 1354 2026 1426 ζηλοῦν-

435 1451 526 1497 τος
558 1437 1001 1507 παραθεώρησιν,
1040 1440 1133 1492 καὶ
1164 1442 1344 1511 τρίτον
1374 1442 1470 1512 τὴν
1505 1445 1702 1499 ἑαυτοῦ
1741 1447 2029 1521 ὑποχώρη-

437 1545 469 1580 σ
494 1547 543 1590 ν,
572 1528 657 1595 ἐτ’
694 1524 775 1592 οἷς
804 1529 913 1582 δεῖν
964 1524 1102 1584 εἶναι
1137 1533 1423 1598 κάκείνους
1472 1533 1795 1600 ξυνέπεσθαι
1845 1541 2029 1613 ἀρχιε-

442 1622 551 1691 ρεῖς
584 1638 646 1688 γε
678 1621 859 1685 ὄντας.
911 1623 1002 1674 καὶ
1046 1623 1124 1693 τῷ
1166 1626 1479 1699 πατριάρχῃ
1534 1622 1876 1700 συναίρεσθαι
1930 1636 2027 1689 σὺν

438 1712 706 1780 αὑτῴτῆς
745 1712 1004 1781 σπουδῆς,
1045 1714 1118 1784 μὴ
1175 1715 1357 1785 μέντοι
1417 1718 1629 1774 ἀθετεῖν
1675 1725 1883 1778 ἐκεῖνον
1932 1718 2026 1781 καὶ

435 1803 594 1857 ἄλλον
625 1806 822 1873 ζητεῖν,
851 1808 944 1858 καὶ
979 1807 1138 1859 αὑτὸν
1169 1808 1268 1877 μὲν
1294 1812 1539 1881 παρορᾷς)
1588 1812 1874 1881 ζηλοῦντα,
1900 1817 2029 1871 ἀντ·

2127 618 2277 682 όντος
2323 619 2417 671 καὶ
2451 619 2791 689 πατριάρχου
2851 618 2880 671 ό
2906 616 3006 685 τῆς
3036 615 3353 686 Βλαχερνῶν
3378 612 3476 682 τῆς
3498 612 3715 683 *Θεοτό-

2131 726 2226 763 κου
2254 710 2401 772 ναός.
2438 706 2546 763 Ἦν
2585 710 2640 763 δὲ
2676 710 2772 763 σὺν
2821 708 3001 770 ἄλλοις
3036 708 3253 760 κάκεῖνο
3298 703 3710 775 προστεταγμέ-

2128 816 2237 863 νον,
2292 800 2384 853 τὸν
2434 803 2573 854 κατά
2610 819 2660 853 τι
2690 804 2801 863 τοῖς
2850 799 3092 864 δόξουσιν
3145 798 3598 866 ἀντιστησόμενον
3634 795 3710 858 ὡς

2128 891 2219 943 ἐπὶ
2252 892 2574 946 καθοσιώσει
2605 892 2912 961 κρίνεσθαι.
2969 888 3352 962 Προκόιθηνται
3382 891 3559 941 τοίνυν
3592 886 3711 956 ἅμα

2131 984 2228 1053 μὲν
2257 986 2622 1056 πατριάρχης,
2652 984 2768 1054 ἅμα
2791 984 2846 1037 δὲ
2880 983 2975 1037 καὶ⁵
2999 984 3027 1035 ό
3064 981 3310 1050 Σάρδεων
3344 982 3438 1033 καὶ
3463 981 3512 1033 oi
3567 978 3708 1048 ἀμφ’

2128 1076 2332 1129 ἐκεῖνον
2353 1077 2459 1128 τῶν
2492 1076 2825 1146 σχιζομένων
2862 1072 3210 1145 παμπληθεῖς
3256 1073 3367 1126 ὅσοι
3399 1086 3413 1102 ⁸
3435 1074 3483 1125 οἱ
3525 1070 3581 1123 δὲ
3612 1070 3705 1123 τοῦ

2131 1165 2395 1237 βασιλέως
2422 1166 2648 1237 ἑτέρωθι
2687 1164 2889 1219 ἔκδικοι
2917 1164 3027 1217 τῶν
3057 1162 3308 1233 πράξεων
3338 1160 3711 1232 προσεκάθην-

2126 1275 2208 1314 το.
2261 1258 2326 1331 [Ρ
2352 1258 2443 1330 51]
2504 1259 2569 1311 Οί
2626 1258 2901 1328 μέντοιγε
2948 1258 3226 1326 ἀρχιερεῖς
3245 1254 3708 1324 μετακεκλημένοι

2128 1352 2411 1421 εἰσήγοντο
2441 1350 2845 1421 κριθησόμενοι.
2878 1350 2986 1403 Καὶ
3009 1349 3170 1403 πλέον
3219 1348 3321 1401 οὐκ
3347 1343 3413 1417 ἦν
3446 1348 3620 1399 ἐκεῖσε
3646 1346 3708 1398 τὸ

2129 1443 2458 1514 ἀκουόμενον
2485 1444 2568 1497 ὅτι
2598 1443 2695 1513 μὴ,
2735 1459 2755 1494 r
2813 1441 3061 1514 Ἀχθήτω
3095 1441 3123 1493 ό
3154 1439 3319 1503 δεῖνα,
3356 1456 3375 1490 ι
3418 1439 3511 1490 καὶ
3568 1438 3708 1490 κατά

2128 1533 2420 1604 πρόσωπον
2450 1533 2484 1602 ἡ
2507 1533 2811 1603 κατηγορία
2846 1532 2923 1595 ώς
2962 1531 3374 1602 παρηνόμησεν.
3426 1524 3605 1581 Ἦσαν
3660 1527 3706 1579 δ’

2127 1623 2222 1681 οὖν
2283 1626 2377 1680 καὶ
2431 1627 2538 1681 τῶν
2599 1624 2881 1697 μοναχῶν,
2943 1623 2993 1677 οἶ
3068 1623 3135 1695 δὴ
3180 1622 3276 1676 καὶ
3323 1622 3599 1693 παρίστων
3634 1619 3710 1683 ώς

2128 1716 2482 1787 ἐδιώχθησαν.
2511 1718 2617 1771 Καὶ
2647 1717 2808 1781 εὐθὺς
2924 1716 3021 1787 μὲν
3051 1715 3273 1786 κρίνων,
3318 1732 3337 1766 ι
3379 1713 3643 1783 Ἀρθήτω.
3684 1729 3704 1763 ι

2129 1808 2180 1861 οἱ
2211 1806 2269 1859 δὲ
2303 1808 2384 1870 τό,
2432 1825 2451 1858 ι
2492 1805 2550 1861 '0
2581 1806 2783 1877 ἀσεϐὴς
2819 1825 2838 1858 ι
2873 1806 3145 1874 ἐπέλεγον,
3185 1806 3233 1858 oi
3266 1804 3321 1859 δὲ
3344 1803 3450 1858 τῶν
3480 1802 3574 1856 τοῦ
3610 1822 3713 1855 πα-

438 1870 686 1961 εισὰγειν
744 1896 798 1949 δὲ
832 1902 895 1967 τῇ
926 1899 1089 1952 αὑτοῦ
1134 1870 1399 1973 ἐκκλησία
1586 1870 1841 1973 iclum»;
1865 1870 1886 1941 v-
1932 1910 2018 1979 ἐφ’
2058 1870 2102 1925 Β
2129 1899 2313 1952 λατίου
2347 1899 2545 1969 χειρῶν
2598 1900 2691 1951 καὶ
2718 1870 2893 1952 ποδῶν
2922 1897 3158 1969 ἡμμένοι
3188 1900 3306 1967 μετ’
3332 1895 3556 1967 ἀτιμίας
3587 1896 3712 1966 ὲξῆ-

436 1981 517 2047 οἷς
541 1990 632 2039 καὶ
660 1993 1163 2061 παρακεκνισμένος
1196 1997 1307 2056 τοῖς
1340 1997 1436 2065 μὲν
1480 1998 1602 2051 καθ’
1642 2001 1802 2055 αὐτὸν
1858 2003 2018 2074 ὲχόλα

437 2083 532 2132 καὶ
557 2082 823 2145 παλαιοῖς,
856 2086 966 2136 ὅσοι
995 2084 1059 2154 δὴ
1102 2088 1195 2139 καί⁸
1229 2089 1494 2158 περιῆσαν
1522 2091 1708 2158 εἰσέτι,
1770 2095 1920 2165 ὅμως
1972 2097 2018 2151 δ’

436 2170 703 2229 ὲπειλύων
746 2172 842 2244 τὴν
871 2176 1097 2244 γνώμην
1140 2179 1333 2243 κοινῶς
1364 2181 1582 2253 ἐπεξῄει
1619 2186 1772 2241 πᾶσι.
1830 2188 2021 2243 Τοίνυν

436 2262 531 2312 καὶ
560 2263 887 2333 πρόσταγμα
914 2265 1014 2334 μὲν
1046 2267 1316 2323 ἐκτίθεται
1371 2273 1657 2341 βασιλέως,
1706 2278 1869 2333 αὑτὸν
1923 2280 2022 2351 μὲν

438 2355 518 2417 είς
546 2356 755 2423 πατέρα
787 2358 1001 2422 τάττον,
1036 2360 1111 2421 ώς
1139 2360 1372 2430 εἴρηται,
1411 2364 1477 2416 τὰ
1507 2365 1563 2417 δέ
1593 2367 1645 2433 γ’
1685 2369 1878 2441 ἐκείνῳ
1941 2372 2027 2425 δό-

440 2444 602 2511 ξαντα
631 2447 885 2518 βεσαιοῦν
913 2466 928 2481 ο
964 2453 1590 2523 ἀντιπροσωποῦντεςδὲ
1628 2462 1705 2531 τῷ
1734 2463 2023 2533 κρατοῦντι

434 2540 483 2593 οί
525 2540 667 2607 ἀμφὶ
719 2542 810 2593 τὸν
876 2542 1354 2613 Στρατηγόπουλον
1412 2548 1723 2618 πέμπονται
1780 2555 2023 2625 Μιχαὴλ,

432 2625 491 2691 ὃς
530 2629 760 2715 ’ἐσαῦθις
811 2631 908 2685 καὶ
962 2633 1042 2703 τῷ
1081 2634 1175 2688 τοῦ
1227 2641 1712 2713 πρωτοστρὰτορος
1765 2647 2025 2717 τετίμητο

434 2793 612 2861 eulpae
651 2794 698 2850 si
756 2811 862 2865 qua
903 2805 1044 2862 erat,
1088 2808 1196 2852 tam
1236 2799 1427 2869 iniquo
1471 2801 1790 2859 discrimine
1834 2808 2027 2877 partiri

434 2899 615 2942 sortes
650 2889 815 2943 unius
864 2907 987 2946 cum
1023 2891 1156 2962 ipsis
1200 2894 1401 2963 alioqui
1466 2896 1660 2950 classis
1717 2898 2023 2964 Inminum.

436 2990 491 3033 ut
527 2980 667 3033 alios
694 2981 918 3049 quidem
954 2999 1018 3036 ex
1054 2983 1123 3037 iis
1148 2999 1324 3052 preme
1358 3000 1546 3039 secum
1596 2986 1869 3044 inmunes
1906 3006 2029 3045 esse

334 3072 347 3083 ’
433 3070 657 3133 vellent,
693 3071 745 3124 in
771 3073 907 3128 alios
933 3089 1131 3128 smum
1161 3075 1308 3129 hunc
1334 3078 1641 3148 iratumque
1670 3080 2030 3137 immitterent

431 3157 725 3215 vindicem.
757 3160 890 3217 Nam
910 3164 1033 3220 istis
1054 3166 1276 3235 quidem
1294 3167 1564 3237 placebat,
1585 3185 1647 3225 ea
1678 3186 1797 3241 qua:
1818 3174 1935 3228 heri
1964 3188 2028 3229 ac

439 3252 643 3308 nudius
706 3258 904 3311 tertius
962 3257 1029 3312 de
1082 3258 1227 3327 Papa
1287 3260 1584 3317 constituta
1646 3262 1884 3331 fuerant,
1934 3268 2014 3322 uti

434 3351 623 3397 contra
656 3360 923 3406 eanones.
974 3351 1440 3422 quemadmodum
1495 3352 1601 3423 ipsi
1631 3354 2014 3424 loquebantur,

435 3446 723 3501 altentata,
752 3448 1050 3495 retractare
1079 3457 1143 3496 ac
1169 3442 1469 3499 reformare
1503 3445 1559 3498 in
1598 3455 1801 3501 statum
1832 3449 2019 3518 pristi-

434 3545 566 3584 num
617 3550 629 3585 :
667 3533 755 3586 hic
779 3543 959 3587 autem
990 3536 1219 3592 ardente
1256 3537 1612 3593 incumbebat
1642 3539 1825 3595 studio
1857 3541 1923 3595 ad
1952 3558 2019 3597 ea

445 3621 957 3677 itmnisericorditer
988 3627 1288 3693 punienda,
1312 3644 1434 3697 qum
1488 3629 1619 3684 olim
1652 3631 1868 3698 publice
1893 3647 2019 3702 pec-

434 3723 553 3765 cata
587 3711 1046 3779 criminabantur,
1081 3718 1317 3787 primum
1342 3718 1563 3788 quidem
1601 3722 1655 3776 in
1693 3733 2017 3778 exauctora.

434 3814 584 3859 Lone
611 3804 838 3860 Joannis
881 3807 977 3861 ﬁlii
1008 3808 1260 3866 Lascaris
1286 3812 1539 3882 Augusti,
1587 3816 1787 3872 deinde
1834 3818 1888 3873 in
1927 3818 2020 3874 de-

434 3897 713 3952 turbando
783 3915 814 3955 e
876 3901 1006 3955 sede
1058 3903 1409 3972 patriarchali
1462 3908 1719 3976 Arsenio,
1783 3911 1930 3981 quod
1973 3912 2019 3967 is

432 4000 673 4043 amotum
706 4007 734 4044 a
765 3993 1116 4048 successione
1140 3995 1356 4066 imperii
1410 3998 1711 4070 legitimum
1744 4004 2017 4076 haeredetn

433 4080 620 4149 inique
650 4080 839 4148 ferret,
878 4092 1163 4152 postremo
1208 4087 1262 4140 in
1318 4102 1418 4143 suo
1475 4090 1652 4160 ipsius
1711 4094 1778 4148 ad
1848 4095 2016 4150 vitam

435 4174 797 4228 monasticam
836 4192 866 4230 e
894 4178 1191 4246 pontificali
1232 4181 1400 4250 gradu
1436 4182 1728 4247 descensu.
1754 4187 1820 4241 ad
1854 4203 2017 4258 quem

433 4281 494 4319 se
522 4275 772 4321 coactum
809 4268 997 4333 fuisse,
1027 4269 1287 4340 quoniam
1320 4272 1406 4329 illa
1444 4291 1551 4331 non
1578 4279 1853 4347 probaret,
1882 4296 2017 4351 que-

433 4359 675 4415 rebatur.
722 4361 885 4430 Atqui
920 4364 1209 4433 utriusque
1245 4369 1508 4437 temporis
1537 4386 1881 4441 quaecunque
1925 4374 2021 4429 de-

434 4465 581 4504 mum
609 4462 726 4506 erat
758 4452 966 4507 invidia
1001 4456 1207 4525 pariter
1242 4459 1621 4517 moderatores
1671 4478 1819 4519 nunc
1866 4466 2017 4520 arbi-

2123 2007 2220 2059 γον
2249 1991 2502 2061 σύροντες
2547 1991 2638 2044 τὸν
2667 1992 3014 2061 κατάκριτον,
3036 1991 3142 2043 τῶν
3174 1990 3230 2044 δὲ
3255 1990 3503 2060 μοναχῶν
3532 1992 3581 2043 oi
3612 1992 3713 2059 μὲν

2123 2083 2328 2137 ἐδίδουν
2390 2083 2791 2154 μεγαλοφώνως
2866 2083 2944 2153 τῷ
2995 2081 3336 2150 ἁναθέματι,
3417 2082 3466 2134 οἱ
3512 2080 3570 2135 δὲ
3620 2082 3714 2133 καὶ

2079 2185 2097 2201 ⁸
2125 2177 2564 2246 προσαπτόμενοι
2605 2176 2946 2247 ἰταμώτερον
2974 2175 3241 2247 διέσχιζόν
3262 2192 3319 2227 τε
3350 2173 3589 2246 μανδὺας
3620 2174 3715 2227 αὖ·

2123 2266 2230 2320 τῶν
2258 2268 2352 2322 καὶ
2375 2268 2675 2323 διετίθεσαν
2706 2270 2776 2321 τὰ
2824 2267 2972 2320 δεινὰ
3001 2266 3077 2330 ώς
3124 2265 3356 2332 ἀναξίως
3398 2266 3557 2335 δῆθεν
3616 2285 3717 2334 φο-

2131 2358 2387 2428 ρούντων.
2425 2360 2642 2413 Τούτων
2704 2359 2847 2413 οὕτω
2886 2359 3225 2429 τελουμένων
3268 2362 3367 2429 τῆς
3417 2359 3714 2429 ἑϐδομάδος

2126 2452 2365 2521 ἐκείνης,
2398 2451 2494 2505 καὶ
2524 2452 2751 2522 μηδενὸς
2789 2452 3045 2519 ἐκφυγεῖν
3068 2451 3365 2520 δυναμένου
3414 2450 3512 2513 τὰς
3535 2450 3709 2520 ἄρκυς

2126 2544 2226 2613 τῆς
2259 2544 2551 2614 τιμωρίας,
2574 2545 2602 2597 ό
2634 2544 2731 2613 μὲν
2762 2544 3104 2614 πατριάρχης
3137 2542 3480 2609 δυσαρεστῶν
3512 2538 3597 2612 ἦν.
3632 2542 3709 2602 ὡς

2127 2637 2321 2701 ἐδόκει,
2345 2640 2439 2691 καὶ
2468 2639 2530 2691 τὸ
2576 2636 2826 2691 πλεῖστον
2855 2636 3242 2709 πραττομένων
3281 2636 3707 2705 διαπεφωνήκει,

2128 2793 2483 2866 quantumvis
2570 2792 2681 2847 acri
2755 2792 2940 2848 studio
3008 2800 3347 2862 satagentem
3410 2791 3708 2847 emendare

2130 2903 2307 2956 nuper
2370 2895 2493 2941 acta
2550 2893 3023 2955 contempserunt,
3088 2898 3152 2937 ac
3186 2899 3287 2953 pro
3338 2898 3401 2938 eo
3450 2884 3708 2940 Ecclesia:

2130 2978 2414 3033 Chalazam
2445 2979 2845 3049 imposuerunt,
2868 2976 3143 3032 irritatum
3174 2975 3451 3030 hominem
3470 2985 3527 3029 et
3551 2976 3707 3046 longa

2132 3087 2407 3128 succenso
2468 3088 2621 3139 mora
2650 3070 2777 3128 odio
2818 3069 3135 3139 ﬂagrantem
3185 3068 3252 3123 ad
3302 3068 3707 3136 persequendas

2133 3179 2270 3233 pene
2300 3164 2598 3219 oblitterati
2628 3164 2877 3234 querelas
2901 3161 3181 3233 temporis,
3211 3170 3262 3215 et
3303 3161 3347 3229 si
3382 3160 3473 3229 qui
3507 3175 3702 3243 super—

2128 3265 2283 3311 erant
2312 3257 2423 3327 jam
2484 3270 2645 3311 senes
2678 3255 2938 3311 conscita:
2984 3254 3114 3309 olim
3151 3251 3259 3327 52
3290 3252 3343 3306 in
3394 3247 3702 3324 juventute,

2120 3368 2279 3423 quam
2306 3352 2421 3420 ipse
2446 3352 2694 3416 vocabat,
2727 3351 2921 3421 culpm,
2954 3350 3010 3405 in
3044 3350 3297 3429 eamdem,
3341 3350 3546 3431 pariter
3577 3365 3703 3404 cum

2116 3448 2408 3517 juvenibus
2444 3447 2792 3511 etreccntitts
2826 3444 2991 3519 lapsis
3022 3458 3193 3513 pense
3219 3442 3709 3521 εοιιιιιιιιιιιίεάδῇιιε-

2124 3553 2232 3607 quc
2262 3537 2485 3602 atrocis,
2520 3547 2722 3602 sortem
2754 3534 3102 3590 durissimum
3128 3537 3500 3619 compingere,
3531 3536 3706 3590 nuda-

2123 3638 2173 3685 ta
2210 3628 2393 3690 modo.
2433 3644 2556 3683 cum
2583 3628 2821 3699 primum
2851 3643 2949 3697 per
2981 3636 3196 3705 tempus
3228 3628 3406 3688 licuit,
3446 3626 3705 3681 immanis

2076 3783 2080 3786 ,
2121 3722 2386 3793 propOsiti
2420 3722 2715 3776 sententia.
2767 3722 2877 3776 Sed
2929 3730 2989 3777 ut
3022 3720 3265 3799 querelis
3315 3721 3535 3775 omissis
3586 3736 3704 3774 rem

2120 3830 2463 3886 exponamus
2490 3814 2686 3884 ipsam.
2710 3814 3058 3884 proponitur,
3091 3813 3373 3866 utdictum
3407 3825 3508 3869 est.
3523 3812 3701 3882 palam

2121 3907 2362 3965 edictum
2420 3904 2787 3977 imperatoris,
2838 3904 3132 3981 Chalazam
3185 3903 3344 3958 titulo
3398 3904 3704 3987 spiritualis

2119 3999 2349 4070 Augusti
2372 3998 2542 4069 patris
2578 3998 2905 4071 honestans,
2955 4013 3018 4073 ac
3048 3996 3310 4079 quidquid
3347 3995 3463 4065 ipse
3504 3995 3703 4051 decre-

2120 4093 2310 4157 visset,
2348 4101 2526 4155 ratum
2561 4106 2684 4146 esse
2715 4091 2935 4159 jubens.
2972 4089 3262 4160 Delegatur
3293 4098 3555 4158 praeterea
3600 4088 3701 4159 qui

2121 4198 2411 4255 personam
2446 4182 2797 4259 imperatoris
2817 4189 3243 4263 repraesentaret
3272 4179 3507 4234 Michael
3544 4179 3702 4234 Stra-

2122 4273 2422 4345 tegopolas,
2452 4274 2546 4347 qui
2576 4282 2764 4349 postea
2827 4270 3238 4343 protostratoris
3282 4271 3545 4343 dignitate
3602 4287 3702 4326 or-

2121 4376 2282 4425 natus
2327 4377 2438 4424 est.
2487 4367 2667 4441 Locus
2721 4376 2901 4423 autem
2959 4365 3279 4445 conventui,
3341 4365 3427 4421 cui
3470 4377 3521 4418 ct
3584 4365 3701 4435 ipse

2120 4454 2412 4523 adfuturus
2444 4458 2756 4531 patriarcha
2790 4466 2957 4521 esset,
2994 4455 3236 4526 Πείρεω
3275 4454 3536 4535 templum
3562 4456 3674 4510 assi

431 4550 657 4613 trosque
692 4561 872 4599 rerum
928 4561 994 4601 ac
1045 4549 1272 4618 quosvis
1331 4548 1469 4607 alios
1523 4555 1804 4625 gravabat.
1857 4556 2013 4612 Unde
2045 4549 2313 4621 Dgttatur
2344 4550 2398 4604 in
2447 4548 2772 4621 Blachernis
2811 4548 3001 4602 situm.
3059 4545 3189 4627 Erat
3244 4552 3425 4627 autem
3482 4556 3537 4598 et
3592 4544 3701 4625 hoc

431 4635 527 4699 isti
567 4638 858 4693 maniteste
889 4649 1078 4695 contra
1109 4658 1207 4699 sua
1240 4642 1482 4713 ipsorum
1519 4646 1574 4700 in
1606 4647 1711 4702 hoc
1752 4650 2003 4719 exempla

402 4738 488 4787 get
534 4731 848 4799 praejmlicia
880 4733 1131 4800 ruebant,
1168 4743 1277 4790 tam
1320 4751 1565 4793 severam
1613 4740 1793 4809 parari
1850 4742 2011 4796 ultio-

432 4838 557 4876 nem
591 4824 975 4893 permittentes
1050 4835 1105 4880 et
1153 4829 1403 4885 volentes
1456 4831 1818 4902 participibus
1862 4834 2009 4902 paris

430 4930 618 4969 secum
642 4916 913 4981 criminis,
944 4934 1003 4972 se
1034 4928 1218 4975 autem
1288 4921 1435 4991 ipsos
1468 4938 1684 4993 aequum
1743 4925 2009 4981 ducentes

431 5019 585 5062 extra
616 5024 836 5065 omnem
882 5010 1378 5069 animadversionis
1436 5014 1609 5070 aleam
1666 5032 1895 5073 securos
1952 5029 2009 5075 et

430 5101 781 5158 dominantes
806 5102 1019 5159 ﬂorere.
1055 5104 1136 5159 An
1156 5121 1266 5161 non
1293 5107 1441 5162 enim
1475 5108 1597 5174 hos,
1624 5109 1692 5175 si,
1741 5119 1803 5164 ut
1832 5111 2007 5168 videri

432 5193 709 5257 volebant,
743 5195 863 5249 zelo
901 5199 1265 5252 movebantur
1314 5200 1584 5256 duntaxat
1635 5202 1706 5257 ob
1744 5202 2004 5259 violatum

429 5285 705 5351 agnitione
751 5284 1019 5353 primatus
1053 5304 1206 5358 papae
1224 5290 1317 5358 jus
1345 5291 1654 5362 Byzantina:
1677 5293 1849 5355 sedis.
1873 5296 2007 5348 satis

431 5378 611 5431 fut-rat
635 5374 695 5431 in
721 5380 823 5433 hoc
853 5380 1033 5449 ipsum
1066 5394 1393 5452 experrecto
1422 5388 1702 5456 cooperari
1735 5396 1791 5442 et
1841 5389 2007 5444 obse-

431 5470 674 5525 cundare
701 5472 1023 5541 patriarcha:
1050 5473 1271 5531 Graecos
1306 5476 1493 5546 utique
1521 5494 1585 5533 ac
1620 5479 2009 5536 Constantino-

434 5560 676 5628 politano
713 5563 1104 5631 patriarchatui
1151 5566 1429 5635 subjectos
1476 5568 1798 5623 antistites?
1865 5569 2007 5635 Quid

434 5651 599 5720 igitur
644 5656 912 5710 attinebat
969 5657 1125 5727 quasi
1167 5656 1215 5711 ei
1272 5656 1476 5713 diuisos
1508 5659 1675 5713 alium
1736 5675 2003 5729 quazrerc,

435 5752 688 5818 velutque
722 5748 870 5804 illum
896 5748 953 5803 in
985 5748 1233 5804 ordinem
1268 5751 1513 5822 redigere
1543 5750 1715 5806 altero
1739 5751 2007 5806 sutl'ecto?

428 5838 569 5894 Nihil
615 5839 816 5910 quippe
849 5838 1028 5894 minus
1069 5856 1229 5910 agerc
1252 5852 1379 5896 sunt
1432 5841 1549 5905 visi,
1590 5842 1716 5896 dum
1748 5842 2003 5913 Cyprium

2111 4649 2311 4713 praeter
2336 4650 2535 4697 caetera
2566 4648 2855 4717 statutum,
2893 4644 2953 4707 ut
2992 4635 3241 4707 quisquis
3296 4634 3697 4704 adversaretur

2110 4734 2477 4805 qualicunque
2530 4732 2689 4789 istius
2722 4730 2918 4805 synodi
2961 4731 3206 4793 decreto,
3259 4744 3389 4784 reus
3415 4728 3557 4783 laesae
3588 4745 3701 4815 ma-

2107 4826 2325 4897 jestatis
2351 4835 2625 4899 ageretur.
2664 4823 3037 4905 Prtesidebant
3060 4836 3223 4901 porro
3275 4821 3438 4877 simul
3469 4821 3694 4892 quidem

2111 4921 2452 4993 patriarcha,
2482 4917 2646 4987 simul
2681 4925 2861 4995 autem
2892 4914 3205 4979 Sardensis,
3230 4929 3338 4969 una
3366 4929 3489 4969 cum
3521 4914 3695 4984 pluri-

2111 5014 2215 5068 mis
2246 5028 2434 5067 eorum
2476 5010 2571 5081 qui
2592 5008 2882 5065 occasione
2931 5005 3304 5061 damnationis
3352 5015 3406 5061 et
3439 5020 3696 5060 secessus

2110 5104 2328 5160 Arsenii
2377 5118 2498 5161 sese
2527 5103 2730 5175 dudum
2770 5118 2801 5156 a
2824 5098 3217 5158 communione
3240 5106 3562 5154 caaterorum
3599 5098 3695 5151 ab-

2110 5197 2411 5252 sciderant.
2471 5195 2806 5250 Assidebant
2864 5208 2930 5246 ex
2989 5191 3221 5246 adverso
3263 5189 3400 5261 regii
3454 5188 3702 5271 ministri

2111 5288 2263 5343 missi
2286 5288 2351 5341 ad
2385 5289 2789 5357 exsequendam
2820 5283 3235 5339 inexorabiliter
3282 5296 3691 5353 quamcumque

2109 5380 2352 5450 synodus
2394 5358 2715 5434 decerneret
2746 5390 2962 5431 reorum
2999 5374 3071 5433 ob
3091 5382 3211 5429 acta
3250 5389 3428 5444 nuper
3451 5386 3505 5427 et
3533 5374 3688 5438 olim,

2112 5481 2243 5527 tunc
2285 5472 2669 5543 vituperabilia
2701 5469 2839 5535 visa,
2884 5467 3319 5547 peragendorum
3367 5467 3687 5553 vindictam.

2110 5562 2264 5633 Tunc
2294 5564 2388 5633 qui
2413 5562 2820 5617 accusabantur
2867 5559 3144 5614 antistites
3217 5556 3496 5629 sigillatim
3554 5573 3689 5613 cau-

2109 5646 2225 5712 sam
2282 5656 2506 5721 dicturi,
2564 5655 2714 5709 citati
2764 5652 3091 5727 nominatim
3169 5650 3687 5707 introducebantur.

2107 5748 2365 5819 Nihilque
2398 5747 2472 5801 ibi
2499 5746 2826 5823 audiebatur
2866 5743 3013 5800 aliud
3037 5744 3164 5809 nisi,
3195 5744 3435 5798 Ducatur
3467 5743 3555 5797 hic
3592 5752 3690 5797 aut

2110 5842 2221 5895 illc.
2257 5840 2372 5893 Mox
2399 5839 2594 5909 cuique
2629 5838 2681 5893 in
2734 5838 2929 5894 faciem
2963 5838 3081 5913 dica
3129 5835 3532 5907 impingebatur
3570 5835 3688 5889 vio-
