4022 6594
156 394 209 462 Μ
1060 402 1154 462 DE
1208 402 1654 463 ANDRONICO
1696 402 2165 472 PALEOLOGO
2206 411 2354 472 LIB.
2404 412 2455 475 Ῐ.

3347 408 3495 477 62.

158 511 287 577 ὅμως
316 505 360 558 δ’
391 506 586 559 εἵπετο
614 509 702 562 καὶ
754 510 867 570 τοῖς
918 509 1101 573 δόξασι
1133 513 1468 568 κατετίθετο.
1524 512 1724 584 Κρύφα
1757 516 1942 581 Arei;
2004 521 2324 589 ὑπηρέταις.
2384 523 2724 594 ὑπέστρεφον
2791 522 2848 576 δὲ
2904 520 3051 576 κενοὶ
3107 520 3242 591 πρὸς
3293 519 3424 586 τοὺς

161 601 209 653 δὲ
238 599 582 668 καὶπονηρὸν
605 600 881 671 συνέδριον
913 601 1011 672 τὴν
1044 603 1269 656 ἐκείνων
1302 606 1518 658 σύνοδον
1543 608 1728 660 καλεῖν

161 691 247 742 οὐκ
298 689 570 745 ἁπὼκνει.
630 693 816 757 Τέλος,
859 694 981 746 ἐπεὶ
1025 694 1120 746 καὶ
1171 696 1298 759 τοὺς
1345 696 1420 766 μὴ
1470 698 1730 761 ἑκουσίως

162 781 497 844 ἀπαντῶντας
532 784 851 852 πέμποντες
875 785 968 838 καὶ
1004 785 1236 850 ἄκοντας
1285 789 1391 841 ὑπὸ
1435 790 1733 856 βασιλικοῖς

165 875 443 941 ὑπηρέταις
465 874 690 944 ἔφερον,
726 877 946 946 ζητοῦσι
980 883 1072 932 καὶ
1110 881 1200 933 τὸν
1242 882 1481 947 Κυζίκου
1531 884 1736 937 Θεόδω-

169 982 265 1035 ρον.
308 963 364 1017 ’0
393 964 450 1017 δὲ
496 970 565 1035 τῇ
600 966 693 1018 τοῦ
735 969 1052 1040 Προδρὸμου
1100 975 1233 1043 μονῇ
1285 973 1361 1036 ὡς
1410 970 1521 1044 εἶχε
1563 993 1739 1047 παρα-

167 1058 397 1125 δυόμενος
432 1061 698 1128 ἑπειρᾶτο
725 1062 1043 1130 διαφεύγειν
1073 1064 1171 1134 τὴν
1193 1065 1285 1117 τοῦ
1327 1067 1520 1135 καιροῦ
1550 1067 1740 1120 δυσκο-

168 1149 268 1202 λίαν
298 1166 311 1180 ·
344 1149 403 1202 οὐ
431 1150 549 1221 γὰρ
580 1152 650 1204 τὰ
683 1152 780 1221 τῆς
806 1155 1176 1225 καθαιρέσεως
1211 1157 1441 1220 ἐκείνοις
1488 1162 1642 1211 τόσον
1672 1157 1739 1229 ἦν

171 1242 359 1310 ἐπαχθῆ
420 1244 553 1295 ὅσον
617 1246 686 1298 τά
725 1246 823 1315 τῆς
860 1248 1084 1319 ἀτιμίας
1110 1250 1179 1321 ἦν
1231 1252 1362 1322 παρ’
1398 1252 1741 1323 ὼνδηποτοῦν

175 1335 462 1399 ὑφίσταντο.
501 1336 615 1387 Καὶ
649 1335 712 1404 δὴ
745 1337 1025 1408 πέμπουσι
1051 1341 1179 1403 τοὺς
1207 1341 1537 1407 ἀπάξοντας.
1608 1340 1668 1396 Ὀ
1696 1344 1742 1397 δ’

172 1428 417 1479 ἀντέτεινε
441 1429 542 1480 καὶ
570 1429 836 1496 ἀντέσπα,
864 1433 957 1483 καὶ
979 1431 1054 1491 ὡς
1076 1431 1247 1498 λεπὰς
1275 1434 1480 1506 πέτρας
1506 1436 1602 1506 τῆς
1651 1455 1759 1507 μς-δ

172 1517 254 1587 νῆς
275 1518 469 1588 εἴχετο.
489 1520 658 1575 Ἀλλὰ
692 1522 785 1574 καὶ
812 1522 1002 1587 ἄλλους
1030 1526 1455 1580 ἐπισυνάπτουσι
1482 1531 1594 1592 τοῖς
1612 1545 1746 1600 προ-

172 1612 327 1676 τέροις
350 1614 444 1665 καὶ
469 1612 635 1676 αὖθις
668 1615 883 1680 ἄλλους,
915 1616 1012 1669 καὶ
1047 1619 1463 1686 κατηνάγκαζον
1495 1620 1593 1690 τῆς
1649 1638 1748 1691 μο-

173 1706 254 1774 νῆς
281 1705 601 1767 ἀποστάντα
632 1708 709 1779 τῷ
747 1712 888 1762 κατά
936 1713 1075 1777 σφᾶς
1127 1713 1414 1784 ἐπιστῆναι
1466 1713 1743 1784 συνεδρίῳ.

182 1796 258 1859 Ὦς
278 1796 321 1849 δ’
345 1800 442 1850 οὐκ
471 1795 542 1868 ἦν
568 1801 704 1864 ὅλως
730 1801 1013 1856 πείθεσθαι
1044 1806 1139 1859 καὶ
1181 1805 1302 1875 βίαν
1330 1808 1526 1859 ἐκεῖνοι
1582 1824 1748 1877 προτ-

176 1889 307 1956 ἀγειν
334 1889 652 1959 ἠϐούλοντο,
690 1895 852 1957 αὐτὸς
895 1898 1323 1967 προκαταλαϐὼν
1348 1899 1654 1967 εἰσέρχεται
1682 1897 1751 1950 τὰ

182 1984 326 2036 ἄδυτα
378 1983 474 2037 τοῦ
531 1985 687 2052 ναοῦ,
753 1988 846 2040 καὶ
887 1987 961 2051 ὡς
1018 1990 1137 2059 ἱερᾷ
1171 1990 1368 2060 ἀσυλίᾳ
1417 1992 1480 2058 τῇ
1513 1992 1747 2060 μυστικῇ

178 2075 410 2149 τραπέζῃ
440 2077 749 2147 χρώμενος,
782 2080 992 2133 ἐκεῖθεν
1022 2082 1385 2152 ἀντιπέμπειν
1431 2083 1557 2145 τοὺς
1619 2083 1751 2134 ἀπε-

183 2168 391 2238 ροῦντας
421 2170 499 2240 μὴ
528 2170 767 2235 ἐξελθεῖν
800 2174 938 2241 μήτε
976 2174 1082 2244 μὴν
1105 2174 1418 2241 ἀφικέσθαι,
1457 2174 1560 2226 κᾶν
1612 2176 1639 2225 ὃ
1697 2190 1751 2225 τι

186 2273 267 2309 και
304 2261 615 2327 πράττοιεν.
678 2262 765 2323 Ὠς
795 2262 924 2331 γοῦν
968 2263 1328 2335 ἀνεσεσόϐητο
1378 2265 1475 2336 μὲν
1530 2265 1562 2336 ἡ
1612 2264 1753 2336 θήρα

190 2420 396 2473 latarum
443 2420 652 2491 legum.
727 2419 978 2492 Plerique
1053 2424 1430 2478 accusantium
1494 2426 1753 2480 monachi

191 2521 346 2573 erant.
382 2508 655 2568 summam
685 2514 936 2570 criminis
990 2516 1046 2570 in
1078 2532 1143 2571 eo
1171 2516 1292 2586 ipso
1349 2516 1755 2571 constituentes

193 2606 339 2673 quod,
381 2616 441 2660 ut
470 2609 870 2677 querebantur,
902 2609 1339 2678 persecutionem
1381 2610 1452 2665 ab
1486 2610 1569 2663 his
1606 2610 1755 2678 inju-

197 2711 317 2755 stam
348 2703 488 2775 passi
534 2712 746 2758 essent.
794 2702 988 2757 Subito
1023 2704 1212 2775 judex,
1266 2713 1418 2759 torve
1464 2721 1618 2758 reum
1675 2703 1757 2757 iu-

200 2804 359 2857 tuens,
385 2795 656 2858 Tollatur,
688 2795 868 2850 aiebat
899 2812 914 2848 :
941 2794 1147 2866 Nempe
1172 2795 1375 2866 impius
1404 2806 1461 2850 ct
1498 2796 1640 2850 malo
1672 2795 1758 2849 tli-

200 2904 335 2955 gnus,
362 2891 744 2944 acelamabant
787 2905 1120 2945 assessores.
1169 2887 1316 2956 Quas
1346 2888 1412 2944 ad
1454 2904 1616 2945 voces
1651 2890 1756 2943 im-

201 2985 432 3051 peratorii
460 2986 802 3053 quiaderant
832 2984 1095 3040 satellites
1113 2985 1535 3040 condemnatum
1561 2985 1759 3040 vinctis

203 3076 429 3131 manibus
461 3086 521 3132 et
565 3078 798 3147 pedibus
843 3078 1212 3149 ignominiose
1266 3079 1556 3134 trahebant
1591 3078 1757 3144 foras,

202 3171 458 3226 monachis
490 3170 720 3226 interim
753 3172 1170 3227 accusatoribus
1200 3172 1304 3243 53
1330 3173 1522 3243 partim
1567 3189 1757 3244 magna

203 3276 317 3317 voce
348 3264 480 3320 diris
505 3264 909 3319 devoventibus
936 3264 1248 3329 damnatos,
1307 3265 1507 3335 partim
1565 3281 1760 3320 manus

204 3368 353 3409 saevas
388 3371 500 3409 non
534 3356 937 3411 abstinentibus
959 3371 986 3408 a
1013 3356 1297 3427 pulsandis
1339 3356 1556 3411 miseris
1590 3366 1644 3410 et
1677 3373 1764 3410 sa-

207 3446 300 3500 cris
330 3463 519 3502 eorum
573 3448 815 3519 penulis,
880 3464 1018 3517 quas
1078 3449 1303 3520 indigne
1366 3448 1569 3518 gestari
1607 3449 1767 3503 abiis

207 3539 610 3606 exprobrabant,
653 3541 1051 3595 contumeliose
1087 3541 1481 3610 discernendis.
1521 3539 1658 3595 Dum
1706 3556 1768 3594 ea

209 3644 288 3698 per
318 3629 451 3685 illam
486 3633 886 3687 hebdomadam
918 3632 991 3686 ita
1038 3643 1378 3704 gererentur,
1414 3634 1636 3689 nemine
1681 3649 1771 3688 re-

212 3720 274 3789 tia
304 3726 535 3795 undique
583 3734 740 3780 tensa
790 3725 1136 3781 crudelitatis
1194 3725 1449 3784 vindicwe
1510 3728 1774 3783 inhiantis

211 3815 421 3888 effugere
449 3819 686 3883 valente,
722 3819 866 3874 haud
910 3820 1167 3875 obscuris
1200 3820 1421 3877 indiciis
1463 3822 1778 3891 depreheno

212 3908 411 3964 debatur
437 3911 625 3982 iniquo
660 3908 789 3967 'haee
830 3912 1014 3967 animo
1034 3914 1399 3983 patriarcham
1424 3914 1589 3970 ferre.
1619 3920 1687 3969 At
1708 3914 1777 3979 is,

215 4011 463 4072 utcunque
488 4002 1051 4073 ringebaturmterore
1069 4018 1130 4057 ac
1159 4000 1777 4072 indignationeintimis,

211 4106 413 4149 cernens
447 4111 569 4165 qua:
596 4097 810 4157 tierent,
842 4097 1177 4166 sequebatur
1227 4106 1411 4154 tamen
1440 4104 1775 4165 praeeuntes.

214 4188 489 4243 mentiens
516 4187 822 4258 inspeciem
848 4188 1086 4258 ipsorum
1106 4187 1342 4258 placitis,
1360 4196 1618 4242 caeterum
1642 4187 1780 4242 clam

216 4278 461 4337 damnans
499 4293 556 4337 et
599 4281 881 4336 detestans
932 4280 1193 4335 immania
1245 4284 1489 4347 decreta,
1543 4283 1680 4335 adeo
1725 4289 1784 4336 ut

217 4370 444 4437 privatim
499 4374 643 4444 apud
672 4374 810 4428 ﬁdas
862 4389 1026 4429 aures
1071 4389 1182 4428 non
1233 4374 1512 4430 dubitaret
1567 4375 1782 4430 illorum

218 4464 452 4533 synodum
498 4465 1128 4533 vocat-econciliabulum
1155 4466 1504 4523 sceleratum.
1541 4466 1786 4538 Denique

1833 612 2280 679 ἀποστείλαντας,
2308 617 2409 684 τῆς
2439 616 2740 686 ἡμέραςὲν
2791 615 3001 677 τούτοις
3051 613 3422 684 τελεσθείσης,

1832 704 2288 776 ὲπαλαστήσαντα
2318 707 2410 760 τὸν
2456 707 2530 772 ὡς
2582 708 2774 779 κριτὴν
2826 706 3190 779 καθεζόμενον
3250 706 3426 760 είπεῖν

1834 796 1908 858 ὡς
1945 798 1975 864 ἡ
2008 797 2142 863 πρὸς
2175 798 2264 851 τὸν
2291 799 2533 864 Κυζίκου
2584 800 2817 871 ἀσχολία
2862 800 3124 862 πλείστας
3171 800 3427 863 ὲπίτοῖς

1833 887 2043 950 λοιποῖς
2071 890 2297 960 πράξεις
2326 891 2557 961 1ἤργησε,
2597 894 2692 945 καὶ
2745 892 2910 964 μηδὲν
2939 890 3245 962 προσθέντα
3299 891 3431 944 ἀνα-

1838 979 2048 1049 στῆναι,
2075 982 2276 1035 κανόνα
2302 981 2527 1051 θέμενον
2561 983 2652 1036 καὶ
2677 984 2768 1036 ἐπὶ
2796 986 2908 1045 τοῖς
2937 982 3142 1045 λοιποῖς
3197 980 3275 1052 τῷ
3327 997 3431 1034 πα-

1837 1072 2208 1142 τριαρχοῦντι,
2241 1067 2283 1139 ᾧ
2317 1071 2379 1143 δὴ
2413 1074 2641 1143 στοιχῶν
2669 1073 2734 1127 ἂν
2790 1076 2992 1137 ἐκεῖνος
3040 1073 3106 1127 τά
3144 1074 3302 1142 ὃμοια
3336 1071 3429 1125 καὶ

1837 1165 1964 1226 τοὺς
2033 1162 2230 1228 ἄλλους
2275 1164 2531 1218 διάθοιτο.
2572 1160 2767 1219 Ὀὕτω
2823 1165 2920 1235 μὲν
2997 1160 3090 1219 οὖν
3156 1165 3247 1218 ἐπὶ
3314 1165 3429 1227 τοῖς

1841 1258 2133 1328 προτέροις
2165 1260 2258 1309 καὶ
2288 1256 2397 1311 τῶν
2426 1257 2627 1310 λοιπῶν
2691 1258 2904 1328 ἐρήμην
2967 1254 3427 1326 κατακριθέντων,

1840 1351 2000 1403 τοῦτο
2025 1351 2189 1403 πλέον
2223 1350 2459 1421 σχόντων
2482 1351 2541 1403 τὺ
2586 1350 2661 1420 μὴ
2711 1349 2828 1421 μετ’
2877 1348 3099 1418 ἀτιμίας
3155 1347 3434 1417 καθαιρεῖ-

1845 1444 1987 1500 σθαι.
2019 1444 2154 1514 πρὸς
2193 1443 2252 1496 ἒν
2287 1441 2442 1496 τοῦτο
2477 1440 2777 1513 συμπαθῶν
2825 1440 3102 1509 φανέντων
3156 1437 3264 1490 τῶν
3303 1437 3437 1491 καθ-

1844 1536 2169 1608 αιρούντων,
2225 1536 2340 1605 (ιη’)
2379 1534 2543 1604 μηνὸς
2602 1533 2885 1595 ἐνστάντος
2920 1530 2984 1603 [Ρ
3015 1529 3109 1603 52]
3155 1528 3436 1587 Πυαντιῶ-

1844 1646 1957 1694 νος,
1987 1628 2109 1682 καθ’
2130 1627 2188 1681 ὃν
2219 1628 2299 1690 είς
2330 1626 2480 1690 τέλος
2507 1627 2649 1679 ἅπαν
2680 1623 2892 1696 δένδρον
2912 1624 3006 1677 καὶ
3038 1625 3163 1677 πᾶν,
3207 1623 3272 1676 ὲκ
3330 1621 3435 1690 γῆς

1846 1718 2134 1774 ἀνατέλλον
2197 1717 2556 1787 πεφύλλωτο,
2596 1717 2784 1787 ψιάδες
2853 1717 3083 1786 αἵματος
3144 1714 3437 1785 οὐρανόθεν

1850 1813 2130 1883 ἐφέροντο,
2162 1811 2281 1864 ὅσαι
2313 1810 2410 1880 μὲν
2440 1810 2520 1873 εἰς
2563 1808 2667 1879 γῆν
2717 1807 2967 1873 ἔπιπτον,
3022 1808 3135 1870 τοῖς
3189 1805 3442 1875 χώμασιν

1853 1905 2241 1972 ὲπειλυόμεναι
2278 1902 2545 1972 μηδεμίαν
2591 1899 2928 1970 παρέχουσαί
2979 1915 3121 1951 τισιν
3163 1898 3436 1965 αἴσθησιν,

1853 1998 1976 2049 ὅσαι
2001 1995 2055 2048 δὲ
2090 1994 2308 2065 φύλλοις
2342 1994 2373 2062 ἦ
2408 1994 2640 2062 πέτραις
2701 1990 2989 2062 ἢίματίοις
3038 1988 3436 2059 κατερῤἀδατο,

1855 2088 2263 2157 ὲπιμιαίνουσαι
2286 2086 2353 2138 τὰ
2374 2086 2658 2155 δεχόμενα,
2690 2082 2932 2152 ἀκριϐῶς
2960 2079 3302 2150 παριστῶσαι
3340 2077 3440 2147 τὴν

1855 2186 2038 2251 φύσιν.
2076 2182 2234 2250 Ἐμοὶ
2271 2178 2369 2249 μὲν
2403 2177 2495 2231 οὖν
2522 2176 2906 2246 ἀναμφιϐόλως
2943 2173 3173 2244 φάσκειν
3201 2171 3286 2226 διὰ
3311 2169 3444 2224 ταῦ-

1853 2296 1921 2331 τα
1960 2275 2234 2347 συμϐῆναι
2267 2275 2517 2339 κάκεῖνα,
2562 2271 2622 2324 ού
2669 2272 2849 2334 πίστις
2909 2268 3115 2322 ἔνεστιν
3171 2263 3441 2337 ἀκριϐής⁹

1857 2437 1947 2491 ille
1981 2434 2270 2489 obluctans
2305 2430 2617 2491 resistebat,
2670 2437 2727 2482 ιιι
2761 2428 2914 2497 lepas
2973 2434 3164 2496 petrae,
3208 2423 3289 2478 sic
3327 2436 3449 2477 mo-

1857 2527 2098 2585 nasterio
2163 2526 2464 2584 inhaerens.
2502 2524 2752 2579 Lictores
2791 2519 3060 2575 trahendo
3093 2518 3330 2585 impares
3357 2529 3448 2570 so-

1859 2626 1961 2681 ciis
1993 2623 2257 2680 adhibitis
2299 2620 2406 2674 vim
2440 2614 2895 2687 ingeminabant;
2931 2625 3095 2680 quam
3128 2608 3329 2685 saepius
3351 2621 3450 2660 au-

1859 2724 2056 2771 xerunt
2081 2713 2201 2769 aliis
2221 2723 2382 2780 atque
2403 2707 2524 2762 aliis
2547 2704 2757 2760 accitis.
2783 2701 3027 2768 Quorum
3048 2698 3195 2753 inter
3215 2712 3273 2751 se
3292 2711 3446 2751 sum-

1862 2825 1949 2862 ma
1989 2821 2090 2875 ope
2138 2802 2458 2857 conantium
2491 2806 2545 2852 ct
2585 2798 2651 2850 ad
2685 2794 2921 2848 invisum
2952 2787 3191 2844 tribunal
3222 2793 3449 2856 raptan-

1863 2901 1998 2955 tium
2030 2898 2259 2951 infestas
2276 2908 2469 2947 manus
2491 2891 2711 2959 elapsus
2738 2887 2828 2941 ille
2873 2884 3057 2954 templi
3076 2884 3235 2954 adyta
3258 2879 3448 2947 subiit,

1862 3006 1918 3049 et
1952 2989 2284 3053 inviolabili,
2323 2995 2380 3041 ut
2416 2983 2663 3056 putabat,
2699 2995 2867 3034 sacra:
2901 2991 3104 3035 mensa:
3135 2974 3280 3046 asylo
3303 2971 3451 3044 poti-

1864 3097 1953 3141 tus
2021 3083 2147 3137 indc
2196 3096 2293 3150 per
2338 3074 2744 3132 ceclcsiasticos
2798 3069 2906 3143 54.
2965 3067 3262 3129 ministros,
3313 3078 3454 3134 quo-

1870 3195 1989 3233 rum
2023 3191 2088 3232 ea
2120 3168 2442 3244 penetrandi
2476 3169 2566 3238 jus
2598 3175 2702 3231 est,
2736 3161 3102 3218 denuntiabat
3127 3157 3456 3214 satellitibus

1873 3266 2297 3334 seneutiquam,
2349 3256 2616 3330 quidquid
2669 3262 2857 3309 contra
2918 3249 3263 3311 molirentur,
3327 3244 3498 3308 inde,

1869 3364 2271 3418 abscessurum.
2307 3355 2488 3421 Quare
2516 3350 2616 3416 illi,
2659 3348 2748 3403 die
2768 3347 2822 3400 in
2845 3346 2931 3400 his
2958 3344 3160 3400 frustra
3194 3353 3458 3397 consum-

1870 3465 1988 3526 pto,
2017 3449 2191 3507 coacti
2226 3451 2327 3503 sub
2354 3457 2651 3512 vesperam
2681 3439 2864 3495 redire
2918 3453 2977 3492 re
3016 3434 3242 3499 infecta,
3278 3446 3339 3487 ut
3368 3444 3460 3501 sy-

1871 3546 2018 3600 nodo
2046 3540 2438 3598 renuntiarunt
2480 3534 2631 3606 quod
2695 3537 2982 3596 evenerat,
3024 3526 3309 3598 perculsus
3363 3520 3460 3592 qui

1876 3649 1934 3693 ut
1953 3638 2120 3707 iudex
2147 3633 2389 3692 sedebat,
2407 3630 2631 3697 Nempe,
2654 3625 2752 3689 ait,
2770 3621 2948 3677 inanis
2963 3621 3104 3676 circa
3128 3616 3460 3690 Cyzicenqu

1877 3732 2023 3799 longi
2065 3727 2327 3796 temporis
2356 3739 2525 3793 opera
2548 3721 2721 3775 otium
2760 3717 3034 3772 inutiliter
3090 3710 3460 3780 consumpsit,

1878 3823 2066 3881 multis
2097 3831 2421 3878 creterorum
2464 3812 2814 3872 absolvendis
2857 3810 3042 3866 causis
3084 3807 3462 3862 sulfecturum.

1882 3918 1943 3974 Et
1964 3917 2051 3971 his
2078 3914 2240 3970 dictis
2259 3909 2519 3973 surrexit,
2554 3905 2871 3978 praescripta
2895 3901 3219 3974 patriarchae
3234 3897 3466 3973 formula

1881 4023 2042 4080 quam
2076 4016 2264 4060 tenere
2304 4002 2532 4056 deberet
2562 4000 2617 4054 in
2653 3997 2773 4053 aliis
2800 3995 2915 4066 pari
2944 3993 3196 4062 exemplo
3225 3989 3464 4061 punien-

1882 4101 2099 4171 dis.plta
2149 4106 2277 4168 post
2302 4109 2420 4158 eos,
2464 4092 2559 4161 qui
2587 4087 2769 4144 vexati
2801 4083 3052 4156 maleque
3083 4083 3294 4137 multati
3324 4095 3467 4152 prae-

1884 4202 2067 4252 sentes
2109 4192 2347 4255 fuerant,
2384 4187 2582 4256 reliqui
2628 4194 2687 4239 ut
2722 4191 3076 4237 contumaces
3116 4178 3174 4232 in
3216 4172 3466 4231 absentia

1885 4287 2240 4347 damnantur,
2291 4282 2396 4334 hoc
2430 4293 2540 4333 uno
2565 4275 2804 4345 benigne
2852 4286 3014 4344 agere
3074 4268 3131 4323 in
3187 4269 3284 4321 hos
3334 4264 3469 4317 visis

1888 4379 2018 4433 feris
2050 4376 2157 4431 illis
2180 4373 2423 4438 arbitris,
2445 4370 2590 4441 quod
2620 4367 2950 4424 acerbitates
2979 4356 3469 4418 cuntumeliosissi-

1891 4486 2104 4526 marum
2130 4465 2627 4523 incomitiationum
2660 4462 2715 4514 in
2757 4467 3055 4529 praesentes
3097 4452 3465 4514 exercitarum

218 4569 322 4611 cum
345 4575 435 4615 eos
461 4559 555 4628 qui
582 4574 645 4614 se
680 4559 824 4615 ultro
863 4573 972 4613 non
993 4602 999 4607 .
1022 4557 1302 4625 sisterent,
1332 4559 1547 4613 trahere
1581 4557 1786 4613 frustra
1817 4574 1866 4636 ι)
1894 4565 2176 4627 remisere,
2201 4560 2323 4615 loco
2350 4571 2572 4612 movere
2611 4569 2720 4609 non
2749 4556 3130 4621 comparenles
3147 4546 3281 4600 citra
3314 4544 3469 4614 ignee

222 4662 562 4721 repugnantes
592 4666 693 4721 per
736 4651 1019 4707 ministros
1037 4651 1415 4721 imperatorios
1447 4652 1768 4723 cmpissent,

222 4738 417 4798 incessit
441 4760 534 4798 eos
550 4744 750 4813 cupido
782 4742 1055 4798 Theodori
1083 4760 1304 4816 quoque
1320 4744 1570 4815 Cyziceni
1586 4759 1769 4803 coram

222 4844 270 4883 se
303 4830 352 4885 in
382 4849 595 4889 reorum
630 4834 907 4891 subselliis
937 4835 1180 4892 videndi.
1233 4835 1413 4902 Quare
1440 4836 1771 4891 satellitibus

224 4930 272 4974 ut
298 4938 410 4978 eum
437 4927 775 4982 adducerent
802 4914 1153 4984 mandarunt.
1180 4927 1350 4983 Porro
1378 4927 1467 4982 ille
1486 4944 1596 4983 non
1624 4943 1773 4984 com-

226 5027 389 5081 parere
420 5031 624 5089 certus,
645 5038 808 5092 quam
836 5033 1099 5092 potuerat
1132 5023 1406 5078 tutissime
1446 5038 1506 5078 se
1539 5025 1775 5080 abscon-

226 5107 363 5166 derat
409 5114 462 5167 in
515 5114 807 5170 Prodronti
874 5116 1233 5179 monasterio,
1302 5102 1599 5185 procellam
1665 5118 1770 5174 sub

226 5206 348 5257 tecto
374 5207 495 5261 dum
532 5209 824 5263 detonaret
852 5210 1169 5278 opperiens.
1202 5209 1378 5264 Causa
1418 5209 1547 5264 huic
1568 5216 1624 5262 et
1647 5209 1771 5264 aliis

226 5291 505 5354 declinandi
536 5300 835 5356 vadimonii
866 5318 979 5357 non
1013 5312 1122 5357 tam
1178 5310 1296 5357 erat
1325 5302 1519 5372 judicii
1552 5301 1772 5373 pericu-

227 5384 317 5441 lum
350 5406 443 5465 aut
498 5395 879 5450 damnationis
931 5404 1031 5449 aut
1077 5395 1146 5451 de
1208 5395 1382 5465 gradu
1446 5394 1774 5464 dejectionis

227 5475 510 5552 ignominia,
540 5503 702 5557 quam
729 5500 912 5544 metus
946 5489 1408 5544 contumeliarum
1456 5487 1774 5545 intolerabi-

228 5567 359 5639 lium,
394 5578 592 5648 quibus
621 5595 683 5636 se
722 5596 906 5637 coram
942 5582 1058 5637 illic
1095 5598 1126 5636 a
1155 5581 1438 5637 vilissimis
1469 5585 1774 5636 homuncu-

327 5668 762 5729 dehonestandos
815 5674 972 5745 prius
996 5678 1360 5747 experturum
1420 5676 1769 5731 acerbitatem

232 5756 352 5816 illam
390 5768 642 5838 exemplo
677 5767 1014 5825 didicerant.
1072 5769 1242 5841 Igitur
1273 5770 1428 5824 missi
1477 5774 1507 5824 a
1560 5769 1773 5842 synodo

231 5856 577 5932 corripuerunt
613 5874 891 5935 repertum
924 5863 980 5920 in
1014 5865 1238 5920 latebris
1279 5863 1655 5922 Theodorum.
1704 5863 1773 5920 At

1879 4661 2170 4713 miniosam
2212 4653 2461 4724 ipsorum
2516 4645 2850 4704 adstantium
2881 4639 3279 4699 traductionem
3330 4652 3472 4691 con-.

1880 4748 2174 4820 tenti.(l8)
2210 4747 2439 4800 Ineunte
2478 4742 2619 4796 Maio
2656 4752 2866 4802 mense,
2925 4750 3035 4804 quo
3080 4734 3243 4788 arbor
3288 4727 3475 4784 omnis

1877 4856 1933 4903 et
1954 4841 2218 4917 quidquid
2242 4848 2435 4895 eterra
2468 4834 2644 4890 oritur
2683 4829 2958 4891 l‘ructicat,
2990 4834 3159 4898 gutta:
3187 4821 3471 4891 sanguinis

1878 4954 1911 4995 e
1935 4913 2078 4994 cinlo
2103 4933 2473 4990 destillarunt.
2507 4926 2712 4981 Harum
2742 4929 3014 4992 quotquot
3058 4918 3109 4971 in
3141 4923 3342 4971 terram
3375 4913 3471 4971 in!

1879 5030 2164 5089 ciderunt;
2184 5033 2278 5079 aut
2325 5030 2563 5078 exsuctze
2612 5016 2798 5071 bibula
2840 5009 3133 5083 superﬁcie
3181 5016 3277 5061 aut
3304 5015 3475 5061 natu-2

1881 5122 1981 5176 rali
2018 5135 2120 5174 nec
2148 5118 2309 5188 plane
2340 5112 2575 5170 absimili
2610 5109 2712 5165 soli
2744 5104 3103 5164 subrubentis
3136 5102 3319 5158 colore
3335 5115 3471 5157 eone

1880 5212 2015 5268 fusae
2049 5212 2132 5267 sui
2164 5221 2388 5265 sensum
2421 5203 2487 5256 ad
2520 5201 2712 5257 oculos
2745 5215 2855 5252 non
2888 5193 3192 5267 pertulere,
3235 5192 3332 5247 sed
3382 5192 3469 5249 in-

1882 5306 2192 5360 observatze
2225 5302 2557 5350 vanuerunt.
2603 5291 2735 5359 Quae
2761 5304 2892 5343 vero
2920 5285 3066 5340 loliis
3093 5268 3475 5346 frendentium

1881 5396 2212 5467 plantarum,
2252 5404 2373 5459 qua:
2397 5383 2565 5457 petris
2597 5395 2828 5454 quaeque
2868 5378 3005 5433 velis
3063 5391 3127 5431 ac
3160 5383 3311 5429 textu
3376 5388 3469 5434 res

1881 5489 2043 5544 stium
2076 5489 2486 5550 suntexceptze,
2521 5476 2601 5531 uti
2630 5472 2901 5529 discolore
2931 5468 3144 5525 macula
3178 5467 3474 5540 pingente:

1882 5578 2182 5646 subjectatn
2215 5571 2526 5632 materiam,
2575 5568 2720 5623 clare
2764 5567 2849 5621 sui
2902 5571 3157 5619 naturam
3219 5556 3474 5615 animad-

1886 5671 2203 5729 vertendam
2255 5667 2561 5737 praabuere.
2614 5660 2673 5715 ld
2727 5666 3005 5715 ostentum
3055 5663 3233 5710 utrum
3266 5668 3297 5706 a
3355 5649 3472 5705 Deo

1881 5767 1953 5822 sit
1985 5763 2294 5818 immissum
2326 5757 2392 5812 ad
2425 5757 2546 5826 ejus
2578 5751 2992 5825 signiﬁcandam
3041 5749 3109 5805 de
3138 5746 3306 5802 rebus
3347 5759 3472 5815 qua)

1884 5870 2016 5916 tunc
2044 5856 2373 5931 gerebantur
2412 5849 2764 5918 sententiam,
2797 5846 2941 5903 haud
2999 5842 3255 5918 equidem
3330 5838 3468 5898 deii-
