4022 6576
512 409 580 474 63
1711 419 2030 480 GEORGII
2079 423 2378 486 PACll‘r’M
2397 429 2558 488 Ellgll
3697 423 3770 485 Μ

515 529 813 600 ἱστοροῦντι
891 533 962 608 δὲ,
1014 531 1190 600 λέγειν
1263 534 1356 586 καὶ
1415 533 1607 597 ταῦτα,
1685 536 1788 589 κᾶν
1864 537 2086 590 ἐκείνων
2117 547 2158 598 Α
2192 543 2422 609 σαμε-λος
2446 546 2502 596 ἐν
2535 548 2642 601 τοῖς
2667 545 2942 614 διπτύχοις
2977 547 3086 607 τοίς
3111 545 3478 614 πατριάρχας
3517 561 3770 612 συμμνη-

515 621 616 673 κᾶ)
688 622 860 676 ἄλλων
931 625 1204 691 γένοιντο,
1275 626 1373 688 οὐκ
1419 627 1662 696 ἀπᾷδον,
1718 623 1915 695 οἶμαι,
2000 629 2084 681 δο-

488 715 618 766 ’κεί.
653 714 877 776 ’Ἄλλους
901 716 1079 784 μέντοι
1103 733 1162 784 γε
1200 719 1396 772 ἐκεῖνοι
1442 721 1562 777 ταῖς
1609 719 1902 790 ἐκκλήσίας
1940 721 2086 773 ἀντι-

517 805 884 872 σηκὼσαντες,
919 809 1058 861 κατὰ
1088 808 1286 878 τρόπον
1309 810 1376 862 τὰ
1409 810 1508 880 τῆς
1550 810 1873 880 Ἐκκλησίας
1903 811 1978 874 ὡς
2013 809 2086 864 εἷ-

514 911 608 964 χον
641 896 893 960 διίθυνον,
925 898 1311 966 τυραννοῦντες
1341 893 1452 952 οἷον
1479 904 1556 965 εἰς
1587 901 1653 954 τὰ
1691 902 1859 955 πολλὰ
1883 901 2085 954 τούτων

515 991 608 1042 καὶ
663 989 758 1059 τὴν
815 991 1098 1060 βασιλικὴν
1155 993 1491 1064 ἡμερότητα,
1531 994 1650 1057 ἐνὸς
1703 995 1795 1047 καὶ
1832 995 2086 1062 μόνοντὰ

513 1081 692 1133 πάντα
748 1083 1236 1152 καταπροῖεμένου,
1287 1085 1620 1155 τῆς.κοινῆς
1672 1086 1922 1155 ὁμονοίας
1992 1087 2086 1140 καὶ

516 1173 919 1238 καταστάσεως,
953 1174 1027 1239 ὡς
1051 1177 1366 1246 ὑπέσχοντο.

517 1332 604 1388 ιϐ’.
635 1335 775 1404 Περὶ
819 1337 931 1406 τῆς
969 1339 1324 1406 Αὐγούστης
1356 1340 1658 1407 Θεοεώρας
1694 1322 1792 1396 κάκ
1838 1341 1944 1397 τοῦ
1978 1357 2088 1396 πα-

902 1408 1186 1478 τριάρχου
1220 1411 1697 1480 Ἀλεξανδρείας.

630 1539 896 1612 ’Λπῄτουν
939 1541 1023 1613 [Ρ.
1057 1542 1148 1614 55]
1203 1542 1300 1612 μὲν
1343 1541 1438 1596 οὖν
1483 1545 1578 1596 καὶ
1629 1545 1727 1614 τὴν
1765 1543 2088 1613 Αὐγοῦσταν

516 1633 799 1702 Θεοδώραν
825 1633 1068 1688 λίϐελλον
1100 1635 1197 1706 μὲν
1233 1635 1490 1699 πίστεως,
1513 1637 1786 1708 ἀποϐολὴν
1813 1637 1857 1690 δ’
1888 1636 2090 1705 ἔγγρα-

519 1743 617 1794 φον
644 1725 748 1779 τῶν
779 1725 906 1794 χθὲς
947 1727 1267 1795 γεγονότων,
1315 1727 1614 1796 ἀσφάλειαν
1651 1728 1706 1782 δὲ
1757 1725 1849 1782 xiii.
1880 1729 1973 1782 τοῦ
2014 1728 2088 1798 μή

519 1835 648 1872 ποτε
683 1819 914 1890 ζητῆσαι
945 1821 1073 1891 περὶ
1108 1821 1336 1894 τάνδρὸς
1359 1823 1530 1891 αὐτῆς
1565 1822 1652 1891 ἐφ’
1689 1815 1841 1892 ᾧπερ
1871 1825 1928 1876 ἐν
1960 1821 2092 1892 ψαλ-

523 1909 748 1980 μῳδίαις
796 1913 1128 1982 ταφήσεταιο
1160 1915 1253 1966 καὶ
1304 1914 1366 1967 τὸ
1396 1916 1488 1967 ἐπὶ
1540 1914 1752 1980 τούτοις
1803 1911 1984 1982 ἆθλον,
2017 1917 2092 1980 ὡς

517 2002 610 2054 ἐπὶ
637 2003 734 2072 τῆς
756 2003 1073 2072 ἐκκλησίας,
1107 2007 1259 2073 φασὶ,
1292 2005 1584 2076 βασιλικῶς
1612 2009 1708 2059 σὺν
1730 2007 1807 2078 τῷ
1838 2007 1937 2079 υἱῷ
1961 2025 2096 2078 μνη-

522 2095 819 2162 μονεύοιτο.
867 2097 1132 2168 Ἀπῄτουν
1159 2099 1214 2152 δέ
1243 2100 1338 2152 καὶ
1367 2099 1457 2153 τὸν
1500 2099 1903 2172 Ἀλεξανδρείας
1939 2101 2099 2154 Ἀθα-

519 2187 706 2240 νάσιον
761 2189 1220 2261 ὁμογνωμοσύνην
1256 2192 1355 2262 μὲν
1402 2191 1493 2244 ἐπὶ
1522 2193 1634 2254 τοῖς
1668 2193 2094 2264 καθαιρεθεῖσιν,

519 2276 793 2349 ἀποϐολὴν
836 2279 892 2332 δὲ
925 2280 1021 2333 καὶ
1073 2280 1238 2333 αὐτὸν
1279 2281 1388 2334 τῶν
1423 2281 1800 2352 πραχθέντων,
1833 2281 1958 2335 ἐπεὶ
2000 2283 2097 2337 καὶ

520 2369 722 2433 αἰτίαις
761 2373 882 2434 ταῖς
925 2373 1354 2444 προῤῥηοείσαις
1401 2373 1617 2442 φθάσας
1663 2375 2098 2446 συγκεκοινὼνη-

521 2479 636 2527 κεν,
665 2463 742 2528 ὡς
769 2463 834 2518 ἂν
857 2467 952 2519 καὶ
983 2467 1145 2531 αὐτὸς
1179 2467 1524 2538 δηλονότιιτὰ
1561 2471 1724 2540 ὅμοια
1759 2471 2096 2540 κατασφαλι-

521 2621 639 2676 nire
661 2632 810 2677 certo
836 2621 1176 2679 affirmareve
1193 2625 1396 2681 ausim.
1431 2625 1585 2692 Quod
1619 2636 1817 2694 autem,
1850 2628 2098 2684 historici

521 2715 755 2805 odit-ium
781 2717 1098 2788 exigit,non
1131 2718 1514 2786 dissimulabo,
1550 2722 1730 2776 visum
1767 2722 2097 2791 quibusdam

431 2827 452 2846 κ
525 2808 629 2862 hoc
656 2809 936 2878 pertinere
973 2819 1087 2864 tum
1112 2810 1179 2864 ad
1210 2824 1273 2864 ea
1302 2826 1422 2881 quae
1457 2811 1620 2866 modo
1652 2811 1962 2877 retulimus,
1994 2811 2099 2882 55

523 2911 634 2954 tum
658 2901 726 2956 ad
755 2902 883 2966 alia,
927 2917 1048 2972 qute
1092 2902 1213 2972 pari
1246 2903 1596 2959 immanitate
1651 2913 1785 2960 tunc
1833 2920 1862 2959 a
1914 2921 2099 2960 rerum

524 2994 836 3062 petentibus
865 2995 1088 3064 impune
1106 2993 1561 3082 designabantur,
1587 3005 1708 3050 acta
1734 2997 2098 3066 reprobanda,

521 3084 679 3150 quasi
721 3086 929 3142 scilicet
969 3085 1060 3142 ille
1097 3101 1262 3142 cruor
1292 3087 1412 3142 vice
1437 3087 1706 3143 naturalis
1755 3089 1954 3158 pluviae
2007 3090 2103 3144 de-

2189 633 2486 701 μονεύοιτο.
2507 637 2596 706 Τῷ
2624 637 2730 702 γὰρ
2765 637 3094 706 Ἀντιοχείας
3117 635 3379 705 Θεοδοσίῳ
3408 635 3482 706 τῷ
3503 637 3774 706 Πρίγκιπι

2185 724 2406 794 λεληθὸς
2437 728 2534 795 μὲν
2573 728 2689 791 δέος
2715 727 2980 796 ἐμπίπτει
3011 728 3084 797 μὴ
3115 729 3208 781 καί
3231 747 3282 780 τι
3312 728 3550 798 δράσωσι
3579 729 3776 782 τοῦτον

2186 816 2298 867 τῶν
2341 819 2672 888 ἀϐουλήτων,
2707 820 2954 889 φανερῗ;ς
3005 818 3048 870 δ’
3096 819 3438 888 ὑπερηφάνει
3471 820 3566 872 καὶ
3608 821 3784 887 ὑπερ-

2188 907 2336 978 εώρα
2380 909 2488 961 τῶν
2546 911 2950 981 πραττομένων.
2998 912 3216 980 Ἀμέλει
3264 929 3345 964 τοι
3393 913 3486 965 καὶ
3527 912 3777 981 πέμψας,

2187 998 2282 1050 τοῦ
2329 997 2589 1066 βασιλέως
2647 1000 2722 1072 μὴ
2770 1003 2994 1066 εἰδότος,
3045 1004 3342 1072 παρῃτεῖτο
3382 1003 3521 1055 κατὰ
3569 1003 3782 1069 Συρίαν

2190 1090 2281 1141 καὶ
2311 1089 2453 1160 ἄλλῳ
2505 1091 2816 1162 παρεχώρει
2861 1092 2955 1144 τοῦ
2998 1093 3187 1161 θρόνου
3213 1109 3226 1122 ·
3259 1093 3338 1143 ἔτι
3389 1092 3497 1162 γὰρ
3540 1092 3782 1156 ἐσώζετο

2191 1182 2290 1251 μὲν
2323 1182 2600 1252 Τρίπολις,
2625 1185 2858 1250 ἐσώζετο
2888 1185 2942 1238 δὲ
2975 1187 3006 1252 ἡ
3033 1186 3175 1238 κατὰ
3212 1179 3412 1253 Συξίαν
3446 1183 3778 1255 Πτολεμαῒς,

2189 1273 2390 1342 περιῆν
2419 1273 2474 1326 δὲ
2506 1276 2748 1345 Βηρυτὺς
2787 1278 2880 1329 καὶ
2915 1275 3084 1329 Σιδὼν
3110 1278 3201 1329 καὶ
3234 1277 3405 1344 Τύρος
3431 1279 3516 1328 καὶ
3544 1277 3613 1328 τὰ
3637 1293 3782 1344 παρ-

2189 1365 2336 1425 άλια,
2378 1368 2475 1436 τῆς
2517 1367 2782 1437 Ἰταλικῆς
2812 1369 2986 1438 ἀρχῆς
3041 1369 3436 1438 κραταιοτέρας
3471 1366 3636 1436 οὔσης
3669 1367 3783 1419 τῶν

2189 1457 2482 1512 Αἰθιόπων.
2522 1459 2585 1511 Οἱ
2626 1459 2693 1512 δέ
2725 1459 2820 1528 τῆς
2869 1459 3168 1528 ἐκκλησίας
3221 1458 3438 1526 ἐκείνης
3490 1445 3814 1524 δεξάμενοι’

2190 1550 2290 1620 τὴν
2328 1551 2682 1620 παραίτησιν,
2726 1553 2881 1622 κοινῇ
2917 1551 3082 1621 ψήφῳ
3129 1551 3218 1603 τὸν
3273 1549 3786 1618 Ἀγιοτυμεωνίτην

2194 1645 2525 1698 καθιστῶσιν
2568 1645 2864 1717 Ἀρσένιον,
2900 1645 3070 1715 ἄνδρα
3116 1645 3176 1696 τὸ
3214 1643 3436 1712 σύμπαν
3468 1643 3785 1711 ἁγιοπρεπῆ

2191 1739 2284 1790 καὶ
2318 1739 2634 1806 σεϐασμιον,
2670 1738 2728 1790 ὃν
2755 1739 2819 1809 δὴ
2851 1739 2944 1791 καὶ
2972 1739 3109 1801 τέως
3153 1738 3252 1808 μὲν
3275 1737 3321 1789 οἱ
3358 1735 3594 1788 ἐνταῦθα
3621 1735 3787 1800 δεξά-

2198 1844 2348 1897 μενοι
2379 1828 2468 1880 ἐπὶ
2497 1827 2606 1880 τῶν
2635 1829 2794 1896 ἱερῶν
2822 1829 3145 1880 ἐκοινώνουν
3193 1825 3390 1896 ἐκείνῳ
3426 1824 3522 1894 τῆς
3558 1824 3788 1894 μνήμης

2195 1917 2496 1988 διπτύχων,
2531 1917 2759 1988 ὕστερον
2791 1918 2847 1970 δὲ
2873 1918 3052 1971 αἰτίαν
3077 1919 3274 1987 σχόντα
3301 1919 3363 1969 ἐκ
3393 1917 3581 1986 φήμης
3617 1913 3789 1985 ἡκού-

2198 2026 2297 2080 σης
2339 2010 2414 2074 ὡς
2452 2009 2595 2063 οὕτω
2638 2009 2852 2080 συμϐὰν
2897 2009 2974 2079 τῷ
3027 2012 3156 2082 ρηγὶ
3209 2011 3305 2078 τῆς
3362 2007 3651 2078 Ἀρμενίας
3681 2008 3785 2074 τῆς

2198 2104 2290 2156 ἐπὶ
2336 2104 2402 2172 τῇ
2439 2103 2708 2174 ἐκκλησίᾳ
2753 2103 3083 2172 ἐκοινώνησε
3132 2103 3394 2168 στάσεως,
3432 2099 3596 2172 μηδὲν
3644 2099 3780 2152 ἀνα-

2201 2197 2485 2266 μείναντες
2509 2193 2831 2259 συνεξετάξε
2843 2211 2888 2248 ιν
2909 2195 2970 2246 τὸ
2997 2195 3217 2262 γεγονὸς
3239 2193 3480 2264 εὐχερῶς
3501 2189 3719 2261 ἐξαιροῦ
3729 2207 3781 2244 σι

2196 2285 2460 2356 τοῦνομα.
2503 2285 2748 2339 Ἑκείνου
2783 2285 2840 2338 δὲ
2877 2285 3000 2356 μηδ’
3039 2285 3096 2349 ἐς
3143 2284 3315 2357 βραχὺ
3349 2284 3778 2355 περιγενομένου

2199 2380 2356 2451 (ἴσως
2385 2379 2494 2448 γὰρ
2540 2376 2606 2432 ἂν
2637 2379 2729 2432 καὶ
2773 2377 2991 2448 ἀπήντα
3033 2377 3168 2446 προς
3204 2377 3303 2446 τὴν
3341 2375 3702 2444 κατηγορίαν,
3733 2375 3783 2426 εἰ

2200 2468 2420 2539 περιῆν)
2472 2469 2522 2522 οῑ
2572 2468 2848 2540 ἀρχιερεῖς
2895 2465 3516 2538 ἀμφιγνωμονήσαντες,
3561 2464 3612 2517 0i
3679 2462 3782 2534 μὲν

2199 2639 2300 2696 pro
2351 2621 2522 2678 irritis
2553 2630 2610 2676 et
2659 2638 2946 2693 perperam
2984 2621 3227 2678 decretis
3271 2635 3330 2678 se
3368 2621 3604 2686 habere,
3655 2635 3783 2690 quze

2200 2731 2375 2785 nuper
2407 2714 2463 2768 in
2493 2729 2656 2770 causa
2691 2730 2844 2785 papae
2871 2731 2957 2800 \ac
2983 2712 3391 2771 conciliationis
3415 2713 3619 2769 Graeca:
3648 2729 3780 2768 cum

2200 2807 2390 2863 Latina
2407 2805 2776 2861 Ecclesiarum
2801 2816 3003 2863 statuta
3028 2807 3282 2863 fuissent.
3305 2805 3416 2860 Hoc
3439 2815 3784 2877 postremum

2201 2901 2272 2956 ab
2305 2915 2372 2955 eo
2407 2897 2631 2970 petendi
2663 2913 2830 2955 causa
2869 2898 2990 2964 fuit,
3020 2900 3162 2970 quod
3197 2899 3244 2954 is
3278 2907 3504 2970 prepter
3539 2897 3787 2954 rationes

2201 3018 2228 3056 a
2258 3001 2418 3056 nobis
2475 3009 2602 3054 ante
2654 3002 2986 3052 memoratas
3037 2992 3506 3046 communicasset
3555 3006 3678 3046 eum
3715 2990 3789 3045 iis

2201 3093 2294 3166 qui
2328 3092 2416 3146 illa
2446 3096 2692 3162 egerant.
2739 3084 3080 3150 Addebatur,
3120 3083 3222 3139 hac
3255 3083 3544 3138 dumtaxat
3588 3081 3790 3137 condi-

527 3177 734 3232 niissus
763 3193 794 3232 e
827 3177 1068 3233 nubibus
1092 3179 1448 3234 adumbraret
1483 3181 1848 3235 intrusionem
1890 3183 2101 3237 violcn—
2125 3218 2170 3278 ο
2205 3186 2372 3246 tione.
2415 3184 2458 3239 si
2517 3184 2634 3237 haec
2667 3179 2874 3249 scripto
2916 3186 2971 3232 et
3008 3177 3400 3250 chirographo,
3432 3177 3697 3240 firmaret,
3732 3175 3786 3229 ei

523 3275 634 3319 tam
663 3281 928 3320 novorum
962 3268 1272 3322 antistitum
1297 3269 1352 3322 in
1395 3269 1556 3323 sedes
1603 3284 1704 3338 per
1733 3270 1843 3325 vim
1891 3271 2097 3340 eiecto-

526 3373 670 3412 rum.
713 3357 1004 3427 Utcunque
1051 3360 1152 3424 sit,
1191 3359 1283 3413 isti
1317 3368 1489 3421 certe,
1525 3359 1653 3413 dum
1689 3375 1790 3414 suo
1827 3363 2098 3420 arbitratu

525 3451 591 3504 ad
628 3447 954 3516 Ecelesiam,
984 3451 1154 3520 :sicut
1199 3451 1376 3509 videri
1434 3453 1709 3513 volebant.
1761 3473 2094 3528 componen-

524 3543 648 3598 dam
674 3551 781 3596 tam
813 3543 1138 3598 vehemente
1172 3544 1560 3604 incumbebant
1586 3566 1774 3620 Opera,
1821 3551 2100 3622 tyrannica

526 3635 582 3690 iu
621 3633 808 3688 multis
826 3636 1062 3703 grassari
1085 3635 1306 3691 licentia
1334 3653 1444 3692 non
1487 3640 1764 3698 immerito
1799 3643 2104 3698 censeban-

527 3737 634 3793 tur,
664 3727 959 3784 abutentes
989 3730 1411 3785 mansuetudine
1448 3732 1815 3803 imperatoris.
1841 3737 1937 3806 qui
1969 3752 2103 3792 vana

527 3834 623 3888 spe
660 3819 918 3876 indui-tus
960 3822 1027 3878 ab
1049 3822 1158 3878 illis
1181 3823 1320 3880 facta
1354 3828 1504 3895 pacis
1527 3843 1588 3881 ac
1613 3827 1920 3884 concordia:
1943 3830 2104 3900 plene

526 3913 899 3981 restituendae,
949 3915 996 3971 si
1044 3933 1208 3988 agere
1250 3919 1397 3985 ipsos
1459 3936 1582 3990 quae
1625 3922 1826 3978 vellent
1874 3925 2103 3992 sineret,

525 4015 721 4060 cuncta
745 4007 799 4062 in
819 4023 1008 4063 eorum
1031 4011 1318 4064 arbitrium
1343 4011 1670 4082 proiecerat;
1693 4014 1952 4070 effectum
1979 4031 2108 4071 exo-

527 4100 892 4168 ptatissimum
943 4113 1000 4156 et
1023 4105 1638 4174 promissum-publica:
1698 4109 2105 4177 tranquillitatis

539 4191 680 4246 bene
709 4195 900 4262 quavis
929 4196 1220 4250 emendum
1253 4197 1430 4266 pretio
1466 4208 1636 4266 ratus,
1676 4207 1731 4254 et
1758 4215 1788 4254 e
1826 4201 1917 4255 tali
1975 4217 2108 4256 cou-

526 4285 770 4340 uiveutia
799 4288 1116 4357 prudenter,
1146 4299 1202 4344 ut
1226 4289 1329 4358 ipsi
1355 4289 1654 4359 videbatur,
1673 4305 2014 4364 exspectans.

531 4423 621 4478 l9.
650 4421 722 4477 De
748 4427 984 4495 Augusta
1016 4424 1288 4480 Tlteodora
1311 4437 1358 4480 et
1380 4427 1690 4496 patriarcha
1717 4429 2100 4490 Alexandrino.

2205 3275 2554 3332 tribuendum
2591 3281 2650 3327 ut
2681 3287 2712 3327 ο
2746 3269 2916 3325 sacris
2949 3269 3222 3340 diptychis
3253 3283 3452 3324 notnen
3483 3267 3604 3337 ejus
3639 3268 3790 3324 inter

2198 3379 2427 3425 caeteros
2453 3365 2793 3438 patriarchas
2821 3372 3240 3419 merum-aretur.
3277 3362 3347 3416 At
3405 3360 3788 3416 Antioebeuus

2199 3462 2509 3534 patriarcha
2537 3457 2877 3514 Theodosius
2901 3456 3184 3526 Princeps,
3205 3456 3421 3511 occulto
3438 3465 3614 3510 tactus
3632 3464 3787 3509 metu

2203 3554 2420 3624 nequid
2452 3552 2507 3607 hi
2552 3551 2772 3623 gravius
2837 3549 2890 3603 in
2938 3564 3061 3603 sese
3109 3547 3485 3614 consulerent,
3539 3546 3788 3601 exterius

2203 3658 2386 3704 tamen
2438 3661 2550 3716 prie
2590 3644 2697 3714 56
2730 3657 2787 3697 se
2819 3642 3029 3697 ferebat
3059 3639 3361 3696 haud...sibi
3409 3639 3654 3708 probari,
3685 3639 3788 3692 sed

2205 3754 2308 3794 nec
2351 3737 2418 3792 ad
2454 3751 2513 3792 se
2543 3735 2840 3806 quidquam
2878 3730 3138 3786 arbitrari
3196 3731 3500 3801 pertinere,
3527 3745 3648 3800 quae
3686 3732 3790 3784 tie-

2205 3838 2347 3887 rent.
2424 3829 2567 3898 Ergo
2622 3823 3080 3894 aspernabundus
3139 3831 3195 3877 et
3237 3821 3487 3892 speciose
3555 3837 3790 3877 securus

2207 3922 2580 3990 conscriptam
2611 3915 3015 3972 abdicationem
3075 3913 3504 3983 patriarchatus,
3551 3913 3793 3982 impera-

2207 4025 2328 4070 tore
2361 4009 2560 4071 inscio.
2591 4007 2900 4062 Antiochiae
2932 4005 3172 4076 reliquit,
3203 4005 3321 4074 ipse
3349 4005 3402 4060 in
3436 4000 3649 4076 Syriam
3681 4004 3791 4058 mi-

2208 4119 2390 4176 grans,
2437 4103 2525 4156 ubi
2560 4099 2880 4154 Latinorum
2924 4099 2980 4152 in
3031 4105 3299 4168 potestate
3330 4098 3516 4152 multa:
3542 4107 3655 4152 tum
3689 4098 3790 4152 ad-

2210 4200 2319 4253 huc
2347 4206 2403 4250 et
2433 4209 2638 4264 magnae
2659 4191 2912 4246 civitates
2940 4200 3117 4256 erant,
3166 4187 3479 4252 Ptolemais,
3531 4188 3784 4261 Berytus,

2212 4289 2406 4351 Sidon,
2451 4287 2650 4358 Tyrus,
2683 4299 2889 4354 oraque
2943 4283 3036 4338 illa
3087 4283 3368 4337 maritima
3405 4283 3686 4348 universa,
3725 4285 3783 4338 in

2211 4399 2316 4454 qua
2353 4380 2470 4436 itali
2513 4379 2780 4434 adversus
2833 4393 2968 4448 opes
2999 4377 3320 4448 AEthiopum
3353 4393 3512 4432 suum
3567 4379 3789 4450 egregie

2213 4473 2502 4544 imperium
2550 4471 2868 4526 tuebantur.
2923 4468 3116 4524 Clerus
3166 4484 3330 4540 porro
3406 4469 3789 4526 Antiochenus

601 4557 708 4614 Sed
741 4570 795 4614 ut
827 4560 893 4614 ad
931 4560 1122 4632 synodi
1152 4573 1273 4616 aeta
1309 4533 1621 4628 redeamus,
1655 4563 1710 4620 in
1739 4565 1824 4622 his
1873 4578 1926 4622 et
1957 4569 2094 4626 illud
2129 4562 2184 4622 D
2209 4533 2552 4624 abdicatione
2591 4563 2860 4632 Principis
2892 4571 3118 4632 accepta
3161 4533 3528 4617 concordibus
3557 4563 3788 4618 calculis

531 4666 636 4706 cst.
662 4651 741 4706 Ab
776 4653 1016 4723 Augusta
1045 4651 1334 4708 Theodora
1357 4653 1481 4710 fidei
1506 4655 1748 4712 libellum
1774 4661 2100 4733 exeg‘erunt,

532 4755 902 4816 praetereaque
939 4757 997 4802 ut
1027 4749 1235 4815 scripto
1269 4749 1398 4805 dato
1429 4766 1488 4806 se
1519 4755 1839 4810 renuntiare
1881 4759 2104 4826 prolite-

537 4848 690 4892 retur
721 4838 1075 4893 conventioni
1117 4841 1473 4896 ecclesiarum
1519 4853 1574 4898 et
1603 4847 1929 4902 obedientiae
1953 4862 2106 4918 papae

421 4921 431 4938 ’
489 4932 698 5002 -paulo
766 4939 894 4986 ante
959 4932 1176 5003 publice
1256 4935 1532 5004 admissis;
1611 4947 1800 4994 sancte
1860 4941 2105 5011 denique

533 5026 884 5096 polliceretur
926 5040 986 5080 se
1045 5041 1322 5097 nunquam
1366 5029 1660 5098 petituram
1716 5031 1952 5102 persolvi
1981 5033 2104 5086 viro

533 5133 635 5173 suo
668 5117 926 5172 defuncto
969 5116 1115 5188 justa
1150 5119 1401 5174 funebria
1430 5121 1818 5177 decantatione
1867 5124 2105 5193 psalmo-

491 5229 502 5237 ·
535 5225 656 5266 rum
685 5216 740 5263 et
767 5216 965 5263 caetero
994 5209 1364 5265 ecclesiastico
1390 5211 1496 5266 ritu
1521 5212 1870 5267 celebranda.
1901 5211 2105 5268 llarmn

533 5317 715 5356 rerum
751 5317 960 5358 merces
995 5303 1376 5358 ostentabatur
1408 5305 1583 5359 honos
1606 5309 2104 5360 ‘commemoratio—

533 5393 620 5476 nis
647 5393 884 5448 nominis
915 5393 1034 5464 ejus
1066 5393 1120 5448 in
1175 5394 1426 5461 ecclesia,
1473 5395 1619 5449 inter
1651 5409 1808 5449 saera
1867 5397 2105 5466 conjun-

531 5486 693 5558 gcndi
744 5501 870 5540 cum
930 5487 1151 5541 nomine
1205 5487 1556 5558 imperatoris
1624 5487 1798 5556 ipsius
1843 5487 1956 5541 lilii.
2023 5486 2105 5542 Ab

535 5573 904 5632 Alexandrino
923 5576 1049 5631 item
1076 5577 1386 5648 patriarcha
1416 5577 1764 5645 postularunt
1782 5577 2103 5637 Athanasio,

535 5681 592 5726 ut
619 5686 847 5726 assensu
877 5671 1262 5741 comprobaret
1289 5685 1390 5724 suo
1421 5669 1826 5724 damnationem
1861 5678 1917 5722 et
1958 5669 2107 5738 deje-

535 5761 774 5818 Ctionem
832 5779 863 5819 e
893 5763 1061 5835 gradu
1123 5761 1460 5832 privatorum
1492 5760 1608 5814 suis
1635 5758 1860 5815 sedibus
1890 5759 2104 5814 antisti-

535 5863 650 5909 tum
683 5869 702 5921 ς
733 5854 956 5927 insuper
1005 5863 1062 5911 ut
1095 5856 1212 5924 ipse
1262 5869 1477 5923 quoque
1554 5853 1760 5907 diserte
1803 5851 2102 5907 declararet

2208 4658 2574 4731 patriarcham
2626 4654 2833 4710 creavit
2864 4653 3436 4725 ilagio-Symeonitem
3466 4653 3782 4718 Arsenium,

2207 4753 2386 4806 virum
2441 4749 2699 4820 prmclara
2729 4747 3111 4802 sanctimonia:
3158 4746 3344 4816 specie
3387 4747 3784 4814 venerabilem,

2206 4854 2368 4910 quem
2420 4839 2606 4893 statim
2659 4835 3250 4906 Constantinopolitani
3307 4847 3674 4906 agnoscentes
3727 4838 3788 4892 in

2206 4932 2648 4986 communionem
2679 4929 3038 4994 admiserunt,
3075 4928 3434 4998 pronuntiato
3452 4929 3628 4996 palam
3663 4931 3784 4998 ejus

2207 5023 2526 5094 ediptychis
2555 5023 2797 5077 nomine.
2829 5021 3186 5078 Postmodum
3209 5030 3387 5074 tamen
3409 5019 3553 5074 fama
3591 5037 3782 5088 Sparsa

2208 5114 2642 5169 communicasse
2673 5114 2848 5182 ipsum
2883 5128 3005 5168 cum
3035 5128 3158 5182 rege
3189 5111 3463 5167 Armenias
3488 5113 3556 5167 ab
3593 5111 3784 5167 Eccle-

2207 5209 2285 5264 sia
2321 5207 2576 5271 discisso,
2607 5207 2834 5262 minime
2866 5216 3086 5276 sumpto
3113 5206 3181 5260 ad
3217 5204 3634 5275 inquisitionem
3667 5203 3781 5259 veri

2207 5301 2406 5371 spatio,
2436 5300 2638 5370 cupido
2669 5299 2974 5354 multarunt
3027 5299 3239 5352 honore
3285 5297 3392 5352 isto
3419 5307 3474 5352 et
3527 5313 3558 5352 e
3611 5301 3788 5352 sacris

2209 5391 2406 5448 tabulis
2438 5393 2558 5459 ejus
2605 5407 2803 5446 nomen
2837 5399 3246 5460 expunxerunt.
3299 5389 3544 5460 Contigit
3597 5402 3781 5444 autem

2208 5489 2388 5555 ipsum
2423 5487 2524 5540 sub
2564 5486 2684 5540 'hoc
2719 5499 2941 5554 tempus
2977 5501 3006 5538 e
3037 5483 3177 5538 vivis
3212 5483 3409 5537 cedere
3440 5499 3454 5536 :
3506 5499 3668 5554 quem
3697 5495 3785 5538 est

2207 5575 2491 5637 credibile,
2522 5577 2567 5631 si
2603 5575 2686 5629 vel
2715 5574 2986 5628 modicum
3016 5572 3420 5643 superfuisset,
3459 5573 3526 5626 ad
3557 5587 3780 5628 causam

2207 5669 2493 5724 dicendam
2551 5667 3082 5736 Constantinopolim
3137 5675 3456 5720 venturum.
3508 5664 3781 5721 Cteterum

2209 5744 2482 5816 antistites
2513 5760 2580 5816 ad
2618 5762 2668 5814 el
2697 5773 3078 5814 successorem
3115 5758 3429 5830 eligendum
3461 5759 3774 5830 congregati

2209 5853 2344 5909 duas
2415 5855 2468 5907 in
2515 5853 2816 5908 sententias
2879 5852 3035 5908 scissi
3078 5861 3204 5908 sunt
3266 5868 3280 5905 :
3325 5852 3520 5907 Cilices
3576 5854 3781 5924 quippe
