3950 6596
564 446 635 511 6¹1
1782 435 2113 506 GEORGII
2158 444 2648 507 PACIIYMER‘E
3749 435 3829 498 68

565 561 813 635 οομένων
852 561 962 618 τῶν
988 561 1155 628 ,ὃλων.
1196 560 1311 614 Οὐκ
1353 558 1533 627 ὀλίγον
1565 560 1675 630 γὰρ
1730 560 1826 614 καὶ
1861 562 1989 631 περὶ
2038 560 2229 624 τῶνλΛ
2254 558 2504 629 βασιλέα,
2530 561 2623 614 καὶ
2650 562 2677 615 ό
2703 561 2895 631 ῥηθεὶς
2936 563 3111 631 μέγας
3142 562 3437 635 λογοθέτης
3480 563 3511 616 ὸ
3539 563 3872 632 Μουζάλων

564 652 695 726 χθὲς
728 652 1085 726 πραχθέντων
1138 650 1306 720 ἀνέζη
1356 650 1416 704 τὸ
1454 649 1773 716 σκάνδαλον,
1812 652 1908 703 καὶ
1945 649 2148 720 μᾶλλον

563 748 651 803 ὅτι
680 751 779 802 καὶ
807 746 920 800 τῶν
943 746 1074 816 παρ’
1114 743 1313 814 Ἰωσὴφ
1345 743 1383 814 ἣν
1403 743 1496 798 καὶ
1526 744 1677 816 παρὰ
1706 743 1815 797 τῶν
1844 743 1982 814 ἀμφ’
2009 744 2152 797 ὲκεῖ-

563 857 659 896 νον
716 839 1070 912 πραχθέντων
1109 837 1619 909 τιιαραῧεϐασμὲνων
1642 836 1821 891 αὐτοὶ
1859 836 2151 907 ζηλοῦντες

564 931 818 987 ἐντεῦθεν
846 930 943 984 καὶ
988 928 1088 1001 τὴν
1119 930 1231 982 τῶν
1267 928 1631 999 Ἀρσενιατὼν
1675 926 1990 997 παραδοχὴν
2019 928 2153 980 ὑπο-

568 1024 860 1086 πτεύοντες
882 1023 993 1086 τοῖς
1019 1021 1285 1077 παθοῦσιν
1322 1020 1689 1092 ὲπῳκτίζοντο
1714 1019 1826 1074 ’καὶ
1857 1020 2015 1075 άδικα
2046 1020 2152 1073 πά-

567 1134 721 1188 σχειν
757 1116 1151 1187 ὂιωμολόγουν.
1186 1116 1286 1169 Διὰ
1332 1115 1507 1170 ταῦτα
1539 1114 1634 1168 καὶ
1687 1113 1939 1177 συνόλους
1977 1115 2094 1167 ἐκεῖ
2121 1114 2149 1166 ό

566 1209 789 1282 κρατῶν
821 1210 1076 1279 συνῆγεν,
1100 1207 1176 1271 ὡς
1203 1207 1269 1262 ἂν
1301 1206 1550 1271 ἐντελοῦς
1577 1207 1866 1276 γεγονυίας
1898 1207 1997 1271 τῆς
2028 1224 2152 1261 συν-

563 1300 828 1364 ελεύσεως
856 1300 917 1353 τὸ
948 1300 1202 1368 ποιητέον
1254 1299 1362 1354 ἀπὸ
1404 1301 1589 1370 κοινῆς
1622 1299 1724 1369 τῆς
1758 1299 2013 1369 σκέψεως
2053 1297 2150 1366 γέ-

562 1392 761 1465 νηται.¹
793 1391 897 1447 Καὶ
935 1393 1000 1460 δὴ
1050 1391 1434 1458 συνελθόντων,
1471 1393 1566 1445 καὶ
1608 1394 1717 1445 τῶν
1751 1391 1979 1445 εἰκότων
2012 1408 2150 1463 προ-

559 1485 810 1549 νοοῦντος
844 1486 996 1553 σφίσι
1022 1485 1116 1538 τοῦ
1151 1483 1416 1554 βασιλέως
1448 1484 1523 1547 ὡς
1548 1483 1984 1555 διαχειμεριοῦσι
2016 1485 2149 1554 περὶ

560 1577 623 1631 τὸ
660 1574 1061 1648 ’Δτραμύτιονς
1092 1576 1339 1647 άργήσας
1384 1576 1619 1645 πάμπαν
1643 1576 1752 1628 τῶν
1800 1576 2000 1643 ἔξωθεν
2025 1577 2147 1630 δου-

559 1667 725 1723 λειῶν
751 1671 780 1724 ὁ
805 1667 1021 1739 κρατῶν
1063 1668 1249 1739 σχεδον
1290 1669 1361 1720 τὰ
1404 1672 1532 1739 περὶ
1561 1667 1655 1720 τοῦ
1680 1668 1796 1731 πῶς
1830 1670 1896 1723 ἂν
1933 1671 1982 1723 οί
2027 1671 2151 1743 Ἀρ-

562 1760 805 1813 σενιᾶται
851 1763 961 1822 τοῖς
1006 1760 1301 1830 πραχθεῖσι
1344 1760 1849 1830 συγκατανεύσειαν
1900 1764 2149 1834 εἰρηνεύ-

562 1868 757 1915 σαντες
791 1852 1160 1905 διεσκέπτετο.
1214 1852 1522 1923 Συνήγοντο
1556 1852 1735 1907 τοίνυν
1782 1853 1933 1907 ἔνθεν
1965 1857 2064 1926 μὲν
2096 1857 2146 1909 οί

561 1944 694 2010 περὶ
733 1950 824 1996 τὸν
860 1944 1231 2015 πατριάρχην,
1274 1942 1366 2008 »οἷς
1393 1945 1560 2015 συνῆν
1607 1948 1678 1999 τά
1715 1946 1939 2001 πλεῖστα
1983 1951 2077 2001 καὶ
2112 1950 2145 2020 ἡ
2178 1926 2221 1980 Β

560 2034 793 2103 Εὐλογία
824 2035 915 2087 καί
960 2052 1024 2103 γε
1064 2036 1118 2088 αἱ
1155 2036 1452 2105 θυγατέρες
1486 2037 1681 2108 αὐτῆς,
1726 2038 1762 2109 ἦ
1802 2054 1863 2091 τε
1891 2039 2146 2111 Θεοδὼρα

560 2127 658 2179 καὶ
701 2128 733 2195 ή
762 2127 828 2178 ἐκ
856 2125 1090 2179 δυτικῶν
1128 2128 1301 2181 ’Λννα
1336 2129 1490 2199 ήκαὶ
1527 2128 1839 2199 βασίλισσα,
1873 2132 1998 2203 ἄρτι
2026 2135 2146 2187 τότε

560 2219 789 2290 κάκείνη
817 2220 957 2273 κατὰ
993 2221 1186 2291 φήμην
1210 2220 1322 2275 τῶν
1347 2223 1651 2290 γεγονότων
1676 2222 1975 2295 ἀναχθεῖσα
2008 2224 2146 2297 πρὸς

558 2392 784 2464 juribus
815 2409 880 2447 ac
911 2394 1051 2449 votis
1086 2393 1369 2449 communl
1405 2408 1677 2450 consensu
1702 2405 1903 2451 cuneta
1926 2411 2148 2468 compo-

564 2485 934 2541 nerent.Nam
963 2501 1066 2540 non
1096 2487 1289 2557 exigua
1313 2488 1365 2542 in
1399 2488 1788 2559 plerorumque
1819 2490 2018 2545 animis
2052 2490 2150 2546 ad-

563 2592 760 2633 versus
810 2593 986 2647 nuper
1035 2578 1229 2640 initam
1268 2594 1389 2633 cum
1423 2578 1619 2634 Latina
1664 2579 1909 2637 Ecclesia
1945 2580 2148 2637 Roma-

568 2685 750 2739 noque
796 2671 1053 2741 pontiﬁce
1102 2674 1529 2727 conventionem
1589 2672 1840 2727 fervebat
1893 2672 2147 2741 oﬂ’ensio,

566 2765 745 2818 tertia:
777 2773 1074 2832 pi-aztextus
1108 2764 1416 2833 plausibilis
1445 2765 1722 2829 coitionis,
1755 2780 1820 2819 eo
1846 2765 1956 2835 jam
1989 2765 2150 2820 dam-

562 2856 823 2917 nosioris,
866 2858 1011 2926 quod
1043 2858 1259 2912 duabus
1292 2860 1499 2912 dudum
1532 2869 1692 2913 antea
1722 2858 1971 2914 conﬂatis
1999 2875 2149 2915 com-

565 2946 863 3015 missisque
893 2961 957 3000 ac
987 2934 1082 3016 per
1124 2949 1271 3002 acria
1300 2963 1444 3002 nunc
1467 2949 1706 3004 maxime
1737 2950 1969 3004 discidia
1993 2966 2150 3021 gras-

562 3037 816 3090 santibus
864 3036 919 3090 in
954 3037 1085 3091 mali
1115 3038 1404 3091 cumulum
1444 3049 1863 3108 supervenerat.
1894 3039 2148 3096 Nondum

565 3127 772 3198 quippe
806 3130 1501 3184 rescderatoblocutorum
1535 3129 1757 3201 .Iosephi
1783 3143 1973 3188 contra
2004 3134 2147 3204 ejus,

569 3236 736 3297 quaint
760 3221 1056 3287 vocabant,
1086 3222 1454 3276 intrusionem
1492 3223 1547 3277 in
1576 3227 2034 3293 patriarchatum,
2093 3235 2148 3282 et

566 3293 711 3380 acta,
749 3322 810 3367 ut
843 3314 944 3383 ipsi
970 3304 1281 3383 jactabaut,
1343 3317 1530 3372 multis
1583 3318 1905 3373 nominibus
1969 3319 2144 3390 inegi-
2174 3293 2218 3351 ϐ

578 3405 738 3471 tima,
784 3407 1281 3481 murmurationes,
1329 3408 1515 3462 favore
1560 3411 1933 3480 comprobata:
1979 3413 2149 3482 pluri-

559 3512 806 3553 morum.
866 3495 1100 3568 Vigebat
1135 3500 1262 3553 item
1304 3500 1390 3553 his
1432 3498 1616 3555 fronte
1660 3508 1887 3557 adversa
1922 3520 2145 3572 compa-

569 3601 691 3646 rata
722 3589 1161 3661 ctﬂagrautibus
1190 3591 1391 3647 infesta
1417 3594 1616 3665 jurgiis
1667 3597 1971 3652 Arseniaua
2014 3614 2147 3653 con-

560 3686 803 3756 juratio.
844 3687 958 3742 Nec
1018 3685 1425 3755 Josepbitarum
1481 3698 1661 3743 tamen
1705 3693 1756 3744 in
1810 3691 2148 3749 Arsenianos

567 3781 785 3837 infense
810 3782 1140 3837 certantium
1176 3798 1285 3836 non
1335 3783 1668 3851 quaedamin
1711 3784 1781 3839 iis
1850 3789 2149 3841 concordia

560 3884 724 3931 erant
763 3877 953 3931 studia
984 3890 1277 3946 sensaqne.
1338 3876 1579 3932 Utenim
1621 3876 1843 3946 utrique
1909 3895 2031 3935 sese
2065 3883 2149 3934 in-

562 3971 744 4024 vicem
779 3969 1129 4025 aemulatione
1155 3970 1562 4039 inquietissima
1613 3972 2030 4041 suspectabant,
2093 3981 2150 4027 et

563 4062 768 4115 urebat
810 4060 1120 4131 prasertim
1192 4060 1508 4130 Josephitas
1556 4061 1781 4115 minime
1816 4061 1927 4129 jam
1983 4064 2150 4116 dissi-

561 4154 776 4208 mulata
800 4140 1014 4207 necnon
1042 4168 1293 4223 magnam
1321 4153 1487 4209 rebus
1513 4153 1760 4224 ipsorum
1799 4156 2033 4209 securim
2061 4156 2150 4210 in-

561 4246 783 4316 dligens,
826 4246 1177 4316 imperatoris
1204 4261 1329 4318 erga
1355 4240 1683 4301 venerantes
1707 4247 1923 4302 Arseuii
1946 4264 2151 4302 memo-

568 4342 709 4394 riam
731 4341 1229 4413 intlulgentia,quae
1270 4357 1336 4395 ne
1370 4342 1615 4411 usquein
1648 4343 1863 4410 plenam
1900 4344 2146 4413 ipsorum

570 4432 964 4486 admissiouem
1000 4431 1623 4502 comprobationemque
1658 4432 1970 4501 proﬁceret,
2000 4449 2151 4489 vere-

564 4523 797 4586 bantur,
836 4524 912 4577 ita
950 4524 1204 4594 utrisque
1262 4541 1329 4579 ex
1392 4540 1550 4594 aequo
1604 4539 1796 4594 parum
1861 4525 2150 4594 placebant

2252 650 2322 704 τὰ
2352 651 2524 707 πολλὰ
2571 657 2723 723 παρὰ
2773 653 2985 724 βασιλεῖ
3030 654 3330 725 δυνάμενος
3360 656 3456 709 καί
3493 673 3563 724 γε
3585 657 3871 727 τιμηθεὶς

2252 744 2426 815 καὶτῇ
2454 743 2565 798 τῶν
2596 745 2958 816 μεγιστάνων.
2977 748 3397 819 χρυσοκοκκίνῳ
3422 747 3724 820 καλύπτρᾳ
3758 754 3871 799 και

2253 837 2407 908 παρὰ
2435 836 2535 908 τὴν
2562 837 2657 890 τοῦ
2696 838 2991 909 προσόντος
3021 839 3174 910 αὐτῷ
3206 840 3466 909 ὀφφικίου
3496 844 3676 909 τάξιν,
3707 843 3872 895 ἐκεί-

2253 928 2347 982 θεν
2376 929 2432 981 δὲ
2461 931 2511 981 οί
2556 930 2701 1000 ἀμφὶ
2723 931 2815 984 τὸν
2859 931 3150 985 Ὑάκινθον
3180 935 3429 1004 μοναχοὶ,
3470 929 3553 997 οἷς
3588 934 3867 1004 συνηριθ-

2255 1019 2455 1088 μοῦντο
2515 1020 2613 1073 καὶ
2659 1022 2711 1074 οἱ
2762 1021 2927 1093 χθιζά
2982 1023 3247 1088 παθόντες
3287 1025 3385 1078 καὶ
3441 1026 3865 1096 τυφλωθέντες,

2252 1109 2503 1180 Λάζαρός
2529 1127 2587 1163 τε
2615 1111 2643 1163 ὁ
2666 1111 2988 1183 Γοριανίτης
3009 1116 3102 1167 καὶ
3119 1117 3146 1168 ὀ
3170 1115 3508 1186 Περιστέρης
3527 1118 3862 1187 Μακάριος·

2250 1204 2280 1255 ὁ
2307 1204 2415 1272 γάρ
2442 1202 2823 1274 Λεπενδρηνὸς
2857 1206 3176 1269 ’Δθανάσιος
3221 1208 3288 1259 ἐκ
3321 1206 3432 1258 τῶν
3468 1207 3725 1261 παλαιῶν
3759 1206 3870 1277 ζη-

2251 1292 2441 1346 λωτῶν
2470 1289 2539 1366 ἦν
2574 1296 2675 1350 καὶ
2695 1296 3121 1365 μεγάλωνεύὐκ
3147 1299 3320 1367 ὀλίγοι
3343 1299 3390 1353 δ’
3421 1295 3563 1372 ἦσαν
3588 1303 3695 1354 σὺν
3725 1299 3871 1353 τούς

2250 1402 2386 1449 τοις,
2422 1385 2517 1439 τοῦ
2554 1386 2820 1456 βασιλέως
2865 1390 3109 1452 ἐνδόντος
3150 1391 3676 1462 ἀνέδηνιφαίνεσθαι
3711 1394 3870 1446 πάν-

2250 1495 2369 1543 τας,
2402 1481 2497 1533 καὶ
2517 1481 2583 1533 ἐκ
2606 1479 2716 1534 τῶν
2745 1480 2951 1534 λαῖκῶν
2979 1483 3075 1537 καί
3103 1500 3167 1553 γε
3191 1483 3285 1537 τοῦ
3310 1486 3595 1547 παλατίου,
3626 1484 3720 1559 [Ρ.
3756 1485 3863 1560 56]

2250 1565 2332 1634 οἷς
2358 1572 2421 1643 δὴ
2472 1574 2569 1627 καὶ
2615 1574 3138 1645 συγκαλουμένοιςὸ
3190 1578 3446 1649 βασιλεὺς
3497 1582 3866 1653 ὲνήμέραις

2248 1664 2615 1732 τεταγμέναις
2664 1665 2764 1735 τῆς
2816 1667 3113 1739 ἑὸδομάδος
3161 1671 3399 1739 ἑκάστης
3437 1671 3657 1741 ὡμίλει,
3701 1675 3862 1744 ἔχων

2251 1756 2384 1824 παρ’
2411 1756 2646 1829 ἑκάτερα
2671 1759 2906 1823 καὶτοὺς
2933 1760 3029 1815 τοῦ
3054 1763 3422 1833 πατριάρχου,
3443 1763 3536 1818 καί
3563 1765 3614 1833 γ’
3641 1765 3862 1833 ἐπείρα

2249 1846 2316 1900 δι’
2337 1848 2465 1918 ὅλης
2479 1850 2580 1919 τῆς
2596 1853 3186 1925 τεσσαρακονθημέρου
3211 1873 3273 1909 συ
3281 1856 3573 1925 μσιόοὶζειν
3598 1859 3693 1910 καὶ
3714 1875 3861 1911 συνο

2249 1938 2402 1993 ενοῦν
2431 1940 2781 2024 ἀμφοτέρους
2814 1945 2895 2008 είς
2942 1947 3074 2016 μίαν
3105 1948 3199 2002 καὶ
3244 1948 3345 2014 τὴν
3374 1949 3545 2021 αὐτὴν
3587 1950 3689 2019 τῆς
3730 1967 3861 2003 κοι-

2247 2029 2446 2094 νωνίας
2498 2035 2919 2105 συμπλήρωσιν.
2967 2037 3108 2091 Ἀλλ’
3146 2039 3247 2094 οὐκ
3293 2038 3535 2105 ἔπειθεν,
3590 2040 3682 2094 ὁτὲ
3742 2042 3857 2111 μὲν

2247 2123 2608 2194 παρακαλῶν,
2637 2127 2727 2180 ὁτὲ
2759 2127 2805 2180 δ’
2832 2127 3094 2200 ἐλέγχων,
3120 2131 3216 2184 καὶ
3249 2132 3387 2186 πᾶσι
3436 2132 3665 2203 τρόποις
3707 2134 3859 2186 ὑπο-

2247 2216 2465 2287 τρέχων
2491 2217 2586 2271 καὶ
2622 2219 2990 2289 δουλαγωγῶν
3017 2221 3249 2293 γνώμας
3277 2224 3856 2296 άπανθρωπισθείσας

2249 2384 2476 2445 tidianis
2534 2404 2758 2460 quoque
2796 2390 3013 2447 caeteris
3072 2393 3420 2464 principatus
3451 2393 3857 2450 [unctionibus

2252 2478 2465 2545 feriari,
2520 2484 2704 2552 quoad
2768 2483 2884 2538 haec
2923 2485 3263 2552 expedisset,
3314 2486 3525 2553 volens,
3571 2487 3738 2542 unice
3791 2489 3853 2541 in

2249 2574 2597 2643 propositum
2623 2573 2879 2629 incubuit
2914 2572 3178 2630 Ecclesia-
3199 2576 3490 2648 pacandae.
3544 2576 3718 2648 Cujus
3746 2595 3856 2635 ne-

2250 2667 2378 2733 getii
2413 2667 2747 2737 principium
2795 2668 2863 2723 ab
2910 2670 3332 2725 Arseniatarum
3380 2672 3853 2728 reconciliatione

2250 2759 2557 2814 ducendum
2597 2770 2779 2828 ratus,
2813 2773 2986 2816 torum
3043 2764 3212 2819 ferme
3266 2765 3511 2820 studium
3563 2767 3633 2821 ad
3696 2766 3853 2823 hanc

2251 2855 2657 2922 procurandam
2695 2855 2875 2911 vertit.
2904 2855 3321 2928 Congregautur
3371 2873 3502 2930 ergo
3535 2859 3665 2915 hinc
3710 2860 3853 2930 qui-

2254 2947 2379 3001 dem
2448 2947 2764 3016 patriarcha
2800 2957 2855 3002 et
2903 2947 3036 3024 huic
3097 2950 3462 3017 adhaerentes,
3504 2951 3851 3021 quibuscum

2254 3039 2523 3109 frequens
2560 3040 2888 3095 versabatur
2919 3040 3172 3112 Eulogia,
3212 3058 3313 3097 nec
3345 3059 3458 3097 non
3494 3045 3663 3115 hujus
3693 3044 3848 3111 filim,

2253 3131 2544 3186 'l'heodora
2601 3132 2862 3186 videlicet
2924 3143 2978 3187 et
3014 3149 3138 3203 quae
3197 3136 3448 3190 occiduis
3489 3152 3520 3192 e
3568 3139 3854 3194 tractibus

2255 3224 2321 3277 ad
2358 3224 2550 3277 harum
2581 3224 2784 3279 famam
2818 3240 2999 3279 rerum
3058 3242 3250 3282 recens
3302 3227 3356 3281 in
3391 3229 3713 3288 comitatum
3746 3246 3853 3286 ac-

2253 3324 2504 3371 currcrat
2534 3318 2714 3382 Anna,
2746 3318 2833 3372 cui
2880 3327 2937 3373 et
2965 3334 3163 3373 nomen
3207 3322 3413 3389 regina:
3448 3321 3849 3390 tribuebatur;

2254 3418 2519 3478 praeterea
2548 3424 2712 3478 quem
2757 3413 3194 3467 memoravimus
3253 3428 3489 3484 magnus
3554 3415 3853 3485 logothcta

2254 3500 2495 3565 Muzalo,
2541 3502 2840 3570 plurimum
2900 3503 3043 3571 apud
3080 3503 3487 3573 ,imperatOrem
3540 3506 3759 3572 valens,
3819 3523 3853 3562 a

2252 3609 2363 3663 quo
2387 3594 2441 3648 in
2480 3595 2676 3665 gratiae
2710 3594 3011 3663 singularis
3035 3596 3299 3651 indicium
3325 3597 3632 3655 honoratus
3658 3598 3855 3655 fuerat

2255 3684 2519 3739 facultate
2571 3686 2821 3755 gestandi
2875 3695 3089 3755 tegmen
3128 3682 3325 3757 capitis
3383 3703 3524 3746 auro
3558 3698 3613 3765 et
3672 3705 3855 3748 cocco

2255 3784 2492 3842 textum,
2544 3779 2832 3847 proprium
2874 3777 3093 3848 insigne
3149 3782 3517 3850 megistanum
3575 3793 3632 3839 et
3670 3784 3855 3839 decus

2255 3870 2525 3925 excedens
2551 3873 2806 3927 meritum
2843 3887 2906 3927 ac
2936 3875 3354 3945 gradumiSIius
3403 3877 3551 3948 quod
3614 3879 3856 3949 gerebat

2256 3962 2444 4019 oﬂicii.
2500 3966 2687 4019 Altera
2750 3981 2814 4018 ex
2865 3975 3022 4037 parte
3061 3970 3456 4038 comparebant
3496 3969 3855 4042 Hyacinthus

2256 4071 2380 4110 cum
2419 4073 2586 4112 manu
2608 4058 3008 4114 monachorum
3039 4061 3448 4130 conjurantium
3487 4077 3702 4117 serum.
3744 4062 3855 4119 His

2256 4152 2810 4205 connumerabantur
2840 4154 3026 4221 gravia
3070 4168 3243 4223 nuper
3266 4154 3414 4223 passi
3466 4155 3854 4225 excaecatique

2255 4240 2499 4296 Lazarus
2561 4242 2883 4298 Gorianites
2919 4252 2974 4297 et
3038 4244 3312 4300 Macarius
3356 4247 3690 4314 cognomine
3736 4247 3855 4302 Co-

2256 4332 2437 4385 lumba
2470 4349 2485 4384 :
2516 4348 2637 4387 nam
2676 4331 3071 4403 Lepeudreuus
3100 4336 3438 4393 Athanasius
3495 4352 3561 4391 ex
3594 4341 3854 4408 antiquis
3906 4336 3913 4343 ’

2256 4423 2451 4477 zelotis
2484 4437 2624 4490 erat,
2680 4435 2847 4495 atque
2898 4427 3036 4481 adeo
3079 4428 3223 4482 inter
3267 4442 3363 4483 eos
3418 4445 3671 4500 magnus.
3722 4432 3852 4489 Non

2258 4519 2417 4588 pauci
2482 4528 2667 4573 autem
2726 4519 2791 4573 ad
2858 4522 3052 4575 horum
3089 4537 3148 4575 se
3210 4533 3400 4593 partes
3440 4530 3850 4598 aggregal-ant,

553 4631 691 4687 quae
721 4632 864 4671 θωνα
900 4613 1275 4686 immaniaque
1312 4617 1512 4671 amodo
1566 4617 1619 4671 in
1659 4615 1906 4671 Ecclesia
1961 4619 2147 4672 amni-
2181 4640 2222 4693 ι)
2259 4612 2596 4682 indulgentia
2623 4613 2976 4683 imperatoris
3005 4614 3205 4683 cuique
3255 4617 3319 4670 ad
3351 4619 3667 4673 audendum
3707 4635 3851 4689 pro-

559 4709 832 4764 mantihus
892 4710 1117 4765 det-erui
1195 4713 1419 4781 gerique
1461 4710 1797 4775 cernebant;
1858 4711 2149 4780 palamque

557 4802 741 4875 ambref
771 4811 955 4873 partes
992 4803 1265 4857 miserata:
1296 4803 1523 4857 sedibus
1554 4802 1801 4870 dejectos
1852 4802 2146 4869 antistites,

558 4894 779 4965 injuste
816 4898 966 4965 ipsos
991 4899 1094 4952 sibi
1135 4898 1305 4951 videri
1350 4911 1544 4967 passos
1566 4896 1698 4951 talia
1738 4896 2150 4965 conspiratione

560 5001 679 5041 non
711 4986 880 5042 dubia
935 4988 1360 5058 proﬁtebantur.
1425 4987 1521 5042 llis
1584 4997 1665 5041 tot
1714 4998 1824 5041 tam
1883 4990 2048 5041 variis
2087 5002 2151 5041 ac

562 5083 832 5151 perplexe
857 5080 1205 5151 complicatis
1238 5096 1346 5133 una
1384 5079 1587 5134 mederi
1640 5081 1868 5134 studens
1899 5077 2012 5150 59
2052 5082 2153 5133 im-

560 5185 789 5244 perator
819 5190 985 5247 opera
1038 5175 1400 5230 discidioruui
1448 5175 1749 5230 Ecclesiam
1806 5178 2004 5231 misere
2038 5178 2151 5230 dis-

539 5269 913 5340 ’cerpentium
957 5270 1174 5337 causis,
1256 5268 1551 5325 universos
1608 5271 1837 5325 seducto
1900 5272 1953 5323 in
2029 5271 2151 5323 loco

562 5376 739 5415 unum
768 5362 1052 5431 rogereiu
1098 5371 1304 5417 coetum
1367 5362 1500 5417 utile
1546 5362 1778 5435 putavit,
1830 5362 1946 5415 fore
1986 5372 2148 5415 autu-

566 5466 730 5508 mane
767 5455 939 5508 utsic
972 5453 1175 5507 collato
1201 5452 1437 5507 consilio
1467 5451 1609 5505 riam
1649 5450 2019 5506 communiter
2051 5450 2152 5501 ali-

556 5560 731 5616 quam
764 5545 975 5601 inirent
1015 5546 1402 5601 consensionis
1448 5548 1588 5601 adeo
1619 5545 1838 5617 publice
1889 5556 2148 5597 necessa-

569 5641 668 5696 riae
710 5638 1180 5696 Ilnnandzc.'Cum
1218 5630 1597 5711 igitur-omnes
1623 5638 1914 5710 Atratnytii
1945 5650 2150 5691 conve-

506 5748 507 5755 ‘
566 5734 806 5799 nisseut,
836 5732 927 5789 ubi
964 5734 1183 5791 cunctis
1212 5733 1279 5788 ad
1336 5733 1544 5791 victum
1592 5733 1648 5789 in
1684 5741 1857 5787 totam
1915 5730 2149 5784 hiemem

567 5829 887 5882 necessaria
910 5827 1058 5899 large
1087 5827 1389 5897 imperator
1408 5825 1748 5897 providerat,
1784 5824 1903 5894 ipse
1930 5822 2149 5876 interim

564 5920 828 6001 sepositis
860 5921 1112 5982 civilium
1139 5922 1496 5994 negotiorum
1532 5919 1706 5987 curis,
1738 5926 1907 5988 atque
1942 5928 1974 5970 a
2006 5925 2150 5983 quo-

2260 4706 2397 4758 literi
2431 4706 2604 4759 libere
2620 4722 2820 4761 sensus
2848 4724 3080 4763 arcanos
3113 4709 3351 4765 faciente
3377 4712 3647 4765 animum.
3687 4711 3853 4770 Unde

2258 4799 2415 4865 plena
2454 4799 2648 4851 ﬁducia
2690 4808 2955 4868 concepta
2994 4787 3096 4868 ipsi
3125 4801 3240 4871 jam
3274 4805 3443 4856 sortis
3492 4804 3699 4858 intima
3732 4807 3856 4874 ple-
3888 4856 3891 4857 ν

2256 4888 2385 4955 bcii,
2419 4890 2523 4958 ipsi
2557 4890 3039 4961 palatini;quibus
3099 4903 3289 4963 utpote
3335 4897 3694 4964 peculiariter
3744 4914 3854 4951 au-

2255 4984 2483 5036 ctoratis
2512 4982 2778 5052 obsequio
2805 4986 3114 5059 principum
3176 4990 3358 5043 minus
3420 5006 3585 5059 quzun
3627 4994 3854 5050 caeteris

2258 5074 2425 5128 licere
2452 5076 2739 5129 videbatur
2762 5087 2883 5130 acta
2934 5078 3174 5147 ipsorum
3209 5081 3551 5150 improbare,
3618 5085 3852 5142 minime

2254 5166 2363 5236 60
2404 5175 2535 5220 tunc
2585 5168 2832 5238 profiteri
2897 5169 3223 5225 dubitabant
3253 5180 3371 5242 {sua
3435 5175 3487 5228 in
3549 5189 3733 5245 partes
3778 5193 3853 5237 ac

2256 5259 2576 5313 memoriam
2622 5262 2833 5316 Arsenii
2902 5277 2931 5315 a
2977 5262 3246 5320 Michaele
3289 5268 3541 5337 Augusto
3609 5271 3849 5337 relegati

2257 5350 2437 5403 studia
2489 5354 2738 5409 incensa.
2784 5353 2892 5407 llos
2938 5356 3101 5409 simul
3133 5374 3328 5413 omnes
3363 5362 3531 5423 idem,
3577 5362 3671 5430 qui
3705 5379 3851 5416 eon-

2256 5457 2570 5510 vocaverat,
2640 5448 2943 5515 imperator
3010 5452 3171 5505 statis
3241 5454 3437 5519 quavis
3502 5453 3855 5512 hebdomade

2255 5533 2450 5589 diebus
2481 5526 2578 5607 per
2616 5547 2781 5591 totam
2816 5541 3026 5610 alloqui
3058 5540 3551 5614 Quadragesimam
3582 5562 3851 5616 perseve-

2258 5630 2426 5691 ravit.
2467 5645 2746 5701 apparens
2809 5634 2862 5686 in
2912 5646 3211 5699 conventu,
3271 5638 3662 5693 assistentibus
3715 5638 3848 5693 hinc

2256 5720 2385 5775 inde
2409 5722 2514 5778 sibi
2552 5725 2868 5793 patriarcha
2900 5742 3023 5780 cum
3090 5730 3231 5793 suis,
3274 5740 3330 5783 et
3364 5746 3584 5785 summo
3640 5744 3847 5787 conatu

2255 5814 2312 5869 in
2347 5815 2398 5869 id
2430 5817 2756 5873 incumbens
2786 5830 2844 5872 ut
2870 5834 3036 5888 quam
3063 5820 3468 5880 elﬂcacissimis
3497 5825 3849 5882 orationibus

2256 5910 2619 5981 persuaderet
2649 5913 2730 5971 eis
2763 5916 3120 5976 concordiam
3173 5926 3231 5971 et
3263 5920 3723 5978 communionem
3761 5923 3853 5979 in-
