4022 6546
372 310 397 318 -ν

342 422 417 484 6')
1299 415 1397 475 DE
1437 366 1877 473 AxonoNtco
1921 402 2380 467 numeroso
2424 400 2573 479 Lm,
2617 398 2666 457 ι.

3532 381 3619 445 ’10

342 522 457 592 οἷον
485 536 792 609 τῷγρόνιρ,
825 535 919 590 καὶ
951 522 1056 587 ὑπό
1094 550 1204 586 τισι
1238 532 1422 586 θεόθεν
1453 529 1704 599 σημείοις
1730 522 1945 579 ἐθελού-
1965 530 2017 584 ‘A
2049 523 2171 576 ὅσον
2207 518 2355 591 εἶχον
2387 513 2783 587 ἐγκαλούμενοι
2809 506 3189 609 Μρζέκείνων
3220 502 3349 557 ἀπο)
3363 499 3630 570 ογείσθαι,

345 648 449 696 σας
474 631 571 685 καὶ
607 630 793 702 μόνοις
838 618 1368 682 καθυποκλίνεσθαι’
1400 624 1462 677 τὸ
1500 614 1611 692 γὰρ
1651 619 1794 673 οὕτω
1822 636 1941 671 πει-

347 722 548 792 σθῆναι
579 721 764 789 λόγοις
806 720 901 773 καὶ
947 717 1231 788 παρευοὺς
1276 712 1600 783 εἰρηνεύειν,
1644 709 1938 779 ύφνεικότας

346 816 519 884 τόσης
566 813 875 884 ἀκριϐείας,
932 810 1257 865 δεικνύντων
1315 804 1454 859 εἶναι
1500 804 1725 873 γνώμης
1779 800 1942 852 αὐτα-

354 907 664 979 ρεσκούσης
697 906 791 959 καὶ
823 906 889 958 τά
918 908 1017 976 τῆς
1049 904 1180 974 πρὶν
1204 901 1506 963 ἐνστάσεως
1533 895 1938 963 ὑπελάμϐανον.

348 1060 460 1135 κβ’.
496 1060 641 1130 Περὶ
676 1058 797 1114 τῶν
842 1059 1175 1139 feror-decor
1212 1055 1558 1111 συνθεσιῶν
1589 1054 1658 1108 ἐν
1705 1051 1849 1121 πυρὶ
1873 1052 1944 1105 ἐν

900 1147 983 1183 τω
1017 1128 1401 1183 ⁸Ατοαιιυτίω.

900 1147 983 1195 τῳ
1021 1144 1401 1198 Ἀτραμυτιῳ.

429 1268 600 1323 Ὅθεν
640 1268 734 1323 καὶ
762 1267 897 1339 πρὸς
922 1267 993 1321 τὰ
1028 1267 1197 1322 πάλαι
1220 1264 1316 1318 τοῦ
1342 1263 1477 1318 Θεοῦ
1515 1264 1741 1334 σημεῖα,
1772 1258 1853 1324 οἷς
1877 1261 1943 1333 δὴ

352 1360 838 1432 ἐνεθαυμαστοῦτο
867 1363 981 1423 τοῖς
1018 1360 1217 1429 ἁγίοις,
1263 1357 1594 1420 ἀπέϐλεπον,
1630 1358 1726 1409 καὶ
1751 1353 1943 1426 ὥσπερ

351 1450 501 1507 εἶναι
533 1453 818 1509 τὸνάύτδν
855 1453 951 1508 νῦν
981 1450 1169 1506 τεκαὶ
1199 1452 1390 1515 πάλαι,
1426 1451 1600 1513 οὕτως
1642 1450 1730 1502 ἀεὶ
1756 1449 1853 1501 καὶ
1878 1449 1946 1501 τά

353 1544 450 1619 [Ρ.
474 1545 569 1620 57]
596 1547 800 1616 σημεῖα
830 1545 905 1617 μὴ
927 1545 1354 1616 διακρινομένων
1382 1544 1541 1614 μόνον
1562 1541 1734 1613 ᾤοντο
1756 1541 1943 1608 γίγνει

356 1638 510 1701 σθαι,
547 1639 641 1691 καὶ
674 1638 865 1708 τέρασι
906 1636 1046 1690 Θεοῦ
1072 1637 1303 1708 ἐζήτουν
1336 1633 1560 1698 ἑαυτοὺς
1604 1633 1942 1704 ἐπιτρέπειν,

356 1730 438 1793 ὡς
463 1730 695 1793 ἐκείνοις
726 1728 1010 1799 ἑψομένων
1039 1731 1254 1791 πάντως
1295 1727 1391 1781 καὶ
1412 1726 1739 1797 ἀμφοτέρων
1768 1720 1861 1785 οἷς
1879 1722 1946 1794 δὴ

356 1823 459 1885 καὶ
505 1819 641 1882 Θεὸς
686 1820 924 1889 ἐμφανεῖ
955 1818 1345 1890 ἀρεσκόμενος.
1396 1817 1508 1869 Καὶ
1536 1817 1602 1887 δὴ
1652 1814 1809 1868 αὐτοὶ
1845 1813 1945 1886 μὲν

357 1882 459 1964 καὶ
509 1874 788 1980 βασιλεῦς.
819 1912 889 1980 (οί
934 1874 1049 1981 γάρ
1097 1874 1245 1978 ἀμφὶ
1299 1874 1391 1963 τὸν
1451 1874 1951 1978 πατριάρχην,’ὼς
1983 1874 2026 1930 Β

358 2005 661 2066 ἐδείκνυον,
690 2003 1085 2072 ἀπηρέσκοντο,
1114 2001 1256 2056 ὥστε
1285 2002 1360 2074 μὴ
1393 2001 1641 2072 φανερῶς
1667 1996 1957 2071 συμπράτ-

360 2095 502 2152 τειν)
551 2094 647 2156 τὰς
680 2094 964 2158 συνθεσίας
997 2095 1294 2165 ἐπλήρουν.
1339 2094 1407 2147 Αἰ
1442 2093 1498 2146 δέ
1535 2109 1598 2160 γε
1649 2090 1953 2157 συνθεσίαι,

363 2186 565 2250 αὐτοὺς
607 2187 712 2241 ἀνὰ
762 2187 928 2258 μέρος
961 2187 1238 2241 συνθεῖναι
1278 2203 1338 2240 τε
1366 2188 1463 2240 καὶ
1509 2185 1723 2256 γράψαι
1754 2186 1805 2238 oi
1855 2186 1957 2240 ὅσα

364 2281 517 2347 σέίσι
548 2282 961 2350 προσιστάμενα
993 2280 1068 2349 τῷ
1097 2279 1402 2351 εἰρηνεύειν
1430 2279 1676 2343 ἐδόκουν,
1710 2279 1958 2343 ἐκείνους

360 2373 410 2428 δ’
454 2369 610 2436 αὖθις
667 2371 859 2444 ἕτερον
907 2370 1077 2443 τόμον
1116 2372 1437 2427 συντάττειν
1494 2373 1591 2426 καὶ
1637 2364 1832 2443 δηλοῦν
1869 2374 1957 2442 ἐφ’

364 2548 568 2604 vicem.
631 2548 741 2604 Sed
773 2563 899 2603 cum
937 2549 1103 2604 modo
1134 2557 1404 2617 moneret,
1463 2551 1651 2606 modo‘
1678 2556 1957 2620 argueret,

369 2641 651 2696 interdum
686 2650 930 2710 rogaret,
968 2641 1266 2712 aliquando
1296 2643 1624 2707 minuatur,
1662 2644 1799 2697 nihil
1841 2650 1957 2698 non

366 2731 615 2800 denique
676 2732 1184 2801 moveret,'neque
1231 2732 1300 2787 ad
1365 2742 1667 2788 extremam
1738 2733 1960 2789 dicendi

367 2825 665 2894 agendive,
694 2841 819 2895 quae
849 2825 918 2880 ad
965 2825 1021 2880 id
1068 2827 1333 2888 facerent,
1376 2826 1801 2881 contentionem
1856 2826 1962 2881 sibi

369 2918 679 2988 quidquam
713 2918 910 2988 reliqui
979 2918 1209 2980 faceret,
1268 2918 1473 2973 frustra
1519 2928 1701 2973 tamen
1746 2931 1963 2987 semper

328 3082 331 3085 _
383 3012 514 3076 luit,
573 3013 719 3066 haud
774 3013 884 3065 ulla
943 3014 1158 3066 ratione
1213 3021 1400 3066 arteve
1472 3012 1724 3081 mitigare
1777 3006 1964 3066 valens

338 3105 353 3125 ¹
378 3104 645 3162 eﬁeratas
680 3105 1003 3160 inveteratis
1039 3105 1178 3160 odiis
1213 3114 1425 3159 mentes
1458 3106 1660 3158 obnixe
1688 3104 1742 3157 in
1767 3118 1965 3172 propo-

2044 617 2137 668 καί
2172 615 2290 681 ἅμα
2323 610 2437 681 πῦρ
2491 605 2855 664 ἐναύσαντας,
2899 594 3012 653 οἷὸν
3060 600 3107 651 τ’
3139 595 3199 649 ὃν
3246 595 3506 662 συντῆξαι
3536 593 3634 646 καὶ

2043 704 2133 757 τὸν
2187 702 2492 769 ἀδάμαντα,
2532 697 2757 757 ἐνιέναι,
2789 693 2892 746 κᾶν
2929 691 3028 758 μὲν
3062 688 3121 751 ὃς
3166 685 3492 756 φυλαχθείη,
3540 684 3633 736 καὶ

2048 798 2154 866 μὴν
2180 798 2273 848 καὶ
2302 793 2646 864 ἀμφοτέρους
2675 789 2751 857 τῷ
2776 786 3002 839 ἀϐλαϐεῖ
3042 780 3429 850 διατηρηθέντι
3465 775 3633 846 τιμὴν

2042 892 2116 954 ὡς
2141 890 2232 942 ἐπὶ
2259 890 2435 957 τούτῳ
2468 883 2781 943 δεικνύντος
2810 878 2904 931 τοῦ
2936 878 3074 930 Θεοῦ
3107 874 3206 942 τὴν
3241 874 3556 942 ἀρέσκειαν,
3583 869 3633 922 εί

2044 983 2088 1036 δ’
2131 980 2465 1050 ἀμφοτέροις
2495 974 2905 1044 διαλυμανείται
2930 968 2991 1022 τὸ
3025 966 3158 1037 πῦρ,
3198 965 3292 1017 καὶ
3319 959 3475 1024 αὖθις
3508 978 3634 1013 συν-

2046 1076 2183 1129 ιέναι
2224 1074 2316 1126 καὶ
2357 1068 2661 1140 εἰρηνεύειν
2687 1065 2761 1127 ὡς
2803 1065 2859 1115 ἐν
2882 1060 3013 1131 πυρὶ
3044 1056 3345 1127 γεγονυιῶν
3371 1054 3481 1106 τῶν
3510 1068 3637 1105 συν-

2046 1166 2242 1221 θεσιῶν
2276 1162 2526 1217 ἁπασῶν.
2550 1155 2661 1213 Ἦν
2689 1154 2886 1220 ταῦτα,
2927 1153 3021 1206 καὶ
3047 1148 3296 1221 βασιλεὺς
3341 1147 3439 1217 μὲν
3469 1144 3637 1212 ὁλκὴν

2046 1255 2347 1329 παρασχὼν
2395 1252 2639 1325 ἀργύρου
2691 1246 2751 1310 ἐξ
2803 1245 3165 1315 άφνειοτάτης
3219 1241 3401 1312 χειρὸς
3435 1238 3551 1309 (καὶ
3582 1236 3638 1290 τί

2046 1327 2193 1418 γάῥ;
2224 1346 2359 1403 ἀλλὰ
2381 1345 2478 1399 καὶ
2516 1341 2690 1411 αὐτὴν
2726 1336 3003 1410 βασιλείαν
3043 1336 3262 1404 προεῖτο
3292 1330 3382 1393 ἂν,
3422 1328 3497 1392 ὼς
3526 1327 3638 1380 ἐδό-

2047 1460 2157 1507 κει,
2186 1441 2285 1509 τῆς
2318 1439 2546 1509 εἰρήνης
2575 1431 2828 1497 ἐκείνων)
2860 1429 2953 1482 τὸν
3002 1426 3387 1496 πυροδέκμονα
3432 1421 3640 1491 λέϐητα

2047 1536 2300 1589 ἐκέλευεν
2351 1523 2895 1601 ἀργυροτυποῦσθιι,
2955 1519 3119 1582 αὐτὸς
3171 1518 3253 1580 δὲ,
3298 1516 3421 1569 ἐπεὶ
3471 1514 3565 1567 καὶ
3601 1513 3638 1583 ἡ

2052 1629 2262 1701 μεγάλη
2295 1628 2391 1682 καὶ
2416 1624 2547 1694 ἁγία
2585 1621 2821 1691 ἑϐδομὰς
2865 1615 3207 1686 ἐφειστήκει,
3232 1611 3450 1682 ἡμέραν
3480 1608 3641 1679 ἔχου-

2051 1720 2161 1778 σαν
2180 1722 2243 1776 τὸ
2266 1721 2426 1776 πλέον
2454 1717 2550 1772 τοῦ
2584 1714 2875 1788 μεγαλείου
2900 1710 2998 1766 καὶ
3020 1708 3158 1782 πρὸς
3187 1709 3255 1778 τῇ
3282 1702 3639 1788 άναστασίμῳ
3662 1732 3676 1751 .

2049 1812 2218 1870 οὖσαν
2264 1814 2345 1876 είς
2383 1812 2484 1881 τὴν
2515 1786 2746 1877 δοκιμὴν
2791 1805 3012 1873 ἐκείνην
3056 1800 3387 1857 ἐπέταττεν
3416 1796 3450 1864 ἡ
3493 1786 3640 1865 δ’-ἢν

2056 1910 2091 1980 ἠ
2113 1905 2208 1961 τοῦ
2243 1904 2480 1977 μεγάλου
2508 1900 2728 1962 πάντως
2761 1895 3060 1950 Σαϐϐάτου.
3089 1890 3230 1947 Καθ’
3257 1889 3324 1961 ἢν
3350 1884 3642 1957 συναχθέν-

2056 2018 2149 2063 τες
2176 1999 2312 2068 ἅμα,
2345 1997 2611 2068 πρότερον
2647 1989 2819 2044 πολλὰ
2852 1989 2912 2042 τὸ
2953 1987 3106 2040 Θείον
3135 1982 3393 2053 περὶτῶν
3420 1995 3642 2049 προκει-

2063 2092 2238 2163 μένων
2267 2085 2706 2148 λιτανεύσαντες,
2741 2082 2847 2135 ύπδ
2884 2082 2996 2142 τοῖς
3028 2078 3286 2131 ἁπάντων
3315 2071 3639 2143 ὀφθαλμοῖς,

2061 2162 2327 2252 παρόντος
2354 2181 2470 2233 ἐκεῖ
2489 2178 2582 2231 καὶ
2612 2176 2702 2229 τοῦ
2736 2172 3027 2246 βασιλέως,
3056 2167 3303 2223 εὐλαϐὦν
3329 2167 3487 2236 χερσὶ
3512 2162 3642 2225 τοὺς

2060 2274 2261 2343 τόμους
2297 2270 2599 2331 ἐπίστευον,
2628 2266 2677 2319 οἶ
2704 2265 2769 2334 δὴ
2798 2264 2891 2316 καὶ
2939 2264 3121 2314 πᾶσαν
3154 2256 3410 2318 ὑπονοίας
3458 2253 3641 2307 αἰτίαν

2063 2363 2464 2435 ὑποτεμόμενοι
2493 2357 2825 2430 ἐμϐάλλουσι
2854 2355 2932 2425 τῷ
2958 2356 3092 2425 πυρὶ
3119 2353 3242 2412 τοὺς
3269 2350 3496 2420 χάρτας,
3524 2347 3645 2399 θεο-

2067 2554 2349 2617 etimonlae
2379 2554 2663 2611 hominum
2682 2548 2909 2623 gloriam
2936 2544 3261 2600 mirabiliter
3286 2550 3509 2612 patrare
3534 2537 3642 2594 sibi

2065 2651 2325 2710 duxisset
2356 2648 2695 2719 gloriosum»
2716 2642 2834 2698 Hoc
2862 2641 3029 2712 igitur
3047 2648 3116 2694 ‘et
3146 2637 3406 2692 audacter
3436 2642 3489 2688 et
3525 2648 3645 2687 ma-

2066 2739 2601 2816 gnifice’jactabant.
2638 2735 2968 2806 permittere
3005 2744 3066 2785 se
3099 2743 3213 2782 rem
3250 2727 3362 2781 Deo
3400 2741 3417 2781 :
3457 2723 3647 2778 decla-

2065 2832 2310 2892 raturam
2344 2832 2491 2888 baud
2508 2830 2668 2886 dubie
2697 2829 2874 2898 ipsum
2900 2824 3037 2878 mira
3068 2820 3371 2892 cnjuspiam
3395 2818 3647 2872 editione

2065 2930 2306 3001 portenti
2337 2927 2580 2981 favorem
2605 2924 2662 2977 in
2690 2935 2912 2976 causam
2943 2918 3189 2988 ipsorum
3223 2928 3406 2976 suum,
3435 2926 3497 2965 ea
3534 2910 3651 2965 evi-

2068 3023 2250 3079 dentia
2262 3021 2350 3077 cui
2369 3019 2617 3073 neutrius
2638 3014 2807 3085 partis
2832 3010 3124 3082 quantavis
3138 3008 3244 3078 σι
3265 3005 3437 3061 obniti
3474 3003 3650 3074 perti-

2067 3113 2223 3167 nacia
2253 3110 2587 3166 sustineret.‘
2611 3105 2733 3159 Non
2768 3100 3047 3172 displicuit
3078 3098 3398 3169 imperatori
3439 3109 3652 3165 propo-

377 3203 490 3256 sito
544 3201 825 3271 utrimque
854 3200 1251 3271 perstantium,
1278 3214 1378 3255 nec
1410 3199 1520 3254 ιιίεἰ
1550 3198 1722 3270 signis
1763 3197 1966 3252 divini-
1991 3222 2034 3280 α
2069 3207 2219 3261 sitio,
2250 3203 2393 3275 Ergo
2425 3202 2472 3256 is
2525 3201 2830 3273 (utcunque
2871 3192 3187 3265 patriarcha
3217 3199 3530 3260 suspectam
3555 3189 3653 3241 ha-

374 3304 468 3349 tus
501 3294 667 3349 editis
696 3308 951 3349 cessuras
1003 3309 1129 3348 sese
1173 3292 1568 3362 proﬁtentium,
1613 3300 1709 3344 aut
1750 3304 1975 3359 persua—

374 3387 497 3442 deri
520 3389 796 3442 contraria
838 3388 1065 3443 creditis
1094 3387 1364 3441 hactenus
1383 3385 1668 3456 passu’ras.
1704 3383 1801 3439 Sic
1817 3384 1962 3437 enim

375 3480 527 3552 apud
558 3496 683 3536 sese
715 3478 1084 3546 disserebant,
1121 3481 1257 3534 verti
1308 3493 1466 3533 suam
1491 3478 1733 3546 ipsorum
1782 3477 1837 3529 in
1874 3477 1975 3529 hoc

378 3560 852 3627 existimationem
868 3581 923 3626 et
944 3572 1145 3629 famam
1170 3579 1469 3636 scctze,nec
1493 3569 1540 3624 si
1565 3567 1742 3622 verbis
1762 3575 1972 3620 tantum

379 3676 439 3720 et
473 3666 792 3721 rationibus
824 3666 1081 3720 humanis
1107 3665 1176 3719 de
1211 3672 1323 3717 tam
1383 3671 1712 3718 constanter
1770 3663 1975 3715 hucus-

383 3776 493 3831 que
518 3758 792 3815 al‘iirmata
831 3760 1113 3814 sententia
1143 3758 1584 3821 diutoverentur,
1622 3754 1797 3809 vitare
1824 3753 1973 3821 ipsos

384 3868 552 3923 posse
590 3857 726 3923 quin
750 3852 877 3921 jure
904 3851 1252 3914 viderentur,
1294 3848 1588 3904 arbitraria
1629 3847 1807 3901 solum
1838 3861 1976 3915 pra:-

386 3946 549 4000 iracti
594 3946 761 3998 animi
806 3944 1182 4007 contumacia,
1225 3943 1346 3997 sine
1406 3950 1733 4011 argumento
1779 3939 1976 3993 funda-

388 4050 648 4093 inentove
683 4036 1032 4091 auctoritatis
1054 4036 1287 4102 idoneae,
1325 4033 1595 4105 antiquis'
1631 4034 1785 4099 adeo,
1824 4030 1976 4086 inﬂe-

386 4130 628 4187 xibiliter
658 4131 877 4202 placitis
914 4130 1161 4186 haesisse.

426 4252 515 4324 2'2:
548 4268 633 4323 De
660 4252 1091 4324 conventionibus
1118 4268 1406 4340 Atramytt’i
1437 4281 1528 4337 per
1560 4265 1735 4335 ignem
1764 4261 1936 4317 initis.

466 4408 652 4477 itaque
687 4407 788 4460 rati
815 4406 896 4461 sic
932 4405 1185 4462 excusari
1220 4402 1701 4474 duntaxat‘posse
1750 4409 1975 4470 praeter-

388 4500 523 4554 itam
574 4499 963 4571 pertinaciam,
1024 4498 1071 4553 si
1121 4497 1343 4553 nonnisi
1377 4497 1533 4568 signo
1561 4495 1854 4550 manilesto
1886 4492 1973 4549 di-

2072 3300 2229 3355 berct
2259 3295 2554 3366 ancipitem
2591 3291 2912 3355 navitatem,
2960 3296 3019 3343 et
3066 3287 3115 3341 ei
3149 3285 3329 3356 palam
3363 3280 3651 3351 cooperari

2075 3393 2289 3447 facinus
2315 3404 2374 3444 se
2399 3389 2627 3456 dignum
2656 3383 2800 3439 haud
2840 3366 3090 3449 duceret)
3120 3380 3176 3433 in
3213 3378 3371 3432 istam
3397 3392 3522 3430 cum
3546 3375 3651 3428 Ar—

2074 3482 2323 3540 seniauis
2362 3478 2742 3535 Conditionem
2787 3474 2991 3544 cupide
3023 3470 3305 3533 convenit,
3345 3477 3403 3522 ut
3436 3468 3491 3521 bi
3524 3467 3648 3535 qni-

2074 3578 2198 3633 dem
2236 3576 2478 3645 primnm
2513 3571 2725 3640 scripto
2748 3567 2962 3638 prolixe
2991 3562 3393 3620 commentario
3423 3560 3659 3613 manda-

2074 3676 2196 3722 rent
2228 3680 2357 3720 suas
2396 3663 2463 3718 de
2493 3659 2916 3716 adversantibus
2947 3654 3200 3726 querelas
3232 3668 3297 3707 ac
3322 3652 3524 3721 quibus
3556 3663 3661 3703 eos

2075 3755 2300 3829 purgari
2344 3753 2574 3825 piaculis
2601 3752 2846 3822 iuberet,
2885 3757 3013 3819 post
3050 3761 3170 3817 qua:
3213 3751 3469 3813 suscepta
3506 3742 3653 3795 bona

2076 3851 2183 3905 fide
2224 3849 2376 3920 ipsos
2411 3849 2468 3901 in
2501 3844 2952 3901 communionem
3000 3855 3106 3894 non
3149 3838 3425 3909 gravaturi
3466 3840 3657 3889 essent

2074 3941 2386 3999 admittere,
2460 3934 2762 4004 Josepbitae
2836 3940 3029 3986 contra
3104 3924 3372 3984 volumini
3450 3921 3659 3994 pariter

2074 4034 2251 4088 otiose
2282 4026 2614 4085 concinnato
2648 4022 3063 4079 committerent
3105 4017 3457 4074 defensiones
3501 4028 3657 4077 suas,

2073 4123 2272 4195 quibus
2330 4119 2767 4174 Arsenianorum
2802 4102 3049 4184 'objecta
3109 4110 3448 4165 refellerent.
3511 4105 3651 4166 Tum

2073 4231 2205 4287 pyra
2245 4211 2675 4268 succenderetur
2711 4206 2857 4263 tanti
2891 4202 3107 4259 ardoris
3145 4201 3239 4271 qui
3275 4198 3660 4254 consumendo

1996 4342 2005 4349 ι
2073 4312 2160 4368 vel
2192 4307 2467 4365 adamanti
2492 4320 2591 4376 par
2634 4294 3231 4373 pene'futu‘rusvideri
3269 4299 3475 4363 posset,
3508 4296 3562 4343 et
3597 4287 3657 4341 in

2075 4418 2195 4459 eam
2218 4400 2493 4469 scriptura
2526 4406 2758 4465 utraque
2805 4392 3196 4463 conjiceretur.
3242 4385 3300 4441 Si
3324 4398 3429 4457 una
3460 4396 3528 4435 ex
3568 4381 3661 4433 his-

2073 4496 2125 4551 vi
2171 4493 2403 4548 ﬂammae
2430 4497 2757 4558 consumpta
2816 4487 2981 4540 illaesa
3022 4483 3191 4537 altera
3233 4485 3521 4547 perstaret,
3559 4489 3665 4528 su-r

391 4593 505 4649 vini
534 4592 801 4649 contrarii
841 4592 1036 4663 judicii
1080 4593 1260 4662 palam
1296 4600 1522 4645 ostenso
1567 4597 1811 4644 veterem
1845 4604 1973 4657 per-
2006 4594 2049 4650 ι)
2078 4588 2290 4660 perstiti
2331 4595 2388 4639 ut
2423 4584 2613 4639 divino
2645 4578 2963 4636 testimonio
2994 4575 3239 4645 probata:
3282 4570 3523 4625 universi
3559 4583 3669 4621 ac-I

393 4688 711 4743 suasionem
762 4686 1044 4741 remisisse
1091 4684 1434 4750 dicerentur,
1499 4681 1644 4736 ultro
1705 4694 1969 4751 provoca-

396 4783 526 4836 bant
566 4781 634 4836 ad
670 4779 938 4850 prodigia,
990 4778 1233 4849 qualium
1277 4776 1345 4830 ad
1394 4773 1774 4842 coarguendas
1813 4772 1974 4825 aliter

394 4893 460 4932 ac
494 4891 583 4931 res
616 4883 737 4929 erat
769 4872 1136 4943 opinantium
1165 4872 1421 4925 humanae
1453 4865 1973 4921 ratiocinationibus

395 4971 593 5025 mentis
645 4966 1180 5038 indeprehensibiles
1237 4964 1658 5018 allucinationes
1697 4973 1974 5013 usumex—

394 5061 603 5117 stitisse
643 5060 777 5114 olim
822 5060 880 5113 in
926 5059 1207 5113 veteribus
1234 5070 1416 5110 rerum
1458 5050 1972 5108 ecclesiasticarum

400 5144 771 5209 munumeutis
812 5151 1110 5215 celebrem,
1154 5163 1281 5205 sese
1331 5148 1659 5202 observasse
1704 5145 1971 5197 memine'

401 5258 544 5303 rant.
572 5247 629 5301 In
660 5259 771 5316 quo
806 5244 946 5300 adeo
984 5243 1088 5298 sibi
1133 5241 1393 5297 favebant
1422 5239 1581 5310 larga’
1621 5235 1975 5307 pr0priorum

350 5342 361 5349 ’
402 5340 770 5395 estimatione
805 5337 1155 5399 meritorum,
1188 5343 1251 5389 ut
1294 5347 1451 5388 suam
1491 5332 1637 5387 inter
1672 5339 1727 5384 et
1754 5336 1978 5383 sancto-

403 5446 524 5486 rum
558 5441 911 5504 quorumque
939 5426 1229 5482 hominum
1252 5431 1462 5493 sortem
1490 5420 1627 5477 nihil
1653 5418 1979 5474 discernen-

404 5524 530 5579 dum
558 5528 952 5588 autumarent;
1000 5528 1054 5575 et
1100 5515 1407 5583 cumidem
1448 5514 1638 5582 utique
1677 5511 1773 5582 qui
1823 5509 1978 5576 olim,

404 5633 553 5674 nunc
579 5628 801 5688 quoque
829 5612 1061 5686 polleret
1090 5609 1255 5673 Deus,
1284 5605 1648 5665 dubitandum
1674 5618 1785 5660 non
1817 5614 1982 5674 puta-

402 5720 523 5766 rent
547 5710 681 5780 quin
711 5707 848 5778 ipsis
872 5702 1150 5774 intrepida
1184 5701 1384 5755 fiducia
1427 5694 1785 5769 poscentibus
1830 5693 1982 5765 paria

407 5819 517 5858 sua:
533 5815 808 5872 suprema:
840 5799 1151 5867 indulgeret
1174 5793 1553 5864 experimenta
1583 5789 1866 5858 potestatis
1891 5787 1983 5853 iis,

405 5910 522 5954 quae
553 5895 610 5949 in
644 5893 749 5950 sibi
782 5892 1078 5947 charorum
1123 5887 1396 5949 quondam
1435 5895 1491 5939 et
1542 5891 1803 5944 spectata:
1854 5896 1985 5935 san-

2075 4679 2445 4749 quiescerent,
2471 4682 2526 4726 et
2554 4678 2717 4727 secta:
2746 4685 2775 4723 a
2810 4684 2916 4737 qua
2943 4674 3092 4721 eSset
3114 4665 3340 4734 scripta,
3374 4660 3576 4715 veritas
3601 4667 3671 4714 et

2075 4770 2390 4825 innocentia
2425 4782 2547 4821 cum
2571 4761 2923 4818 veneratione
2954 4758 3136 4814 debita
3173 4767 3227 4811 et
3273 4764 3524 4825 prompta
3565 4768 3666 4804 ex-

2075 4862 2360 4917 secutione
2390 4856 2843 4926 praescriptorum
2865 4860 3276 4925 agnosceretur.
3312 4847 3407 4902 Sin
3443 4856 3671 4899 utrumv

2077 4971 2183 5025 que
2215 4956 2467 5008 volumen
2490 4964 2642 5021 aeque
2666 4948 2808 5019 ignis
2838 4955 3117 5006 exureret,
3151 4958 3281 4998 tunc
3314 4957 3533 5011 quoque
3570 4953 3673 4991 ve-

2079 5050 2159 5103 int
2182 5046 2397 5102 abolitis
2419 5047 2606 5099 divino
2624 5044 2777 5113 jussu
2803 5041 3208 5096 dissensionum
3232 5034 3413 5090 causis
3432 5048 3676 5087 ροιιευοσ

2081 5141 2171 5197 dia
2204 5140 2420 5195 sincera
2454 5138 2711 5200 iniretur,
2741 5148 2797 5190 et
2819 5137 3038 5189 [lamina
3064 5148 3176 5186 usa:
3232 5130 3460 5193 arbitra,
3499 5141 3675 5196 pacac

2082 5235 2155 5288 tis
2181 5234 2297 5302 jam
2334 5231 2553 5294 animis,
2583 5229 2640 5282 in
2677 5230 2996 5283 societatem
3030 5224 3201 5277 amba:
3238 5230 3422 5291 partes
3452 5219 3675 5273 coirent

2084 5325 2334 5379 intimam
2356 5332 2531 5392 atque
2583 5322 2638 5374 in
2693 5332 2909 5390 tempus
2962 5332 3128 5372 omne
3180 5314 3505 5370 durabilem.
3557 5312 3684 5364 Sub

2085 5419 2200 5471 baac
2232 5416 2403 5484 pactis
2436 5414 2510 5468 ita
2557 5410 2772 5465 ﬁrmata
2806 5405 3187 5470 sanctissimis,
3231 5403 3529 5473 imperator
3557 5415 3672 5484 ue-

2084 5508 2209 5563 lesti
2258 5505 2642 5576 experimento
2674 5504 2981 5574 pretiosum
3035 5499 3413 5569 apparandum
3466 5476 3673 5548 instru-

2087 5607 2337 5654 mentum
2371 5584 2544 5660 ratus,
2581 5608 2841 5666 magnum
2878 5589 3091 5662 argenti
3130 5587 3347 5659 pondus
3379 5582 3677 5639 conﬂatori

2088 5695 2263 5759 dedit,
2294 5708 2360 5748 ex
2404 5704 2514 5761 quo
2540 5692 2694 5746 lebes
2720 5687 3052 5744 formaretur
3077 5678 3389 5754 ignissacri
3422 5685 3679 5746 receptuv

2086 5787 2295 5843 culum.
2333 5784 2535 5851 Quidni
2563 5780 2739 5838 vero?
2771 5783 2862 5850 qui
2897 5786 3070 5834 totum
3105 5778 3281 5845 ipsum
3302 5810 3318 5837 ,
3349 5784 3486 5841 pene
3520 5768 3676 5854 dixe:

2091 5886 2218 5942 ritu,
2250 5880 2547 5936 imocrium
2604 5878 2657 5931 in
2719 5889 2871 5933 soetu
2919 5862 3325 5925 cauciltationis
3373 5863 3533 5928 longe
3569 5858 3679 5913 sibi
