3950 6554
489 382 557 449 τι

1711 367 2038 450 GEORGli
2074 390 2560 457 PACHYME’RAZ

3707 406 3779 461 7‘2

488 506 830 562 κλυτούντων
892 506 1117 560 ἐκείνων
1159 505 1252 562 καὶ
1284 503 1353 557 τὰ
1411 505 1634 576 θεοφιλῆ
1689 509 2078 577 ποτνιωμένων
2106 513 2150 569 Α
2184 510 2276 561 καὶ
2298 510 2446 581 [apo-3
2486 510 2966 583 μεταλαμϐάνουσι
2996 512 3328 581 κλάσματος,
3358 511 3511 586 δῆλοί
3533 534 3594 571 τε
3627 512 3773 587 ἦσαν

486 600 574 670 ἐφ’
677 602 972 673 προσσχεῖν
995 600 1088 654 τὸν
1114 600 1248 652 Θεδν
1281 600 1379 651 καὶ
1411 600 1709 669 ἔμ’,ςανῖσαι
1734 600 1834 671 τὴν
1864 600 2073 653 οἰκείαν

487 692 764 763 βούλησιν,
798 694 896 762 τὴν
946 694 1170 763 μακρὰν
1208 692 1358 759 σφῶν
1398 692 1777 762 ταλαιπωρίαν
1823 693 2076 761 δυσωπη-

485 782 674 837 θέντα.
719 784 806 847 Ὠς
853 784 985 851 γοῦν
1040 782 1436 852 ὲνεὸλήθησαν,
1494 784 1720 854 καλάμη
1750 779 1889 853 ἦσαν
1937 785 2072 853 πρὸς

484 874 718 945 κάμινον
746 875 842 927 καὶ
874 875 1198 942 ἀμφότεροι,
1243 876 1336 927 καὶ
1379 874 1443 925 τὸ
1470 876 1583 944 πῦρ
1616 876 1718 926 οὐκ
1756 876 1942 943 ἠγνόει
1972 875 2072 943 τὴν

482 965 679 1019 ἑαυτοῦ
707 964 963 1034 δύναμιν,
1000 967 1097 1017 καὶ
1136 966 1598 1037 συνεπτυγμένων
1639 966 1923 1036 ἀραρότως
1947 970 2073 1019 ἐπε-

482 1054 812 1127 λαμϐάνετο,
847 1056 988 1109 ὥστε
1014 1059 1109 1109 καὶ
1144 1059 1272 1126 μιᾶς
1299 1056 1331 1126 ἧ
1365 1058 1459 1111 καὶ
1484 1057 1740 1128 δευτέρας
1769 1057 1916 1129 ὥρας
1942 1074 2072 1110 σπο-

477 1147 569 1201 δὸν
617 1148 877 1216 γενέσθαι
933 1149 1030 1203 καὶ
1075 1149 1443 1219 ἀμφοτέρους.
1481 1150 1615 1204 Τότε
1677 1150 1809 1219 γοῦν
1868 1150 2066 1212 τελέως

479 1241 1107 1311 ἀποκαραδοκήσαντες,
1167 1244 1370 1313 τρόπον
1434 1243 1544 1296 τῶν
1599 1245 1821 1310 τὸμων,
1878 1243 2068 1313 ὥσπερ

479 1336 678 1387 ἐκεῖνοι
712 1336 871 1405 πυρὶ,
900 1336 1073 1400 οὕτως
1117 1329 1265 1389 οὗτοι
1300 1335 1513 1406 βασιλεῖ
1553 1336 1821 1389 ἐνεδίδουν
1854 1337 1951 1388 καὶ⁵
1976 1337 2069 1405 δῆ-

476 1425 749 1499 λοι⁷ἦσαν
787 1429 1205 1491 ὐποκλινοῦντες
1251 1430 1331 1500 τῷ
1383 1430 1721 1500 πατριάρχῃ.
1767 1429 1828 1481 Ὀ
1884 1431 2067 1500 μέντοι

475 1535 541 1587 γε
572 1520 825 1591 βασιλεὺς
848 1520 1124 1591 διαχυθεὶς
1152 1517 1263 1573 οἷον
1292 1520 1500 1574 ἐκεῖθεν
1538 1520 1613 1584 ὣς
1643 1537 1698 1572 τι
1727 1520 1933 1591 δράσας
1954 1521 2066 1575 τῶν

475 1611 808 1682 θαυμαστῶν
853 1612 1192 1684 (θαυμαστὸν
1224 1615 1334 1684 γὰρ
1361 1613 1535 1667 ἐδόκει
1582 1613 1805 1683 γνώμας
1837 1615 2065 1684 ἰσχυρὰς

474 1705 532 1756 ἐν
561 1705 760 1775 ἀκαρεῖ
788 1704 1178 1775 μαλαχθῆναι),
1207 1704 1282 1768 ὡς
1311 1706 1411 1777 ἤδη
1441 1706 1503 1759 τὸ
1527 1705 1648 1759 ὅλον
1678 1704 2063 1777 κατωρθωκὼς

474 1795 535 1860 ἐξ
554 1796 722 1865 αὐτῆς
741 1796 1315 1867 λαφυραγωγηθέντας
1334 1798 1630 1867 προσάγειν
1644 1796 1721 1868 τῷ
1744 1798 2060 1869 πατριάρχῃ

2176 601 2238 666 ἐξ
2261 597 2338 667 ὦν
2364 603 2551 673 ἔλεγόν
2599 621 2660 658 τε
2696 605 2791 659 καὶ
2842 606 3113 677 ἔπραττον
3145 607 3302 662 πάντ’
3346 608 3545 672 εῶντες
3577 600 3665 678 ιφ’
3692 605 3771 673 οἳ,

2173 693 2234 744 τὸ
2265 694 2481 763 πρῶτον
2522 694 2602 759 ὡς
2649 698 2892 767 ἰσχυροῖς
2922 696 2983 763 ἐξ
3029 698 3277 767 ἀνάγκης
3328 699 3596 771 μεγίστης
3625 702 3777 769 ἐσχί-

2175 781 2348 846 ζοντο.
2410 784 2766 853 Ἐπέφωσκεν
2813 789 2846 858 ἡ
2888 789 3092 860 ἡμέρα,
3129 790 3227 843 καὶ
3259 789 3319 843 τὸ
3356 789 3559 861 θερμὸν
3589 791 3773 845 ἐκεῖνο

2175 876 2270 927 καὶ
2307 874 2521 932 ἔντονον
2570 879 2706 950 πρὸς
2736 882 2961 952 εἰρήνην
2999 883 3343 953 ψυχροῦσθαι
3393 886 3488 939 καὶ
3523 901 3770 956 κατακαι-

2172 967 2270 1038 λᾷν
2300 969 2519 1041 ἤρχετο,
2554 972 2650 1025 καὶ
2698 971 2775 1035 ὡς
2818 976 3269 1045 κατασοφισθεῦιι
3321 978 3508 1046 σφίσιν
3547 980 3769 1042 ἑαυτοῖς

2172 1077 2481 1133 προσειχον.
2525 1064 2615 1118 Ἐν
2665 1068 2866 1134 ἀφανεῖ
2910 1067 2967 1120 δὲ
2997 1068 3135 1133 τέως
3183 1071 3251 1123 τὰ
3301 1069 3400 1141 τῆς
3455 1070 3767 1141 μεταὸολῆς

2171 1154 2385 1226 ἔχοντες
2419 1158 2629 1228 (κτῆμα
2658 1161 2767 1230 γὰρ
2795 1155 2935 1213 εἶναι
2971 1160 3194 1225 πειθοῦς
3228 1160 3328 1233 τὴν
3370 1163 3620 1235 εἰρήνην,
3648 1162 3768 1216 ἀλλ’

2169 1249 2229 1300 οὐ
2285 1247 2460 1318 τύχης
2512 1249 2773 1321 ἔκρινον),
2827 1253 2983 1321 μόλις
3037 1254 3132 1307 καὶ
3182 1256 3240 1318 ἐς
3277 1255 3495 1325 ἐκείνης
3541 1256 3764 1326 ἡμέρας

2172 1343 2438 1411 ἑσπέραν,
2472 1342 2550 1407 ὡς
2583 1345 2908 1413 ἀφυλάκτως
2943 1349 3296 1417 ἐμπεσόντες,
3331 1352 3389 1404 ὲν
3431 1350 3593 1422 δεινῷ
3616 1351 3767 1405 τιθέ-

2172 1452 2325 1502 μενοι
2354 1435 2568 1506 ἔμενον,
2603 1439 2818 1507 πρωῖας
2847 1439 2903 1492 δὲ
2933 1440 3073 1511 πλὴν
3108 1441 3309 1509 ὀλίγων
3337 1443 3540 1507 πάντες
3581 1461 3760 1513 παρε-

2168 1529 2476 1599 κεκίνηντο.
2508 1531 2567 1585 '0
2594 1532 2724 1601 γοῦν
2753 1534 2994 1602 κρατῶν,
3025 1537 3146 1588 ἐπεὶ
3170 1536 3310 1606 ἔγνω
3342 1537 3404 1591 τὸ
3429 1541 3542 1593 πᾶν
3569 1542 3764 1610 είργα⁸

2167 1621 2365 1690 σμένος
2426 1623 2625 1696 μάτην,
2686 1628 2909 1695 συνάγει
2965 1645 3026 1681 τε
3082 1629 3211 1693 τοὺς
3269 1630 3615 1703 προῦχοντας
3658 1634 3759 1686 καὶ

2162 1713 2489 1785 δημηγορεῖ.
2524 1718 2631 1770 Καὶ
2665 1720 2756 1772 τὸν
2785 1720 2884 1788 μὲν
2914 1722 3261 1794 πατριάρχην
3291 1725 3401 1777 ἔσω
3432 1741 3536 1779 που
3566 1743 3757 1798 ampu-

2164 1805 2335 1869 δύσας
2366 1809 2749 1879 ἐστολισμένον
2783 1813 2995 1877 στολαῖς
3019 1816 3190 1885 ἱεραῖς
3220 1817 3591 1886 προσέταττεν
3613 1821 3754 1890 ἡρεο

471 1888 549 1996 dic
576 1882 761 1996 εἶχεν“
775 1889 959 1996 ὥρμα.
1011 1890 1105 1994 καί
1132 1889 1395 1996 κριυμὼδη
1442 1892 1833 1962 κατανίφοντος
1859 1895 2061 1962 ἡφρον-
2089 1941 2131 1996 Β
2163 1899 2306 1967 μεῖν,
2342 1900 2528 1964 αὐτοῖς
2554 1902 2612 1955 δὲ
2647 1904 2896 1974 στρέφων
2924 1902 3038 1961 οῖον
3065 1882 3239 1974 διττὰ,
3265 1882 3375 1964 *καὶ
3419 1882 3757 1985 τεχνιτευων

460 1981 666 2067 τίστει,
699 1979 783 2052 [Ρ.
818 1981 911 2053 58]
941 1983 1036 2035 καὶ
1081 1982 1261 2034 λαϐὼν
1309 1983 1549 2045 ἐκείνους
1577 1983 1695 2054 ἅμα
1740 1985 1879 2056 πεζῇ
1911 1984 2059 2055 βαδί-

470 2072 580 2137 ζων
610 2073 711 2142 ὀψὲ
744 2073 1024 2128 Σαῦὸάτου
1054 2074 1132 2146 τῷ
1172 2075 1490 2148 πατριάρχῃ
1513 2078 1867 2148 παρίστησιν.
1900 2077 1964 2132 Οἱ
1993 2078 2057 2149 δὴ

470 2165 568 2219 καὶ
598 2165 825 2219 αὐτόθεν
858 2167 1177 2235 προσιόντες
1210 2167 1461 2236 εὐλογίας
1492 2184 1551 2221 τε
1586 2169 2056 2241 μεταλαγχάνουσι

467 2341 829 2413 Optatissimte
855 2340 1093 2395 libenter
1122 2338 1517 2411 prolligaturus
1544 2339 1844 2395 videretur.
1873 2340 2054 2396 Desti-

467 2435 621 2489 navit
671 2444 937 2506 pra-terea
1000 2436 1134 2486 tanti
1195 2433 1461 2486 momenti
1511 2433 1851 2491 eteremonite
1908 2432 2050 2487 diem

464 2529 715 2583 omnium
749 2528 1129 2591 sacerrimam,
1171 2527 1273 2579 hoe
1303 2535 1409 2593 est,
1439 2526 1697 2598 quoniam
1741 2527 1916 2598 major
1939 2526 2051 2597 jam

468 2621 768 2674 hebdomas
790 2619 1084 2681 institerat,
1111 2618 1410 2673 Sabbatum
1432 2618 1609 2688 ipsum
1645 2628 1915 2683 sanctum,
1950 2618 2051 2674 Pa-

463 2710 608 2767 scha:
627 2711 894 2765 festorum
920 2710 1187 2780 principis
1204 2710 1466 2781 vigiliam.
1488 2709 1893 2781 Taliergoluce
1914 2726 2047 2766 con-

463 2803 701 2874 gregatis
736 2804 973 2862 cunctis.
1006 2801 1301 2872 propitiato
1322 2802 1432 2872 62
1465 2802 1641 2873 longis
1683 2800 2049 2856 communiter

460 2894 805 2949 orationibus
856 2894 988 2959 Deo,
1043 2906 1104 2947 ut
1144 2903 1333 2964 empta
1379 2894 1667 2948 fortunare
1704 2894 2044 2960 dignaretur,

463 2989 683 3041 tandem
739 2972 1015 3042 universis
1089 2987 1553 3056 inspectantibus,
1601 2986 1726 3056 ipso
1776 2996 2046 3056 prasente

458 3080 731 3148 Augusto,
762 3082 978 3150 piorum
1006 3079 1314 3148 hominum;
1347 3087 1401 3133 et
1441 3081 1624 3133 neutri
1655 3078 1797 3148 parti
1847 3092 2040 3147 suspe-

462 3188 676 3228 etorum
710 3174 964 3228 manibus
994 3174 1274 3227 volumina
1323 3172 1583 3242 utrinque
1626 3172 2038 3243 consignantur.

2162 1989 2237 2053 ὡς
2264 1986 2333 2062 ἦν
2382 1993 2519 2063 πρὸς
2569 1994 2666 2059 τὰς
2692 1996 2917 2053 ἐκείνων
2967 2000 3215 2065 διπλόας,
3265 2004 3416 2069 ὅπως
3459 2005 3527 2059 ἂν
3569 2002 3755 2077 ἔχοιεν

2161 2081 2387 2153 γνῶμης
2427 2084 2518 2138 τὸν
2567 2091 3012 2161 πατριαρχοῦντα
3063 2093 3468 2153 διεπυνθάνετο.
3530 2100 3661 2163 Τοῖς
3693 2102 3755 2154 δὲ

2161 2175 2238 2246 μὴ
2267 2177 2550 2249 ὁμολογεῖν
2582 2182 2682 2253 μὲν
2706 2185 2915 2240 ἐκεῖνον
2940 2188 3289 2261 πατριάρχην
3313 2193 3342 2246 ὁ
3364 2192 3495 2263 παρ’
3526 2194 3751 2249 ἐκείνου

2156 2349 2338 2421 guidis
2367 2350 2555 2409 ﬂoccis
2579 2356 2720 2411 caelo
2762 2359 2977 2429 passim.
3004 2360 3284 2417 hiemante
3325 2361 3751 2433 depluentibus,

2154 2455 2253 2510 per
2294 2442 2450 2498 nives
2477 2452 2533 2499 et
2566 2446 2690 2516 geltt
2714 2448 2880 2517 pedes
2903 2450 3047 2505 viam
3085 2451 3319 2507 mediam
3346 2468 3626 2521 emensus,
3646 2471 3749 2508 ea-

2152 2533 2278 2589 dem
2305 2534 2527 2592 Sabbati
2560 2540 2737 2595 sancti
2758 2543 3012 2612 vespera,
3034 2545 3401 2614 patriarcham
3431 2548 3548 2602 adit
3575 2548 3749 2619 eique

2152 2625 2492 2685 Arsenianos
2522 2630 2687 2687 dfert
2712 2632 2838 2703 ;qui
2872 2636 3149 2706 supplices
3166 2638 3637 2714 admotieulegias
3676 2644 3750 2697 ab

2149 2734 2216 2774 eo
2246 2725 2296 2774 et
2332 2722 2473 2775 sacri
2495 2724 2650 2793 panis
2677 2718 3044 2798 fragmentum
3082 2730 3382 2799 accipiunt,
3403 2732 3513 2804 63
3551 2735 3746 2805 plane,

2149 2820 2208 2865 ut
2261 2820 2375 2867 tum
2441 2816 2804 2884 apparebant,
2865 2819 3239 2891 signiﬁcantes
3303 2830 3623 2882 renuntiare
3685 2843 3750 2882 se

2147 2903 2397 2972 pristinis
2441 2908 2915 2978 persuasionibus,
2973 2922 3027 2966 et
3081 2929 3215 2969 vero
3269 2916 3489 2972 tandem
3547 2921 3745 2991 agnito

2146 2995 2413 3051 deductos
2442 3009 2641 3055 cuncta
2669 3001 2760 3055 illa
2789 3004 3093 3074 superiora,
3128 3023 3250 3076 quae
3280 3025 3379 3078 pro
3404 3013 3745 3070 necessariis

2144 3090 2503 3146 abscindendi
2531 3108 2656 3149 sese
2684 3096 2754 3150 ab
2798 3096 3039 3153 Ecclesia
3068 3106 3253 3156 causis
3281 3103 3613 3169 habuerant,
3648 3123 3733 3162 re-

2146 3184 2367 3239 mittere
2404 3201 2469 3241 ac
2496 3189 2635 3242 velle
2680 3191 2933 3247 oblivisci
2966 3194 3110 3250 bona
3152 3196 3277 3253 (ide.
3325 3198 3603 3256 Caeterum
3639 3203 3736 3257 vix

458 3268 535 3320 Ea
566 3268 664 3334 illi,
695 3268 841 3337 quod
880 3268 1022 3321 bene
1070 3275 1329 3334 verteret,
1373 3265 1432 3320 in
1479 3265 1659 3336 ignem
1690 3264 1924 3334 jaciunt,
1957 3263 2041 3317 in-

2147 3288 2379 3348 postera
2410 3280 2540 3337 inde
2567 3283 2678 3338 diei
2701 3286 2783 3340 sol
2811 3296 3034 3343 exortus
3072 3288 3345 3356 illexerat,
3376 3308 3505 3350 eum
3528 3296 3735 3352 horum

457 3361 815 3415 tendentibus
858 3376 1051 3431 preces
1083 3375 1207 3416 eum
1246 3360 1487 3415 maxime
1523 3373 1623 3429 per
1662 3371 1929 3412 summam
1976 3355 2039 3431 fi-

454 3453 673 3508 duciam
712 3452 1049 3517 Arsenianis,
1089 3462 1145 3507 et
1186 3451 1344 3522 quasi
1397 3450 1569 3506 Deum
1610 3447 2039 3505 admonentibus

454 3548 650 3602 adeése
692 3557 910 3615 tempus
952 3546 1267 3600 declarandi
1310 3543 1397 3599 sui
1436 3542 1683 3597 numinis
1720 3542 1775 3595 iu
1810 3542 2035 3611 gratiam

454 3641 698 3711 ipsorum
725 3639 829 3692 zeli
873 3655 972 3709 pro
1003 3638 1125 3709 ejus
1162 3636 1334 3709 gloria
1368 3635 1559 3690 tandiu
1603 3634 1804 3689 frustra
1854 3634 2036 3687 tabes.

453 3733 654 3798 centis,
698 3748 762 3786 ac
805 3731 1160 3801 longissimas
1193 3728 1446 3783 miserias
1492 3726 1893 3798 patientissime
1937 3739 2035 3795 pro

453 3826 686 3881 veritate
747 3825 1008 3879 tolet'atas
1051 3821 1357 3876 clarissima
1397 3820 1484 3874 sui
1537 3817 1761 3885 favoris,
1795 3818 1889 3888 qui
1940 3832 2030 3871 ca-

452 3920 690 3975 lumnias
757 3919 1126 3973 humanorum
1180 3929 1432 3969 errorum
1488 3906 1715 3968 cunctas
1772 3911 2029 3977 dilueret,

453 4015 852 4087 signiﬁcatione
865 4010 1210 4069 consolandi.
1240 4009 1366 4065 llaec
1397 4010 1503 4065 illis
1521 4009 1804 4064 orantibus
1832 4007 2031 4075 stipula

452 4109 507 4161 in
541 4109 765 4162 fornace
788 4107 949 4158 ambo
981 4103 1187 4174 pariter
1220 4101 1348 4155 libri
1382 4101 1559 4156 fuere.
1589 4100 1739 4153 Nihil
1767 4098 2029 4155 utriusvis

452 4209 707 4270 reSpectu
764 4201 909 4253 acris
968 4213 1082 4252 sua:
1134 4194 1354 4251 virtutis
1405 4194 1618 4249 remisit
1673 4193 1913 4247 ﬂamma.
1961 4194 2031 4248 Et

448 4309 761 4363 quanquam
797 4307 897 4363 pro
924 4291 1148 4346 modulo
1177 4289 1373 4344 lebetis
1395 4288 1539 4344 haud
1561 4287 1791 4342 multum
1825 4302 2028 4357 pruna-

450 4399 571 4437 runt
604 4391 744 4447 erat,
777 4391 942 4452 atque
987 4391 1283 4450 utrumque
1325 4380 1569 4435 codicem
1604 4395 1703 4449 pro
1741 4394 1842 4432 suo
1874 4395 2024 4449 qu.e-
2056 4410 2059 4415 -

446 4492 553 4545 que
581 4491 707 4546 pars
731 4475 913 4530 studio
951 4472 1144 4528 scdulo
1170 4473 1551 4542 complicatum
1584 4481 1641 4526 et
1679 4483 2022 4542 compactum

2143 3362 2387 3428 studium
2436 3372 2571 3430 illud
2612 3376 2666 3430 in
2710 3393 2900 3449 pacem
2943 3380 3472 3457 pridianum'empit
3500 3388 3741 3462 langue.

2137 3479 2315 3520 scere.
2351 3466 2433 3522 Ne
2461 3467 2568 3523 sibi
2610 3481 2758 3526 esset
2790 3470 3015 3529 illusum
3056 3484 3332 3534 transacta
3365 3491 3739 3538 retraetantes

2139 3558 2511 3627 verebantur;
2548 3577 2614 3617 ac
2643 3572 2851 3619 tantam
2885 3567 2969 3621 sui
3006 3568 3161 3624 uictu
3188 3582 3536 3642 preperatam
3580 3575 3735 3629 oculi

2138 3650 2499 3705 mutationem
2531 3654 2812 3724 admirati,
2857 3658 3024 3715 nullis
3069 3661 3175 3717 sibi
3221 3665 3585 3734 argumentis,
3618 3668 3733 3723 nisi

2135 3756 2296 3797 casus
2346 3756 2553 3801 eventu
2594 3748 2831 3818 fortuiti,
2859 3761 2971 3807 tam
3011 3754 3122 3809 alte
3168 3755 3476 3829 insculptas
3515 3760 3729 3816 animis

2134 3834 2295 3889 evelli
2328 3838 2577 3907 potuisse
2608 3844 3000 3912 persuasiones
3025 3849 3422 3917 querebantur,
3455 3867 3583 3908 sero
3609 3853 3729 3921 jam

2134 3940 2496 3998 agnoscentes
2519 3934 2729 3990 scilicet
2759 3936 3027 3993 doctrina:
3050 3940 3262 4010 solidae,
3301 3958 3416 3998 non
3446 3946 3614 4001 sortis
3634 3948 3728 4001 in-

2133 4023 2345 4079 stabilis
2376 4026 2537 4080 talem
2572 4044 2671 4098 par
2704 4028 2876 4086 fuisse
2904 4031 3165 4088 etl'ectum
3212 4037 3511 4093 exsistere.
3551 4038 3724 4111 Egre

2131 4116 2199 4171 ad
2249 4119 2369 4187 ejus
2411 4118 2519 4173 diei
2574 4136 2860 4191 vesperam
2901 4139 3172 4180 novorum
3217 4127 3536 4186 istiusmodi
3586 4147 3724 4187 sen-

2130 4226 2292 4264 suum
2338 4212 2741 4283 qualiscunquc
2784 4215 3153 4274 dissimulatio
3217 4224 3475 4293 pervenit
3518 4243 3533 4280 :
3583 4242 3723 4281 ure-

2129 4303 2224 4357 bat
2266 4304 2474 4375 quidpe
2530 4308 2754 4376 penitus
2807 4319 2863 4364 et
2916 4313 3341 4385 inquietissime,
3390 4328 3451 4373 ut
3507 4319 3721 4377 indicia

2127 4399 2475 4467 erumpentia
2510 4400 2600 4454 vix
2633 4410 2909 4469 tenerent,
2934 4406 3175 4474 agitabat
3203 4411 3469 4479 superbos
3496 4413 3720 4471 animos

2129 4492 2393 4545 memoria
2438 4492 2847 4562 imprudentiae,
2881 4514 2989 4568 qua
3032 4515 3092 4555 se
3120 4501 3338 4558 incaute
3372 4506 3719 4576 objecissent

449 4570 642 4624 validis
685 4570 912 4639 insuper
960 4566 1262 4621 involucris
1307 4574 1551 4635 sepserat
1587 4576 1641 4619 et
1684 4575 2021 4635 protexerat,

2143 4586 2375 4654 iericulo
2418 4588 2613 4651 ruinae,
2652 4589 2706 4643 in
2751 4604 2999 4660 quamet
3040 4598 3539 4666 praecipitaverant.
3578 4602 3720 4658 Lar-

450 4673 631 4715 tainen
653 4676 758 4714 una
782 4660 1023 4713 alterave
1060 4659 1193 4713 hora
1213 4657 1353 4711 nihil
1382 4671 1448 4710 ex
1484 4665 1719 4726 utroque
1750 4657 1858 4710 nisi
1876 4657 2019 4711 cinis

444 4755 737 4825 superfuit.
778 4753 878 4808 llic
905 4754 1017 4823 jam
1048 4752 1262 4807 confusi
1297 4751 1558 4807 frustrata
1586 4751 2017 4821 exspectatione,

442 4847 735 4902 Arseniani
774 4846 1093 4917 prtBSL‘l'llm,
1141 4845 1340 4900 imitati
1382 4860 1510 4901 suas
1558 4846 1795 4910 chartas,
1829 4855 1886 4898 ut
1916 4844 2020 4898 il..e

408 4942 422 4949 ’
442 4942 578 5013 igni,
605 4941 683 4996 sic
715 4940 817 5009 ipsi
856 4944 1104 5011 Augusto
1128 4949 1431 5007 cesserunt,
1468 4955 1524 4994 et
1549 4939 1707 4994 (idem
1736 4949 2017 5009 pactorum

443 5035 750 5103 reposcenti
797 5035 1160 5091 ostenderunt
1192 5034 1339 5089 haud
1381 5049 1441 5089 se
1472 5038 1849 5089 ’recusaturos
1883 5034 2017 5087 Stib-

436 5125 533 5194 jici
580 5125 844 5194 deinceps
877 5134 1047 5194 atque
1091 5127 1475 5194 obtemperare
1520 5125 1861 5194 patriarchas
1896 5124 2015 5189 Qui)

440 5233 699 5287 successu
725 5218 1412 5273 incredibiliterexsultans
1433 5215 1817 5287 gratulausque
1843 5218 2017 5286 impe-

437 5322 586 5365 rator
614 5311 831 5379 (miram
859 5314 1062 5383 quippe
1091 5328 1205 5366 rem
1252 5311 1519 5366 divinitus
1552 5311 2015 5381 interpretabatur

435 5407 656 5471 factam,
688 5408 833 5476 quod
869 5418 976 5460 tam
1023 5407 1249 5471 invicta,
1295 5413 1406 5458 tam
1454 5420 1664 5459 annoso
1696 5404 1844 5459 velut
1875 5404 2013 5459 callo

435 5499 692 5554 indurata
743 5500 1047 5570 pertinacia
1078 5509 1359 5554 momento
1387 5498 1628 5553 emollita
1658 5499 2012 5569 resolutaque

432 5595 798 5662 cerneretur),
836 5593 1005 5647 veluti
1032 5593 1146 5662 jam
1179 5592 1290 5646 voti
1319 5592 1408 5646 vix
1436 5591 1639 5660 Sperati
1674 5591 1834 5660 plene
1863 5608 2012 5647 eom-

430 5702 553 5757 pos,
612 5689 894 5743 festinavit
946 5688 1190 5742 victoriae
1242 5703 1355 5742 sute
1394 5688 1551 5756 quasi
1608 5688 1897 5743 manubias
1946 5704 2012 5745 ac

429 5783 601 5851 spolia
631 5783 953 5852 patriarchae
984 5782 1202 5837 sistere.
1239 5783 1548 5853 Eademque
1577 5784 1731 5845 hora,
1765 5785 1868 5839 etsi
1894 5796 2009 5839 tum

428 5874 569 5932 forte
608 5877 837 5947 contigit
872 5892 1117 5948 asperam
1152 5876 1417 5933 desaevire
1447 5887 1846 5948 tempestatem,
1882 5880 2006 5935 nin-

2125 4694 2246 4733 vam
2281 4688 2460 4735 tamen
2492 4697 2553 4735 ea
2598 4683 2783 4753 utique
2823 4685 2944 4741 luce
2984 4705 3100 4743 non.
3138 4692 3469 4762 deposuere.
3502 4694 3723 4752 Postri-

2123 4770 2234 4827 die.
2274 4785 2473 4841 praeter
2504 4789 2743 4842 paucos,
2779 4778 3024 4834 universi
3056 4783 3233 4851 palam
3290 4795 3442 4840 motu
3499 4786 3719 4859 ingenti

2123 4865 2513 4921 reclamarunt.
2560 4869 2883 4938 Imperator,
2912 4871 3007 4929 ubi
3060 4875 3264 4931 irustra
3322 4893 3383 4933 se
3426 4880 3721 4940 laborasse

2122 4956 2410 5022 intellexit,
2442 4972 2710 5015 convocat
2741 4965 2921 5033 capita
2946 4967 3063 5036 ipsa
3099 4980 3282 5039 secta‘,
3320 4983 3375 5028 et
3398 4977 3715 5035 orationem

2120 5050 2184 5143 ad
2213 5066 2341 5106 eum
2372 5063 2577 5107 emtum
2609 5055 2792 5111 habet.
2826 5059 2932 5113 Sed
2970 5069 3262 5130 antequam
3294 5066 3482 5123 dicere
3510 5085 3716 5143 aggre-

2118 5142 2374 5205 deretur,
2438 5144 2801 5213 patriarchatn
2854 5150 3154 5219 pontiﬁcali
3205 5170 3462 5212 ornatum
3512 5142 3712 5220 habitu

2117 5244 2315 5303 praesto
2343 5251 2466 5291 esse
2492 5238 2668 5307 jubet,
2715 5251 3125 5310 exspectantem
3169 5249 3226 5301 in
3268 5250 3454 5305 vicino
3484 5257 3716 5313 concla-

2120 5326 2190 5380 vi.
2221 5326 2557 5384 Arsenianos
2587 5330 2705 5401 ipse
2730 5332 2950 5388 interitu
2994 5336 3278 5407 implicare
3305 5344 3504 5400 callide
3533 5363 3713 5405 cona-

2118 5430 2225 5488 tur,
2258 5438 2462 5490 anceps
2494 5427 2783 5495 quaesitum
2832 5431 2899 5483 ad
2933 5445 3126 5486 eorum
3171 5436 3450 5507 utrimque
3482 5445 3710 5511 pervias

2113 5515 2504 5587 ambiguitates
2530 5535 2835 5589 opponens.
2873 5522 3240 5582 Percontatur
3271 5529 3525 5590 videlicet
3541 5551 3608 5590 ex
3638 5540 3711 5595 iis

2113 5607 2245 5676 quid
2293 5608 2361 5662 de
2421 5611 2749 5680 patriarcha,
2786 5614 2882 5683 qui
2928 5632 3077 5672 nunc
3108 5619 3232 5674 talis
3273 5632 3520 5692 vocetur,
3566 5645 3710 5685 sen-

2114 5700 2287 5765 tiant;
2314 5703 2507 5771 ecquid
2539 5717 2664 5757 eum
2706 5706 2802 5759 tali
2841 5723 3031 5763 revera
3070 5712 3361 5783 dignitate,
3398 5722 3559 5790 cujus
3594 5741 3705 5779 no.

2114 5794 2262 5847 mine
2296 5795 2569 5866 dignetur,
2601 5810 2904 5867 agnoscant
2947 5806 3258 5871 praeditum.
3314 5809 3611 5869 HtBﬂjbdlll
3644 5820 3707 5875 in

2113 5889 2449 5957 expediendo
2478 5906 2763 5960 responso.
2820 5893 2959 5949 Hinc
2996 5897 3141 5951 enim
3170 5899 3366 5957 durum
3416 5906 3711 5966 iiilibitzzr
