4022 6586
259 429 327 494 73
1216 429 1316 489 DE
1369 423 1818 489 ANDRONICO
1866 424 2332 488 PALAEOLOGO
2373 426 2522 487 LIB.
2555 425 2606 488 Ι.
3466 406 3535 469 ’14

261 538 533 610 ἁγιασμὸς
578 538 674 593 καὶ
707 540 742 608 ἡ
777 539 994 608 εὐλογία
1040 540 1388 612 προσίσιασιο,
1441 538 1736 610 ὁμολογεῖν
1774 536 1853 603 δὲ,
1882 540 1930 601 Α
1957 554 2086 592 νουν
2114 538 2319 611 ἕτεροι,
2351 539 2489 610 πλὴν
2520 538 2610 592 ἐπὶ
2637 537 2747 600 τοῖς
2792 534 2940 595 ἐντὸς
2970 533 3067 604 τῆς
3094 528 3538 603 μεγαλοπόλεως,

259 629 462 694 τέωςδ¹
490 632 639 701 ἔχειν
666 632 806 685 am
828 634 922 685 καὶ
952 632 1166 699 λέξειαν
1190 631 1490 686 σκανδάλου
1517 630 1853 699 παρεκτικὰ,
1961 632 2047 705 [Ρ.
2077 630 2168 702 591
2197 635 2309 695 τοῖς
2340 632 2384 686 δ’
2415 633 2571 695 ἐκτὸς
2603 630 2979 704 ὲπιτιμηθεῖσι
3001 628 3141 682 κατά
3170 626 3361 696 καιρὸν
3394 623 3538 677 ἀνὶε-

260 718 347 786 οἷς
379 722 445 795 δὴ
470 724 569 778 καὶ
598 722 788 779 πολλοὶ
829 723 1264 795 προσκρούοντες
1308 724 1407 792 τὴν
1436 723 1687 793 ὁμόνοιαν
1715 722 1857 775 ἀπα·
1962 722 2087 777 σθαί
2112 739 2172 775 τε
2196 724 2292 776 καὶ
2319 724 2564 791 ἐνεργεῖν
2586 738 2602 754 ο
2631 721 2887 785 διώκταις
2912 720 2969 775 δὲ
2993 717 3256 791 (διωγμὸν
3286 715 3540 780 ἐκάλουν,

265 814 557 881 ναίνοιντο,
591 812 875 884 εὔσχημον
903 814 1116 880 δοκοῦν,
1145 815 1295 883 ὅμως
1339 812 1730 884 ἀμφοτέρωθεν
1761 829 1861 865 πε-
1963 816 2065 868 κᾶν
2098 832 2183 877 τις
2214 816 2309 869 καὶ
2345 818 2457 878 τοῖς
2492 814 2771 884 διαφόροις
2798 811 2993 884 ἔγρυξε
3030 808 3336 881 παραινῶν,
3366 807 3402 879 ἢ
3434 805 3543 877 μὴν

266 908 546 977 ριίσταντο
591 907 688 960 καὶ
736 906 1052 975 ἐξέφευγον.
1092 905 1423 974 Ὠμολόγουν
1472 904 1529 958 δὲ
1585 904 1722 967 τέως
1768 905 1860 956 τὸν
1966 903 2173 975 μετιὼν
2224 906 2516 973 προδόταις
2547 907 2642 961 καὶ
2691 906 3034 977 συνεργοῦσι)
3063 904 3363 976 πρόστιμον
3402 896 3545 954 εἶναι.

266 994 571 1065 Γρηγόριον
632 995 1022 1064 πατριάρχην’
1069 994 1226 1047 τοῦτο
1275 994 1383 1063 γὰρ
1426 990 1493 1063 ἢν
1539 994 1735 1063 ἐκείνῳ
1765 992 1863 1044 καὶ
1962 997 2061 1067 τὴν
2108 1000 2283 1050 εἰσαεὶ
2333 998 2627 1066 ἀπραξίαν,
2693 999 2796 1053 κᾶν
2847 999 2994 1061 ἐντὸς
3049 999 3387 1067 εὑρίσκοιντο
3439 992 3547 1047 κᾶν

265 1086 329 1138 τὸ
359 1088 425 1139 ὲκ
456 1087 495 1139 Γ
499 1085 737 1155 εωργίου
776 1086 1072 1155 μοναχικδν
1119 1086 1315 1155 ὄνομα.
1353 1085 1461 1139 Καὶ
1491 1084 1657 1146 εὐθὺς
1689 1085 1864 1152 ἁπρο-
1965 1088 2120 1150 ἐκτός
2144 1104 2160 1118 ·
2200 1092 2315 1149 τοῖς
2366 1090 2410 1142 δ’
2465 1089 2646 1153 ἄλλοις
2696 1090 2805 1143 τῶν
2837 1088 3121 1160 κληρικῶν
3166 1088 3547 1157 ἐπιτιμηθείσι

268 1177 455 1238 omni;
480 1178 769 1247 παραστὰς
798 1178 1008 1238 ἐκεῖνος
1041 1176 1183 1230 πάνυ
1228 1176 1321 1229 τοῦ
1355 1174 1620 1246 βασιλέως
1652 1175 1865 1227 οἰκονο-
1968 1178 2066 1246 τὴν
2096 1177 2251 1233 λύσιν
2294 1179 2552 1246 δίδοσθαι,
2602 1181 2751 1252 πλὴν
2789 1181 2863 1251 μὴ
2901 1184 2958 1244 ἐς
2996 1178 3166 1250 μείζω
3212 1180 3546 1248 προκόπτειν

272 1268 578 1338 μήσιντος.
640 1266 736 1319 καὶ
780 1262 937 1330 αὖθις
992 1265 1232 1327 ἀκούσας
1265 1265 1340 1328 ὡς
1391 1266 1737 1333 πατριάρχης
1781 1264 1868 1315 λέ·
1974 1270 2203 1342 βαθμὸν,
2235 1275 2338 1326 κᾶν
2370 1276 2427 1337 ἐς
2459 1274 2657 1328 ὁπόσον
2687 1275 2926 1345 προΐοιεν
2973 1272 3197 1342 ἀρετῆς.
3235 1268 3420 1324 Ταῦτα
3454 1267 3552 1321 τά-

272 1374 450 1425 γοιτο.
479 1357 777 1426 ὲπεγκαλεῖ
822 1360 923 1426 μὲν
964 1356 1164 1409 αὐτίκα
1198 1356 1349 1424 σφίσι
1397 1358 1497 1426 τὴν
1530 1353 1868 1408 ἀποστασίαν
1972 1362 2161 1429 ξαντές
2188 1382 2245 1416 τε
2275 1366 2370 1417 καὶ
2401 1366 2710 1436 γράψαντες
2737 1366 3065 1436 ἐπανῄεσαν,

272 1451 372 1503 καὶ
412 1451 515 1519 τὴν
561 1449 671 1502 τῶν
708 1448 996 1518 συνθηκῶν
1036 1448 1367 1518 παράϐασιν,
1410 1448 1483 1510 ὡς
1509 1448 1609 1500 οὐκ
1651 1447 1868 1517 ἀνθρώ-

278 1558 405 1605 ποις
447 1538 922 1610 διαψευσαμένων,
972 1537 1107 1591 ἀλλὰ
1138 1536 1277 1608 Θεῷ.
1321 1537 1573 1608 ἐπιφέρει
1617 1536 1673 1589 δὲ
1709 1537 1870 1599 εὐθὺς

275 1634 370 1686 τὸν
419 1630 746 1701 ἆφορισμδν,
794 1632 995 1704 ἄνδρας
1026 1631 1277 1695 εὐλαϐεῖς
1329 1631 1417 1684 διὰ
1460 1631 1631 1684 ταῦτα
1663 1630 1872 1699 οἰηθεὶς

277 1724 685 1792 προσάξασθαι,
732 1724 824 1778 καὶ
859 1723 1061 1795 μᾶλλον
1111 1723 1238 1786 τοὺς
1268 1723 1411 1793 ἀμφὶ
1456 1723 1548 1777 τδν
1588 1721 1873 1776 Ὑάκινθον

279 1816 381 1867 καὶ
432 1814 524 1867 τὸν
556 1813 958 1885 Δεπενδρηνὸν,
997 1812 1046 1866 οἶ
1089 1812 1153 1885 δὴ
1181 1812 1275 1864 καὶ
1319 1812 1447 1875 τοὺς
1489 1811 1713 1874 λοιποὺς
1741 1812 1872 1863 ἐπε·

1971 1483 2079 1545 κγ’.
2114 1479 2242 1564 ’ρτι
2325 1479 2602 1564 Σάρδεωη
2631 1480 3005 1564 ’ᾼνδρόνιικος
3033 1476 3343 1564 ἐγκληρσίς
3374 1475 3554 1564 ρίκηην

2044 1545 2468 1615 καθοσιώσεως
2507 1550 2606 1603 καί
2635 1545 3083 1620 ἀποστρέφεται
3114 1548 3276 1617 παρὰ
3301 1545 3408 1600 τοῦ
3438 1545 3555 1610 ,βα-

2044 1616 2267 1684 σιλέως
2299 1618 2399 1672 καὶ
2429 1619 2792 1689 ἀτιμάζεται.

2046 1728 2121 1780 υὺ
2152 1728 2259 1800 μὴν
2286 1728 2343 1782 δὲ
2382 1730 2521 1785 κατά
2559 1729 2647 1802 [Ρ.
2678 1729 2770 1802 40]
2801 1729 3105 1801 Λάμψακον
3140 1739 3245 1798 προ
3274 1727 3368 1782 τοῦ
3399 1727 3493 1781 καὶ
3521 1731 3555 1796 ἡ

1975 1816 2100 1887 δίκη
2131 1820 2222 1871 ἐπὶ
2270 1822 2538 1891 μήκιστον
2588 1823 2779 1893 χρόνον
2809 1822 2977 1892 ἀργὸς
3022 1818 3112 1892 ἦν,
3151 1820 3227 1883 ὼς
3256 1819 3464 1872 εἴθιστο
3487 1819 3559 1872 τὰ

284 1905 537 1976 σύροντο.
568 1903 644 1959 Τὸ
674 1904 721 1959 δ’
752 1904 841 1976 ἄρ’
868 1899 935 1976 ἦν
972 1904 1171 1974 μᾶλλον
1206 1902 1433 1967 ἐκείνοις
1458 1902 1596 1972 πρὸς
1628 1903 1867 1956 ἀποστα-
1900 1904 1942 1961 Β
1974 1906 2143 1961 πολλὰ
2166 1909 2548 1978 διαμέλλουσα,
2590 1911 2728 1965 ἀλλὰ
2773 1911 2852 1981 τῷ
2882 1909 3111 1983 ἁρχηγῷ
3142 1910 3249 1963 τῶν
3274 1908 3555 1966 τοιούτων,

287 1998 413 2047 σίαν
460 1994 852 2066 παρότρυνσις,
883 1996 976 2048 καὶ
1023 1994 1320 2063 ἀφίσταντο
1376 1992 1549 2062 μικρὰ
1589 1991 1697 2044 τῶν
1736 1993 1871 2060 ἀφοο

1973 1998 2053 2067 τῷ
2098 2000 2205 2053 ἀπὸ
2246 2001 2517 2071 Σάρδεων,
2552 2002 2656 2055 κᾶν
2687 2003 2748 2056 οὐ
2781 2004 2965 2074 παρῆν
2996 2002 3412 2072 πραττομένων.
3457 2017 3561 2053 πα-

289 2082 511 2153 ρισμῶν
563 2084 789 2136 ἐκείνων
835 2081 1241 2155 φροντίσαντες.
1292 2081 1619 2149 Ἐπέμειναν
1671 2079 1729 2133 δὲ
1780 2080 1872 2133 καί
1972 2089 2208 2159 λίμπους
2231 2087 2368 2146 οὖσα
2393 2093 2450 2158 ἐξ
2482 2094 2788 2164 ὑπερτέρας
2830 2095 3089 2164 περιέστη
3128 2094 3330 2165 χειρός.
3362 2094 3473 2146 Καὶ
3495 2092 3561 2162 δὴ

286 2194 456 2240 τινες,
484 2171 567 2239 οἷς
606 2176 673 2247 δὴ
702 2175 777 2240 ὡς
824 2176 990 2229 πᾶσιν
1022 2172 1342 2245 ἠσμένιζον.
1380 2170 1648 2244 ’Δπῄτουν
1693 2170 1749 2226 δὲ
1777 2175 1880 2227 κάς

289 2270 463 2320 κεῖνοι
520 2269 589 2320 τὰ
635 2267 729 2319 ἐπὶ
777 2268 843 2336 τῇ
891 2265 1188 2336 Ἐκκλησία
1247 2263 1418 2327 δεινὰ,
1458 2262 1494 2317 ἃ
1542 2263 1605 2333 δὴ
1665 2264 1886 2330 πολλοῖς

290 2358 721 2429 ἑμπλησθέντων
755 2357 868 2411 τῶν
917 2357 1150 2427 πρῶτων
1185 2354 1535 2425 ἐλείφθησαν.
1569 2355 1650 2410 Τὰ
1677 2356 1723 2409 δ’
1748 2353 1886 2428 ἦσαν

291 2450 635 2521 χειροτονίαν
659 2449 764 2520 μὲν
794 2450 977 2504 πᾶσαν
1005 2446 1101 2502 τοῦ
1139 2446 1388 2500 Ἰωάννου
1420 2447 1629 2516 ἀργεῖν,
1657 2448 1762 2501 κᾶν
1786 2450 1886 2503 αὖ·

291 2540 389 2605 τὸς
412 2536 480 2613 ἦν
507 2542 536 2595 ὁ
564 2539 976 2612 χειροτονητὴς,
1015 2539 1118 2593 κᾶν
1168 2539 1233 2591 ἐκ
1266 2537 1580 2608 προτροπῆς
1613 2538 1888 2611 ἐχειροτό-

295 2740 355 2785 et
391 2743 585 2799 parum
636 2737 1002 2795 consequens.
1050 2723 1290 2795 Proﬁtcri
1341 2737 1401 2775 se
1450 2722 1601 2776 illum
1635 2735 1734 2791 pro
1769 2734 1869 2788 pa—

298 2820 541 2875 triarcha
572 2834 686 2873 non
717 2818 943 2880 habere,
980 2831 1010 2869 a
1045 2832 1154 2885 quo
1184 2814 1284 2885 ipsi
1314 2813 1558 2868 volentes
1584 2810 1879 2881 eulogiam,

298 2929 333 2968 a
348 2929 459 2982 quo
487 2912 846 2966 Eucharistia:
866 2908 1336 2979 participationem
1358 2905 1728 2960 admisissent.
1759 2904 1801 2954 Τ
1808 2900 1883 2956 ri-

301 3006 473 3060 buere
503 3003 578 3057 illi
608 3001 955 3056 confessione
986 3015 1203 3068 quoque
1235 3013 1332 3052 sua
1367 2997 1630 3050 hoaorem
1659 2995 1814 3064 cujus
1853 3009 1883 3048 a

300 3099 523 3154 cunctis
565 3096 735 3151 ferret
764 3095 1004 3158 titulum,
1036 3094 1288 3162 excipere
1322 3102 1499 3144 tamen
1529 3090 1705 3158 aliqua
1735 3090 1790 3142 in
1822 3102 1888 3140 co

1984 2179 2139 2251 παρᾶ
2174 2183 2417 2251 μαθητοῦ
2463 2184 2632 2238 αὐτοῦ
2673 2184 2768 2238 τοῦ
2806 2185 3043 2255 μοναχοῦ
3090 2184 3564 2254 προσαγγέλλεται

1984 2272 2363 2339 Γαλακτίωνος
2404 2276 2654 2345 χείριστα
2693 2279 2788 2330 καὶ
2828 2277 3044 2347 φρονῶν
3087 2279 3185 2332 καὶ
3217 2277 3394 2346 λέγων
3422 2277 3565 2331 κατὰ

1987 2358 2273 2428 βασιλέως.
2320 2363 2408 2426 Ὧς
2435 2363 2499 2434 δὴ
2528 2365 2624 2417 καὶ
2657 2365 3022 2430 ὑποπτευθεὶς
3051 2367 3121 2420 τὰ
3163 2366 3396 2437 μέγιστα
3425 2367 3565 2438 πρὸς

1986 2451 2159 2503 πολλὰ
2189 2453 2367 2518 δίκαις
2420 2455 2803 2521 καθοσιώσεως
2845 2458 3245 2527 καθυπάγεται.
3283 2460 3357 2513 Τὸ
3400 2461 3447 2514 δ’
3472 2464 3562 2514 ὲν-

1983 2541 2176 2596 τεῦθεν
2205 2544 2448 2609 ἁπάσαις
2477 2563 2535 2599 τε
2584 2546 2872 2618 λοιδορίαις
2903 2548 3250 2619 περιϐληθεὶς
3285 2552 3380 2604 καὶ
3410 2552 3567 2620 ἐλεγ-

1995 2724 2183 2781 m'ssis
2246 2729 2485 2784 nondum
2523 2730 2740 2801 impleta
2798 2734 3187 2800 causabantur,
3252 2734 3385 2788 dura
3438 2740 3571 2790 sano

1984 2814 2225 2880 quaadam
2252 2828 2304 2871 et
2326 2816 2580 2874 Ecclesiae
2607 2822 2814 2888 gravia,
2858 2824 3196 2877 exsecutioni
3241 2823 3574 2879 mandaren-

1987 2912 2095 2968 tur,
2134 2916 2192 2958 ut
2225 2910 2482 2964 nimirum
2510 2913 2975 2981 suspenderentur
3004 2915 3071 2969 ab
3101 2916 3352 2970 ordinum
3408 2932 3572 2971 exer-

1990 2995 2121 3051 citio
2157 2997 2470 3069 quicunque
2513 2999 2723 3059 Joanne
2752 3004 2930 3060 Vecco
2982 3007 3408 3075 patriarchatnm
3475 3023 3573 3078 ge-

1994 3099 2148 3144 rente
2179 3085 2420 3146 ordinati
2452 3092 2690 3157 fuerant,
2707 3095 2823 3152 sive
2845 3096 3082 3166 illisipse
3113 3113 3208 3168 per
3228 3114 3348 3159 sese
3376 3114 3574 3154 manus

301 3207 362 3247 se
386 3190 609 3260 culpare
629 3203 749 3257 quae
773 3186 900 3256 quia
933 3186 1130 3241 mullos
1153 3183 1515 3249 oﬂ’enderent,
1535 3183 1656 3253 ejus
1677 3182 1893 3237 interim
1923 3202 1966 3265 ρ
2001 3180 2371 3250 imposuisset,
2391 3185 2503 3239 sive
2527 3187 2618 3240 alii
2651 3200 2785 3242 nutu
2817 3198 2871 3242 et
2903 3191 3162 3260 auspiciis
3191 3192 3383 3258 ipsius,
3416 3192 3577 3246 dum-

302 3284 701 3339 communione
733 3280 1118 3335 abstinendum
1159 3286 1435 3348 putarent,
1452 3278 1633 3330 minus
1648 3274 1757 3346 64.
1781 3274 1902 3345 qui-

302 3378 433 3433 dem
456 3389 722 3447 apparere
750 3372 1144 3443 improbabile:
1174 3381 1427 3426 caeterum
1446 3370 1513 3424 ab
1548 3371 1652 3424 hoc
1684 3384 1902 3438 quoque

308 3469 645 3537 proferendo
683 3466 1086 3521 alternantibus
1126 3474 1274 3518 metu
1300 3480 1362 3518 ac
1385 3466 1591 3534 pudore
1614 3463 1902 3519 tardaban-

284 3548 425 3618 ‘tur.
445 3556 899 3614 etdeliberationi
920 3554 1310 3610 concludenda:
1332 3555 1565 3624 spatium
1590 3554 1902 3608 cunctando

306 3669 377 3707 ac
398 3650 815 3723 tergiversando
839 3650 1150 3719 captabant.
1187 3648 1267 3703 Ad
1301 3659 1635 3709 extremum,
1668 3663 1736 3701 ne
1763 3647 1902 3701 nihil

310 3746 584 3807 dicerent,
638 3742 769 3797 illud
814 3758 984 3796 unum
1035 3742 1458 3812 responderunt,
1510 3739 1658 3794 haud
1702 3754 1902 3809 negare

312 3852 438 3891 sese
484 3835 857 3906 patriarcham
897 3848 1018 3888 esse
1073 3832 1396 3896 Gregorium
1444 3848 1459 3886 :
1510 3847 1636 3884 nam
1666 3831 1766 3885 hoc
1798 3830 1902 3901 Cy-

312 3928 460 3999 prio,
496 3943 562 3982 ex
588 3906 852 3996 'Georgio
892 3934 1187 3988 mutatum,
1237 3939 1361 3978 cum
1398 3922 1795 3992 professionem
1843 3920 1900 3975 in

314 4018 718 4090 praeparatione
748 4016 1152 4086 patriarchatus
1188 4021 1486 4067 assumeret
1516 4012 1896 4073 monasticam,

316 4126 521 4165 nomen
570 4109 871 4163 insederat.
927 4106 1064 4160 Tum
1121 4104 1406 4158 enimvero
1462 4100 1755 4171 patefactis
1812 4117 1899 4156 re-

319 4211 486 4272 pente
560 4200 723 4269 jussu
792 4196 1145 4268 inperatoris
1235 4193 1407 4248 valvis
1480 4209 1663 4247 rerum
1726 4191 1899 4247 adfuit

317 4307 491 4362 prope
520 4291 822 4359 dispositus
845 4290 900 4343 in
941 4288 1165 4343 latebris
1198 4282 1461 4356 Cyprius;
1498 4295 1550 4339 et
1587 4284 1805 4338 audisse
1841 4299 1901 4338 se

319 4383 584 4452 praelatus
613 4380 835 4452 agnosci
874 4380 943 4434 ab
984 4377 1306 4432 Arsenianis
1351 4375 1742 4446 patriarcbam,
1776 4377 1899 4443 jure

318 4473 475 4525 illius
509 4470 800 4540 potestatis
844 4470 918 4523 uti
970 4467 1109 4522 velle
1138 4467 1347 4522 additit
1389 4465 1445 4520 in
1482 4466 1761 4520 hominum
1794 4465 1896 4518 sibi

2007 3282 2157 3327 taxat
2198 3274 2337 3328 intra
2369 3275 2557 3331 urbem
2588 3277 3139 3350 Constantinopolim.
3188 3280 3319 3336 Nam
3381 3283 3447 3338 iis
3480 3282 3577 3354 qui

2005 3362 2131 3418 ali‘ni
2165 3365 2244 3419 sic
2264 3366 2496 3422 fuissent
2530 3368 3145 3442 inaugurati,correptis
3168 3372 3579 3445 objurgatisquo

2004 3464 2125 3523 post
2160 3466 2370 3524 tempus
2389 3458 2610 3527 aliquod
2638 3461 3037 3517 restitutionem
3071 3463 3124 3517 in
3147 3479 3304 3518 usum
3322 3464 3577 3519 ordimun

2006 3545 2412 3617 legitimamquc
2469 3553 2757 3606 sacerdotii
2831 3552 3162 3608 [unctionem
3225 3556 3577 3621 annucbant;

2002 3634 2108 3706 65
2140 3640 2579 3705 persecutoribus
2618 3656 2746 3694 vero
2795 3642 3250 3713 (persecutionem
3285 3647 3577 3707 vocabant,

2005 3724 2194 3793 siquis
2217 3727 2575 3782 velmonendi
2644 3732 2819 3799 gratia
2866 3733 3244 3802 compellasset
3305 3736 3578 3804 asperius,

2005 3825 2099 3869 aut
2122 3819 2494 3886 proditoribus
2524 3820 2968 3892 delatoribusque
2994 3824 3234 3894 ipsorum
3253 3836 3580 3896 cooperatus

2002 3908 2168 3977 esset)
2210 3926 2427 3981 pmnam
2444 3915 2642 3968 sanciri
2673 3917 2857 3986 utique
2887 3915 3142 3971 volebant
3163 3917 3578 3986 suspensioncm

2006 4001 2413 4057 irrevocabilem
2439 4004 2492 4058 in
2524 4014 2738 4072 tempus
2767 4022 2948 4069 omne,
2979 4008 3093 4063 sive
3119 4008 3156 4062 ii
3214 4008 3353 4062 intra
3388 4009 3578 4065 urbem

2004 4094 2116 4146 sive
2141 4102 2295 4147 extra
2334 4096 2711 4164 reperirentur
2731 4106 2825 4150 aut
2853 4098 3133 4168 degerent.
3164 4097 3388 4155 Catteris
3411 4116 3441 4156 e
3471 4105 3582 4157 clc~

2006 4198 2067 4237 ro
2103 4185 2386 4252 castigatis
2417 4186 2800 4242 remissionem
2838 4187 3163 4258 dejectionis
3197 4207 3228 4246 e
3256 4192 3428 4263 gradu
3462 4205 3587 4262 post

2004 4277 2238 4345 aliquam
2266 4279 2645 4346 paanitcntiam
2681 4279 3025 4344 relaxabant,
3061 4281 3142 4336 sic
3171 4290 3350 4336 tamen
3378 4294 3430 4336 ut
3454 4297 3586 4352 pro-

2004 4372 2305 4424 vectioncm
2339 4370 2392 4425 in
2421 4372 2760 4441 superiorem
2783 4374 3031 4428 ordinem
3062 4388 3170 4429 non
3202 4374 3585 4442 concederent,

2003 4463 2353 4531 quantumvis
2380 4462 2636 4532 deinceps
2657 4464 2707 4517 in
2727 4464 2923 4517 virtute
2957 4466 3343 4533 profecissent.
3367 4461 3459 4517 llis
3477 4472 3591 4517 sta-

318 4560 695 4630 subjectorum
741 4558 928 4613 rebelli
979 4556 1289 4613 delectione
1321 4555 1654 4624 castiganda.
1689 4552 1781 4608 Sic
1812 4553 1893 4607 in-
1924 4555 1971 4609 Ι)
2001 4557 2134 4611 tutis
2149 4566 2203 4612 et
2223 4559 2276 4611 in
2296 4557 2497 4629 scripta
2515 4558 2701 4613 relatis
2714 4556 2780 4611 ad
2798 4572 2896 4612 sua
2925 4572 2984 4612 se
2999 4557 3229 4627 quisque
3242 4567 3584 4627 receperunt.

319 4666 551 4723 gressus
582 4650 930 4721 perﬁdiosam
964 4646 1348 4702 infractionem
1381 4655 1782 4701 conventorum
1812 4660 1903 4700 ve-

322 4749 615 4800 hementer
661 4742 1003 4816 objurgavit,
1056 4741 1201 4795 haud
1260 4739 1575 4793 hominibus
1611 4739 1761 4808 ipsos
1808 4737 1905 4793 sed

324 4838 442 4890 Deo
477 4835 734 4889 mentitos
764 4833 1078 4902 increpans.
1132 4828 1357 4884 lntorsit
1387 4828 1488 4883 sub
1531 4829 1650 4882 haec
1696 4843 1907 4883 excom-

323 4928 721 4982 municationis
753 4926 808 4980 in
832 4936 1189 4981 Contumaces
1216 4921 1445 4985 fulmen,
1468 4936 1535 4974 eo
1563 4928 1767 4974 terrore
1796 4936 1904 4974 non

323 5019 600 5089 perfricta:
630 5018 794 5087 plane
825 5014 1023 5073 frontis
1053 5029 1153 5069 nec
1192 5009 1397 5068 nullius
1425 5009 1704 5082 relig'onis
1730 5009 1910 5064 homi-

321 5126 449 5175 nes,
483 5112 844 5185 Hyacinthum
867 5110 1170 5183 praesertim
1200 5117 1256 5163 et
1284 5106 1722 5178 Lepcndrenum,
1749 5104 1910 5159 redu-

324 5204 533 5259 cendos
560 5203 630 5258 ad
664 5202 875 5274 frugem
915 5210 971 5257 et
1019 5201 1074 5254 in
1113 5199 1217 5255 [ide
1256 5206 1539 5269 pactorum
1576 5198 1908 5252 conﬁrman—

326 5297 430 5349 dos
458 5293 737 5363 opinatus.
767 5290 824 5345 In
862 5307 969 5360 quo
1004 5305 1128 5346 eum
1165 5303 1291 5358 spes
1342 5286 1536 5342 lefellit
1587 5302 1687 5342 sua
1721 5303 1738 5343 :
1783 5301 1909 5342 nam

331 5385 478 5441 unde
507 5386 630 5441 illos
660 5385 998 5440 revocandos
1026 5383 1096 5438 ad
1138 5380 1499 5452 subiectionis
1524 5376 1758 5434 ollicium
1792 5393 1913 5432 cre-

327 5479 488 5544 didit,
522 5478 647 5532 inde
671 5484 802 5531 sunt
831 5474 900 5529 ad
945 5474 1304 5529 defectionem
1334 5472 1615 5541 urgentius
1670 5470 1911 5540 impulsi.

329 5570 513 5626 Palam
544 5585 675 5641 ergo
696 5569 1052 5631 rebellarunt,
1091 5566 1291 5638 spretis
1348 5554 1511 5619 niinis
1552 5561 1915 5617 anathematis

329 5663 545 5720 inﬂicti.
575 5661 945 5717 Perstiterunt
993 5658 1352 5713 nihilominus
1400 5657 1563 5711 abiis
1606 5670 1664 5710 se
1695 5654 1916 5707 abscin-

330 5758 524 5811 dentes
554 5755 801 5827 quidam.
823 5752 1096 5824 plerisque
1126 5766 1185 5806 se
1195 5752 1308 5822 jam
1335 5748 1553 5806 statutis
1568 5748 1917 5816 acquiescere

330 5852 585 5923 professi,
610 5853 891 5919 exigentes
918 5859 972 5901 et
1005 5846 1054 5900 hi
1082 5857 1260 5901 tamen
1283 5855 1340 5898 ut
1370 5860 1491 5917 qua:
1514 5860 1576 5899 ex
1605 5851 1760 5896 antea
1785 5858 1914 5912 pro-

674 5952 947 6012 l’t‘tttOL.
988 5947 1102 6007 Gn.
1139 5942 1399 6007 CXLIV.

2006 4672 2097 4726 23.
2144 4671 2210 4725 Ut
2243 4670 2528 4727 Surdensis
2565 4672 2898 4727 Andronicus
2925 4670 3134 4725 delatus
3169 4669 3310 4725 (mw
3340 4669 3592 4739 majesta-

2081 4743 2190 4808 tis,
2264 4740 2490 4812 rejectus
2552 4745 2615 4796 ab
2696 4743 3012 4812 imperatore
3078 4759 3140 4794 ac
3208 4740 3588 4795 dehonestatus

2083 4812 2266 4881 fuerit.

2084 4925 2351 4980 ueterum
2378 4935 2434 4978 ut
2460 4924 2588 4978 olim
2625 4924 2763 4992 apud
2788 4923 3148 4995 Lampsacum
3174 4924 3350 4979 lucem
3409 4923 3595 4995 fulgu-

2015 5019 2092 5073 ris
2118 5019 2454 5090 detegcntem
2497 5017 2726 5073 insidias
2770 5018 3130 5073 barbarorum
3160 5019 3344 5074 statim
3402 5028 3595 5074 secuta

2015 5111 2214 5166 dicitur
2253 5113 2333 5167 vis
2384 5110 2548 5165 ultrix
2607 5108 2850 5165 fulminis
2900 5125 2964 5166 ac
3009 5109 3252 5176 ﬂamma,
3301 5126 3408 5179 qua
3464 5121 3596 5166 sunt

2016 5202 2178 5256 iidem
2218 5201 2405 5258 hostes
2437 5203 2731 5273 absumpti,
2766 5203 2847 5258 sic
2882 5211 2937 5258 et
2965 5217 3110 5256 nunc
3139 5201 3325 5256 divina
3375 5201 3595 5274 justitia

2017 5308 2128 5348 non
2155 5294 2401 5364 longum,
2437 5305 2496 5349 ut
2520 5294 2658 5350 alias
2683 5295 3006 5364 plerumque
3027 5295 3335 5360 consuevit,
3359 5295 3597 5363 spatium

2018 5383 2349 5452 interposuit
2382 5383 2524 5437 inter
2547 5385 2765 5454 culpam
2795 5391 2847 5437 et
2870 5397 3085 5452 poenam
3119 5383 3367 5437 auctoris
3395 5384 3593 5435 horum

2018 5474 2285 5529 malorum
2326 5485 2381 5529 et
2407 5475 2635 5530 artiﬁcis
2660 5475 2947 5544 praecipui,
2994 5474 3271 5543 quondam
3334 5473 3595 5527 antistitis

2019 5564 2331 5632 Sardcnsis,
2359 5566 2514 5636 cujus
2532 5566 2700 5620 ductu
2736 5564 3085 5635 impulsuque
3107 5565 3375 5618 hactenus
3406 5579 3600 5617 narra-

2021 5667 2098 5724 ta,
2134 5658 2254 5713 licet
2292 5674 2399 5712 non
2431 5659 2717 5712 interesset
2749 5672 2931 5712 coram
2994 5656 3112 5725 ipse
3162 5669 3426 5726 praesens,
3479 5656 3599 5724 geri

2021 5758 2184 5817 atque
2224 5749 2595 5805 administrari
2629 5750 2804 5820 palam
2832 5759 2970 5803 erat.
3009 5746 3167 5801 Hunc
3229 5760 3376 5815 ergo,
3432 5762 3597 5818 quem

2022 5843 2241 5898 impune
2271 5843 2537 5898 hactenus
2562 5853 2875 5914 peccantem
2909 5840 3065 5912 quasi
3098 5838 3606 5909 przeteriissedissi.

3235 5931 3270 5989 3
