4022 6590
478 425 551 487 ’15
1693 426 2017 492 GEORGII
2058 422 2540 488 PACHYMEIUE
3662 426 3735 490 76

483 537 602 606 μοῖς
644 537 756 598 τοῖς
791 535 1016 603 είκὸσιν,
1068 537 1149 592 ὅτι
1183 539 1276 594 καὶ
1319 540 1549 611 μοναχὺς
1582 539 1657 595 ὢν
1699 539 1799 595 ούκ
1828 539 2048 611 ἔφριξεν
2074 544 2124 607 Α
2149 554 2326 608 τερον,
2358 539 2575 608 ὁμοίαις
2618 539 2799 604 δίκαις
2847 539 3261 596 ὐποϐάλλουσαν
3315 541 3522 594 ἐκεῖνον
3564 558 3729 596 κατε-

480 628 750 700 ἀθετήσας
803 630 865 683 τὸ
910 630 1094 701 σχῆμα
1151 631 1245 685 καὶ
1281 632 1415 702 πρὸς
1468 630 1559 685 τὸν
1592 629 1699 684 τῶν
1749 632 2050 703 ἀρχιερέων

482 720 871 791 μεταπηδήσας
926 723 1153 793 βαθμὸν,
1188 725 1280 776 καὶ
1322 723 1390 776 τὰ
1418 721 1567 776 δεινὰ
1608 720 1796 776 παθὼν
1827 723 1891 775 ὲκ
1923 720 2051 773 πολ⁴

479 808 607 876 λῶν,
632 810 785 876 τέλος
808 814 1052 882 πυγμαῖς
1080 830 1139 866 τε
1172 814 1267 868 καὶ
1294 812 1557 885 ὠθισμοῖς
1584 813 1932 884 ἁνάρπαστος
1957 828 2049 881 γε-

478 900 652 969 γονὼς
668 901 772 966 ἔξω
791 919 895 956 που
919 903 1010 957 τοῦ
1025 904 1209 957 κοινοῦ
1234 904 1510 975 συνεδρίου
1538 904 1931 976 παρέρῤιπται,
1958 902 2046 956 ὅτε

479 996 575 1049 καὶ
604 997 632 1049 ὁ
657 996 936 1066 Λαρίσσης
969 995 1276 1067 Νίκανδρος
1303 997 1404 1067 τῆς
1440 996 1689 1050 Ἰωάννου
1715 995 2047 1066 χειροτονίας

477 1089 555 1143 ὣν
582 1091 677 1143 καὶ
707 1088 797 1142 διὰ
838 1088 997 1143 τοῦτο
1048 1091 1178 1159 παρ’
1206 1090 1413 1142 ἐκείνου
1467 1089 1834 1160 καθαιρεθεὶς,
1867 1088 2047 1141 ἐκεῖσε

478 1182 670 1254 παρὼν
697 1182 793 1236 καί
814 1183 865 1250 γ’
891 1182 1101 1250 ἀτίμως
1135 1183 1341 1235 ἐκεῖνον
1389 1181 1719 1252 ἑκριφθὲντα
1752 1181 2044 1251 θεώμενος,

474 1275 656 1330 λαϐὼν
713 1275 1009 1345 μοναχικδν
1053 1274 1375 1345 ἐπιτύμϐιον
1432 1276 1550 1345 μεθ’
1597 1275 1722 1328 ὅσου
1765 1274 2045 1344 μυκτῆρος

476 1369 567 1421 καὶ
604 1355 919 1438 χλεύασμοῦ
961 1365 1287 1435 ἐπιτίθησιν.
1327 1365 1387 1422 ⁸0
1423 1365 1479 1419 δὲ
1508 1364 1645 1436 πρὸς
1677 1366 1833 1419 τοῦτο
1884 1366 2047 1435 μόνον

475 1464 533 1513 ἐν
580 1459 761 1530 ἑαυτῷ
807 1458 1052 1527 γεγονὼς
1095 1460 1184 1522 (τὰ
1229 1459 1337 1528 γὰρ
1383 1458 1607 1511 πλεῖστα
1654 1457 1758 1523 ἔξω
1810 1457 1930 1521 νοδς
1955 1454 2044 1527 ἦν)

475 1554 723 1625 ἐρρίπτει
775 1568 835 1604 τε
874 1551 1152 1623 παρευθὺς
1201 1550 1441 1622 ἐπισχὼν
1489 1552 1589 1622 τὴν
1632 1549 1952 1621 καλύπτραν
1981 1551 2046 1602 εκ

476 1643 796 1714 σφενδονῶν,
824 1644 919 1697 καὶ
946 1645 1067 1705 ταῖς
1096 1642 1299 1707 ὀξείαις
1324 1640 1505 1711 βολαῖς
1530 1641 1622 1695 τοῦ
1654 1639 1808 1713 ἡλίου
1831 1640 2046 1712 γυμνὴν

474 1736 646 1791 ἐδίδου
684 1733 1087 1789 καθυπακούειν
1132 1732 1229 1804 τὴν
1271 1733 1530 1804 κεφαλήν.
1574 1732 1632 1786 ’0
1665 1731 1721 1786 δὲ
1766 1733 1861 1785 καὶ
1889 1727 2044 1795 αὖθις

475 1827 872 1897 ἀναλαμϐάνων
927 1826 1186 1889 ἐπετίθει,
1223 1828 1314 1880 καὶ
1360 1825 1516 1889 αὖθις
1564 1826 1767 1889 ἐκεῖνος
1813 1826 2044 1896 ἀπέρρι-

2157 630 2315 683 νόουν
2339 628 2439 700 τὴν
2469 632 2747 702 πρόνοιαν.

2155 743 2255 798 κδ’.
2285 743 2488 813 Ὅπως
2511 748 2544 800 ό
2566 746 3069 887 Koma-(ignariab
3098 746 3208 817 τῆς
3233 750 3515 818 Προύσης
3534 748 3737 819 φυγὰς

2947 835 3066 872 sto.

2947 835 3066 872 ετο.

2224 910 2313 983 [Ρ.
2338 909 2430 983 Η]
2475 911 2536 965 '0
2573 911 2760 978 μέντοι
2788 927 2851 980 γε
2878 912 3217 984 Κοτανίτξης
3244 914 3303 966 τὺ
3329 916 3515 983 σχῆμα
3549 911 3734 983 φέρων

2153 1001 2263 1056 τῶν
2289 1002 2540 1074 μοναχῶν
2571 1003 2673 1057 κάν
2700 1005 2766 1073 τῇ
2805 1003 2904 1073 τῆς
2934 1005 3305 1074 Περισλέπτου
3355 1005 3490 1073 μονῇ
3523 1004 3727 1071 ἀσκῶν,

2155 1094 2582 1165 ὑποκρινόμενος
2609 1094 2666 1149 δὲ
2693 1097 2789 1150 καὶ
2823 1097 3004 1150 πᾶσαν
3052 1097 3331 1166 ἁπλότητα
3360 1097 3436 1159 ὡς
3463 1096 3526 1149 ἐκ
3553 1095 3732 1165 ψυχνῖς

2152 1187 2445 1256 ἀγαπήσας
2495 1188 2594 1260 τὴν
2656 1188 2933 1243 πολιτείαν
2980 1191 3072 1243 καὶ
3116 1189 3290 1260 ταύτῃ
3340 1187 3731 1242 συναποθανεῖν

2152 1278 2496 1349 αἱρούμενος,
2542 1280 2633 1333 καὶ
2680 1279 2963 1344 τοιαύταις
3001 1283 3240 1346 ἀπάταις
3292 1281 3419 1344 τοὺς
3462 1283 3729 1349 μοναχοτς

2154 1368 2419 1434 ὑπελθὼν,
2477 1371 2656 1423 πείθει
2704 1373 2913 1440 ἐφεῖναι
2951 1371 3127 1441 τούτῳ
3176 1371 3505 1426 καταλαϐεῖν
3536 1369 3635 1440 τὴν
3668 1372 3731 1422 ἐν

2153 1460 2374 1532 Προύσῃ
2432 1462 2697 1530 μεγίστην
2751 1459 3005 1539 μονὴν,ᾖ
3046 1466 3110 1534 δὴ
3166 1462 3464 1532 ἀφιγμένος
3512 1460 3729 1514 ἐκεῖθεν

2150 1550 2449 1621 τεχνιτεύει
2478 1550 2578 1622 τὴν
2623 1552 2718 1607 ἐπὶ
2767 1554 2836 1608 τὰ
2867 1556 3044 1609 οἰκεῖα
3089 1554 3470 1627 δραπέτευσιν.
3515 1552 3729 1624 Γράφει

2149 1642 2262 1714 γὰρ
2297 1643 2365 1697 δι’
2414 1646 2765 1718 ἀπορρήτων,
2812 1647 3277 1719 ἐνασχολουμένου
3318 1645 3413 1699 τοῦ
3459 1644 3737 1714 βασιλέως,

2149 1736 2263 1798 τοῖς
2291 1735 2476 1799 ἄλλοις
2501 1737 2693 1807 καιρὸν
2723 1738 2975 1809 εὑρηκὼς
3008 1739 3100 1791 τὸν
3128 1737 3406 1808 ἁρμόδιον,
3445 1736 3537 1789 καὶ
3570 1735 3727 1796 an};

2151 1829 2349 1898 ὲνήρης
2392 1829 2543 1898 παρὰ
2568 1829 2675 1882 τῶν
2712 1830 2927 1883 οἰκείων
2953 1830 3372 1899 εὐτρεπισθεῖσα
3405 1829 3605 1890 ἵππους
3630 1828 3730 1894 φέ-

475 1936 628 1975 πτεν.
678 1920 786 1974 Καὶ
838 1920 999 1973 τοῦτο
1049 1917 1311 1981 πολλάκις
1355 1917 1597 1986 γεγονὸς,
1658 1918 1831 1986 γέλως
1876 1917 2041 1988 ᾔρετο
2072 1914 2114 1972 Β
2143 1934 2313 1988 ρουσα
2350 1918 2651 1985 πέμπεται.
2684 1921 2792 1974 Καὶ
2824 1920 2888 1989 δὴ
2921 1922 3323 1990 προσισχούσης
3353 1918 3584 1989 αἰγιαλῷ
3621 1919 3727 1982 τῆς

474 2012 623 2083 παρὰ
670 2010 779 2065 τῶν
817 2011 1102 2082 παρόντων
1136 2010 1230 2064 καὶ
1273 2009 1438 2081 χλεύη
1489 2010 1583 2062 καὶ
1627 2008 1948 2078 ἐπιτίμησις
1978 2008 2040 2062 ού

474 2106 666 2177 μικρά.
714 2107 778 2159 οι
826 2104 882 2158 δέ
920 2121 984 2173 γε
1035 2102 1552 2175 προσεκτικώτεροι,
1601 2102 1899 2170 ἀνάγοντες
1950 2102 2043 2155 τὸν

470 2196 593 2251 νοῦν
624 2197 759 2267 πρὸς
794 2196 936 2268 ἅπερ
985 2199 1189 2259 ἐκεῖνος
1219 2195 1394 2248 ἐποίει
1431 2193 1556 2257 τοὺς
1603 2194 1878 2265 ἀρχιερεῖς
1911 2194 2045 2265 πρό-

472 2377 688 2433 nmians
716 2376 953 2431 cmlestis
991 2387 1225 2429 censura
1250 2372 1560 2438 videbatur,
1594 2386 1870 2430 converso
1900 2380 2043 2430 stre.

472 2487 579 2526 uue
596 2469 823 2537 vestigio
850 2466 1063 2521 rediens
1090 2478 1281 2521 severo
1316 2465 1612 2535 supercilio
1638 2465 1853 2530 revisit,
1892 2466 2035 2520 alte-

471 2576 580 2634 que
614 2561 844 2616 subiatze
886 2572 1083 2613 manus
1121 2558 1231 2613 ictu
1288 2557 1681 2613 immedicabili
1730 2556 2047 2613 aillixitim-

473 2652 858 2709 miserabilem.
890 2649 1025 2704 Nam
1060 2663 1185 2704 cum
1211 2664 1240 2702 a
1286 2648 1608 2704 Galactione
1654 2648 1891 2719 quodam
1922 2646 2045 2716 ejus

472 2745 739 2817 discipulo
769 2744 1038 2799 monacho
1086 2741 1302 2798 dolatus
1328 2739 1396 2796 ad
1450 2740 1842 2812 imperatorem
1900 2752 2048 2800 esset

472 2849 730 2903 tauquam
777 2829 1029 2902 'tessitua
1083 2833 1138 2888 in
1177 2849 1300 2889 eum
1354 2830 1676 2888 ntachiuans
1716 2842 1765 2887 et
1796 2831 2045 2903 loquens,

471 2946 519 2982 ιε
558 2927 761 2982 indicio
794 2926 889 2980 tali
931 2922 997 2979 ad
1030 2940 1163 2983 suas
1215 2933 1445 2980 caeteras
1477 2923 1833 2994 gravissimas
1862 2923 2049 2994 suspi-

470 3019 660 3073 ciones
715 3014 997 3086 adjuncto,
1062 3016 1225 3084 plane
1288 3028 1593 3085 persuasus
1653 3029 1878 3085 pravum
1925 3027 2050 3069 esse

440 3116 633 3165 'tstum
661 3123 723 3163 ac
762 3107 862 3163 sibi
887 3107 1198 3175 capitaliter
1239 3104 1502 3164 infestum
1538 3106 1837 3172 hominem,
1868 3105 2047 3176 pmnis

2146 2006 2281 2072 νεὼς
2311 2010 2361 2062 oi
2410 2007 2616 2081 ταύτην
2640 2013 2866 2080 ἄγοντες
2917 2011 3262 2082 δηλοποιούσι
3308 2010 3386 2082 τῷ
3416 2009 3726 2081 Κοτανίτζῃ

2143 2098 2242 2170 τὴν
2291 2098 2496 2168 ἄφιξιν,
2532 2101 2626 2155 καὶ
2662 2100 2974 2171 ὁρισθείσης
3029 2099 3224 2163 νυκτὸς
3275 2100 3431 2154 αὐτοὶ⁵
3489 2100 3589 2169 μὲν
3640 2099 3722 2165 τῷ

2143 2189 2311 2260 τείχει
2343 2190 2442 2261 τῆς
2465 2192 2634 2261 μονῆς
2661 2190 2778 2262 ἅμα
2829 2191 2922 2244 καὶ
2954 2190 3160 2255 πόλεως
3192 2189 3453 2260 ὲφιστῶσι
3473 2190 3599 2252 τοὺς
3630 2188 3725 2242 in-

2144 2365 2431 2438 caputium
2455 2365 2705 2436 ingessit,
2736 2367 3048 2437 iterumque
3070 2365 3205 2420 illud
3237 2365 3356 2421 sine
3402 2378 3552 2420 mora
3586 2365 3723 2418 Sar-

2143 2458 2331 2516 densis
2359 2458 2623 2520 excussit.
2661 2457 2849 2514 Tertio
2882 2466 2935 2513 et
2995 2461 3200 2530 saepius
3236 2458 3380 2515 idem
3444 2459 3719 2515 ludicrum

2144 2564 2424 2608 certamen
2452 2552 2595 2607 inter
2637 2553 2831 2608 ambos
2892 2552 3304 2622 frequentatum
3363 2561 3472 2616 est,
3518 2567 3723 2622 magno

2146 2643 2453 2698 astantium
2484 2643 2623 2706 risu,
2652 2642 3011 2698 ambitionem
3068 2644 3546 2713 pseudoautistitis
3602 2659 3669 2697 ηις
3696 2670 3729 2683 -

2145 2733 2309 2788 nacbi
2351 2742 2597 2789 extrema
2656 2733 2711 2788 in
2755 2734 3070 2790 calamitate
3117 2736 3506 2805 perdurantem
3547 2734 3727 2789 eﬂ‘usa

2147 2826 2572 2882 cachinnatione
2606 2826 3036 2894 traducentium,
3068 2828 3290 2882 interim
3318 2827 3446 2881 dum
3476 2829 3728 2896 pruden-

2149 2921 2319 2974 tiores
2355 2918 2586 2988 quique,
2642 2926 2960 2990 reputantes
3003 2927 3125 2974 acta
3176 2933 3383 2989 nupera
3443 2917 3721 2983 Cbalazm,

2150 3011 2364 3081 providi
2416 3009 2672 3067 Numinis
2707 3026 2925 3082 aequum
2975 3011 3243 3080 judicium
3292 3010 3723 3072 venerabantur,

2150 3121 2262 3174 quo
2298 3103 2594 3174 supplicia,
2625 3104 2830 3173 quibus
2862 3105 2952 3160 hic
2984 3106 3150 3175 paulo
3197 3114 3326 3159 ante
3388 3102 3728 3174 subiecisset

471 3215 592 3255 cum
619 3200 980 3270 perduellium
1011 3208 1062 3253 et
1093 3199 1233 3252 laesa:
1257 3196 1563 3266 maiestatis
1604 3210 1824 3253 reorum
1885 3194 2040 3250 addi-
2066 3185 2111 3244 ϐ
2143 3198 2454 3251 immeritos
2473 3196 2772 3261 antistites,
2825 3197 3021 3252 merito
3076 3211 3222 3252 nunc
3256 3205 3463 3251 retorta
3507 3195 3561 3249 in
3597 3195 3728 3265 ejus

470 3305 566 3346 xu.
599 3289 739 3359 Ergo
763 3292 818 3344 in
848 3305 913 3346 os
944 3289 1265 3359 proscissus
1327 3288 1613 3354 conviciis,
1639 3293 1694 3344 et
1728 3303 1824 3357 per
1847 3301 2041 3342 omnes

468 3385 857 3448 contumelias,
896 3382 1095 3452 quibus
1125 3378 1472 3435 incomitiare
1496 3389 1809 3450 compertos
1862 3378 2038 3435 scele.

469 3492 589 3532 rum
618 3490 682 3531 ac
711 3474 1087 3545 deprehensos
1125 3470 1180 3527 in
1212 3471 1463 3543 ﬂagranti
1491 3470 1735 3526 vindicta
1768 3468 2040 3526 insultans

468 3565 628 3628 solet,
664 3564 1194 3636 ignominiosissime
1226 3562 1515 3618 traductus
1546 3578 1576 3616 a
1603 3564 1806 3633 passim
1838 3575 2041 3631 expro-

467 3659 781 3723 brantibus,
827 3657 975 3726 quod
1027 3664 1288 3727 suscepta
1344 3655 1687 3725 professione
1735 3655 2039 3710 monastica

465 3766 572 3806 non
622 3759 768 3806 esset
815 3749 1028 3804 veritus
1080 3748 1447 3804 dehonestare
1506 3762 1726 3802 sacrum
1795 3745 2038 3800 habitum

465 3843 765 3899 ambitione
788 3842 1069 3907 insolenti,
1107 3857 1213 3912 qua
1254 3842 1309 3896 in
1337 3841 1565 3911 gradum
1610 3839 1920 3895 antistitum
1953 3837 2039 3893 in-

464 3936 615 3992 silire
647 3951 839 3991 rursus
858 3951 1026 4005 seque
1047 3934 1330 3989 intrudere
1365 3930 1701 3995 affectasset,
1759 3940 1875 3984 tum
1908 3944 2039 3998 pro-

463 4028 845 4100 gredientibus
869 4025 1057 4081 verbis
1112 4023 1178 4079 ad
1212 4023 1466 4085 verbera,
1527 4020 1722 4092 pugnis
1756 4020 2040 4091 plagisque

461 4123 763 4176 multorum
801 4135 996 4176 manus
1022 4114 1272 4174 certatim
1339 4113 1692 4170 inferentium
1748 4122 2036 4176 contusus,

459 4212 572 4287 66
605 4213 674 4268 ad
721 4221 1027 4268 extremum
1084 4210 1393 4282 raptatione
1445 4207 1562 4261 dira
1621 4215 1828 4261 tractus
1885 4215 2037 4259 extra

461 4320 787 4362 consessum
821 4304 977 4372 longe
1005 4302 1133 4357 inde
1159 4303 1440 4373 proiectus
1461 4312 1564 4363 est,
1605 4298 1823 4369 quando
1854 4294 2038 4352 Laris-

462 4394 641 4454 scusis
666 4393 963 4457 Nicander,
994 4393 1084 4464 qui
1116 4391 1263 4464 quod
1296 4392 1493 4447 fuisset
1550 4389 1839 4443 ordinatus
1888 4385 2039 4464 alo-

463 4505 607 4547 anne
645 4489 847 4554 Vecco,
894 4485 1149 4541 Cbaiazte
1202 4500 1366 4554 opera
1423 4493 1607 4536 motus
1659 4482 1781 4534 loco
1836 4462 2033 4544 fuerat,

464 4581 607 4637 forte
673 4580 763 4635 hic
822 4594 1066 4650 prmsens
1114 4586 1168 4630 ct
1226 4591 1338 4629 sua:
1395 4585 1671 4628 auctorem
1726 4572 2036 4644 ignominia:

462 4671 996 4745 ignominiosissime
1040 4666 1289 4722 vicissim
1316 4666 1441 4734 cjiei
1495 4667 1636 4720 haud
1669 4662 1874 4720 invitus
1914 4680 2036 4719 cer-

466 4781 626 4830 nens,
665 4774 919 4835 paratum
949 4760 1019 4815 ad
1055 4760 1372 4815 meditatam
1415 4757 1730 4814 irrisinuem
1759 4756 2036 4812 cucullum

463 4857 718 4914 monachi
750 4854 1021 4919 Cbalazae,
1048 4852 1177 4907 dum
1204 4866 1263 4908 se
1292 4865 1478 4906 coram
1509 4859 1846 4923 asportatur,
1874 4848 2038 4917 capiti

462 4950 640 5005 obiter
668 4945 876 5018 injecit.
925 4942 1038 4999 lloc
1071 4950 1307 5013 punctus
1365 4940 1785 4997 aeuieatissimaa
1812 4940 2042 4996 subsan-

462 5040 703 5097 natiouis
731 5038 955 5093 stimulo
986 5035 1453 5106 velutcxpcrgisci
1484 5033 1717 5090 Chaiaza
1748 5035 1901 5088 visus
1929 5040 2037 5096 est,

463 5151 587 5191 cum
620 5134 685 5189 ad
714 5139 912 5187 Caetera
942 5130 1112 5185 hebes
1169 5129 1599 5201 obturpuisset..
1648 5127 1822 5182 Sensu
1872 5124 2038 5195 igitur

465 5229 544 5283 sic
578 5226 797 5282 domum
831 5234 1073 5294 recepto.
1108 5222 1301 5292 rejecit
1336 5221 1574 5275 maximo
1621 5221 1808 5275 statim
1836 5226 2035 5273 conatu

464 5322 677 5392 insigne
712 5320 901 5376 invisa:
935 5316 1323 5388 professionis.
1355 5314 1461 5370 Sed
1507 5313 1637 5369 dum
1691 5314 2039 5383 superimpo-

462 5415 628 5469 situm
653 5412 725 5477 ci,
753 5426 913 5481 quem
940 5409 1095 5481 prius
1140 5404 1409 5479 gestabat,
1466 5404 1689 5475 proprie
1729 5401 2038 5457 antistitum

466 5502 610 5574 pileo
643 5499 1026 5554 monachicum
1076 5494 1401 5568 operculum
1435 5493 1633 5564 cupide
1665 5492 1896 5557 excutit,
1950 5506 2035 5544 aro

466 5595 635 5662 reptis
659 5591 823 5647 simul
856 5590 997 5645 forte
1033 5587 1272 5650 laciniis,
1315 5582 1497 5638 l'uuda:
1546 5581 1719 5653 figura
1746 5581 1876 5636 hinc
1913 5579 2039 5635 inde

464 5683 854 5753 pendentibus,
891 5685 1173 5752 calyptraz,
1224 5678 1366 5732 banc
1423 5689 1643 5747 quoque
1678 5662 1843 5729 simul
1902 5671 2038 5740 abji-

465 5781 637 5843 cieus,
666 5777 872 5834 nudum
899 5775 1009 5847 jam
1040 5775 1302 5829 verticem
1336 5771 1612 5828 solaribus
1638 5770 1843 5824 acriter
1873 5783 2037 5822 uren-

468 5875 614 5929 tibus
651 5873 905 5943 exposuit
947 5868 1138 5924 radiis.
1185 5868 1305 5934 Quo
1356 5863 1629 5919 Nicander
1659 5863 1784 5945 vise
1840 5862 2037 5916 iterum

860 6172 949 6254 3

2064 4527 2113 4586 D

2145 3288 2319 3359 ipsius
2345 3289 2720 3359 agnoscebant
2753 3295 2940 3358 caput.

2421 3378 2512 3434 24.
2548 3378 2616 3434 Ut
2644 3378 2928 3435 Cotauitza
2977 3379 3159 3435 Prusa
3189 3380 3400 3452 fugerit.

2216 3472 2283 3526 At
2317 3469 2606 3526 Cotanitza
2648 3482 2986 3541 susceptum,
3043 3486 3101 3526 ut
3156 3472 3210 3527 in
3248 3474 3369 3527 loco
3409 3471 3735 3537 retulimus,

2149 3562 2400 3618 habitum
2445 3562 2704 3617 monachi
2744 3562 2926 3617 adhuc
2960 3577 3155 3633 gerens
3185 3564 3241 3617 in
3288 3562 3577 3633 Periblepti
3605 3577 3725 3615 mo-

2145 3654 2390 3710 nasterio
2424 3653 2641 3725 egregie
2672 3654 2993 3723 religionem
3024 3654 3288 3711 simulare
3328 3654 3549 3718 institit,
3606 3668 3731 3722 pra:

2144 3762 2206 3803 se
2254 3745 2437 3801 ferens
2492 3746 2586 3801 tali
2626 3745 2749 3802 rita:
2802 3757 3235 3802 consentaneam
3288 3744 3726 3815 simplicitatem,

2143 3838 2509 3908 omnibusque
2534 3848 2853 3896 contestans
2882 3838 3104 3897 indiciis
3149 3853 3214 3894 ex
3264 3839 3449 3894 animo
3502 3838 3730 3907 acquie-

2151 3944 2309 3986 scere
2339 3946 2399 3986 se
2452 3931 2706 3987 asceticaa
2734 3930 3090 4002 professioni,
3121 3932 3176 3986 iu
3216 3944 3390 4002 eaque
3434 3946 3608 4001 usque
3650 3932 3727 3985 ad

2145 4022 2402 4093 spiritum
2450 4032 2753 4079 extremum
2787 4037 3142 4094 perseverare
3194 4024 3356 4094 plane
3386 4023 3720 4081 decrevisse.

2144 4112 2235 4169 Sic
2266 4129 2493 4170 suorum
2543 4116 2650 4172 sibi
2682 4116 2791 4188 67
2825 4126 3019 4187 parato
3051 4117 3240 4172 favore
3295 4116 3591 4178 sodalium,
3636 4114 3722 4168 fa-

2142 4205 2249 4263 cile
2285 4208 2354 4262 ab
2386 4208 2454 4262 iis
2490 4208 2806 4277 impetravit
2828 4219 2886 4264 ut
2909 4210 3051 4265 bona
3102 4209 3513 4265 moderatorem
3539 4210 3715 4277 gratia

2142 4297 2197 4352 in
2231 4302 2528 4355 maximum
2563 4298 2749 4356 Prusae
2780 4302 3175 4357 monasterium
3218 4316 3279 4357 sc
3304 4301 3540 4356 transire
3570 4311 3725 4370 pate-

2142 4401 2358 4446 rentur.
2393 4390 2511 4447 Hue
2537 4406 2701 4463 porro
2736 4392 2828 4447 ille
2872 4395 3179 4448 translatus
3224 4408 3387 4465 agere
3434 4393 3583 4447 vafer
3612 4409 3723 4463 np-

2143 4491 2380 4553 portuno
2404 4482 2545 4545 loco,
2572 4483 2716 4552 quod
2753 4483 2959 4540 dudum
2992 4486 3286 4554 coquebat,
3319 4484 3508 4555 erepit,
3555 4500 3719 4539 suam

2146 4573 2404 4629 nimirum
2443 4576 2495 4628 in
2521 4575 2757 4645 patriam
2822 4593 2885 4631 ac
2934 4577 3261 4633 familiarem
3315 4575 3483 4632 larem
3533 4576 3719 4646 fugam

2147 4665 2473 4729 machinari.
2518 4667 2749 4738 Scripsit
2807 4670 2954 4725 enim
3014 4687 3219 4726 arcano
3269 4686 3367 4740 per
3419 4669 3723 4725 fidissimos

2147 4760 2370 4816 Inmtins
2414 4761 2533 4818 suis
2564 4762 2885 4820 domesticis
2918 4781 3040 4835 qua:
3073 4765 3143 4819 ab
3166 4765 3302 4834 ipsis
3331 4763 3448 4819 fieri
3476 4762 3716 4826 volebat,

2143 4859 2261 4906 tuto
2289 4852 2402 4922 jam
2436 4854 2902 4922 administranda,
2925 4857 3145 4928 quando
3180 4855 3485 4925 imperator
3537 4855 3721 4911 diver-

2141 4941 2384 4997 sissimis
2420 4942 2686 5010 intentus,
2714 4945 2783 4999 ad
2821 4962 3046 5002 sensum
3078 4944 3532 5017 inopinatissimae
3556 4946 3724 5002 moli-

2142 5032 2312 5089 tionis
2362 5033 2700 5092 adversurus
2754 5047 3015 5104 mentem,
3063 5037 3243 5093 timeri
3290 5037 3720 5108 haudquaquam

2143 5135 2351 5194 posset.
2378 5124 2638 5195 Cognatis
2669 5143 2799 5199 ergo
2830 5128 3129 5183 Cotanitzze
3161 5128 3256 5183 tali
3310 5124 3548 5183 articulo
3606 5144 3722 5182 nun

2142 5216 2515 5279 cessantibus,
2549 5223 2861 5288 comparuit
2893 5218 3042 5274 brevi
3074 5219 3261 5274 Prusze
3294 5219 3592 5290 piscatoria
3628 5237 3723 5274 re-

2143 5305 2249 5361 mis
2280 5306 2556 5362 instructa
2587 5324 2760 5381 equos
2789 5310 3093 5374 advehens,
3141 5326 3250 5381 qua
3278 5311 3449 5365 iittori
3487 5312 3722 5382 appulsa

2143 5400 2542 5455 cxsceudentcs
2592 5410 2844 5456 vectores
2887 5402 3188 5456 Cotanitzze
3238 5403 3534 5456 necessarii
3578 5401 3723 5456 clam

2140 5492 2420 5547 hominem
2448 5504 2779 5549 conventum
2816 5494 2882 5548 ad
2930 5494 3114 5565 fugam
3154 5493 3413 5550 invitant.
3454 5493 3724 5551 Coudicta

2144 5585 2272 5641 inde
2318 5598 2479 5641 nocte
2506 5586 2595 5641 isti
2635 5603 2792 5642 muro
2844 5588 3163 5643 monasterii
3208 5587 3302 5658 qui
3354 5588 3425 5644 ab
3454 5602 3516 5645 ea
3560 5597 3725 5658 parte

2145 5677 2288 5731 idem
2322 5693 2445 5731 cum
2476 5694 2632 5733 tnuro
2664 5680 2819 5735 urbis
2851 5689 2991 5743 erat,
3049 5694 3172 5733 cum
3206 5695 3380 5751 equus
3440 5678 3726 5735 admovis-

2146 5780 2290 5835 sent,
2313 5768 2608 5825 dcsccudit
2644 5770 2763 5840 ipse
2813 5771 2942 5826 fune
2982 5771 3262 5826 demissus
3314 5786 3345 5825 c
3376 5771 3558 5839 pinnis
3584 5786 3724 5825 πιαιν-

2147 5862 2324 5929 nium,
2357 5877 2610 5934 equoque
2628 5877 2957 5931 conscenso,
2994 5863 3313 5920 abundante
3340 5861 3407 5918 ad
3442 5863 3547 5919 iter
3569 5865 3723 5934 quod
