3950 6564
414 371 484 435 :9
1572 370 1901 436 GEORGlI
1943 371 2426 439 mommsen
3126 331 3137 341 ’
3610 370 3687 432 so

413 505 482 542 τα
516 485 693 542 λαϐὼν
729 485 757 540 ὁ
792 487 1279 558 πρωτοϐεστιᾶριος
1308 485 1422 555 ἅμα
1457 485 1735 550 πλείσταις
1764 486 1998 557 δυνάμε⁵
2034 495 2071 550 Α
2102 479 2177 539 ὧν
2201 489 2424 541 ἐκείνων
2468 488 2564 556 μὲν
2591 487 2658 541 τὰ
2702 487 2830 558 τέλη
2870 487 2947 559 τῷ
2984 488 3229 559 δημοσίῳ
3254 487 3484 559 ταμιείῳ
3510 505 3683 544 κατα·

415 598 499 632 σιν
528 579 622 633 ἐπὶ
669 579 1044 651 Δημητριάδος
1070 581 1161 634 καὶ
1207 577 1314 633 τῶν
1345 579 1462 631 ἐκεῖ
1501 577 1711 649 ταχέως
1742 578 1985 649 ἐξώρμα,

415 670 550 742 πεζῇ
576 671 673 734 τὰς
710 672 967 743 δυνάμεις
994 672 1163 738 ἄγων.

394 790 528 853 ,κς-κ
572 784 700 839 Ὀτι
729 787 788 840 ai
834 783 1247 909 τριήρειςθτῆς
1303 783 1622 854 Ῥωμαΐδος
1656 784 1992 855 κατημελιῖ-

1136 872 1316 909 near.

1136 872 1316 920 ησιεν.

481 946 556 1000 Τὸ
593 945 648 1000 δὲ
679 945 931 998 ναυτικὸν
964 945 1051 1017 [Ρ.
1092 946 1184 1020 45]
1211 949 1237 1001 ὁ
1271 948 1479 1003 ἐκείνου
1512 947 1760 1019 γαμϐρὸς
1798 946 1992 1001 Ῥαοὺλ

424 1036 659 1103 Ἀλέξιος
688 1033 813 1107 ἦγε,
848 1039 976 1109 περί
1011 1056 1111 1091 που
1142 1040 1240 1102 τὰς
1268 1042 1594 1113 ὀγῖοήκοντα
1626 1043 1758 1105 ναῦς
1779 1060 1791 1072 ⁸
1826 1044 1990 1111 συνῆν

410 1128 459 1184 δ’
481 1130 630 1200 αὐτῷ
648 1131 737 1183 καὶ
766 1131 794 1183 ὀ
826 1130 1000 1199 μέγας
1030 1135 1506 1205 στρατοπεδάρχης
1526 1136 1849 1203 Συναδηνός.
1882 1134 1992 1187 Καὶ

413 1221 681 1290 χρήσιμον
716 1219 886 1272 lodice:
920 1220 987 1273 τὰ
1019 1220 1250 1291 μέγιστα
1283 1223 1404 1275 τότε
1439 1223 1690 1277 ναυτικὸν
1717 1226 1829 1285 τοῖς
1860 1224 1993 1276 Ῥωι

413 1310 588 1381 μαίων
614 1312 957 1382 πράγμασιν,
990 1314 1037 1367 εί
1059 1317 1150 1367 καὶ
1181 1315 1319 1384 μετὰ
1347 1314 1444 1386 τὴν
1478 1316 1826 1387 ὑποστροφὴν
1849 1316 1992 1369 οὕτω

408 1403 566 1468 δόξαν
594 1404 954 1473 κατημελεῖτο
975 1405 1049 1469 ὡς
1076 1406 1308 1477 ζημιοῦν
1332 1406 1493 1460 πλέον
1519 1408 1550 1479 ἢ
1583 1411 1823 1462 συνοῖσον
1852 1408 1993 1462 κατὰ

409 1493 653 1560 καιρούς.
724 1494 1033 1550 ’Υπενοεῖτο
1091 1500 1200 1570 γὰρ
1253 1498 1349 1552 καὶ
1382 1499 1576 1561 ταῦτα,
1612 1501 1706 1552 καὶ
1758 1500 1894 1568 πρὸς
1931 1499 1994 1553 τὸ

412 1587 688 1639 πιστεύειν
718 1581 860 1657 ἦσαν
876 1605 1021 1652 τινες
1056 1584 1136 1653 οἷς
1154 1590 1357 1660 ἤρεσκε
1384 1592 1443 1644 τὸ
1478 1590 1619 1644 οὕτω
1650 1593 1990 1662 πεπρᾶχθαι,

410 1676 487 1735 ὡς
511 1677 633 1729 ἐπεί
660 1695 724 1742 γε
776 1678 874 1747 τὴν
895 1678 1223 1751 Ἐκκλησίαν
1260 1681 1317 1732 ἐν
1355 1682 1623 1752 ἀταραξίᾳ
1655 1684 1994 1751 καταστῆναι

409 1770 607 1838 ξυνέϐη
634 1769 895 1840 βασιλέως
924 1776 1279 1835 σπεύσαντος,
1324 1775 1431 1826 πᾶν
1459 1773 1707 1827 ἐντεῦθεν
1738 1773 1995 1842 πολέμιον

2096 580 2420 647 ϐαλλόντων,
2447 582 2745 652 χρημάτων
2759 583 3011 649 εὐπορεῖν
3035 582 3507 636 τιολυδδάλλουσαν
3531 582 3681 651 βασι-

2094 671 2267 736 λείαν,
2298 674 2392 726 καὶ
2415 674 2626 736 τούτοις
2677 673 2821 726 κατὰ
2873 674 3104 736 σπονδάς
3133 689 3191 725 τε
3245 674 3339 726 καὶ
3394 672 3682 738 συνθεσίας

2093 764 2302 817 ἀκονιτί
2333 781 2391 816 τε
2420 765 2514 817 καὶ
2542 765 2907 834 ἀπραγμόνως
2943 765 3218 835 διαφέρειν
3248 766 3314 817 τὰ
3346 765 3445 833 τῆς
3476 767 3678 835 ἀρχῆς.

2095 851 2265 906 Ταῦτ’
2291 854 2492 907 ἐκεῖνοι
2524 854 2802 918 πείθοντες
2850 854 3094 925 βασιλέα,
3136 857 3237 909 οῦκ
3286 856 3549 919 ἐνιδόντες
3580 858 3678 909 καὶ

2094 944 2232 1014 πρὸς
2253 944 2315 997 τὸ
2347 947 2630 1014 μεγαλεῖον
2657 947 2756 1017 τῆς
2787 948 2964 1018 ἀρχῆς
3001 949 3107 1000 τῶν
3144 948 3453 1017 Ῥωμαίων,
3479 949 3552 1012 ὡς
3574 949 3680 1019 οὐχ

2094 1037 2213 1098 οἵας
2246 1035 2296 1088 τ’
2330 1035 2499 1107 οὔσης
2532 1037 2771 1107 ἀρχῆθεν
2802 1041 2912 1102 τοίς
2963 1039 3183 1103 οἰκείοις
3227 1041 3505 1108 ἐμμένειν,
3540 1038 3682 1091 ἀλλὰ

2089 1126 2301 1198 ζημίαν
2340 1128 2649 1199 ἡγουμένης
2686 1130 2738 1182 εί
2767 1129 2842 1201 μὴ
2883 1132 2977 1183 καὶ
3017 1131 3149 1185 ἄλλα
3178 1130 3555 1200 προσλάόοιτο,
3581 1128 3680 1182 καὶ

2093 1220 2174 1272 ὅτι
2199 1220 2297 1289 τῆς
2328 1221 2737 1275 Κωνσταντίνου
2765 1222 3074 1293 κρατούσης
3098 1224 3192 1275 καὶ
3220 1224 3416 1291 νήσους
3439 1221 3677 1289 ἐχούσης

2095 1312 2334 1366 ἀδύνατα
2368 1313 2490 1383 δίχα
2534 1316 2805 1385 τριήρεων
2846 1314 3057 1384 ἄρχειν,
3089 1316 3181 1367 καὶ
3212 1315 3382 1368 ταῦτα
3415 1314 3512 1367 τοῦ
3537 1314 3679 1367 ἰτα-

2094 1403 2247 1457 λικοῦ
2279 1406 2337 1471 ἐξ
2364 1406 2441 1458 ὅτι
2485 1406 2743 1476 πλείστης
2780 1408 3018 1475 κορύζης
3052 1407 3498 1477 ἀνεγηγερμένον
3534 1406 3674 1474 np’);

2094 1497 2360 1565 ἀνάληψιν
2393 1491 2469 1551 ὧν
2493 1498 2621 1569 χθὲς
2652 1501 2744 1553 καὶ
2794 1500 2899 1570 πρδ
2929 1500 3117 1570 τρίτης
3150 1500 3372 1552 ἐκείνων
3408 1493 3549 1567 ἦσαν
3577 1498 3677 1551 καὶ

2095 1591 2159 1659 τῇ
2190 1588 2329 1660 ἀρχῇ
2368 1590 2476 1643 τῶν
2515 1589 2802 1659 Ῥωμαίων
2838 1592 2901 1643 ὲκ
2926 1590 3033 1643 τῶν
3063 1591 3331 1661 τριήρεων
3365 1591 3672 1660 προσεκτή-

2098 1677 2287 1745 οησαν.
2330 1679 2512 1732 Ταῦτα
2541 1679 2788 1749 βασιλεὺς
2828 1682 2924 1746 μὲν
2951 1681 3025 1743 ὡς
3055 1681 3199 1743 είκδς
3249 1680 3514 1749 ξ’)νεὼρα,
3550 1681 3676 1732 ἱκα-

2096 1770 2203 1832 νῶς
2231 1769 2368 1839 ἔχων
2394 1772 2485 1823 καὶ
2518 1772 2623 1840 πρὸ
2651 1773 2747 1841 τῆς
2782 1775 2838 1834 ὲς
2864 1771 3010 1829 ἅπαν
3036 1773 3249 1840 ἡλικίας
3279 1772 3377 1840 τῆς
3418 1775 3474 1835 ἐς
3509 1771 3675 1841 μάλι-

412 1862 739 1932 συσταλῆναι
764 1863 884 1916 τότε
920 1865 1013 1917 καὶ
1037 1865 1380 1936 ἀπρακτήσει
1410 1865 1504 1920 τοῦ
1545 1865 1680 1919 Θεοῦ
1712 1866 1979 1929 νεύοντος.
2015 1878 2057 1931 Β
2089 1876 2187 1913 στα
2219 1859 2501 1931 βασιλικῆς
2536 1862 2866 1932 ἐπιστήμης,
2892 1865 2986 1916 καὶ
3013 1864 3118 1915 τῶν
3142 1863 3278 1916 νεῶν
3301 1863 3476 1933 εἴχετο
3504 1880 3517 1894 ·
3552 1861 3672 1916 ἀλλ’

419 1955 661 2008 Ἐκεῖθεν
712 1954 769 2008 δὲ
802 1956 893 2009 καί
924 1974 1069 2020 τινες
1114 1957 1223 2010 τῶν
1268 1956 1564 2027 βασιλικῶν
1593 1957 1868 2028 ἀρχόντων
1891 1960 1986 2011 καὶ

410 2045 761 2117 βουληφόρων
826 2045 1019 2115 βουλὰς
1050 2048 1289 2118 εἰσῆγον,
1320 2048 1452 2102 πολὺ
1487 2048 1586 2118 μὲν
1622 2047 1682 2100 τὸ
1711 2048 1987 2117 ἀντερετι-

408 2136 502 2189 κὸν
534 2130 700 2203 εἶναι,
734 2136 869 2191 πολὺ
902 2138 959 2192 δὲ
1001 2138 1060 2192 τὸ
1092 2140 1232 2193 κατὰ
1261 2139 1358 2203 τὰς
1406 2139 1537 2203 ναῦς
1579 2139 1984 2211 μισθοφορικὸν,

408 2321 677 2382 quantum
728 2315 782 2375 in
830 2313 882 2368 id
938 2314 1263 2370 solvendum
1330 2314 1455 2370 fuit.
1517 2313 1769 2384 Magnum
1821 2314 1986 2384 igitur

411 2404 543 2459 inde
588 2413 931 2459 contractum
974 2406 1221 2477 pecunia:
1255 2423 1542 2461 numerum
1577 2406 1836 2461 auferens
1864 2421 1986 2476 pro-

414 2497 773 2553 tovestiarius
834 2513 958 2551 ctttn
1013 2499 1326 2554 numerosis
1379 2498 1555 2566 col-iis
1609 2497 1859 2553 celeriter
1917 2496 1985 2552 ad

410 2587 779 2644 Demetriadis
818 2587 1074 2642 viciniam
1108 2605 1166 2644 se
1198 2590 1450 2655 contulit,
1478 2598 1625 2643 terra
1682 2588 1983 2645 exercitum

407 2682 641 2736 ducens.

545 2771 637 2827 26.
675 2769 741 2826 Ut
768 2777 1004 2826 triremes
1030 2769 1305 2827 Romaidia
1346 2773 1594 2844 neglecta!
1621 2773 1841 2841 fuerint.

476 2861 1041 2933 Negligebaturcnim
1105 2861 1325 2928 classis,
1382 2878 1488 2934 qua
1522 2878 1723 2918 cursus
1767 2863 1823 2918 in
1892 2878 1987 2918 eas

412 2962 595 3026 partes
625 2952 739 3008 tleri
771 2950 1060 3006 commode
1093 2962 1367 3023 potuerat.
1423 2954 1662 3008 Praeerat
1710 2954 1788 3008 illi
1840 2953 1988 3023 ejus-

405 3046 950 3103 dem‘Tarchaniotte
997 3062 1166 3117 gener
1209 3045 1435 3102 Alexius
1492 3046 1652 3114 ﬂaui,
1713 3047 1985 3116 octoginta

370 3136 373 3139 ⁷
405 3142 621 3197 circiter
655 3154 823 3195 naves
862 3139 1092 3193 habens.
1131 3139 1267 3192 t‘um
1298 3139 1402 3192 hoc
1429 3147 1551 3193 erat
1589 3152 1817 3208 magnus
1846 3153 1986 3210 quo-

2088 1950 2240 2005 ἐνίκα
2264 1952 2321 2002 τὴ
2359 1953 2645 2023 μόρσιμον,
2683 1957 2777 2007 καὶ
2808 1958 2919 2016 τοῖς
2951 1955 3169 2022 λέγουσι
3201 1956 3408 2009 πείθειν
3436 1952 3524 2027 ἦν.
3563 1956 3676 2008 Καὶ

2088 2043 2149 2095 τὸ
2179 2044 2452 2112 εἰρηνικὸν
2502 2045 2560 2099 δὲ
2593 2046 2685 2099 τοῦ
2730 2048 2944 2117 καιροῦ,
3010 2050 3547 2119 συνυποκλινομένων
3576 2051 3677 2104 καὶ

2089 2137 2196 2191 τῶν
2217 2137 2419 2192 λοιπῶν
2448 2140 2750 2205 Βενετικοῖς
2776 2158 2835 2196 τε
2886 2141 2980 2196 καὶ
3009 2143 3369 2209 Γεννουϊταις,
3421 2144 3676 2198 ἐκποδὼν

2090 2328 2267 2375 tamen
2296 2320 2351 2375 in
2381 2321 2875 2379 deliberationibus
2908 2323 2976 2377 de
3025 2334 3325 2395 sumptum
3375 2324 3677 2395 rempubli—

2094 2427 2215 2467 cam
2260 2413 2536 2479 faciendo,
2565 2414 2613 2471 si
2658 2416 2755 2485 qui
2787 2417 3188 2488 praecipuorum
3232 2418 3451 2488 imperii
3509 2419 3676 2474 mini-

2091 2512 2334 2559 strorum
2378 2507 2786 2564 commendare
2811 2524 2873 2564 sc
2895 2510 3137 2579 providae
3167 2510 3515 2582 parrimonia:
3540 2524 3671 2580 spe-

2036 2614 2043 2624 “
2090 2598 2177 2651 cie
2200 2595 2480 2662 volebant,
2509 2607 2621 2653 tum
2657 2600 2987 2670 prunissime
3006 2603 3329 2659 audirentur
3367 2619 3487 2659 cum
3521 2604 3675 2659 dice-

2091 2700 2213 2747 rent
2268 2706 2736 2761 supervacaneum
2767 2696 2836 2749 ali
2873 2711 3162 2751 numerum
3187 2697 3483 2767 remigum,
3523 2712 3675 2751 mer-

2090 2784 2221 2836 cede
2271 2784 2599 2839 conductam
2626 2785 2682 2840 in
2728 2801 2898 2843 naves
2949 2788 3203 2843 militiam
3249 2799 3562 2846 exterarum
3611 2788 3672 2842 in

2091 2877 2324 2932 nimiam
2359 2881 2678 2936 excrevisse
2733 2883 3162 2939 multitudinem.
3215 2883 3385 2951 Cujus
3428 2884 3674 2953 duplicis

2089 2966 2304 3036 generis
2336 2967 2644 3036 hominum,
2686 2971 2735 3027 si
2768 2972 2979 3042 priores
3011 2972 3229 3042 quidem
3261 2973 3569 3043 vectigalia,
3608 2982 3673 3029 ut

2090 3058 2278 3113 caeteri
2303 3074 2417 3113 sua:
2467 3061 2653 3125 sortis,
2675 3063 2868 3117 aerario
2896 3061 3160 3134 imperata
3184 3062 3476 3128 solverent,
3496 3063 3550 3118 hi
3576 3079 3672 3120 ve-

2093 3164 2153 3203 ro
2180 3152 2527 3205 exauctorati
2553 3152 2742 3208 militia
2769 3168 2998 3222 gravare
3020 3155 3411 3224 rempublicam
3446 3155 3668 3224 impen-

403 3250 511 3303 quc
556 3231 1007 3302 stratopedarcha
1040 3230 1382 3301 Syuadcuus.
1412 3231 1489 3284 Ac
1518 3246 1829 3301 quanquam
1857 3230 1991 3287 satis
2018 3213 2061 3271 θ
2097 3236 2189 3293 dio
2225 3240 2482 3310 st-‘pendii
2515 3213 2848 3310 desinerent,
2898 3243 3013 3299 fore
3048 3213 3196 3300 haud
3227 3245 3389 3299 dubie
3408 3252 3467 3299 ut
3498 3213 3672 3299 fiscus

406 3324 705 3396 apparebat
743 3323 1041 3393 perutilcm
1094 3320 1355 3375 Romanis
1404 3319 1568 3375 rebus
1618 3335 1742 3376 esse
1784 3320 1991 3374 mariti-

404 3431 551 3471 mam
581 3415 906 3485 potentiam,
943 3426 1126 3468 tamen
1186 3420 1309 3481 post
1337 3412 1753 3466 conversionem
1800 3426 1983 3465 rerum

404 3521 533 3574 quae
565 3514 888 3575 capessi-nte
936 3504 1149 3573 imperii
1189 3504 1432 3558 habenas
1484 3502 1804 3559 Andronico
1849 3503 1987 3557 facta

398 3606 507 3663 est,
570 3612 633 3652 ea
700 3596 881 3652 curari
938 3595 1267 3651 oscitantius
1318 3603 1581 3665 (mperat,
1650 3584 1988 3665 praevalenti-

398 3694 504 3748 bus
531 3692 781 3748 consiliis
821 3692 1166 3762 cpinantium
1207 3701 1355 3746 recte
1408 3691 1668 3746 lucrilleri
1703 3699 1980 3760 sumptum

401 3785 570 3840 istum
598 3796 784 3853 posse,
813 3783 960 3853 quod
1002 3784 1125 3852 plus
1168 3782 1380 3848 damni,
1416 3792 1475 3837 ut
1526 3782 1766 3844 aiebant,
1818 3797 1979 3851 quam

399 3876 674 3932 commodi
701 3887 767 3931 ex
804 3875 1095 3931 instructis
1135 3875 1384 3945 impensa
1439 3876 1676 3929 maxima
1709 3874 1981 3929 classibus

399 3967 719 4039 reipublicae
751 3968 1083 4037 proveniret.
1132 3966 1456 4036 Allegabant
1495 3966 1562 4021 ad
1621 3967 1725 4023 hoc
1756 3980 1981 4037 persua-

399 4060 640 4116 demtum
689 4075 798 4114 non
840 4068 1163 4129 argumenta
1211 4060 1289 4114 illi
1324 4060 1542 4129 quidem
1580 4060 1719 4114 satis
1775 4059 1975 4122 valida,

397 4170 463 4207 ac.
502 4168 572 4208 ne
601 4151 939 4208 verisimilcs
979 4152 1202 4221 quidem
1250 4152 1625 4222 conjecturas,
1668 4153 1765 4207 sed
1795 4151 1977 4219 suSpi-

396 4243 588 4298 ciones
619 4239 735 4297 fere
765 4256 966 4298 meras.
991 4240 1198 4296 Tamen
1257 4245 1372 4297 haec
1404 4242 1594 4312 pronis
1626 4241 1975 4311 accipieban-

396 4344 475 4390 tut
518 4334 779 4400 auribus:
808 4343 864 4389 et
888 4334 1033 4404 quod
1066 4334 1255 4389 deerat
1292 4331 1761 4390 verisimilitudini
1807 4333 1976 4388 ratio-

395 4440 552 4488 num,
579 4416 762 4481 studia
791 4427 1156 4497 gratiosorum
1184 4428 1328 4497 apud
1357 4428 1663 4496 Augustum
1696 4436 1752 4482 ct
1779 4426 1974 4481 volun-

2095 3329 2383 3399 tnultiplici
2420 3333 2663 3387 refectus
2726 3333 2851 3387 hinc
2887 3334 3014 3389 inde
3063 3345 3309 3407 sumptu,
3347 3351 3446 3390 nec
3497 3335 3671 3404 largis

2090 3421 2507 3490 erogationibus
2536 3424 2860 3489 exhaustus,
2894 3427 3196 3481 abundaret
3247 3426 3501 3497 pecunia,
3557 3442 3669 3498 qua

2090 3513 2265 3582 petite
2291 3515 2545 3585 ptinceps
2576 3527 2736 3574 utens
2762 3518 2921 3573 facile
2951 3521 3135 3576 hostes
3158 3531 3494 3587 exarmaret,
3552 3531 3672 3575 sta.-

2087 3600 2376 3671 hiliretque
2401 3618 2658 3659 securum
2706 3606 2875 3660 otium
2938 3607 3173 3662 subditis
3212 3608 3349 3662 citra
3382 3608 3666 3678 pulverem

2086 3707 2150 3748 ac
2180 3708 2437 3763 pugnam,
2458 3697 2822 3753 conciliandis
2863 3700 3161 3767 prudenter
3195 3700 3666 3755 convcntiouihus

2083 3796 2148 3836 ac
2177 3785 2377 3853 pactis,
2411 3785 2612 3854 quibus
2640 3787 2850 3842 certius
2877 3804 3040 3857 quam
3069 3789 3315 3844 victoriis
3347 3794 3578 3859 strepitu
3599 3798 3671 3845 ae

2082 3873 2402 3930 discrimine
2429 3878 2676 3947 quaesitis
2708 3870 2861 3935 salus
2898 3880 3164 3951 quiesque
3201 3881 3434 3951 publica,
3492 3898 3673 3952 quau-

2082 3979 2194 4022 tum
2230 3967 2295 4020 ad
2337 3967 2549 4023 feiicctn
2584 3971 2798 4040 imperii
2866 3987 3089 4026 cursum
3145 3975 3443 4042 optandum
3493 3981 3667 4038 esset,

2080 4060 2423 4114 llrmarctur.
2460 4058 2614 4114 Talia
2654 4077 2777 4116 cum
2808 4062 2897 4117 isti
2925 4062 3290 4133 disputarent,
3314 4081 3419 4120 non
3477 4067 3668 4121 statim

2087 4151 2310 4222 quidem
2346 4152 2653 4222 probabant
2686 4154 3044 4223 Andronico;
3077 4156 3168 4226 qui
3200 4167 3248 4211 et
3276 4173 3378 4211 usu
3403 4158 3512 4226 jam
3531 4174 3676 4228 quo-

2077 4244 2202 4297 dam
2254 4243 2617 4313 principatus,
2643 4254 2697 4300 et
2743 4246 2924 4302 indole
2954 4263 3052 4318 pro
3094 4257 3255 4303 aetate
3286 4250 3544 4321 regnandi
3578 4265 3678 4304 ar-

2077 4334 2214 4388 tium
2235 4335 2447 4405 capaci,
2475 4336 2661 4390 animo
2686 4350 2947 4407 praeterea
2975 4341 3160 4409 gloria:
3176 4338 3341 4396 avido
3363 4356 3427 4395 ac
3445 4356 3675 4398 servare

2076 4423 2348 4479 illibatum
2379 4425 2610 4495 imperio
2649 4426 2897 4483 Romano
2941 4444 3099 4483 suum
3149 4430 3435 4499 antiquum
3475 4432 3672 4499 decus,

397 4527 541 4573 tates
561 4519 782 4589 proprio
816 4519 1003 4573 isthuc
1054 4519 1460 4587 propendentes
1491 4519 1699 4588 impetu
1755 4517 1974 4588 supple—
2006 4552 2051 4610 υ
2079 4524 2239 4587 prout
2269 4527 2475 4586 posset,
2509 4530 2679 4580 certo,
2707 4519 2842 4573 satis
2873 4521 3060 4591 utique
3086 4520 3353 4575 sentiebat
3381 4522 3447 4576 ad
3487 4526 3678 4593 splen:-

396 4612 551 4667 haut.
585 4611 830 4676 Quorum
860 4612 1028 4664 etiam
1085 4610 1413 4665 audiebatur
1461 4610 1655 4675 oratio,
1710 4625 1774 4664 ex
1836 4607 1975 4663 actis

396 4700 771 4773 imperatoris,
803 4708 861 4755 et
923 4699 1278 4758 contentione
1321 4716 1428 4772 qua
1480 4701 1546 4754 ad
1581 4716 1668 4756 res
1720 4698 1982 4755 Ecclesiae

398 4791 816 4861 componendas
867 4792 1236 4858 incumberet,
1303 4792 1692 4861 augurantium
1727 4789 1978 4844 inutilem

401 4882 666 4954 deinceps
702 4883 937 4939 classem
968 4885 1105 4948 fore,
1144 4883 1253 4938 Deo
1304 4882 1387 4938 sic
1417 4882 1672 4938 videlicet
1726 4868 1981 4938 remune-

401 4987 592 5031 raturo
627 4977 803 5030 zelum
833 4976 937 5032 sibi
973 4989 1185 5047 gratum
1219 4974 1503 5046 principis,
1539 4975 1893 5031 restituendae
1927 4974 1981 5029 in

402 5069 674 5136 integrum
698 5066 948 5137 religioni
978 5076 1084 5120 tam
1113 5064 1351 5120 sollicite
1382 5066 1600 5130 intenti,
1623 5076 1683 5120 ut
1704 5075 1838 5120 nutu
1863 5066 1983 5133 ejus

401 5158 795 5227 disjicerentur
821 5173 1015 5213 omnes
1057 5157 1286 5213 infensa:
1331 5157 1648 5213 molitiones
1705 5159 1986 5228 Opposita-

400 5264 525 5311 rum
549 5259 756 5306 nostra:
792 5250 1103 5306 continenti
1134 5249 1408 5321 gentium,
1439 5259 1493 5306 et
1518 5251 1665 5305 nulla
1694 5251 1763 5306 de
1785 5260 1984 5308 czetero

400 5341 487 5396 vis
513 5342 581 5395 ah
612 5340 685 5396 iis
713 5342 855 5395 foret
890 5339 1198 5404 inferenda,
1240 5353 1402 5408 quam
1438 5340 1503 5394 ad
1555 5341 1981 5411 propulsandam

359 5468 363 5472 .
402 5449 561 5489 nsum
594 5434 803 5488 habere
839 5442 1066 5502 possent
1109 5432 1347 5503 aliquem
1383 5433 1555 5503 copiae
1588 5436 1828 5488 navales.
1889 5433 1986 5490 llis

400 5524 582 5593 primo
619 5524 794 5594 magis
830 5538 939 5577 non
974 5523 1321 5593 reprehensis
1344 5538 1508 5594 quam
1567 5526 1834 5593 probatis,
1892 5526 1986 5581 de-

402 5613 530 5669 inde
562 5616 800 5684 quodam
833 5614 995 5684 quasi
1032 5629 1298 5671 successu
1329 5615 1677 5686 impunitatis
1705 5617 1985 5673 increbre-

399 5706 701 5768 scentibtts,
741 5707 903 5762 ﬂebat
945 5716 1003 5761 ut
1029 5708 1133 5762 etsi
1183 5708 1426 5762 nondum
1482 5708 1707 5779 publico
1756 5711 1865 5781 70
1892 5711 1987 5768 de-

399 5806 552 5853 creta
610 5799 854 5856 consilio
876 5800 1019 5856 foret
1073 5799 1324 5858 dimissio
1376 5802 1653 5857 exercitus
1689 5806 1980 5873 maritimi,

2082 4610 2268 4664 dorem
2293 4610 2614 4677 imperantis
2633 4612 2753 4666 orbi
2769 4614 3030 4678 civitatis,
3052 4629 3279 4674 necnon
3303 4619 3369 4673 ad
3395 4598 3703 4675 defensio:

2083 4714 2205 4753 nem
2225 4698 2531 4754 insularum
2552 4699 2888 4765 obiectarum
2908 4704 3220 4763 incursibus
3237 4710 3416 4779 gentis
3442 4710 3675 4777 italicae,
3740 4698 3747 4699 ί

2083 4791 2282 4861 partim
2303 4790 2466 4848 avitis
2479 4792 2620 4848 odiis
2637 4795 2831 4863 partim
2866 4795 2947 4850 ira
2964 4800 3168 4855 recenti
3189 4817 3429 4872 curaque
3447 4818 3683 4876 recupe-

2084 4882 2240 4937 randi
2270 4899 2443 4954 nuper
2461 4890 2666 4941 amissa
2690 4886 2745 4940 in
2766 4897 2985 4944 nostras
3000 4906 3213 4961 semper
3233 4891 3462 4964 iniurias
3481 4912 3668 4952 arma-

2085 4985 2174 5039 tae.
2196 4978 2436 5032 maxime
2454 4986 2827 5049 opportunum
2850 4997 2974 5037 esse
2997 4986 3312 5055 pra-sidium
3340 4989 3673 5046 triremium.

2085 5068 2287 5126 Tamen
2309 5071 2497 5124 nescio
2515 5088 2623 5142 quo
2636 5072 2745 5127 l'ato
2761 5075 2961 5130 sensim
2977 5079 3257 5147 praevaluit
3274 5091 3549 5153 utcunque
3561 5100 3678 5140 non

2086 5161 2353 5216 Creditum
2373 5179 2473 5218 nec
2492 5164 2667 5219 ﬁrmis
2691 5165 2879 5221 nixum
2906 5171 3212 5227 rationibus
3240 5174 3554 5240 consilium,
3573 5193 3676 5232 seu

2085 5252 2284 5308 ditium
2304 5252 2671 5313 Providentiae
2693 5261 3003 5329 deprimere
3028 5280 3112 5320 res
3144 5279 3367 5322 nostras
3384 5271 3685 5327 statuentis

2087 5349 2167 5400 vis
2198 5346 2572 5407 ineluctabilis
2607 5354 2722 5408 haec
2754 5353 2879 5421 fuit,
2904 5372 2999 5412 seu
3022 5359 3288 5430 principis
3315 5370 3369 5417 et
3402 5365 3687 5435 principa-

2088 5447 2177 5493 tus
2205 5439 2587 5496 ministrorum
2656 5443 2854 5514 supine
2899 5448 3237 5507 indormiens
3263 5451 3476 5509 ﬁducia).
3541 5471 3686 5525 prac-

2087 5530 2262 5584 sentis
2289 5538 2552 5603 tanquam
2585 5535 2866 5592 duratura:
2895 5539 2947 5593 itt
2973 5557 3147 5595 aevum
3178 5558 3341 5599 omne
3372 5544 3525 5614 pacis
3578 5546 3687 5602 itu-

2087 5620 2312 5686 provida
2328 5624 2575 5691 qmedam
2606 5638 2659 5680 et
2690 5628 2954 5696 gravibus
2976 5632 3104 5686 olim
3126 5632 3323 5690 luenda
3343 5636 3563 5693 damnis
3591 5656 3688 5693 so-

2087 5715 2297 5770 cordia.
2320 5713 2585 5772 videbant
2607 5729 2735 5777 tunc
2755 5722 3009 5778 nimirum
3029 5726 3263 5782 obnoxie
3281 5730 3562 5798 qUiCSrcre
3582 5733 3691 5786 La-

2091 5808 2267 5864 tinum
2298 5823 2458 5865 omne
2494 5827 2715 5881 nomen,
2745 5831 2845 5870 nec
2870 5833 3201 5891 quemquam
3231 5837 3292 5879 ex
3326 5821 3477 5880 italis
3503 5826 3686 5896 magis
