3950 6570
295 499 354 567 81
1194 495 1289 556 DE
1326 493 1775 559 ANDRONICO
1812 495 2271 557 PAL/EOLOGO
2309 494 2456 555 LIB.
2506 491 2554 551 I.

3427 483 3504 547 8'2

291 606 496 680 μάλιστα
530 601 620 656 καὶ
672 600 767 655 τοῦ
804 598 1088 672 Καρούλου
1139 603 1433 669 γενομένου
1460 646 1477 671 ,
1516 603 1823 657 εὐδῖάθετον
1856 605 1897 661 Α
1924 606 2046 676 διχῆ
2069 621 2126 658 τε
2163 601 2617 675 περιταφρεῦσαι,
2649 599 2742 652 aut
2773 596 2921 668 ὕδωρ
2947 597 3009 649 ὲκ
3055 595 3334 666 θαλάσσης
3364 594 3506 649 tusi-

218 744 221 749 .
287 699 373 767 τὴν
389 694 600 764 γνώμην
628 693 819 747 ἐτίθει.
850 695 914 747 Οἱ
949 693 1048 764 μὲν
1075 688 1169 748 οὖν
1193 694 1294 758 τὰς
1324 694 1458 759 ναῦς
1508 696 1828 765 παριδόντες

288 786 462 854 ὶνῆκαν
488 783 720 843 ἐκείναις
768 782 960 852 χρόνον
1008 783 1192 837 ἱκανὸν
1255 785 1349 838 καὶ
1379 786 1540 854 μόνον
1588 786 1710 854 δίχα
1733 786 1828 837 τοῦ

288 874 644 945 ωνιργοῦντος
663 875 746 939 εἰς
775 874 981 943 φθορὰν
1000 875 1367 946 λογιζόμενον.
1401 876 1473 930 Τὸ
1493 877 1549 931 δὲ
1582 879 1676 930 ἐπὶ
1694 876 1829 930 ταὺ·

285 984 386 1027 ταις
428 967 867 1034 άπατεταγμένον
915 967 1303 1036 στρατιωτικόν
1355 985 1415 1021 τε
1463 969 1559 1021 καὶ
1594 970 1830 1039 μάχιμον

286 1057 395 1127 παρ’
422 1056 569 1110 οὐδὲν
594 1056 834 1126 ἔχοντες,
866 1060 982 1120 τοῖς
1012 1057 1114 1125 μιν
1162 1056 1464 1128 βαναύσους
1506 1060 1703 1129 τέχνας
1729 1076 1829 1128 με·

285 1146 583 1218 ταχςιρίξειν
614 1149 831 1218 ιφῆκαν
859 1148 938 1211 είς
967 1149 1336 1219 ἀποστροφὴν,
1367 1150 1537 1219 ὁπόση
1569 1167 1650 1212 τις
1683 1151 1831 1203 ἐκεῖ·

285 1240 361 1292 θεν
383 1238 573 1307 δυνατὴ
602 1234 694 1307 ἦν,
721 1241 835 1302 τοῖς
861 1239 919 1292 δὲ
954 1241 1051 1292 καὶ
1077 1240 1396 1311 αὐτομολεῖν
1423 1242 1539 1304 τοῖς
1588 1241 1825 1310 ἐχθροῖς.

286 1331 354 1403 [Ρ.
386 1328 469 1401 Η]
517 1328 659 1383 ὥστε
716 1329 910 1400 σύναμ’
938 1331 1165 1393 ἐκείνοις
1196 1332 1473 1401 πειρατῶν
1518 1331 1707 1402 τρόπῳ
1734 1330 1839 1401 τὴν

295 1420 558 1490 Ῥωμαίων
605 1422 830 1473 κακοῦν.
880 1420 1015 1472 τότε
1059 1420 1118 1474 δὲ
1177 1421 1274 1474 τοῦ
1334 1420 1833 1491 πρωτοδεστιαρίου

284 1511 597 1583 ἐξορμῶντος
620 1511 758 1565 πολῦ
784 1527 838 1566 τι
866 1511 1068 1583 πλῆθος
1097 1512 1282 1567 εἵπετο
1330 1513 1427 1567 ἰπὶ
1464 1512 1690 1575 δύσεως.
1724 1512 1837 1565 Kal.

283 1603 338 1671 δὴ
362 1601 679 1671 προσϐαλὼν
722 1603 1061 1673 Δημητριάδι
1089 1605 1209 1657 ἐκεῖ
1236 1604 1525 1658 συνέταττε
1556 1604 1654 1667 τάς
1675 1603 1839 1657 δυνά-

288 1711 409 1763 pste,
428 1692 520 1756 οῦς
557 1695 657 1763 μὲν
686 1693 920 1763 πέμπων
945 1696 1027 1754 είς
1056 1694 1228 1748 σκῦλα
1248 1697 1342 1751 καὶ
1366 1694 1649 1766 ἁρπαγάς,
1677 1689 1760 1758 οἷς
1789 1693 1837 1749 δ’

287 1783 368 1834 Esi.
398 1782 754 1852 άνοικοδομὴν
814 1783 923 1835 τῶν
968 1784 1087 1836 ista!
1129 1782 1412 1854 χρώμενος
1461 1785 1835 1855 πολισμάτων,

287 1874 692 1945 ἀκοκαραδοκῶν
726 1881 819 1929 καὶ
843 1876 945 1948 τὴν
995 1877 1092 1946 τῆς
1147 1877 1460 1950 βασιλίσσης
1491 1878 1692 1948 πρᾶξιν
1743 1877 1836 1930 ἐπὶ

1934 714 2020 749 ναι
2052 698 2172 758 ταῖς
2200 695 2447 764 τάφροις,
2479 691 2574 745 καὶ
2608 688 2780 753 οὕτως
2813 688 3007 760 ἀνέδην
3036 686 3157 741 κατ’
3182 686 3364 754 ὀλίγον
3394 682 3516 739 κτί-

1932 784 2096 849 ζοντα
2139 782 2443 853 ἀνεγείρειν
2474 780 2644 844 λίθοις
2668 778 2729 833 τὸ
2759 780 3025 848 πόλισμα.
3066 778 3166 833 Διὰ
3205 775 3380 831 ταῦτα
3412 775 3512 830 καὶ

1932 876 2137 946 ἀνοχὰς
2177 876 2437 939 ἐποιεῖτο,
2486 873 2579 927 καλ⁸
2613 871 2813 943 άεργδς
2862 871 2997 944 πρὸς
3025 872 3149 936 τοὺς
3179 870 3511 934 ἀντιπάλους

1934 968 2210 1037 ιφαίνετο.

1933 1080 2037 1148 κζ’.
2072 1079 2214 1150 Περὶ
2254 1079 2359 1134 τοῦ
2392 1060 2966 1150 πρωτοϐζεστισρίοιι.’
2998 1077 3097 1132 καί
3255 1076 3515 1144 ὕστερον

2186 1149 2538 1217 κατωρθωη
2569 1147 2641 1202 τὰ
2679 1147 2831 1202 κατὰ
2860 1147 2969 1201 τὸν
2994 1146 3257 1217 Μιχαὴλ.

2006 1239 2093 1312 [Ρ.
2122 1237 2218 1311 45]
2245 1238 2354 1293 Τοῦ
2400 1236 2532 1307 γοῦν
2578 1237 2774 1308 καιροῦ
2804 1237 3125 1308 τριϐομένου
3159 1238 3311 1298 νόσος
3344 1234 3514 1304 ἐμπί-

1936 1346 2058 1383 πτει
2093 1327 2172 1398 τῷ
2201 1326 2576 1400 στρατιωτικῷ
2633 1328 2824 1398 βαρεῖα
2861 1326 3039 1397 πάντη
3070 1328 3166 1380 καὶ
3214 1322 3514 1395 αὐτουργὸς

1934 1420 2049 1484 τοὶς
2073 1418 2287 1482 πολλοῖς
2333 1417 2597 1473 θανάτου·
2631 1417 2854 1489 βαρείας
2894 1418 3003 1486 γὰρ
3030 1419 3220 1487 χεῖρας
3252 1417 3282 1470 ὅ
3323 1416 3515 1486 λοιμὸς

1936 1510 2168 1573 ἐκείνοις
2196 1509 2388 1581 ἐφῆκε,
2417 1514 2510 1563 καὶ⁵
2542 1508 2900 1579 ἐπασσύτεροι
2926 1508 3210 1577 ἔθνησκον.
3250 1504 3415 1570 Τέλος
3453 1506 3514 1559 δὲ

1938 1600 2037 1657 καὶ
2074 1601 2234 1665 αὐτὸς
2265 1601 2295 1655 ὁ
2354 1600 2658 1671 στρατηγὸς
2693 1600 3187 1670 πρωτοσεστιάριος
3236 1600 3393 1653 νόσου
3424 1596 3517 1667 γέ-

1937 1708 2062 1759 γονε
2092 1690 2491 1762 παρανάλωμα,
2519 1688 2814 1744 κάντεῦθεν
2847 1691 2897 1744 oi
2944 1687 3383 1758 περιλειφθέντες
3414 1704 3519 1756 μη-

1938 1784 2026 1838 δὶν
2050 1782 2160 1838 τῶν
2181 1783 2444 1853 γενναίων
2481 1781 2788 1853 πράξαντες
2824 1781 3277 1852 ὕπανεζεῦγνυον.
3312 1780 3514 1833 ’Υστεο
3606 1792 3621 1802 ‘

1942 1891 2036 1946 ρον
2064 1874 2123 1929 δι
2150 1875 2287 1945 αὐτὴ
2306 1874 2430 1929 καθ’
2453 1873 2623 1943 αὐτὴν
2646 1874 2680 1944 ἡ
2707 1873 2993 1942 βασίλισσα
3016 1871 3235 1942 σῦναμα
3261 1870 3341 1940 τῷ
3367 1870 3519 1939 άνδρὶ

285 1964 351 2033 τῷ
375 1964 578 2033 ἀνεψιῷ
629 1964 868 2035 Μιχαὴλ,
894 1964 971 2029 ὡς
1000 1965 1265 2021 λέλεκται.
1299 1969 1406 2021 Καὶ
1432 1966 1647 2038 πρῶτον
1674 1960 1836 2036 ἀὐτῷ
1870 1956 1910 2011 Β
1935 1964 2250 2036 Νικηφόρῳ,
2278 1964 2452 2027 δόλοις
2480 1964 2797 2026 ὑπελθόντες
2822 1965 2916 2017 καὶ
2932 1963 3117 2034 ὅρκοις
3136 1961 3519 2031 ἐξαπατήσαν-

284 2057 380 2111 τιῖιν
406 2056 583 2125 ἔργων
615 2055 846 2126 πύργοις
894 2057 1125 2122 ξυλίνοις
1167 2059 1481 2129 αὐθημερὸν
1534 2059 1614 2121 είς
1667 2057 1842 2111 εἴκοσι

288 2151 368 2202 καὶ
391 2149 659 2220 τέσσαρας
679 2149 1030 2219 ποτωμένοις
1056 2148 1444 2219 περιϐαλέσθαι
1463 2149 1840 2220 Δημητριάδα,

290 2341 434 2394 quam
462 2322 706 2379 Venetos
736 2332 789 2377 et
818 2324 1164 2385 Genuenses.
1196 2324 1299 2395 71
1331 2325 1427 2395 qui
1456 2323 1845 2395 tranquillissi-

291 2430 367 2470 me
395 2417 444 2470 iu
474 2417 646 2470 terris
684 2418 902 2487 imperii
934 2419 1218 2489 degerent,
1254 2418 1519 2471 adversus
1561 2416 1846 2471 dominan-

288 2517 382 2564 tem
408 2508 891 2576 ConstantinOpoli
923 2511 1230 2578 Augustum
1269 2507 1489 2562 hostilia
1514 2506 1840 2569 machinari,

290 2603 489 2657 sublato
518 2601 735 2655 scilicet
767 2616 798 2654 e
822 2599 1003 2655 medio
1028 2600 1246 2665 Carolo,
1304 2609 1538 2655 cunctos
1565 2602 1632 2653 ad
1671 2600 1719 2653 id
1764 2597 1848 2652 in—

289 2694 461 2755 citare,
483 2692 620 2745 dum
645 2691 1070 2756 viveret,solito.
1107 2690 1245 2745 ilinc
1276 2691 1557 2761 subrepsit
1577 2707 1678 2747 usu
1698 2690 1845 2761 quod

290 2786 414 2841 ratio
443 2799 552 2839 non
585 2783 938 2853 probaverat,
964 2792 1025 2838 ut
1068 2784 1454 2853 compendium
1509 2786 1662 2838 fieret
1699 2800 1848 2839 sum-

290 2886 463 2946 ptuum
482 2873 541 2928 in
559 2874 791 2928 classem
811 2874 1065 2929 tuendam
1088 2874 1327 2944 impendi
1350 2874 1637 2930 solitorum
1656 2891 1673 2940 ;
1692 2874 1850 2928 dum-

290 2983 384 3037 que
419 2968 498 3021 sic
518 2967 706 3037 agitur
727 2966 889 3036 quasi
913 2976 1197 3023 constaret
1221 2968 1377 3022 lucro
1410 2981 1726 3022 accrescere
1752 2981 1848 3036 pu-

288 3057 421 3113 blico
453 3055 726 3127 quidquid
768 3057 1185 3112 subtraheretur
1206 3057 1516 3113 rationibus
1536 3059 1743 3113 navalis
1755 3074 1850 3127 ap-

290 3159 520 3221 paratus,
562 3148 769 3204 sensim
794 3148 1084 3203 deventnm
1112 3165 1180 3203 eo
1209 3158 1293 3205 est
1315 3159 1371 3203 ut
1388 3149 1632 3205 Romana
1656 3151 1849 3206 classis

290 3255 385 3293 non
412 3238 647 3293 ﬂammis
687 3238 778 3290 illa
812 3239 1027 3308 quidem
1067 3253 1176 3291 uno
1203 3250 1478 3295 momento
1512 3240 1844 3295 absumenda

292 3330 611 3393 traderetur,
641 3336 904 3383 (ueterum
940 3332 1352 3395 permitteretur
1392 3332 1662 3386 abolenda
1714 3340 1856 3386 tem-
1883 3326 1922 3341 “’

291 3422 417 3489 pori,
451 3430 509 3475 et
538 3421 691 3474 nulla
728 3420 784 3475 in
808 3421 1050 3484 navium,
1075 3423 1274 3492 quibus
1304 3424 1393 3479 illa
1427 3423 1858 3489 constabat,tui—

291 3512 481 3566 tionem
510 3519 608 3565 aut
635 3512 1088 3565 restaurationem
1105 3522 1259 3582 parte
1281 3529 1426 3569 cum
1450 3513 1720 3584 impensa,
1742 3523 1861 3569 tan-

292 3611 395 3655 tum
412 3603 673 3657 duntaxat
726 3600 1129 3670 relinqueretur
1159 3605 1445 3671 duratura,
1490 3613 1699 3674 quanto
1739 3614 1857 3659 erat

296 3706 423 3759 opus
453 3692 634 3754 spatio
667 3698 726 3743 ut
759 3705 929 3744 naves
962 3706 1154 3747 omnes
1202 3709 1352 3747 mero
1380 3695 1631 3762 neglectu
1678 3703 1864 3764 putre-

299 3789 507 3835 scerent
535 3789 631 3833 aut
666 3780 850 3835 soluta
872 3795 1136 3852 compage
1162 3784 1535 3839 abolerentur.
1576 3784 1730 3840 Istud
1766 3801 1863 3855 po-

297 3884 403 3927 stea
418 3870 673 3940 contigit,
696 3870 801 3925 hoc
827 3886 1161 3940 praevorsum
1179 3889 1242 3927 ac
1272 3885 1726 3944 repraesentatum
1754 3892 1867 3931 ma-

298 3965 463 4018 turius
491 3973 601 4018 est.
643 3961 1146 4020 Classiariimilites
1170 3967 1322 4021 multi
1351 3982 1415 4021 ac
1434 3966 1626 4033 fortes,
1646 3985 1746 4024 nec
1773 3984 1867 4037 pa-

296 4069 406 4108 rum
469 4059 753 4111 exercitati
799 4053 1023 4127 prmiiis,
1075 4060 1244 4125 spreti
1292 4072 1486 4113 omnes
1536 4060 1865 4128 multatique

294 4144 582 4215 stipendio,
615 4151 813 4217 partim
846 4149 911 4201 ail
938 4158 1086 4201 artes
1125 4160 1246 4202 sese
1291 4148 1541 4203 conferre
1590 4150 1871 4204 mechani-

294 4252 382 4291 cas
428 4239 628 4307 quibus
685 4241 891 4293 victum
947 4248 1280 4307 qua-rerent,
1329 4238 1527 4306 partim
1560 4240 1628 4292 ad
1682 4240 1867 4295 hostes

297 4332 637 4402 transfugere
665 4339 797 4387 sunt
828 4330 1027 4395 coacti,
1059 4344 1297 4399 quorum
1330 4331 1458 4384 inde
1489 4330 1657 4385 ductu
1678 4330 1871 4401 pirati-

301 4424 375 4478 cis
403 4424 719 4479 incursibus
751 4438 864 4479 rem
909 4437 1172 4483 oramque
1217 4431 1457 4476 nostram
1509 4423 1863 4480 infestarunt.

296 4513 494 4569 Tamen
529 4516 634 4570 hoc
669 4530 780 4584 quo
807 4514 1177 4570 describimus
1203 4523 1468 4585 tempore,
1514 4516 1732 4585 plurimi
1769 4516 1870 4571 ho-

1943 2073 2033 2120 τες
2069 2056 2160 2109 τὸν
2190 2054 2406 2127 Μιχαὴλ
2443 2058 2517 2139 ὡς
2542 2052 2790 2124 γαμδρδν
2837 2056 2928 2108 ἐπὶ
2952 2056 3019 2126 τῇ
3055 2053 3284 2123 θυγατρὶ
3317 2049 3519 2120 ἀξόμε-

1943 2164 2045 2214 νοι,
2075 2147 2195 2218 μηδ’
2220 2147 2354 2201 αὐτὸ
2380 2149 2440 2202 τὸ
2472 2148 2852 2218 κεκωλυμένον
2877 2148 2941 2199 ὲκ
2955 2146 3146 2214 γένους
3186 2144 3521 2213 ὕπονοήσανυ

1943 2327 2136 2400 viginti
2192 2328 2495 2397 lignearum
2529 2329 2759 2381 tnr‘rium
2792 2326 2846 2381 in
2889 2324 3122 2381 circuitu
3163 2322 3523 2379 Demetriadis

1945 2436 2056 2475 uno
2081 2420 2170 2476 die
2198 2419 2435 2490 perfecta
2458 2419 2565 2491 72
2583 2417 2900 2485 exstructio,
2925 2417 3124 2489 quibus
3154 2426 3203 2471 et
3221 2414 3365 2470 fossa
3387 2429 3527 2486 prat-

1945 2510 2112 2566 ducta
2169 2509 2367 2580 duplex
2395 2521 2500 2574 est,
2548 2524 2689 2577 aqua
2721 2511 2951 2577 insuper
2980 2524 3010 2562 e
3066 2505 3204 2560 mari
3233 2505 3415 2560 vicino
3462 2504 3524 2558 in

1947 2615 2235 2671 utramque
2253 2599 2533 2656 derivata.
2570 2600 2783 2667 Quibus
2829 2596 3212 2668 deproperatis
3263 2597 3331 2651 ad
3384 2604 3527 2650 tuto-

1945 2693 2053 2748 lam
2087 2694 2289 2764 operis,
2323 2693 2469 2749 intra
2510 2694 2563 2748 i.l
2600 2692 2800 2746 vallum
2832 2706 3027 2746 secure
3045 2688 3155 2760 jam
3188 2698 3272 2744 est
3325 2687 3529 2745 solido-

1946 2801 2067 2841 rum
2091 2800 2121 2839 e
2146 2800 2281 2840 saxo
2306 2783 2566 2838 inn-nium
2598 2798 2692 2854 per
2705 2783 2875 2836 otium
2896 2780 3186 2836 a‘diiicalio
3204 2789 3393 2835 curata
3411 2821 3425 2837 .
3468 2779 3527 2833 In

1949 2879 2036 2934 his
2060 2878 2153 2933 diu
2192 2891 2349 2932 suum
2377 2877 2677 2931 exercitum
2707 2874 3166 2943 protovestiarius
3198 2879 3524 2943 occupatum

1949 2970 2159 3035 habuit,
2197 2970 2331 3025 nihil
2367 2961 2657 3024 admodum
2687 2970 2895 3026 interea
2939 2967 3142 3039 negotii
3172 2966 3419 3025 hostibus
3449 2964 3527 3021 fa-

1949 3077 2176 3118 CCSSf‘ﬂS
2197 3100 2212 3116 ο

1949 3175 2039 3230 27.
2062 3175 2133 3228 De
2147 3174 2548 3243 protovesliario
2565 3190 2580 3235 ;
2597 3181 2646 3227 et
2661 3184 2714 3227 ut
2732 3173 2918 3228 deinde
2943 3188 3235 3243 successum
3250 3168 3526 3224 habuerint

2132 3241 2249 3312 qui:
2290 3255 2477 3298 contra
2531 3243 2840 3299 Micltaelem
2880 3241 3348 3313 comparabantur.

2014 3335 2280 3391 Caeterum
2295 3337 2348 3390 in
2361 3337 2728 3390 Romanorum
2747 3343 3050 3391 castrorum
3068 3333 3290 3397 milites,
3312 3331 3526 3401 longam

1960 3428 2054 3482 tali
2085 3428 2204 3481 loco
2225 3438 2279 3481 et
2308 3442 2471 3497 opere
2503 3427 2779 3482 trahentes
2817 3441 3048 3491 moram,
3071 3426 3254 3497 gravis
3280 3422 3530 3479 incubuit

1960 3520 2246 3574 calamitas
2281 3520 2590 3589 pestilentis
2632 3518 2828 3585 morbi,
2865 3532 2976 3588 quo
3021 3516 3178 3572 multi
3213 3523 3343 3571 sunt
3376 3514 3524 3570 brevi

1959 3611 2140 3680 spatio
2178 3611 2377 3665 necati.
2416 3607 2531 3663 Lne
2561 3609 2759 3679 quippe
2797 3624 2895 3679 per
2937 3607 3186 3679 contagia
3222 3614 3530 3676 grassante,

1962 3715 2026 3755 ac
2078 3709 2343 3770 corrupto
2390 3702 2566 3770 magis
2616 3702 2901 3771 magisque
2940 3701 3064 3755 ραιιί
3116 3707 3297 3754 tractu
3330 3709 3527 3752 saevam

1964 3800 2198 3861 augente
2246 3792 2379 3857 vim,
2426 3790 2787 3861 frequentatis
2822 3791 2875 3845 in
2910 3797 3185 3844 momenta
3243 3788 3533 3869 funeribus

1967 3882 2239 3952 inexpleta
2304 3880 2548 3936 Libitina
2626 3881 2846 3936 feritate
2919 3880 3314 3938 bacchabatur.
3383 3879 3528 3935 [mila

1966 3982 2149 4043 strage
2200 3976 2530 4028 cadaverum
2579 3973 2690 4027 late
2721 3981 2919 4028 cuncta
2960 3983 3346 4035 constemens,
3393 3970 3533 4026 adeo

1968 4080 2069 4119 nec
2116 4063 2254 4134 ipsis
2299 4071 2559 4135 parcente
2611 4064 2951 4134 principibus
2977 4062 3153 4129 clade,
3190 4071 3251 4118 ut
3275 4071 3533 4134 protove—

1968 4156 2220 4211 stiarium
2254 4169 2478 4225 quoque
2512 4154 2707 4209 ducem
2742 4153 2859 4220 ejus
2888 4154 3168 4208 exercitus
3215 4138 3530 4221 supremum

1968 4247 2140 4316 pesﬁs
2168 4245 2518 4311 exstinxerit;
2551 4259 2662 4316 quo
2696 4245 2912 4301 sublato
2946 4245 3195 4314 reliquiae
3226 4244 3532 4314 copiarum,

1971 4340 2119 4395 nulla
2150 4354 2207 4393 re
2232 4347 2387 4406 gesta
2413 4346 2570 4393 tanto
2613 4347 2877 4408 apparatu
2909 4347 2965 4392 et
3008 4337 3423 4407 exspectatione
3453 4334 3543 4390 di-

1970 4446 2099 4501 gna,
2152 4429 2386 4497 inglorie
2423 4438 2795 4484 reverterunt.
2830 4428 3026 4482 Postea
3068 4437 3251 4482 tamen
3286 4428 3403 4496 ipsa
3438 4441 3536 4495 per

1972 4534 2032 4575 se
2071 4520 2293 4589 regina,
2343 4529 2679 4588 cooperante
2733 4533 2833 4587 pro
2875 4518 3019 4571 virili
3068 4518 3303 4586 conjuge
3355 4518 3539 4587 ipsius

297 4623 409 4662 rim
443 4608 498 4661 in
526 4610 810 4677 pedestres
845 4608 1135 4667 cnntnriati
1168 4609 1356 4678 copias
1380 4610 1862 4680 protovestiarium
1897 4617 1943 4675 ι)
1969 4610 2300 4679 Nicephoro,
2361 4608 2505 4663 dolis
2567 4623 2825 4678 aggressa
2878 4606 3195 4663 Michaelem
3248 4622 3413 4661 unam
3460 4609 3542 4661 illi

298 4712 417 4754 sunt
456 4700 648 4764 secuti,
680 4699 1086 4768 expeditionem
1128 4700 1182 4752 in
1211 4709 1418 4754 tractus
1465 4700 1736 4757 Occiduos
1766 4703 1869 4757 du-

297 4802 535 4858 centem;
576 4807 683 4861 qua
720 4791 768 4845 is
793 4806 1117 4860 progressus
1144 4790 1540 4847 Demetriadem
1570 4809 1743 4863 usque
1791 4794 1868 4850 ibi

298 4885 555 4940 constitit.
584 4885 883 4952 copiasquae
914 4885 969 4938 in
1007 4898 1202 4939 manus
1221 4884 1430 4940 divisas
1455 4886 1872 4955 partimexcur-

303 4991 416 5029 rere
450 4991 511 5029 ac
538 4992 567 5030 e
590 4974 787 5029 vicinis
821 4975 1061 5029 hostium
1088 4974 1247 5028 terris
1272 4978 1483 5045 praedas
1515 4992 1695 5046 agere,
1750 4993 1873 5044 par-

301 5066 390 5117 tim
426 5075 737 5121 restaurare
764 5066 962 5133 oppizla
1002 5063 1266 5119 Romanae
1322 5067 1551 5122 ditionis
1598 5068 1873 5123 incursio-

303 5159 454 5212 tibus
485 5158 788 5213 deformata
819 5157 1113 5212 hostilibus
1142 5157 1329 5225 jussit,
1357 5158 1478 5227 ipse
1516 5159 1739 5213 interim
1773 5176 1872 5229 op-

303 5250 526 5318 periens,
558 5259 617 5303 ut
645 5249 851 5303 dictum
889 5258 993 5311 est,
1042 5248 1295 5301 cﬂectum
1352 5250 1750 5317 promissorum
1787 5264 1872 5304 re-

302 5343 437 5409 ginae
463 5343 649 5407 Annae,
679 5352 737 5395 et
769 5342 930 5396 simul
964 5342 1052 5395 illa
1078 5342 1132 5394 in
1164 5355 1296 5394 suos
1318 5340 1546 5409 laqueos
1589 5340 1881 5395 incautum

301 5420 560 5488 induisset
587 5432 907 5489 Michaelem
951 5434 1104 5487 leviri
1148 5433 1233 5486 sui
1265 5433 1457 5497 lilium,
1491 5432 1708 5500 sibique
1747 5432 1870 5500 jus-

303 5535 350 5577 ta
375 5528 619 5582 condicta
656 5525 1000 5588 tradidisset,
1025 5534 1379 5594 cerrepturtts
1419 5532 1644 5593 tutoque
1667 5524 1869 5593 prodit—

303 5628 486 5671 cturus
508 5619 570 5671 ad
618 5619 959 5686 Augustum.
1005 5616 1132 5670 llree
1166 5617 1368 5685 quippe
1402 5629 1527 5669 vera
1557 5623 1674 5667 erat
1702 5629 1867 5668 mora:

304 5723 484 5770 causa,
514 5710 601 5764 cui
632 5709 883 5779 speciose
912 5707 1311 5763 obtendebatur
1337 5721 1497 5775 quam
1519 5705 1630 5759 dixi
1669 5705 1868 5760 labefa-

306 5808 568 5873 ctatomm
594 5801 803 5871 injuria
827 5802 911 5857 vel
950 5801 1211 5871 temporis
1242 5800 1325 5856 vel
1348 5799 1475 5856 belli
1499 5799 1761 5855 mmnium
1787 5811 1870 5852 re-

309 5893 535 5959 paratio;
568 5895 727 5966 cujus
762 5894 994 5966 primum
1050 5894 1327 5965 specimen
1380 5892 1482 5948 fuit
1528 5901 1761 5963 quatuor
1812 5900 1864 5946 et

1974 4701 2213 4756 fallendo
2244 4698 2689 4754 efﬁcacissimam
2722 4700 2930 4767 reperit
2970 4700 3299 4758 machinam,
3324 4700 3537 4769 specio-

1973 4807 2097 4847 sum
2134 4799 2421 4846 ostentata
2458 4789 2741 4844 afﬁnitatis
2771 4804 2996 4845 nomen.
3051 4788 3153 4844 Ubi
3205 4789 3351 4855 enim
3408 4805 3538 4859 pro-

1972 4885 2113 4939 mitti
2164 4883 2267 4937 sibi
2321 4882 2551 4937 Michael
2604 4882 2813 4937 audivit
2848 4882 3075 4951 nuptias
3110 4884 3272 4953 regize
3306 4883 3546 4952 virginis

1971 4974 2270 5043 Nicephori
2315 4973 2562 5041 despotae
2602 4982 2659 5027 et
2696 4973 2867 5028 Annae
2902 4975 3107 5044 reginae
3140 4973 3286 5037 filiai,
3321 4983 3378 5028 et
3423 4982 3534 5028 tam

1972 5065 2244 5134 splendidi
2291 5065 2643 5135 sponsionem
2700 5066 3041 5122 matrimonii
3096 5067 3382 5135 utriusque
3431 5065 3537 5123 sibi

1972 5157 2166 5228 puella!
2219 5157 2461 5226 parentis
2510 5156 2840 5226 iuramentis
2891 5158 3256 5214 sanctissimis
3301 5159 3536 5224 ﬁrmari,

1974 5248 2130 5302 facile
2162 5262 2225 5301 se
2250 5256 2592 5316 speratarum
2626 5261 2946 5302 socerorum
2977 5248 3231 5318 potestati
3261 5249 3537 5316 permisit,

1970 5337 2297 5405 imprudens
2338 5338 2433 5406 qui
2475 5352 2581 5392 non
2619 5339 2960 5404 reputaverit
2989 5354 3153 5408 quam
3180 5347 3325 5394 esset
3356 5339 3538 5392 incre-

1970 5429 2137 5481 dibile
2191 5427 2329 5482 velle
2384 5442 2570 5481 revera
2620 5427 2882 5496 despotas
2925 5429 3200 5482 collocare
3238 5424 3534 5498 legitimam

1970 5520 2241 5575 limredent
2289 5520 2443 5575 nntlii
2492 5519 2625 5585 lilio,
2684 5536 2787 5577 nec
2819 5522 2996 5576 vereri
3030 5522 3303 5576 maculare
3333 5519 3535 5574 avitam

1971 5612 2309 5667 nobilitatem
2355 5611 2685 5666 admistione
2723 5613 2897 5682 spurii
2924 5611 3184 5682 generis!
3218 5611 3413 5665 Verum
3443 5610 3535 5680 ju-

1969 5701 2122 5756 venis
2181 5702 2481 5757 ambitione
2533 5717 2776 5773 prteceps
2824 5718 2892 5757 ne
2937 5702 3255 5773 suspicione
3309 5699 3533 5770 quidem

1968 5795 2143 5865 prima
2186 5803 2348 5851 tenus
2393 5804 2502 5851 tam
2538 5796 2746 5865 justum
2776 5796 3078 5852 admittens
3125 5803 3353 5861 metum,
3391 5806 3535 5849 caeca

1968 5890 2165 5946 lidncia
2215 5892 2269 5946 in
2323 5890 2547 5961 laqueos
2602 5906 2659 5948 se
2714 5891 2909 5948 induit.
2962 5890 3103 5947 Dans
3149 5890 3349 5962 quippe
3393 5903 3451 5946 se
3480 5889 3541 5945 in
