3950 6558
279 415 342 477 35
1197 392 1292 452 DE
1333 389 1779 454 ANDRONlCO
1818 388 2283 450 PAL/EOLOGO
2323 387 2464 447 LIB.
2511 386 2553 446 ι.
3434 380 3503 443 86

280 517 524 588 δεχόμενοι
548 509 833 570 κτείνουσι,
863 505 955 558 τοῦ
987 503 1237 572 δευτέρου
1275 502 1350 572 μὴ
1394 503 1593 566 εἰδότος
1618 501 1678 554 τὸ
1734 499 1810 569 τῷ
1844 506 1885 559 Α
1916 499 2188 568 αἵματλδε
2200 500 2331 568 σμὸς
2348 494 2414 568 ἦν
2431 499 2526 568 τὴν
2546 495 2733 565 πρόσω
2749 493 2969 561 πορείαν
2989 490 3207 544 κωλύων
3227 490 3502 560 ἄρρηκτός

531 597 760 667 συμϐὰν.
787 595 982 656 Οἶκτος
1011 595 1066 646 δέ
1101 592 1264 656 σώζει
1294 593 1384 645 τὸν
1407 593 1568 646 παῖδα
1601 593 1698 646 καὶ
1722 592 1816 656 μό-
1916 608 1975 645 τε
2004 593 2096 645 καί
2120 593 2330 652 ἄλυτος.
2361 590 2634 642 ’Λντιτινεῖ
2658 588 2763 654 γάρ
2792 583 3050 651 ἐξαίφνης
3085 581 3302 652 πνεῦμα
3324 581 3506 651 βίαιον

278 713 369 758 νος,
392 686 804 760 συμποδίσαντές
837 705 893 739 τε
944 689 1037 738 καὶ
1072 683 1580 755 ἐπαγκωνισάμενοι
1627 682 1720 735 καί
1751 699 1814 750 γε

278 784 448 852 δεσμὸν
470 779 791 849 ἐμϐαλόντες
819 777 898 847 τῷ
949 777 1175 845 στόματι
1208 777 1456 844 ἀφιᾶσιν.
1517 775 1742 828 Ἐκεῖνοι
1771 772 1814 824 δ’

275 877 336 939 ὡς
363 870 495 942 εἶχον
524 871 630 924 ὑπὸ
667 871 840 923 κλεισί
871 867 970 938 τὴν
1003 868 1252 939 φυλακὴν
1287 866 1706 936 σφραγίσαντες,
1740 864 1816 928 ὡς

277 967 339 1037 μὴ
378 964 686 1018 ἐκκυλισθέν
737 962 798 1016 τὸ
856 962 1069 1017 παιδίον
1124 961 1364 1030 ἐμφανὲς
1408 960 1515 1028 πρὸ
1537 957 1730 1028 καιροῦ
1757 957 1818 1010 τὸ

273 1060 427 1129 δρᾶμα
455 1059 751 1126 ποιήσειεν,
789 1055 894 1107 ὑπὸ
945 1053 1169 1124 πρώτας
1211 1051 1456 1122 φυλακὰς
1501 1054 1598 1120 τῆς
1625 1051 1820 1114 νυκτδς

273 1153 441 1217 ἐξίασι,
476 1148 564 1218 Τῷ
595 1149 703 1218 γὰρ
729 1146 920 1219 Ἐρρᾔ,
950 1147 1139 1216 ὥσπερ
1177 1146 1234 1198 αί
1266 1143 1524 1213 φυλακαὶ.
1547 1142 1690 1198 οὕτω
1723 1142 1821 1196 καὶ

271 1243 318 1294 αἱ
340 1241 429 1309 τῆς
457 1241 631 1306 πύλης
657 1237 757 1306 τῆς
783 1239 899 1290 ἐκεῖ
926 1237 1132 1298 κλεῖδες
1176 1235 1595 1306 ἐπιτετράφατο.
1638 1233 1726 1295 Ὦς
1757 1233 1820 1286 ἂν

271 1335 316 1385 δέ
340 1332 404 1399 μὴ
426 1329 548 1399 δόξῃ
581 1328 731 1392 δόλος
771 1328 831 1380 τὸ
856 1327 1153 1399 δρώμενον,
1187 1328 1392 1391 ἐκεῖνος
1417 1326 1660 1381 κάτωθεν
1709 1329 1821 1388 τοῖς

272 1422 466 1491 ςῦλρξιν
492 1423 748 1488 ἐκφωνεῖ,
774 1419 1064 1484 διυπνίζων
1092 1419 1250 1489 δῆθεν
1266 1420 1403 1489 πρὸς
1432 1419 1532 1488 τὴν
1552 1417 1659 1471 τῶν
1689 1436 1819 1473 κατε

272 1513 513 1582 εχομὲνων
567 1511 839 1579 φυλακὴν,
894 1509 968 1572 ὡς
1001 1509 1166 1562 αὑτοῦ
1211 1525 1273 1575 γε
1318 1510 1458 1577 τάχα
1490 1510 1546 1563 ἐν
1577 1508 1822 1578 ἀπορρή-

270 1624 362 1665 τοις
408 1605 674 1666 δουλείαις
712 1602 1098 1670 σχολάζοντοςο
1157 1603 1253 1654 καὶ
1300 1601 1409 1672 γάρ
1451 1617 1596 1662 τινες
1623 1600 1823 1662 ἰδόντες

269 1698 397 1751 οἶδεν
423 1697 544 1749 ἄλλο
579 1696 840 1747 ὑπενόουν
870 1695 988 1746 τότε
1035 1693 1067 1765 ἢ
1121 1694 1204 1746 ὅτι
1250 1692 1466 1764 ὁρισθὲν
1504 1693 1635 1762 πρὸς
1667 1692 1824 1763 βασι·

270 1787 383 1847 ὶέως
407 1785 469 1837 δι’
500 1785 835 1856 ἀπορρήτων
867 1783 1026 1846 αὐτὸς
1054 1782 1363 1853 οἰκονομοίη
1395 1785 1461 1834 τὰ
1495 1783 1824 1850 προσταττόο

1917 683 2090 743 νότου,
2117 681 2192 744 ὡς
2223 683 2314 734 καί
2342 681 2440 742 τὰς
2469 676 2908 745 ἐλλιμενιζούσας
2934 674 3234 738 ἐξοκέλλειν
3255 675 3320 726 ἐκ
3353 671 3506 742 Bias,

1921 772 2015 824 καὶ
2046 769 2243 840 ἄνεμος
2293 769 2542 838 ἐμποδὼν
2571 767 2702 836 ἔστη
2749 766 3228 836 παρανομήσασιν.
3283 764 3358 817 οὐ
3388 764 3500 830 γὰρ

1923 862 2053 931 μίαν
2079 860 2111 930 ἢ
2143 860 2238 915 καὶ
2270 859 2526 928 δευτέραν
2549 858 2761 929 ἡμέραν
2791 856 2981 925 ὴπλόει
3010 857 3072 906 ἐκ
3110 853 3299 924 βιαίων
3334 853 3504 908 νότων

1919 953 1978 1004 τὸ
2002 951 2257 1018 πέλαγος,
2290 948 2401 1003 ἀλλ’
2427 949 2512 1017 ἐφ’
2541 949 2796 1019 ἡμέραις,
2828 947 3022 1016 μέχρις
3044 946 3109 1000 ἂν
3137 946 3335 997 ἐκεῖνοι
3364 943 3508 998 κατὰ

1919 1045 2020 1113 τὴν
2063 1042 2368 1097 Ῥαιδεστδν
2397 1037 2764 1104 ἐξοκείλαντες
2794 1036 2898 1089 ὑπὸ
2925 1039 3084 1106 χεῖρα
3121 1036 3366 1103 γένοιντο
3390 1037 3504 1098 τοῖς

1920 1131 2163 1202 τυχοῦσι.
2203 1130 2312 1185 Καὶ
2339 1129 2511 1184 ταῦτα
2543 1128 2640 1199 μὲν
2699 1127 2838 1197 μετά
2889 1127 3112 1197 χρόνους
3161 1127 3506 1194 πέπρακται.

1922 1223 2020 1294 τῆς
2047 1223 2092 1276 δ’
2119 1221 2440 1286 ἀκολουθίας
2469 1219 2717 1290 διδούσης
2751 1218 2845 1273 τοῦ
2876 1219 3036 1286 λόγου
3068 1218 3303 1271 ἐνταῦθα
3336 1235 3511 1286 προα-

1923 1315 2269 1370 νατὲτακται.
2337 1314 2502 1382 Ἡμῖν
2534 1313 2592 1365 δὲ
2645 1312 2784 1365 ἰτέον
2819 1311 2954 1381 πρὸς
3003 1311 3070 1362 τὰ
3102 1309 3251 1378 ἑξῆς.
3287 1306 3514 1377 Ἐμπης

1924 1403 1981 1457 δέ
2010 1402 2340 1471 προσθετέον
2397 1401 2492 1455 καὶ
2543 1400 2701 1454 τοῦτο
2761 1401 2980 1468 σρίσιν·
3022 1401 3370 1452 ἐπικοινωνεῖ
3403 1398 3514 1465 γὰρ

1924 1498 2034 1557 τοῖς
2064 1493 2648 1564 προανατεταγμένοις.
2683 1491 2899 1559 Ὀγδόου
2935 1491 3044 1558 γάρ
3074 1491 3140 1542 ἐκ
3171 1490 3363 1542 τούτου
3389 1490 3514 1558 χρόα

1923 1606 2016 1644 νου
2043 1587 2126 1660 [Ρ.
2161 1587 2252 1660 4η
2279 1587 2685 1649 διανυσθέντος,
2719 1585 2814 1640 καὶ
2859 1584 2969 1638 τῶν
3001 1583 3215 1636 οἰκείων
3264 1584 3428 1636 αὐτοῦ
3457 1583 3514 1635 δέ

1926 1679 2230 1750 ζητούντων
2267 1679 2343 1750 τῷ
2382 1677 2777 1750 πρεσϐεύεσθαι
2810 1681 2957 1744 παρά
2983 1675 3213 1745 βασιλέα
3245 1678 3340 1730 καὶ
3372 1675 3511 1728 καθα

1925 1770 2314 1843 υπισχνεῖσθαι
2345 1771 2412 1825 τά
2465 1770 2698 1840 μεγάλα⁹
2730 1771 2779 1822 εἰ
2813 1770 2974 1839 μόνον
2999 1770 3180 1821 ἀνεῖτο
3213 1767 3323 1822 τῶν
3346 1767 3518 1836 cpula-

272 1843 386 1950 μενά
414 1880 503 1930 καὶ
530 1843 664 1940 τοῦς
710 1843 1039 1946 όρισθὲντας
1088 1843 1308 1946 ἐκφέρει
1351 1843 1564 1936 ’νυκτὸς
1594 1875 1727 1928 ὅπου
1761 1872 1826 1927 ἂν
1853 1843 1902 1903 Β
1938 1863 2052 1918 κῶν
2083 1863 2177 1917 καὶ
2207 1862 2344 1932 πρὸς
2372 1861 2567 1924 αὐτοὺς
2595 1861 2833 1930 γένοιτο.
2863 1860 2892 1912 ὃ
2928 1859 3026 1927 μὲν
3059 1857 3278 1950 κρατῶν
3308 1858 3516 1926 ἀνήρτα

271 1972 350 2021 καί
373 1969 785 2038 προστάσσοιτο.
823 1967 1054 2021 Ἐκεῖνοι
1080 1968 1136 2021 δὲ
1175 1968 1270 2029 τὰς
1302 1966 1549 2035 φυλακὰς
1597 1966 1835 2036 ὑποδρα-

273 2066 439 2133 μόντες
469 2062 812 2115 ἐπιϐαίνουσι
847 2058 945 2130 τῆς
976 2061 1122 2129 νηός.
1172 2061 1280 2113 Καὶ
1330 2055 1397 2130 ἦν
1431 2060 1613 2122 αὑτοῖς
1636 2057 1710 2122 ὡς
1744 2055 1840 2112 καὶ

273 2159 386 2208 πᾶσι
413 2153 749 2218 γνωσθέντος
771 2155 798 2205 ὁ
833 2151 958 2216 νοῦς
995 2141 1052 2205 ἐν
1087 2147 1300 2206 ἐλπίσιν
1327 2151 1741 2222 ἀναμφιϐόλως,
1763 2151 1838 2214 ὠς

268 2246 670 2314 ούδένέμποδὼν
705 2245 911 2298 ἐσεῖται
950 2244 1095 2298 δυοῖν
1129 2245 1161 2314 ἢ
1197 2245 1292 2297 καὶ
1323 2244 1489 2314 τριῶν
1528 2244 1752 2314 ἡμερῶν
1775 2245 1839 2314 τῇ

275 2341 470 2407 Εὐρίπῳ
500 2340 802 2408 προσσχεῖν
833 2339 927 2390 καὶ
963 2337 1070 2390 τῶν
1122 2338 1220 2406 τῆς
1251 2336 1427 2406 φυγῆς
1459 2336 1717 2402 ἀνεθῆναι
1747 2335 1842 2403 φό-

276 2435 388 2492 ϐων,
415 2431 509 2498 τῆς
565 2430 804 2499 ἀδελφῆς
840 2427 1336 2501 κυριευούσηςιτῆς
1385 2429 1572 2498 νήσου.
1625 2427 1832 2497 xum;

276 2523 564 2592 παλίμπους
595 2519 916 2592 περιίστατο
942 2519 1088 2587 δίκη,
1125 2519 1217 2572 καὶ
1237 2517 1306 2574 τά
1341 2517 1449 2572 τῶν
1474 2516 1843 2586 φονευθέντων

277 2701 481 2772 primam
519 2701 708 2755 noctis
744 2700 1012 2772 vigiliam,
1054 2707 1109 2756 et
1167 2700 1439 2768 clavibus,
1491 2716 1632 2772 quas
1679 2701 1846 2756 hahe-

279 2788 408 2848 bmt,
436 2784 733 2853 diligenter
767 2784 993 2839 occluso
1035 2800 1274 2847 carcere,
1332 2800 1401 2839 ne
1436 2800 1572 2854 puer
1594 2801 1712 2840 sese
1735 2799 1847 2841 tor-

276 2868 470 2934 quendo
487 2867 642 2922 foras
662 2883 959 2936 prorepens
979 2879 1302 2937 praemature
1323 2868 1582 2923 indicium
1605 2869 1739 2940 fuga:
1770 2869 1847 2923 fa-

278 2966 432 3013 ceret.
463 2960 560 3012 Sic
590 2959 805 3013 eductis
836 2959 1004 3012 Erres
1033 2958 1264 3028 captivis
1321 2959 1560 3020 duobus,
1589 2960 1848 3016 inclama-

278 3054 341 3104 vit
364 3067 488 3106 voce
514 3062 780 3107 contenta
815 3052 1043 3120 reliquis
1079 3053 1228 3108 intus
1277 3054 1631 3118 satellitibus.
1682 3055 1843 3124 quasi

1940 1956 2008 2009 τὰ
2046 1957 2176 2026 περὶ
2203 1955 2418 2018 τούτου,
2451 1953 2546 2008 καὶ
2573 1952 2753 2019 λόγοις
2774 1951 3087 2021 οἰκονομίας
3123 1949 3248 2002 οὔτε
3285 1950 3516 2018 πάμπαν

1941 2048 2172 2116 ἀνήνατο
2222 2043 2347 2099 οὔτε
2381 2045 2488 2116 μὴν
2525 2043 2814 2102 κατάνευεν
2863 2044 2922 2104 ἐς
2979 2042 3037 2094 τὸ
3093 2039 3374 2101 παντελές.
3405 2039 3518 2100 Τὰς

1943 2139 2072 2207 γοῦν
2106 2139 2360 2200 τοιαύτας
2417 2135 2687 2198 ἀναϐολὰς
2725 2135 3012 2204 μανθάνων
3057 2135 3262 2194 ἐκεῖνος
3322 2131 3518 2201 βουλὴν

1944 2229 2258 2300 βουλεύεται
2296 2229 2561 2298 κακίστην
2589 2226 2788 2296 μᾶλλον
2815 2225 2848 2295 ἢ
2877 2225 3127 2292 συνετὴν.
3161 2220 3521 2289 Ἑγγειτονῶν

1944 2321 2054 2390 γὰρ
2079 2320 2187 2374 τῶν
2207 2319 2523 2389 ἀνακτόρων
2555 2315 3012 2387 ἐγκεκλεισμένος
3043 2315 3177 2369 ὅπου
3206 2313 3272 2380 δὴ
3303 2313 3397 2366 καί
3423 2310 3523 2381 βα-

1947 2413 2127 2475 σιλεὺς
2157 2412 2315 2484 ᾤκει,
2346 2411 2488 2478 ἔγνω
2514 2409 2623 2478 πῦρ
2651 2409 2852 2462 ἐνιέναι
2885 2408 2998 2466 τοῖς
3036 2406 3232 2467 οἴκοις,
3270 2404 3345 2465 ὡς
3375 2403 3439 2472 δή
3468 2420 3522 2455 τι

1946 2505 2191 2574 γενναῖον
2245 2500 2566 2572 ποιούμενος
2609 2499 2670 2551 τδ
2729 2497 2810 2560 εἰς
2865 2495 3106 2549 τοιοῦτον
3163 2493 3524 2565 ἀναρρίπτειν

1948 2681 2047 2737 sed
2103 2677 2356 2750 pluribus
2389 2676 2652 2732 continue
2681 2675 2900 2738 diebus,
2937 2673 3120 2744 quoad
3150 2671 3340 2728 infelix
3374 2672 3525 2724 navi—

1950 2775 2099 2844 gium
2131 2770 2456 2828 sustinendo
2483 2770 2657 2840 impar
2689 2768 2951 2838 reiectum
2975 2766 3041 2820 ad
3067 2763 3336 2819 thaidesti
3368 2779 3522 2818 oratu

1953 2866 2027 2920 ibi
2059 2865 2199 2922 forte
2231 2863 2470 2920 inventis
2510 2861 2741 2933 Augusti
2787 2860 3081 2924 ministris,
3121 2873 3262 2928 quos
3293 2857 3526 2913 vehebat

1953 2957 2235 3028 fugitivos,
2279 2958 2330 3010 in
2385 2970 2580 3010 manus
2618 2954 2861 3008 tradidit.
2913 2952 3036 3007 llaec
3088 2962 3407 3021 postquam,
3463 2958 3525 3004 ut

1954 3051 2215 3116 indicavi,
2266 3048 2540 3118 posterius
2581 3058 2732 3118 gesta
2755 3061 2818 3101 cx
2842 3046 3133 3099 occasione
3171 3057 3524 3112 praeoccupa-

277 3148 598 3199 excitaturus
637 3156 748 3198 tum
794 3144 932 3198 forte
975 3145 1332 3206 dormientes,
1388 3155 1446 3200 ut
1487 3147 1726 3218 vigiliam
1786 3161 1846 3203 se
1874 3185 1920 3246 ο
1953 3144 2132 3199 vimus
2161 3156 2459 3212 exponere,
2493 3154 2772 3195 resumere
2814 3139 3059 3193 ordinem
3110 3144 3432 3200 eventuum,
3467 3146 3526 3194 et

277 3242 443 3309 utique
466 3242 698 3296 absente
733 3241 1103 3294 intenderent.
1135 3238 1438 3294 Valiturum
1470 3240 1571 3296 hoc
1598 3258 1705 3297 non
1733 3242 1850 3296 fru-

277 3343 375 3382 szra
399 3330 635 3382 credidit
658 3329 724 3382 ad
754 3326 1127 3382 discutiendas
1163 3329 1503 3396 suspiciones
1530 3331 1843 3398 obviorum,

277 3421 359 3472 tdi
376 3421 502 3473 hora
521 3429 719 3474 notum
741 3417 1086 3487 imperatoris
1109 3417 1650 3474 ministrumtendere
1670 3422 1734 3475 ad
1761 3423 1848 3475 lit-

281 3520 356 3560 tus
372 3525 488 3562 cum
509 3509 732 3562 duobus
748 3507 958 3560 eductis
978 3506 1223 3560 custodia
1241 3508 1602 3563 cernentium.
1621 3511 1726 3581 75
1746 3512 1848 3565 Ita-

277 3612 370 3665 que
387 3612 487 3650 non
502 3595 653 3649 aliud
673 3595 725 3648 in
746 3604 974 3648 mentem
988 3594 1136 3647 venit
1154 3594 1292 3647 forte
1305 3598 1724 3651 oecurrentibus
1739 3599 1847 3654 nisi

283 3686 582 3740 mandatum
619 3700 879 3740 arcanum
922 3685 1214 3755 quoppiam
1255 3686 1420 3743 Errcn
1474 3688 1565 3740 tali
1601 3697 1846 3760 tempore

283 3780 513 3847 exsequi,
550 3787 601 3832 et
633 3779 845 3832 vinctos
879 3793 1016 3847 quos
1044 3787 1190 3833 esset
1217 3777 1410 3848 jussus
1449 3791 1843 3851 transportare.

284 3870 371 3924 Per
405 3872 542 3924 hanc
576 3872 814 3939 speciem
841 3871 1028 3937 etiam,
1056 3885 1194 3939 quas
1220 3875 1555 3941 pertransire
1581 3874 1843 3940 oportuit,

284 3973 663 4017 nocturnorum
697 3960 920 4030 vigilum
959 3961 1229 4017 custodiis
1275 3963 1463 4026 elusis,
1509 3962 1844 4019 inobservati

283 4055 682 4124 incolumesque
705 4069 899 4108 onmes
924 4069 1116 4107 navem
1141 4064 1550 4124 exspectantem
1575 4071 1844 4112 conscen-

283 4146 484 4210 derunt,
525 4145 729 4212 optima
761 4153 856 4213 spe
880 4145 1177 4206 gestientes
1204 4145 1499 4200 felicissimi
1528 4162 1842 4213 successus;

283 4252 370 4291 nec
401 4237 722 4292 dubitabant
755 4237 910 4305 quin,
963 4245 1022 4289 ut
1057 4237 1216 4289 initia
1259 4251 1317 4291 se
1359 4238 1583 4302 dabant,
1630 4240 1845 4294 cunctis

285 4331 340 4382 ad
377 4341 560 4384 votum
609 4327 929 4389 fluentibus,
988 4327 1155 4382 biduo
1208 4328 1460 4383 triduove
1507 4331 1844 4400 appellerent

284 4422 555 4494 Euripum,
591 4430 757 4490 atque
788 4419 931 4487 apud
969 4419 1059 4473 isti
1100 4419 1471 4475 dominantem
1524 4420 1716 4476 iusqu
1752 4436 1844 4476 so-

1953 3237 2019 3291 ad
2041 3251 2104 3292 ea
2135 3251 2257 3308 qua:
2285 3235 2544 3304 deinceps
2574 3232 2691 3288 fieri
2721 3232 2951 3301 contigit
2981 3231 3169 3286 eadem
3198 3244 3306 3298 qua
3340 3240 3526 3285 trans-

1950 3339 2067 3384 acta
2113 3338 2242 3383 sunt
2303 3327 2446 3380 serie
2507 3325 2712 3380 referre
2758 3337 3064 3379 sermonem
3111 3323 3522 3380 debueramus:

1947 3422 2098 3491 piget
2153 3429 2333 3474 tamen
2375 3419 2504 3473 hinc
2544 3416 2828 3472 discedere
2879 3430 2987 3469 non
3046 3415 3303 3484 imposita
3361 3415 3523 3484 longo

1950 3512 2168 3583 negetio
2215 3511 2481 3567 clausula.
2512 3511 2621 3582 76
2656 3509 2907 3564 Addatur
2933 3523 3064 3577 ergo
3097 3511 3193 3578 qui
3228 3509 3387 3565 lentis
3427 3509 3522 3564 diu

1949 3607 2154 3662 dilatus
2185 3604 2486 3660 intervallis
2531 3603 2748 3656 tandem
2794 3602 3136 3671 supervenit,
3187 3602 3524 3658 novissimus

1949 3707 2004 3752 et
2037 3699 2198 3768 plane
2249 3695 2488 3764 tragicus
2530 3694 2730 3748 fabulae
2774 3705 2954 3748 actus.
3006 3692 3273 3748 Octavum
3305 3695 3418 3764 jam
3464 3695 3522 3749 in

1947 3789 2197 3844 custodia
2243 3788 2432 3844 infelix
2475 3785 2704 3842 Michael
2764 3801 2970 3840 annum
3008 3787 3346 3856 expleverat,
3397 3803 3522 3842 cum

1948 3881 2280 3936 necessariis
2307 3881 2478 3949 ipsius
2505 3879 2716 3936 crebris
2742 3877 3107 3947 legattunibus
3133 3879 3520 3946 imperatorem

1951 3972 2274 4042 urgentibus
2330 3979 2384 4025 et
2432 3984 2627 4040 magna
2680 3969 3106 4038 pollicentibus,
3162 3969 3208 4024 sl
3260 3971 3520 4024 miserum

1948 4065 2214 4132 tantisper
2250 4061 2484 4116 vinculis
2516 4062 2758 4115 solutum
2803 4061 2868 4113 ad
2906 4075 3038 4114 suos
3080 4063 3264 4115 redire
3317 4063 3522 4130 peruri.

1947 4157 2137 4216 sisset,
2168 4160 2444 4222 Augustus
2477 4167 2584 4206 non
2608 4152 2696 4205 ille
2719 4151 2939 4221 quidem
2965 4151 3256 4220 praefracte
3281 4153 3519 4222 negavit,

1946 4256 2039 4301 aut
2068 4260 2288 4300 omnem
2323 4243 2665 4314 supplicibus
2695 4243 3026 4312 impetrandi
3055 4243 3350 4314 aliquando
3371 4246 3515 4312 quod

1947 4343 2195 4403 peterent
2247 4349 2399 4404 spent
2451 4332 2710 4394 abscidit,
2757 4347 2943 4386 verum
2993 4342 3175 4387 tamen
3218 4349 3318 4388 nec
3362 4334 3522 4404 plane

1947 4427 2162 4490 annuit,
2195 4426 2288 4481 sed
2319 4425 2501 4480 verbis
2527 4424 2756 4492 placidis
2782 4434 2836 4478 et
2870 4425 3184 4484 exorabilis.
3217 4426 3308 4480 ubi
3348 4436 3524 4480 matu-

284 4531 446 4571 rorem
472 4516 737 4583 ipsorum,
762 4512 1090 4566 miserarum
1115 4512 1290 4564 anxia:
1315 4512 1456 4582 fugae
1486 4511 1838 4567 formidinum
1874 4526 1919 4584 ι)
1950 4535 2070 4573 rum
2121 4519 2280 4582 foret,
2322 4517 2490 4572 animi
2541 4516 2780 4586 qttadam
2831 4517 3071 4570 humana
3125 4517 3522 4586 significatione

285 4617 333 4662 ct
363 4609 504 4680 longi
548 4605 794 4660 carceris
840 4618 1211 4658 :erumnarum
1249 4605 1411 4659 unice
1440 4604 1646 4666 securi,
1681 4615 1835 4661 tran-

286 4702 494 4768 quillam
521 4699 587 4754 de
607 4705 806 4753 cmtero
833 4695 998 4748 vitam
1029 4704 1274 4764 agerent.
1305 4694 1502 4752 Verum
1533 4698 1838 4753 intervertit

285 4806 587 4847 successum
648 4785 861 4843 cruenti
917 4787 1080 4854 coepti
1142 4802 1477 4858 persequens
1533 4789 1838 4845 homicidas

283 4888 513 4941 ctelestis
563 4885 722 4946 ultio,
765 4881 1038 4951 sanguine
1088 4881 1300 4935 Scilicet
1335 4881 1659 4936 miserorum
1695 4897 1835 4952 quos

287 4956 523 5031 inrautos
569 4981 960 5045 oppresserant
1012 4971 1285 5026 clamante
1323 4972 1390 5024 ad
1431 4970 1624 5035 Deum,
1660 4982 1713 5026 et
1752 4992 1840 5032 re-

288 5085 478 5122 moram
507 5065 788 5138 injiciente
815 5064 1061 5134 fugitivis
1084 5063 1510 5118 ineluctabilem.
1542 5062 1636 5118 Vix
1667 5067 1834 5122 altum

287 5169 578 5224 tenuerant,
633 5173 758 5211 cum
808 5156 888 5211 eis
943 5155 996 5208 in
1040 5155 1332 5209 adversum
1385 5165 1492 5208 tam
1543 5157 1838 5214 vehemens

288 5262 458 5307 auster
501 5250 780 5313 incubuit,
827 5258 885 5303 ut
936 5249 1115 5302 adhuc
1150 5256 1394 5303 tenentes
1421 5261 1636 5319 portum
1669 5266 1838 5310 naves

289 5344 335 5395 in
374 5343 462 5398 illa
511 5341 628 5412 ipsa
666 5346 784 5392 tuta
831 5339 1069 5394 statione
1101 5349 1446 5405 concuteret,
1475 5356 1538 5395 ac
1569 5357 1677 5413 quo
1722 5360 1840 5399 mo-

288 5445 454 5489 mento
491 5448 627 5489 aura
676 5431 1116 5502 inopinatissime
1159 5431 1386 5496 reﬂavit,
1431 5449 1538 5502 qua
1583 5450 1839 5504 persevc-

288 5531 448 5585 rantia
495 5526 738 5593 duravit,
777 5533 991 5580 tantum
1023 5540 1131 5580 non
1174 5526 1317 5580 clare
1345 5538 1628 5596 appareret
1666 5531 1840 5585 scele-

287 5626 424 5686 ribus
470 5622 796 5696 fugientium
850 5620 1124 5676 infensum
1164 5619 1362 5674 coelum
1404 5632 1660 5690 receptus
1704 5622 1839 5692 ipsis

291 5720 446 5774 securi
497 5731 701 5788 negare
749 5713 1085 5769 facultatem.
1122 5710 1242 5766 Non
1273 5711 1420 5766 enim
1455 5727 1564 5766 uno
1598 5714 1841 5770 alterove

301 5804 376 5864 die
393 5807 731 5869 intractabile
760 5805 1176 5864 violentissimis
1202 5804 1402 5862 austris
1427 5821 1575 5861 mare
1601 5805 1834 5874 horruit,

1949 4611 2192 4665 conditis
2251 4610 2416 4663 anxie
2479 4607 2847 4662 sollicitarum
2903 4617 3024 4662 vota
3080 4609 3356 4663 delinivit.
3411 4608 3522 4664 llas

1946 4701 2176 4756 Michael
2208 4701 2507 4756 Andronici
2543 4700 3027 4770 tergiversationes
3065 4710 3122 4754 et
3165 4701 3517 4764 artificiosae,

1948 4794 2039 4848 ubi
2073 4793 2350 4864 cognovit,
2386 4793 2690 4846 detestatus
2733 4805 2936 4854 moras,
2980 4793 3272 4847 consilium
3319 4795 3421 4848 init
3465 4805 3522 4850 et

1947 4892 2130 4955 coeptu
2165 4892 2218 4937 et
2247 4892 2446 4939 eventtt
2489 4883 2671 4951 potius
2719 4883 3226 4950 desperatissimum
3258 4900 3322 4939 ac
3349 4887 3523 4956 pessi-

1947 4993 2095 5032 mum
2147 4991 2310 5046 quam
2367 4975 2478 5028 ullo
2525 4974 2739 5029 astutia:
2787 4975 3007 5043 ingenio
3056 4978 3518 5033 commendabile.

1943 5070 2080 5125 Cum
2128 5068 2274 5124 enim
2330 5067 2385 5121 in
2435 5067 2570 5120 turri
2613 5075 2929 5121 servaretur
2984 5067 3251 5121 Palatinis
3299 5071 3518 5125 admota

1945 5163 2154 5218 a‘dibus
2198 5163 2339 5215 intra
2385 5175 2524 5230 quas
2579 5159 2695 5227 ipse
2743 5157 3132 5214 diversahatur
3180 5159 3514 5228 imperator.

1947 5259 2098 5311 visus
2121 5255 2220 5310 sibi
2245 5263 2327 5308 est
2351 5265 2673 5322 generosum
2695 5250 2901 5320 aliquid
2925 5249 3192 5312 facturus,
3215 5250 3258 5304 si
3281 5251 3516 5306 flammis

1947 5363 2048 5403 suo
2071 5347 2274 5400 carceri
2301 5343 2575 5413 subjectis
2606 5342 2780 5410 ipsius
2807 5356 3024 5411 quoque
3053 5342 3214 5396 invisi
3247 5343 3517 5412 principis

1947 5438 2263 5503 contiguum
2316 5431 2639 5488 incenderet
2694 5429 3061 5486 domicilium.
3119 5430 3288 5486 Nocte
3347 5433 3516 5502 igitur

1948 5535 2316 5597 intempesta,
2374 5528 2527 5596 prius
2578 5521 2851 5578 obseratis
2911 5521 3203 5592 diligenter
3271 5527 3514 5580 carceris

1948 5623 2143 5686 valvis,
2173 5621 2351 5690 ignem
2380 5617 2570 5687 injecit
2590 5616 2643 5670 in
2669 5627 2878 5670 structu
2906 5615 3177 5684 lignorum
3208 5615 3510 5678 aridorum,

1947 5729 2111 5783 quam
2144 5721 2268 5764 ante
2295 5713 2651 5778 congesserat
2682 5703 2866 5775 specie
2901 5704 3163 5760 habenda:
3194 5710 3258 5758 ad
3287 5721 3509 5762 manum

1947 5805 2187 5861 materia:
2216 5797 2542 5858 necessaria:
2582 5796 2706 5854 foco
2749 5796 2984 5854 cubiculi
3028 5795 3246 5868 longum
3284 5799 3338 5852 in
3381 5807 3516 5857 teni~
