4022 6620
363 412 382 472 ί
401 410 435 473 ’1
1569 425 1895 489 GEORGII
1939 431 2422 497 PACHYMERIE
3568 435 3639 500 33

362 523 628 579 κίνδυνον.
684 524 795 579 Καὶ
820 525 886 595 δὴ
927 520 1122 592 νυκτὸς
1151 526 1292 601 ἀωρὶ
1341 530 1593 600 κάγκανα
1635 534 1768 600 ξύλα
1800 539 1945 591 ἐτοι-
1979 544 2023 601 Α

367 613 704 684 μασάμενος,
764 615 842 681 ὡς
888 617 1050 689 δῆθεν
1100 619 1451 689 θερμαίνοιτο
1510 620 1802 695 (χειμῶνος
1838 627 1947 700 γὰρ
2004 688 2009 693 _

365 704 669 775 ἐπράττετο
705 705 901 771 ταῦτα,
935 710 1064 779 περί
1084 702 1188 763 που
1214 711 1650 784 Σκιροφοριῶνος
1688 718 1755 771 τά
1786 723 1947 785 μέσα,

365 793 425 858 ὃς
451 795 600 849 ἐστιν
625 797 653 849 ὁ
679 797 1011 868 Δεκέϐριος),
1037 800 1137 865 τὰς
1177 800 1349 872 θύρας
1375 804 1475 874 τῆς
1516 808 1743 878 εἱρκτῆς
1769 810 1951 881 ἀσφα-

367 884 659 957 λισάμενος
712 889 923 944 ἔνδοθεν
976 891 1088 962 πῦρ
1119 893 1344 964 ἐνίησιν,
1377 895 1407 950 ὃ
1434 896 1499 969 δὴ
1549 900 1641 952 καὶ
1673 901 1773 970 τῆς
1801 900 1952 971 ὥρας

366 979 759 1050 καταταχῆσαν
792 980 992 1050 ἐξῆπτε
1026 986 1122 1038 καὶ
1150 989 1264 1050 τοῖς
1302 987 1458 1054 ὶκτὸς
1494 989 1656 1061 δῆλον
1686 986 1774 1065 ἦν.
1808 993 1952 1047 Φθά-

366 1086 448 1123 νει
472 1068 531 1123 δὲ
567 1070 665 1123 καὶ
699 1071 791 1123 τὸν
822 1071 1048 1141 βασιλέα
1084 1075 1470 1145 ἀγρυπνοῦντα
1500 1078 1580 1132 ἔτι
1608 1077 1668 1132 τδ
1704 1081 1948 1149 γεγονός.

366 1162 477 1216 Kal.
503 1159 561 1224 ὃς
587 1163 715 1223 τοὺς
761 1163 1140 1234 ἀμυνομένους
1179 1166 1280 1220 οὐκ
1323 1169 1551 1235 ἐκεῖνον,
1585 1170 1721 1225 ἀλλὰ
1750 1172 1810 1226 τὸ
1840 1171 1952 1242 πῦρ

371 1251 452 1313 είς
475 1251 805 1306 κατάσϐεσιν
833 1255 1150 1324 ἀπέπεμπε.
1202 1256 1315 1309 Καί
1342 1276 1424 1320 τις
1455 1260 1562 1312 τῶν
1592 1259 1767 1316 ἄλλων
1795 1265 1952 1315 ἐκτο-

372 1342 504 1411 μίας
571 1343 799 1413 Κάρϐας
856 1344 1147 1415 λεγόμενος
1210 1349 1535 1418 προφθάσας
1586 1354 1706 1415 ταῖς
1759 1352 1953 1421 θύραις

366 1435 745 1503 προσήραττεν
765 1437 841 1499 ὡς
864 1438 1092 1503 ἀνοίξων
1111 1456 1126 1471 ο
1148 1439 1223 1503 ὡς
1244 1441 1290 1495 δ’
1317 1443 1416 1496 ούκ
1432 1438 1498 1513 ἦν
1522 1445 1760 1513 ἀνοίγειν
1785 1447 1953 1517 ἠσφα·

366 1524 651 1594 λισμένας,
680 1525 893 1594 ἀξίναις
920 1532 1018 1594 τὰς
1054 1532 1222 1605 θύρας
1248 1537 1430 1599 αὐτοῖς
1477 1537 1696 1607 μοχλοῖς
1726 1539 1821 1591 καὶ
1850 1539 1951 1610 βα-

367 1615 665 1690 λανάγραις
702 1620 1065 1688 ἑξετίνασσον.
1119 1624 1285 1679 Οὔπω
1309 1627 1365 1680 δὲ
1411 1630 1590 1693 καλῶς
1617 1630 1648 1682 ὁ
1694 1632 1955 1702 ἐκτομίας

370 1709 510 1784 ἔφθη
532 1711 690 1767 οὐδοῦ
719 1713 1045 1778 ἰπιϐεϐαὼς,
1080 1717 1332 1781 κάκεῖνος
1373 1718 1584 1773 ἔνδοθεν
1609 1723 1676 1793 τῇ
1710 1723 1956 1794 μαχαίρᾳ

370 1804 750 1873 προσυπαντᾷ,
812 1805 908 1859 καὶ
935 1808 1046 1869 τοῖς
1079 1807 1416 1879 σπλάγχνοις
1445 1812 1650 1882 ταύτην
1695 1813 1954 1881 ἐμϐάλλει

371 1894 470 1948 καὶ
493 1889 653 1959 αὖθις
679 1896 847 1966 ἀλλην
875 1901 968 1952 καὶ
994 1899 1185 1968 τρίτην
1216 1900 1309 1954 ἐπὶ
1344 1902 1596 1967 ταύταις,
1633 1907 1727 1959 καὶ
1763 1907 1957 1977 νεκρὸς
1988 1882 2031 1940 Β

372 1986 401 2038 ὁ
428 1984 658 2056 πληγεὶς
687 1986 904 2041 αὐτίκα.
931 1989 1041 2043 Καὶ
1070 1990 1232 2052 εὐθὺς
1263 1993 1445 2046 πολλοὶ
1470 1997 1568 2063 μὲν
1594 1986 1957 2068 ὲσερρύησαν,

370 2076 436 2129 τὸ
462 2074 520 2129 δὲ
570 2078 949 2148 πελεκυφόρον
981 2080 1170 2149 τάγμα
1203 2080 1502 2151 βασίλειον,
1537 2087 1857 2157 ἀγαιόμενοι
1884 2087 1961 2160 τῷ

376 2167 670 2237 συμϐάντι,
702 2170 989 2225 πελέκεσιν
1015 2176 1220 2227 ἐκεῖνον
1245 2177 1488 2246 ἀνηλεῶς
1522 2179 1959 2249 κατακτείνουσι,

374 2258 577 2312 καὶτὸν
601 2259 897 2325 οῦτωςύπὸ
927 2269 1106 2337 τρυφῇ
1134 2267 1405 2336 τραφέντα
1433 2268 1537 2334 ἔξω
1566 2287 1670 2323 που
1699 2270 1965 2343 ἐκϐεϐλη-

379 2348 542 2417 μένον
567 2351 712 2406 κατά
740 2353 844 2425 τὴν
878 2350 1126 2425 ἀργυρᾶν
1154 2358 1456 2430 λεγομένην
1479 2362 1704 2424 είκαίως
1735 2379 1852 2426 πως
1870 2364 1964 2417 καὶ

374 2440 452 2503 ὡς
474 2439 632 2510 ἔτυχε
658 2441 977 2498 θάπτουσιν.
1011 2446 1173 2500 Ἀλλὰ
1200 2447 1372 2501 ταῦτα
1401 2449 1499 2519 μὲν
1519 2452 1573 2514 ἐς
1598 2452 1962 2520 τοσοῦτον,είς

373 2528 579 2600 δεῖγμα
603 2529 711 2585 τῶν
733 2532 1089 2603 ἀνθρωπίνων
1134 2538 1499 2608 πραγμάτων,
1546 2541 1641 2595 καὶ
1663 2542 1747 2597 ὅτι
1782 2544 1962 2609 σκιαῖς

380 2622 584 2693 μᾶλλον
613 2624 646 2695 ἢ
677 2626 885 2692 τούτοις
914 2630 1194 2685 πιστεύειν
1220 2632 1464 2703 ἄμεινον.

378 2814 486 2871 pus
517 2801 735 2867 alendo,
773 2817 936 2875 prout
965 2808 1117 2876 rigor
1147 2810 1416 2873 brumalis
1481 2821 1824 2888 tempestatis
1881 2837 1965 2875 rr-

379 2894 679 2962 quireltst:
715 2912 838 2951 nam
872 2901 987 2955 haec
1021 2904 1169 2958 circa
1198 2905 1521 2964 Decembris
1559 2910 1802 2966 medium
1842 2923 1962 2968 acta

381 2993 535 3037 sunt.
566 2982 810 3041 Flamma
852 2998 1006 3058 rapto
1033 2988 1220 3048 fomite
1242 2997 1498 3050 celeriter
1524 3014 1711 3069 pyram
1745 3001 1960 3056 obviam

381 3079 657 3150 amplexa,
687 3082 985 3141 luculentis
1018 3088 1167 3142 horae
1226 3092 1404 3159 spatio
1458 3092 1833 3152 inclarescens
1870 3114 1965 3151 au-

2422 550 2531 614 κη’.
2566 543 2704 614 Περὶ
2736 544 2841 599 τοῦ
2881 544 3045 614 ἱεροῦ
3065 544 3269 615 ἄρτου.

2125 634 2191 706 [Ρ
2214 633 2305 708 48]
2351 634 2725 707 Ἐπηλήθευσε
2772 635 2828 689 δὲ
2879 638 2990 698 τοῖς
3044 636 3166 689 τότε
3216 637 3636 709 τετελεσμένοις

2052 727 2146 781 καί
2185 744 2236 780 τι
2272 727 2490 797 συμϐάν
2524 726 2759 798 φοϐερὸν
2792 726 2895 798 μὲν
2939 727 3091 792 ἰδεῖν,
3127 727 3360 798 φοϐερὸν
3387 728 3435 783 δ’
3463 731 3638 784 ἀκοῦ-

2056 834 2168 880 σαι,
2196 811 2257 872 οὗ
2291 817 2355 888 δὴ
2382 819 2475 871 καὶ
2500 818 2661 882 ἄλλος
2691 817 2821 872 ἀλλο
2851 835 2905 871 τι
2948 818 3015 872 ἂν
3043 817 3353 873 αίτιάσαιτο
3388 820 3482 874 καὶ
3511 820 3639 876 ἄλλο

2053 908 2234 974 ἄλλος,
2255 909 2433 974 οὐδεὶς
2462 909 2509 963 δ’
2535 911 2623 973 ἂν,
2655 904 2835 980 οἶμαι,
2856 908 3117 980 εὔστοχον
3145 910 3268 980 θείη
3299 910 3398 980 τὴν
3428 913 3633 984 κρίσιν,

2052 999 2160 1053 κᾶν
2210 999 2382 1054 πολλά
2431 1001 2604 1070 κάμοι
2652 1000 3080 1071 προσερευνῶνο
3138 1019 3157 1052 ι
3198 999 3296 1064 Τίς
3348 1003 3461 1074 γάρ
3495 1005 3638 1072 ἔγνω

2052 1089 2178 1143 νοῦν
2206 1090 2439 1160 Κυρίου,
2469 1092 2549 1156 είς
2578 1091 2633 1145 δὲ
2663 1092 2731 1146 τά
2758 1091 2962 1162 ἔσχατα
3005 1092 3102 1163 τῆς
3131 1091 3327 1161 σοφίας
3357 1094 3525 1149 αύτοῦ
3558 1096 3639 1161 τίς
3676 1077 3682 1127 ἶ

2053 1176 2330 1247 ἀφίκετος
2366 1195 2386 1229 ι
2428 1178 2597 1249 φησιν
2636 1179 2664 1232 ὀ
2702 1178 2847 1233 Ἰὼϐ.
2877 1176 2953 1232 Τὸ
2974 1178 3021 1231 δ’
3057 1175 3125 1231 αῦ
3156 1181 3221 1233 ὲκ
3251 1179 3344 1233 τοῦ
3376 1184 3641 1254 παρεικό-

2051 1286 2144 1333 τος
2176 1272 2271 1324 ἐπὶ
2328 1273 2441 1334 τοῖς
2491 1271 2659 1336 θείοις
2691 1270 2915 1324 τοιαῦτα
2952 1270 3201 1340 γίνεσθαι
3230 1272 3412 1340 λέγειν
3460 1274 3494 1346 ἦ
3546 1275 3643 1331 καὶ

2053 1362 2309 1428 δοξάζειν
2338 1359 2425 1417 οἷα
2451 1362 2515 1434 δὴ
2558 1363 2653 1417 καὶ
2678 1362 2939 1434 ἐροῦμεν,
2989 1364 3268 1429 μανίαισιν
3317 1364 3640 1436 ὑποκρέκει,

2056 1457 2190 1523 φησι
2241 1456 2531 1525 Πίνδαρος.
2578 1455 2738 1527 Ἐμοὶ
2772 1456 2818 1509 δ’
2870 1454 3019 1521 ἅπαξ
3067 1456 3306 1528 ἐμαυτὸν
3361 1459 3643 1511 καθεικότι

2055 1547 2137 1609 ei;
2179 1546 2444 1614 ἀγγελίαν
2479 1544 2586 1599 τῶν
2627 1545 2963 1615 γενομένων,
2994 1546 3061 1617 ἦν
3102 1562 3206 1599 που
3256 1549 3353 1600 καί
3396 1545 3547 1617 παρὰ
3585 1548 3647 1600 τὸ

2056 1637 2203 1698 εἰκὸς
2234 1638 2485 1707 γέγονεν,
2539 1637 2599 1690 οὒ
2653 1637 2880 1701 δικαίως
2918 1636 2985 1692 ἀν
3015 1637 3111 1691 καὶ
3150 1638 3517 1706 παραιτητέον
3557 1638 3647 1707 εἴη

2056 1731 2085 1784 ὃ
2112 1748 2161 1784 τι
2190 1731 2430 1799 λέγοιμι.
2468 1730 2647 1799 Νέμει
2677 1728 2788 1800 γάρ
2811 1728 2870 1782 τὸ
2902 1728 3128 1800 θαρρεῖν
3152 1729 3185 1797 ἡ
3219 1727 3503 1800 ἀτρέκεια.
3535 1729 3649 1781 Καὶ

2057 1823 2213 1876 οὐδὲν
2237 1824 2443 1893 χεῖρον,
2461 1816 2641 1892 οἶμαι,
2683 1822 2787 1875 ὑπὸ
2817 1820 2926 1874 τῶν
2946 1820 3293 1875 ἀκουσόντων
3320 1820 3387 1874 ἂν
3416 1820 3649 1891 πάθοιμι

2061 1911 2236 1979 λέγων
2251 1904 2326 1965 ὧν
2359 1910 2598 1979 ἐμαυτὸν
2620 1909 2751 1975 ίσως
2782 1909 3050 1980 δράσαιμι
3079 1909 3153 1982 μὴ
3177 1909 3372 1965 είπὼν.
3403 1909 3650 1964 Ἐκεῖθεν

2066 2004 2165 2071 μὲν
2199 2003 2308 2074 γάρ
2361 2001 2521 2065 δόξαν
2570 2000 2845 2057 ἀποίσαιτ⁹
2874 2000 2939 2055 ἄν
2979 2019 3061 2065 τις
3095 1999 3190 2055 τοῦ
3228 2001 3388 2056 πάντ’
3425 2001 3649 2073 ἐπέχειν

2061 2097 2128 2149 ἐκ
2159 2094 2452 2163 φιλαυτίας
2475 2095 2591 2156 τοῖς
2618 2093 2741 2149 τότε
2772 2092 3033 2162 ξυμϐἄσι,
3063 2092 3161 2145 καί
3182 2092 3236 2161 γ’
3262 2093 3488 2160 ἀνάγειν
3513 2092 3653 2162 πρὸς

2061 2186 2120 2239 ἓν
2154 2204 2209 2239 τι
2240 2188 2300 2239 τδ
2332 2184 2407 2257 μὴ
2455 2185 2601 2240 κατά
2639 2185 2847 2256 τρόπον
2894 2185 3080 2238 ἐκεῖνα
3114 2185 3211 2238 καὶ
3242 2185 3520 2255 τάσφαλὲς
3551 2202 3651 2239 πε·
3729 2249 3745 2263 .

2063 2278 2332 2348 πρᾶχθαι’
2372 2276 2627 2331 ἐντεῦθεν
2680 2276 2738 2329 δὲ
2791 2275 2907 2328 ἀλλ’
2935 2276 2985 2328 εί
3021 2276 3099 2346 μή
3134 2274 3188 2328 τί
3220 2292 3286 2344 γε
3337 2276 3536 2341 πλέον,
3571 2274 3653 2346 τῷ

2064 2369 2195 2438 γοῦν
2227 2369 2423 2422 ἑκόντα
2456 2366 2829 2437 παρατρέχειν
2854 2365 2916 2419 τδ
2946 2364 3224 2431 ξυμπεσδν
3245 2367 3311 2419 ὲκ
3339 2364 3648 2434 δαιμονίου,

2062 2455 2259 2530 οἶμαι,
2319 2457 2582 2528 προνοίας
2639 2456 2949 2528 ῥυπαίνοιτ⁹
2998 2456 3066 2510 ἂν
3131 2458 3166 2528 ἠ
3223 2456 3348 2510 καθ’
3406 2457 3653 2527 ἱστορίαν

2062 2552 2316 2623 ἀλήθεια.
2350 2550 2441 2620 Τῷ
2465 2567 2548 2603 τοι
2573 2548 2850 2602 καὶτοῦτο
2871 2548 3008 2621 πρὸς
3037 2550 3150 2611 τοῖς
3177 2548 3361 2612 ἀλλοις
3380 2547 3652 2617 λεγέσθω,

2062 2646 2225 2716 δεῖμα
2257 2643 2357 2715 μὲν
2387 2645 2555 2715 φέρον
2583 2640 2720 2696 Θεοῦ
2750 2642 3034 2715 προνοίας,
3073 2641 3213 2715 πρὸς
3246 2642 3275 2695 ὃ
3311 2658 3367 2695 τι
3394 2641 3449 2695 δὲ
3493 2640 3654 2712 φέροι

2066 2825 2165 2880 tati
2231 2822 2501 2877 natalium
2554 2831 2838 2890 opumque
2902 2830 2968 2872 ac
3025 2815 3311 2871 titulorum
3350 2812 3652 2871 illustrium

2066 2914 2349 2988 Splendori
2374 2926 2535 2983 quam
2565 2909 2777 2965 umbris
2805 2922 3035 2987 prorsus
3066 2905 3327 2961 inanibus
3352 2903 3650 2959 lidenduut.

2558 3000 2648 3056 28.
2683 2999 2759 3054 De
2790 3014 2943 3053 sacro
2992 3013 3150 3069 pane.

2138 3098 2251 3153 lloc
2285 3111 2475 3167 porro,
2512 3104 2572 3148 ut
2598 3094 2664 3146 ad
2712 3090 3032 3146 intermissa
3065 3103 3153 3144 me
3207 3086 3464 3150 referam,
3512 3092 3654 3139 tem-

383 3173 586 3239 εῑίῢιιε.
628 3190 725 3245 per
750 3187 1101 3245 erumpentes
1125 3197 1154 3235 e
1192 3191 1335 3236 tecto
1370 3183 1515 3238 intra
1546 3189 1688 3255 quod
1721 3200 1961 3258 coeperat
2001 3250 2034 3258 _
2069 3205 2200 3258 pore
2235 3198 2375 3242 tetro
2406 3196 2461 3240 et
2486 3191 2805 3254 portentoso
2831 3181 3213 3251 experimento
3247 3175 3653 3246 deprehensum

384 3260 635 3319 fumosos
671 3266 928 3321 immistis
961 3268 1219 3325 scintillis
1254 3271 1471 3342 globos,
1514 3250 1691 3341 usque
1742 3250 1966 3329 ad'scn-

2073 3250 2152 3336 est
2183 3296 2247 3335 ex
2272 3293 2402 3333 vero
2427 3275 2720 3331 convenire
2738 3271 2910 3329 sacris
2943 3269 3151 3326 nostris
3182 3270 3345 3340 vulgo
3381 3267 3461 3322 eis
3495 3266 3654 3321 attri-

383 3370 508 3410 sum
550 3368 706 3410 extra
734 3359 1050 3429 degentium
1089 3361 1143 3416 in
1179 3365 1429 3430 proximo
1488 3363 1693 3419 indicia
1734 3366 1819 3420 sui
1849 3381 1968 3435 pcr-

385 3446 531 3501 tulit.
569 3445 702 3500 Rem
729 3448 782 3501 in
816 3450 1008 3518 primis
1073 3451 1255 3507 adhuc
1322 3454 1675 3508 commodum
1732 3455 1968 3525 vigilans

385 3541 669 3607 Augustus
701 3543 1126 3612 animadvertit;
1184 3561 1249 3602 ac
1301 3551 1529 3618 raptim,
1581 3566 1679 3620 pro
1712 3551 1970 3605 instantia

386 3632 646 3702 periculi.
678 3634 950 3689 satellites
974 3644 1246 3706 quotquot
1264 3638 1330 3692 ad
1370 3654 1592 3695 manum
1646 3640 1819 3704 fuere,
1858 3642 1975 3711 jus-

388 3726 463 3779 sit
489 3740 780 3781 accurrere
806 3727 873 3780 ad
910 3742 1209 3795 carcerem,
1253 3746 1385 3785 non'
1425 3747 1627 3801 pinnas
1666 3733 1973 3789 inﬂicturos

388 3816 756 3882 incendiaria,
793 3832 956 3887 quem
994 3818 1173 3874 adhuc
1205 3821 1330 3889 quis
1365 3831 1514 3877 esset
1547 3826 1844 3886 nesciebat,
1879 3828 1971 3879 sed

388 3907 707 3963 incendium
744 3911 921 3979 ipsum
958 3912 1356 3968 exstincturos.
1396 3916 1540 3969 Ante
1559 3930 1749 3971 omnes
1776 3914 1840 3970 ad
1864 3914 1980 3985 jus-

396 4015 520 4055 sum
561 4002 801 4056 evolavit
840 4005 1153 4069 eunuchus,
1187 4003 1397 4061 Carbas
1431 4008 1677 4071 nomine,
1731 4008 1981 4065 tentatis-

397 4107 506 4162 que
555 4091 787 4158 foribus,
848 4095 955 4165 77
1018 4095 1110 4149 ubi
1177 4096 1420 4151 munitas
1494 4099 1981 4168 impcnetrahilitcr

398 4188 588 4255 sentit,
643 4188 933 4244 securibus
977 4189 1237 4243 cli‘ractas
1294 4204 1417 4243 cum
1462 4190 1600 4245 seris
1652 4192 1811 4245 simul
1848 4191 1980 4261 ipsis

394 4298 460 4335 ac.
492 4283 741 4337 vectibus
774 4282 1016 4348 subruit,
1082 4282 1486 4350 obstaculaque
1543 4284 1799 4339 amolitus
1837 4285 1981 4341 intro

397 4374 672 4443 irrumpit.
702 4371 802 4427 Vix
834 4373 1009 4427 limini
1045 4372 1235 4442 pedem
1292 4373 1580 4442 iniecerat.
1629 4390 1753 4428 cum
1792 4375 1983 4430 adver-

397 4480 496 4520 sus
527 4467 749 4519 irruens
789 4464 1016 4519 Michael
1058 4478 1243 4518 ensem
1270 4465 1317 4518 ei
1344 4465 1513 4534 adigit
1542 4468 1594 4518 in
1633 4467 1866 4531 viscera,
1897 4483 1984 4523 re-

2070 3373 2258 3427 butam
2307 3367 2724 3440 appellationem
2788 3363 2898 3417 τῶν
2943 3360 3383 3431 τετελεσμένωνς
3443 3358 3539 3413 sed
3590 3372 3654 3411 ea

2073 3462 2272 3518 rariori
2314 3460 2535 3516 notione
2557 3474 2661 3530 qua
2704 3455 2809 3511 ista
2840 3454 3117 3510 interdum
3162 3469 3262 3507 vox
3298 3452 3566 3522 pollutum
3600 3457 3656 3503 et

2074 3554 2509 3611 contaminatum
2543 3550 2796 3619 designat
2823 3546 3133 3618 quidpiam.
3166 3544 3409 3613 Contigit
3445 3543 3655 3612 quippe

2078 3663 2164 3699 res
2188 3645 2308 3699 visu
2329 3642 2546 3714 quidem
2600 3639 2906 3704 horribilis,
2952 3620 3311 3707 auditu‘quin
3354 3634 3522 3688 etiam
3571 3631 3657 3686 in-

2079 3735 2274 3803 fanda;
2307 3734 2465 3801 cujus
2495 3731 2660 3785 aliam
2686 3728 2777 3783 alii
2808 3742 3029 3784 causam
3058 3726 3149 3781 ubi
3193 3723 3487 3796 quantavis
3516 3736 3652 3775 coo-

2079 3826 2356 3882 tendendo
2384 3823 2819 3893 perscrutatione
2861 3817 3203 3890 quaesierint,
3234 3826 3328 3871 aut
3361 3816 3444 3871 vel
3488 3829 3653 3881 argu-

2081 3918 2311 3974 tissimis
2354 3916 2467 3970 nixi
2503 3913 2840 3984 conjecturis
2890 3910 3248 3980 assignarint,
3282 3906 3426 3963 haud
3467 3916 3651 3960 tamen

2080 4022 2231 4067 certo
2265 4009 2475 4081 judicio
2509 4008 2776 4063 definiant
2833 4003 2915 4059 vel
2962 4017 3074 4074 quo
3107 4018 3203 4073 per
3239 4001 3492 4057 homines
3523 4013 3656 4053 con-

2086 4110 2292 4157 tractus
2323 4114 2455 4154 casu
2489 4099 2572 4153 vel
2605 4113 2713 4168 quo
2749 4097 2842 4153 Dei
2870 4095 3104 4150 consilio
3132 4094 3437 4164 permissus
3477 4089 3657 4145 foedus

2082 4198 2173 4252 hic
2204 4206 2258 4249 ct
2284 4194 2558 4250 infaustus
2594 4198 2830 4246 eventus
2858 4188 3046 4243 fuerit.
3078 4186 3215 4254 Quis
3249 4186 3395 4241 enim
3451 4198 3657 4253 cogno-

2084 4291 2163 4345 vit
2191 4303 2415 4344 sensum
2447 4283 2710 4340 Domini?
2749 4283 2858 4336 Aut
2887 4282 3037 4351 quis,
3095 4288 3152 4334 ut
3191 4276 3293 4334 Job
3342 4276 3442 4342 ait,
3484 4291 3659 4345 usque

2086 4383 2151 4438 ad
2188 4382 2410 4436 ultimos
2442 4378 2566 4447 eius
2601 4375 2882 4445 sapientiae
2913 4372 3162 4445 pervenit
3192 4369 3501 4426 terminos?
3525 4368 3656 4422 Nam

2091 4492 2241 4531 mera
2268 4472 2478 4529 fortuiti
2506 4470 2816 4526 temeritate
2838 4482 3128 4531 occursus,
3154 4467 3293 4521 citra
3346 4464 3512 4518 ullam
3534 4476 3658 4517 cer-

398 4558 703 4626 vetitisque
729 4557 812 4611 his
839 4565 988 4611 terve
1020 4556 1297 4610 similibus
1334 4556 1509 4625 plagis
1539 4556 1803 4612 miserunt
1840 4568 1980 4614 ster—
2009 4592 2053 4643 ι)
2086 4578 2171 4623 tos
2201 4574 2519 4636 sequentem
2550 4563 2688 4618 ﬁnes
2742 4560 2996 4616 Numinis
3045 4567 3243 4615 cuncta
3276 4556 3521 4627 reget-lis
3551 4555 3661 4629 78

399 4668 436 4706 n
463 4651 835 4706 texanimem.
879 4646 961 4703 Ad
992 4648 1258 4704 facinoris
1286 4648 1629 4704 atrocitatem
1666 4651 1888 4711 subitis.
1920 4661 1979 4707 ut

399 4745 486 4805 lit,
549 4742 891 4797 clamoribus
968 4749 1249 4797 momento
1307 4740 1603 4812 divulgatis
1668 4743 1981 4799 conﬂuxere

401 4832 586 4887 statim
620 4829 867 4902 plurimi,
898 4839 952 4885 et
974 4830 1116 4885 inter
1154 4831 1254 4887 bos
1277 4831 1478 4887 cohors
1534 4835 1978 4903 securigerorutn

403 4924 683 4981 excubare
716 4924 782 4979 ad
818 4922 1024 4994 regiam
1056 4924 1243 4979 solita.
1285 4924 1349 4979 Hi
1392 4936 1625 4980 cruento
1666 4928 1981 4996 spectaculo

405 5016 643 5077 perculsi
680 5023 964 5095 auctorem
996 5013 1161 5069 ca'dis
1196 5013 1440 5079 nefariae,
1505 5016 1586 5071 ira
1625 5032 1842 5072 onmem
1885 5021 1985 5072 tui-

406 5110 725 5166 s‘ericordiae
747 5123 971 5164 sensum
1005 5108 1294 5173 obruente,
1347 5109 1644 5165 crudeliter
1695 5111 1983 5166 securibus

407 5200 791 5254 conciderunt.
824 5196 1008 5254 Talem
1039 5209 1232 5254 nactus
1270 5198 1429 5253 ﬁnem
1468 5208 1555 5254 est
1585 5199 1730 5255 ﬁlius
1752 5197 1982 5257 Joannis

410 5294 901 5359 scbastocratoris,
939 5310 1101 5364 quem
1146 5294 1307 5365 longe
1336 5293 1695 5350 dissentanea
1732 5295 1980 5350 mollitiei

410 5387 732 5458 principalis
790 5387 1142 5442 educationis
1191 5388 1475 5455 sepultura
1543 5386 1625 5441 sic
1704 5395 1983 5441 mortuum

409 5484 647 5548 excepit,
682 5479 852 5535 humo
884 5488 1087 5533 temere
1113 5479 1309 5549 injecta
1366 5479 1566 5544 obiter,
1602 5479 1988 5550 contemptim-

411 5574 875 5643 quetumulatum
909 5574 1032 5629 loco
1063 5573 1296 5644 profano
1342 5582 1495 5627 extra
1546 5572 1761 5635 urbem,
1819 5587 1988 5643 prope

412 5666 667 5736 paludem
700 5681 818 5736 quae
848 5666 1051 5720 dicitur
1084 5669 1378 5734 Argentea.
1438 5663 1560 5719 Haec
1600 5665 1813 5734 prolata
1837 5665 1987 5720 velut

416 5760 471 5813 in
498 5758 779 5829 specimen
812 5758 920 5812 sint
948 5757 1209 5811 vanitatis
1241 5770 1563 5826 pctnparum
1585 5756 1982 5823 humanarum;

416 5865 538 5921 qua:
578 5860 728 5908 recte
762 5850 888 5923 quis
906 5849 1208 5916 aStimans,
1264 5864 1369 5905 non
1408 5849 1531 5920 plus
1570 5860 1779 5919 reputet
1828 5850 1988 5906 clari-

2085 4655 2510 4731 provideutiam,
2545 4652 2659 4709 fieri
2712 4650 2978 4721 cernique
3013 4648 3192 4721 qualia
3239 4662 3360 4701 mox
3414 4645 3655 4701 referam

2083 4746 2178 4819 qui
2215 4746 2426 4801 diceret
2490 4752 2586 4798 aut
2640 4741 3012 4806 existimaret,
3048 4739 3215 4809 hujus
3272 4737 3528 4807 equidem
3576 4735 3659 4789 vel

2084 4837 2500 4893 allirmationetn
2535 4834 2617 4889 vel
2665 4830 2995 4888 sententiam
3048 4830 3226 4884 ausim
3272 4829 3456 4885 dicere
3500 4827 3660 4898 juxta
3726 4845 3737 4855 ·

2083 4931 2408 4993 Pindarum,
2442 4925 2586 4983 haud
2632 4924 2790 4994 longe
2823 4938 2850 4976 a
2890 4923 3076 4978 furore
3138 4922 3481 4992 discrepare.
3528 4918 3661 4975 Mihi

2086 5032 2363 5091 utcunque
2411 5017 2654 5073 insuavis
2712 5014 2915 5069 accidit
2972 5013 3424 5069 commemoratio
3477 5011 3664 5068 istius-
3770 4998 3776 5003 ’

2087 5113 2232 5168 modi
2269 5116 2645 5165 monstrorum
2677 5103 3033 5174 inauspicata:
3066 5104 3385 5169 mentionis,
3421 5118 3528 5157 non
3577 5110 3664 5158 est

2086 5214 2267 5258 tamen
2320 5201 2573 5262 liberum,
2617 5211 2681 5250 ex
2740 5210 2853 5266 quo
2885 5195 3046 5249 istam
3089 5194 3233 5247 ultro
3281 5192 3660 5247 necessitatem

2087 5298 2256 5361 subii,
2293 5300 2544 5364 suscepta
2588 5289 2937 5362 professione
2987 5289 3399 5359 qualescunque
3429 5303 3519 5343 res
3569 5303 3662 5357 ge-

2087 5395 2202 5444 stas
2231 5382 2558 5454 exponendi,
2609 5381 2678 5435 ab
2729 5379 2816 5435 bis
2868 5380 3078 5448 scripto
3112 5379 3437 5433 mandandis
3493 5377 3662 5433 absti-

2087 5495 2238 5535 nere.
2272 5480 2332 5534 In
2368 5491 2479 5546 quo
2513 5471 2785 5543 intrepide
2817 5471 3121 5525 allirmandi
3154 5469 3285 5526 facit
3313 5470 3528 5526 animos
3557 5469 3663 5525 evi-

2087 5570 2272 5629 dentia
2306 5567 2686 5626 testatissimze
2724 5565 3011 5633 veritatis;
3070 5580 3173 5621 nec
3200 5567 3439 5620 deterret
3464 5564 3661 5620 verisi-

2091 5665 2295 5719 militer
2350 5669 2683 5731 excepturus
2763 5658 3145 5713 narrationem
3210 5672 3387 5713 meam
3440 5657 3661 5725 quidam

2090 5758 2289 5811 horror
2315 5752 2700 5808 auditurorum
2742 5763 2811 5804 ex
2871 5764 2961 5804 me
2994 5754 3190 5805 casum
3228 5749 3377 5804 dictu
3416 5747 3661 5821 fmdum;

2091 5849 2272 5922 qualia
2300 5844 2522 5904 delicati
2554 5841 2697 5916 genii
2725 5842 2959 5900 lectores
2982 5843 3125 5902 naud
3150 5842 3261 5901 fere
3288 5843 3424 5900 citra
3459 5842 3659 5899 indicit
