4022 6544
214 461 274 523 89
1137 456 1236 517 DE
1275 451 1721 515 ANDRONICO
1763 449 2222 511 PALEOLOGO
2267 450 2408 511 LIB.
2455 448 2507 508 I.
3355 435 3427 500 90

213 573 241 638 ἢ
288 564 544 637 παρελθὸν
599 565 633 634 ἢ
701 563 960 635 ἐσόμενον
1014 563 1086 627 ὡς
1162 565 1308 627 εἰκὸς
1367 563 1753 634 ἀγνοούμενον.
1788 562 1829 616 Α
1865 579 1961 629 μος
1988 560 2082 613 οὖν
2127 561 2308 615 ἰδόντα
2353 556 2672 630 παραυτίκα
2703 556 2970 626 λαμϐάνει
3006 552 3098 607 τὸν
3126 553 3298 622 ίερέα,
3338 553 3434 605 καὶ

221 661 414 728 Ἡμέρα
463 657 562 727 μὲν
611 651 704 711 οὖν
751 658 850 726 τῆς
885 659 950 730 [Ρ
983 655 1074 728 49]
1125 656 1350 728 τυρινῆς
1408 655 1760 727 κυριώνυμος

211 749 306 803 τότ’
336 747 605 817 ἐφίστατο,
653 747 835 800 ἐκάλει
862 748 919 801 δὲ
951 749 1044 802 τὸν
1084 748 1170 800 ἐπ’
1203 747 1502 818 ἐκκλησίας
1543 747 1758 816 ἱερουρ-

215 839 392 906 γοῦντα
438 836 498 889 τὸ
549 835 821 906 σύνηθεςο
869 838 930 890 τὸ
977 837 1021 891 δ’
1074 834 1140 907 ἦν
1191 839 1252 892 τὸ
1283 835 1760 908 προηγιασμέναις

215 931 485 1000 ἀναφοραῖς
519 927 582 981 τὸ
607 929 752 996 ἱερὸν
779 931 966 994 πυξίον
986 931 1043 993 ἐς
1077 931 1105 982 6
1130 949 1183 982 τι
1211 931 1447 1000 μάλιστα
1482 926 1759 998 ὲμπιπλᾷν

217 1023 336 1077 κατά
385 1021 574 1090 χρείαν
622 1021 732 1074 τῶν
781 1021 1134 1090 τεταγμένων
1186 1021 1567 1090 λειτουργιῶν.
1610 1018 1761 1070 Ἐπεὶ

217 1112 326 1182 γοῦν
351 1112 629 1164 τετέλεστο
680 1111 780 1181 μὲν
813 1114 846 1182 ἡ
891 1116 992 1184 τῆς
1042 1113 1193 1182 ἱερᾶς
1232 1112 1432 1174 θυσίας
1467 1109 1716 1180 ἀναφορὰ
1742 1149 1758 1172 ,

213 1206 549 1261 ἀνεπτύσσετο
583 1201 640 1256 δὲ
667 1203 728 1256 τὸ
768 1202 958 1268 πυξίον
997 1205 1081 1272 ἐφ’
1109 1200 1152 1272 ᾧ
1181 1207 1308 1267 τοὺς
1341 1205 1522 1270 ἱεροὺς
1561 1202 1760 1271 ἄρτους

211 1297 430 1365 τεθῆναι,
461 1294 697 1366 εὕρηταί
731 1313 816 1358 τις
842 1296 1006 1358 εὐθὺς
1044 1297 1192 1359 ἐντὸς
1223 1297 1330 1350 τῶν
1378 1292 1762 1364 προηγιασμέ-

214 1408 303 1444 νων
342 1390 609 1459 ἀναφορὰ,
639 1389 706 1460 ἢν
739 1389 802 1458 δὴ
843 1391 938 1444 καὶ
993 1392 1185 1443 εἴκασέ
1213 1408 1296 1454 τις
1321 1390 1462 1459 ὀρῶν
1495 1388 1625 1458 μίαν
1652 1387 1762 1440 τῶν

215 1480 357 1550 τριῶν
389 1481 612 1534 ἐκείνων
645 1477 810 1542 εἶναι.
835 1482 901 1552 ἢν
949 1484 1044 1534 καὶ
1071 1481 1172 1550 τῆς
1197 1481 1360 1549 ἁγίας
1391 1481 1486 1534 καὶ
1521 1478 1763 1549 μεγάλης

216 1571 452 1642 Τετράδος
479 1573 782 1641 μέλλουσαν
809 1572 1194 1644 ἀναφέρεσθαι,
1220 1573 1433 1643 συμϐὰν
1455 1573 1596 1638 τᾶτε,
1627 1571 1762 1624 καθ’

215 1663 276 1726 ὼς
313 1664 589 1725 λέλεκται,
625 1666 702 1733 μὴ
745 1667 813 1718 τὰ
854 1666 954 1735 τῆς
1004 1667 1157 1737 ἱερᾶς
1203 1665 1524 1735 τελεσθῆναι
1575 1663 1766 1726 θυσίας

215 1756 287 1809 διὰ
329 1755 421 1825 τὴν
471 1756 561 1808 ἐπ’
595 1755 896 1826 ἐκκλησίας
939 1759 1050 1810 τῶν
1103 1757 1580 1828 ὲκκλησιαστικῶν
1636 1755 1766 1825 παρ’

215 1847 580 1916 οἱωνδηποτοῦν
605 1849 706 1917 ὀψὲ
740 1851 838 1919 τῆς
870 1850 1018 1922 ὥρας
1056 1854 1344 1921 γεγονυῖαν
1386 1847 1761 1920 συγχώρησιν.

216 1938 368 1991 ἐκείσέ
404 1956 504 1992 που
537 1941 841 2009 ἀφεθεῖσαν
860 1943 958 2014 τῆς
991 1944 1242 2010 πράξεως
1273 1943 1488 1996 κεῖσθαι
1515 1941 1766 1994 συνέϐαι-

216 2047 309 2082 νεν.
345 2030 407 2080 Ἦ
430 2031 473 2082 δ’
499 2033 776 2101 ἡχρείωτο
805 2035 1037 2102 πάμπαν
1079 2035 1174 2087 καὶ
1223 2036 1464 2106 σέσηπτο
1485 2074 1499 2097 ,
1530 2033 1605 2096 ὡς
1640 2033 1765 2103 μηδ’

218 2123 374 2176 εἰκόνα
401 2125 589 2194 φέρειν
623 2127 819 2196 ἄρτου,
858 2131 930 2199 μὴ
967 2129 1048 2182 ὅτι
1081 2129 1136 2196 γ’
1165 2131 1329 2198 ἄρτον
1373 2130 1469 2184 καὶ
1499 2129 1765 2199 ἀμηγέπη

217 2214 516 2280 φαίνεσθαι,
555 2217 699 2268 ἀλλά
741 2234 861 2270 τινα
911 2219 1077 2271 τύπον
1130 2219 1477 2291 θρυμμὰτων
1518 2218 1766 2287 μελάνων

218 2305 456 2375 θηριακῆς
484 2307 516 2376 ἦ
542 2325 694 2372 τινος
727 2309 887 2363 ἄλλου
917 2311 1165 2364 τοιούτου
1197 2312 1602 2382 σκευάσματος.
1633 2310 1769 2382 Τρό-

221 2483 395 2540 fastidii
425 2488 663 2555 etquasi
704 2487 1134 2546 abominabundi
1182 2491 1613 2545 transmiserint.
1641 2491 1768 2544 Ete-

219 2577 311 2630 nim
343 2576 463 2632 dum
495 2588 696 2651 reputo
745 2597 860 2638 rem
915 2583 1200 2648 attentius,
1251 2583 1410 2638 facile
1446 2583 1625 2638 sentio
1662 2581 1766 2634 im-

222 2666 326 2735 pelli
355 2683 434 2723 me
479 2668 546 2724 ad
605 2670 751 2725 idem
806 2673 1260 2742 conspirantibus
1312 2673 1367 2727 in
1401 2689 1594 2735 unum,
1643 2671 1769 2726 hinc

226 2768 445 2827 respectu
471 2759 815 2830 iudiciorum
847 2764 1177 2830 alienorum,
1210 2765 1338 2818 hinc
1371 2764 1574 2834 proprii
1606 2762 1768 2816 otIicii

223 2850 535 2921 praescripto,
579 2868 708 2907 cum
748 2869 846 2908 nec
878 2855 1072 2924 utique
1122 2871 1207 2910 me
1237 2855 1411 2923 fugiat
1461 2854 1669 2924 culpari
1702 2855 1769 2908 ab

223 2940 427 2995 eruditis
456 2944 779 3010 historicos,
808 2946 854 3002 si
887 2963 1026 3017 quos
1078 2947 1541 3018 deprehenderint
1593 2947 1771 3001 indul-

225 3043 331 3099 gere
355 3033 561 3102 privato
595 3045 808 3106 gustui,
842 3039 1039 3091 damno
1071 3039 1346 3092 memoriae
1385 3038 1635 3107 publicae,
1673 3052 1768 3091 ac-

226 3127 589 3181 commodanda
625 3130 943 3185 narratione
970 3133 1034 3182 ad
1070 3145 1274 3186 cenam
1299 3131 1606 3184 adamatam
1638 3130 1769 3197 ipsis

226 3215 593 3273 concinnitatis
621 3217 826 3274 fucosae
855 3222 1115 3290 speciem,
1157 3237 1320 3292 quam
1348 3220 1526 3288 quoad
1581 3219 1769 3276 confe-

225 3308 393 3371 cczint,
431 3311 566 3365 nihil
601 3313 761 3382 pensi
793 3313 1034 3368 habeant
1094 3315 1448 3368 dissimulare
1480 3330 1544 3368 ac
1591 3315 1770 3367 detor-

227 3414 370 3468 quere
402 3401 453 3454 in
491 3403 750 3480 subjecto
780 3413 1122 3474 argumento,
1165 3405 1209 3459 si
1261 3406 1391 3474 quid
1445 3405 1536 3460 isti
1587 3404 1775 3458 formae

227 3494 458 3548 reluctari
515 3498 905 3551 contumacius
955 3497 1235 3564 viderint;
1287 3514 1384 3552 nec
1423 3497 1775 3552 dissimulare

229 3582 408 3648 possim
433 3599 531 3639 con
545 3585 687 3638 vicia
712 3585 1086 3651 conscientiae,
1108 3587 1238 3656 quid
1267 3601 1446 3642 meum
1482 3602 1510 3640 a
1546 3603 1629 3640 me
1657 3603 1775 3640 mu-

229 3685 315 3724 nus
348 3673 542 3742 exigat,
603 3679 897 3741 monentis,
950 3675 1334 3744 edicentisque
1391 3678 1621 3746 quadam
1659 3677 1776 3730 ine-

233 3763 439 3817 xorabili
472 3766 776 3820 severitate
805 3780 1056 3819 censurae
1086 3781 1192 3831 me,
1229 3768 1275 3821 si
1309 3767 1533 3820 conscio
1558 3766 1777 3820 silentio

231 3853 519 3909 involverim
578 3857 723 3924 quod
786 3871 930 3910 nunc
993 3855 1182 3911 divino
1229 3857 1369 3911 haud
1423 3857 1588 3910 dubie
1643 3864 1776 3910 nutu

232 3945 454 4014 contigit,
480 3945 776 4010 maculam,
801 3947 848 4000 si
881 3945 1016 4000 nihil
1047 3947 1218 4012 aliud,
1246 3948 1556 4001 inusturum
1589 3963 1780 4016 quam-

231 4030 335 4084 dam
384 4035 659 4088 historic-ae
705 4035 944 4089 veritati.
1009 4035 1188 4100 Quare
1231 4037 1363 4090 illud
1413 4047 1540 4090 ante
1595 4036 1778 4090 omnia

234 4125 445 4188 dicatur,
505 4126 710 4180 divinae
760 4127 977 4196 quidem
1013 4130 1388 4182 characterem
1425 4126 1781 4196 providentia:

234 4222 543 4285 praeferens;
613 4219 681 4273 de
741 4234 848 4286 quo
895 4229 1076 4272 tamen
1130 4221 1424 4287 prudenter
1479 4220 1782 4276 restituetur

234 4307 448 4378 ignorari
481 4311 616 4378 quid
654 4309 870 4364 tandem
926 4312 1008 4365 vel
1041 4312 1298 4380 respiciat
1335 4313 1667 4380 przeteritum
1697 4313 1778 4365 vel

234 4409 505 4468 auguretur
534 4415 602 4454 ac
634 4400 920 4470 portendat
955 4409 1300 4456 eventurum.
1335 4400 1623 4456 Dominica
1656 4403 1781 4456 illu-

237 4505 370 4547 xerat
405 4493 627 4562 proprio
653 4495 918 4547 vocabulo
954 4494 1099 4547 dicta
1142 4493 1344 4563 Tyriae
1370 4509 1398 4546 a
1451 4494 1596 4548 Casei
1653 4503 1782 4547 ttmc

1857 653 1885 706 6
1912 669 1965 704 τι
1997 651 2196 722 πράξοι
2228 651 2368 721 (οὐδὲ
2423 651 2534 720 γὰρ
2581 645 2651 720 ἦν
2704 650 2912 703 ἐκεῖνον
2942 647 3100 727 ἑνορν
3141 647 3222 707 είς
3256 643 3431 696 κατά-

1857 741 2022 811 ληψιν
2067 744 2177 804 τοῖς
2226 742 2582 811 προσφάτοις)
2637 741 2912 793 διενοεῖτο.
2962 739 3074 793 Καὶ
3105 737 3166 790 τὸ
3197 739 3432 806 πρᾶγμα

1858 833 2090 903 φοόερδν
2124 833 2322 897 ἔδοξεν,
2350 833 2413 886 οὗ
2445 832 2615 885 παθὸν
2642 833 2801 884 τόσον
2827 832 2950 884 ὅσον
2986 829 3176 899 φανὲν.
3204 828 3434 896 ἐπείπερ

1860 925 1929 979 τὰ
1957 925 2058 993 τῆς
2092 925 2430 995 εὐθετήσεως
2449 925 2823 995 ὴμηχάνηται.
2865 925 3060 977 Τοίνυν
3090 923 3182 976 καὶ
3213 924 3295 986 εἰς
3322 939 3442 974 κοι-

1859 1017 1956 1087 νὴν
1978 1017 2108 1070 θέαν
2129 1017 2427 1086 προύτέθη,
2446 1018 2539 1070 καὶ
2558 1016 2622 1070 τὸ
2646 1015 2898 1085 ποιητέον
2925 1015 3144 1082 μεθ’ὄτι
3171 1014 3436 1082 πλείστης

1863 1109 2104 1177 ἐζητεῖτο
2156 1109 2253 1176 τῆς
2288 1107 2598 1171 εὐλαϐείας.
2652 1108 2792 1160 Ἀλλ’
2834 1108 2863 1160 ὃ
2892 1103 2960 1180 ἦν
2995 1108 3089 1161 καὶ
3131 1108 3306 1160 ἐδόκει
3341 1109 3435 1160 καὶ

1862 1199 2072 1266 πρέπον
2102 1194 2192 1270 ἦν,
2245 1199 2309 1251 τὸ
2358 1199 2547 1268 περιὸν
2587 1199 2685 1267 τῆς
2735 1198 3096 1270 παραλλαγῆς
3129 1199 3229 1250 οὐκ
3263 1197 3436 1250 ἐδίδου

1861 1290 2132 1356 γίνεσθαι,
2163 1291 2257 1343 καὶ⁵
2283 1289 2346 1358 δὴ
2377 1289 2515 1358 πρὸς
2538 1290 2636 1359 τὴν
2666 1288 2975 1361 μετάληψιν
2999 1290 3175 1342 ὀκνῶν
3202 1291 3230 1342 ὁ
3259 1291 3439 1358 ἱερεὺς

1863 1382 1924 1436 οὗ
1975 1382 2252 1452 προσίετο.
2287 1381 2404 1449 Θεῷ
2457 1383 2506 1435 δ’
2547 1384 2845 1452 ἀναφέρειν
2889 1383 3063 1447 ἄλλως
3112 1383 3212 1435 οὐκ
3259 1378 3327 1452 ἦν
3365 1382 3441 1451 μὴ

1868 1472 2237 1542 μεταλαϐόντα
2269 1473 2336 1525 τὰ
2365 1472 2532 1543 δῶρα.
2560 1474 2668 1526 Kal.
2693 1471 2848 1526 ἔνθεν
2877 1473 2978 1542 μὲν
3013 1473 3199 1536 φόῆος,
3232 1471 3443 1524 ἐκεῖθεν

1865 1565 1911 1618 δ’
1949 1564 2154 1635 ἀπορία
2186 1566 2312 1627 τοὺς
2361 1566 2677 1633 θεωμένους
2707 1565 3116 1634 διεμεριζέτην,
3152 1564 3252 1617 οὐκ
3296 1564 3448 1632 έχον-

1865 1673 1964 1718 τας
2019 1656 2047 1708 6
2093 1673 2145 1709 τι
2183 1656 2278 1708 καὶ
2328 1654 2612 1726 πράξοιεν.
2655 1656 2715 1709 '0
2761 1655 2891 1720 γοῦν
2925 1656 3092 1727 φόϐος
3145 1657 3245 1718 τὰς
3292 1656 3446 1723 σφῶν

1865 1747 2094 1818 γνώμας
2133 1746 2452 1801 συνέστελλε
2490 1747 2626 1818 πρὸς
2657 1747 2788 1815 μίαν
2819 1751 2912 1801 καὶ
2943 1748 3042 1818 τὴν
3087 1747 3259 1819 αὐτὴν
3293 1747 3442 1814 ἄγων

1870 1841 2084 1910 βουλὴν,
2105 1842 2164 1895 τὸ
2194 1842 2284 1894 τὸν
2307 1841 2482 1912 ἱερέα,
2505 1842 2610 1894 κᾶν
2627 1843 2655 1894 6
2677 1859 2727 1894 τι
2753 1842 2843 1895 καὶ
2865 1843 3047 1905 πάθοι,
3072 1839 3446 1911 προσήσεσθαι

1865 1929 1927 1982 τὸ
1975 1932 2322 2000 φαινόμενον.
2380 1931 2485 1984 Τοῦ
2534 1931 2592 1984 δὲ
2625 1932 2745 2001 μηδ’
2797 1933 2934 1994 ὅλως
2973 1933 3232 2001 προσιτὸν
3265 1933 3445 1985 ὲκεενο

1864 2020 2180 2089 νομίζοντος
2229 2021 2352 2091 μηδ’
2384 2022 2575 2091 ἄκροις
2601 2021 2674 2083 ὡς
2707 2023 2886 2074 εἰπεῖν
2919 2021 3126 2091 χείλεσι
3163 2021 3223 2073 τὸ
3269 2021 3448 2089 παρά-

1867 2112 2054 2179 παν,ἠ
2091 2111 2296 2179 ἀπορία
2330 2111 2807 2182 παρατολμήσασα
2863 2111 3148 2182 ὲσχεδίαζε
3192 2111 3447 2182 μηχανὴν

1867 2197 2004 2250 πολὺ
2038 2198 2136 2267 μὲν
2151 2200 2262 2250 τῶν
2286 2200 2452 2266 ἀξίων
2477 2201 2833 2266 ἀποδέουσαν,
2871 2201 3178 2268 ἀναγκαίαν
3203 2200 3247 2253 δ’
3269 2200 3448 2260 ἄλλως

1869 2289 2010 2361 ὑπὲρ
2069 2293 2178 2344 πᾶν
2235 2292 2426 2362 ἕτερον
2459 2292 2488 2345 ὃ
2535 2293 2598 2363 δὴ
2651 2294 2747 2346 καὶ
2785 2295 3060 2365 έννοήσειέ
3087 2311 3171 2357 τις
3203 2293 3448 2347 πώποτε.

1869 2478 2082 2540 tempus
2109 2489 2124 2538 ;
2157 2487 2266 2542 quo
2298 2472 2474 2540 spatio
2505 2481 2761 2544 corrupta
2789 2473 3002 2528 scilicet
3049 2487 3114 2526 ac
3145 2471 3303 2542 plane
3325 2470 3442 2540 jam

1871 2564 2048 2632 putris
2126 2564 2423 2620 destinatis
2488 2565 2669 2632 inepta
2719 2564 2913 2618 usibus
2963 2563 3142 2618 fuerat
3207 2562 3444 2625 reddita,

1869 2653 2072 2724 quippe
2104 2669 2224 2724 quae
2250 2671 2317 2710 ne
2350 2656 2584 2725 speciem
2611 2656 2831 2724 quidem
2862 2656 3120 2711 retineret
3147 2653 3324 2724 panis,
3353 2653 3448 2708 sed

1869 2745 2100 2801 formam
2132 2748 2426 2816 quamdam
2461 2750 2688 2804 haberet
2720 2750 3155 2819 fragmentorum
3198 2754 3445 2801 atrorum

1872 2839 2131 2894 theriaca:
2173 2850 2266 2894 aut
2296 2843 2490 2896 similis
2545 2843 2774 2896 alterius
2805 2841 3170 2896 confectiouis
3202 2840 3323 2910 ejus
3357 2853 3451 2906 ge-

1871 2931 2042 2983 neris.
2085 2928 2319 3000 Diriguit
2360 2933 2476 2986 visu
2520 2941 2748 3002 repente
2794 2932 3229 3001 inopinatissimo
3261 2944 3447 2985 sacer-

1873 3022 1994 3082 dos.
2021 3029 2075 3074 et
2105 3031 2343 3076 tremore
2376 3026 2546 3078 totius
2579 3025 2826 3091 corporis
2852 3027 3134 3077 horrorem
3165 3036 3228 3075 ac
3253 3030 3446 3076 testum

1874 3115 2044 3167 animi
2081 3115 2388 3181 declarans,
2453 3117 2698 3170 incertus
2747 3114 2878 3183 quid
2917 3123 3124 3183 ageret,
3179 3113 3445 3167 hazrebat.

1878 3207 2062 3275 Neque
2105 3206 2247 3260 enim
2304 3207 2532 3261 miscere
2587 3223 2645 3261 se
2715 3207 2944 3275 putabat
2998 3221 3158 3276 posse
3207 3213 3447 3260 veterem

1878 3299 2023 3352 illam
2070 3299 2392 3368 particulam
2447 3313 2569 3351 cum
2613 3298 2948 3361 recentibus,
2991 3298 3173 3368 quasi,
3226 3307 3286 3351 ut
3336 3296 3446 3359 hae,

1877 3389 1956 3444 sic
1987 3389 2074 3442 illa
2100 3387 2282 3442 offerri
2351 3391 2694 3459 percepturis
2750 3398 2931 3457 posset
2967 3399 3021 3444 et
3052 3388 3322 3443 sacrificio
3380 3403 3449 3442 ex

1880 3483 2352 3552 przesanctificatis
2408 3483 2729 3539 celebrando
2782 3484 2944 3553 digna
2990 3483 3169 3536 hostia
3209 3482 3451 3536 censeri.

1879 3575 2013 3630 Cum
2044 3588 2175 3641 ergo
2222 3575 2285 3627 ad
2337 3576 2710 3642 spectaculum
2760 3583 2869 3627 tam
2906 3573 3178 3636 deforme,
3215 3573 3280 3625 ad
3338 3579 3448 3624 tam

1877 3680 2080 3734 anceps
2142 3665 2400 3733 utrinque
2433 3664 2763 3734 periculum,
2796 3675 3020 3719 arcente
3061 3665 3190 3718 hinc
3221 3671 3276 3717 et
3323 3662 3454 3716 inde

1882 3766 2052 3814 metu.
2081 3765 2138 3810 et
2171 3765 2354 3809 tamen
2401 3755 2600 3822 agendi
2667 3757 3000 3808 necessitate
3030 3753 3280 3807 cunctari
3323 3765 3451 3818 pro-

1884 3848 2126 3910 hibente,
2156 3846 2247 3899 diu
2299 3846 2762 3900 deliberabundus
2794 3846 3078 3914 expediret
3135 3843 3310 3907 nihil;
3352 3840 3453 3896 de-

1883 3938 2048 4006 nique
2081 3937 2332 3990 adhibuit
2373 3937 2794 3991 circumstantes
2824 3938 2892 3990 ad
2927 3937 3243 3996 consilium,
3285 3946 3455 3986 voca-

1885 4028 2065 4096 tisque
2118 4035 2341 4079 ostenso
2391 4026 2533 4094 quod
2606 4026 2847 4092 videbat,
2916 4024 3048 4095 quid
3114 4037 3252 4092 opus
3309 4022 3454 4076 facto

1885 4119 2166 4171 videretur
2205 4133 2496 4184 suggerere
2533 4132 2600 4172 ne
2625 4127 3003 4186 gravarentur,
3055 4128 3268 4170 summa
3325 4127 3456 4166 con-

1885 4211 2126 4264 tentione
2187 4210 2579 4265 demississime
2611 4211 2809 4264 oravit.
2865 4208 3075 4263 Statim
3130 4205 3458 4262 occurrebat
3555 4243 3561 4250 .

1884 4305 2097 4360 cunctis
2131 4305 2278 4359 factu
2314 4306 2583 4374 optimum
2610 4305 2747 4369 fore,
2773 4305 2815 4358 si
2851 4305 3094 4372 fragmen
3124 4301 3266 4356 sacri
3301 4298 3459 4369 panis

1885 4399 2164 4453 mucidum
2222 4399 2357 4453 illud
2407 4407 2460 4452 et
2524 4407 2794 4453 vetustate
2857 4398 3152 4450 alteratum
3202 4391 3458 4446 sacerdos

1886 4491 2098 4545 edendo
2135 4500 2502 4555 coasutneret,
2543 4505 2822 4560 vacuoque
2847 4489 2959 4556 jam
3004 4487 3118 4542 vasi
3148 4501 3174 4537 a
3208 4502 3265 4540 se
3295 4482 3457 4536 modo

233 4583 391 4639 adhuc
412 4603 515 4641 usu
551 4587 858 4654 permisso;
890 4601 996 4655 qua
1033 4586 1172 4639 ritus
1216 4594 1517 4640 consuetus
1551 4586 1779 4640 vocabat
1811 4604 1854 4658 ι)
1885 4590 2202 4638 consecrata
2265 4582 2507 4636 recentia
2563 4582 2798 4636 inderet.
2857 4577 2965 4632 Sed
3012 4587 3118 4630 tam
3159 4585 3297 4628 tetra
3336 4581 3458 4628 erat

234 4680 552 4733 sacerdotem
584 4679 649 4731 ad
711 4681 1094 4747 praeparandas
1127 4679 1181 4732 in
1240 4694 1398 4732 sacra
1448 4678 1642 4747 pyxide
1701 4687 1778 4732 tot

233 4766 511 4824 oblationes
551 4771 856 4824 consecrati
882 4769 1059 4836 panis,
1119 4780 1251 4840 quot
1305 4770 1368 4823 ad
1418 4769 1778 4824 celebrandas

234 4857 370 4927 juxta
402 4878 608 4918 morem
631 4864 901 4918 instantes
935 4862 1184 4931 liturgias
1218 4877 1281 4916 ex
1309 4860 1780 4932 praesauctitlcatis

237 4953 522 5016 oportebat.
578 4951 676 5006 Ubi
719 4967 852 5023 ergo
908 4961 1014 5018 est,
1052 4952 1324 5005 incruenti
1355 4951 1463 5020 79
1523 4949 1778 5005 sacrificii

237 5050 433 5106 peracta
494 5042 817 5106 iunctione,
871 5051 1057 5111 aperta
1105 5041 1261 5111 pyxis
1299 5043 1366 5094 ad
1429 5039 1780 5093 collocandos

239 5131 363 5186 intra
385 5149 499 5187 eam
529 5144 882 5188 consecratos
931 5119 1121 5203 panes,
1173 5134 1396 5187 inventa
1443 5133 1594 5186 intus
1625 5148 1779 5201 qua:-

239 5222 346 5274 dam
393 5226 640 5293 apparuit
680 5240 746 5278 ex
797 5223 1264 5294 prtesanctificatis
1319 5222 1559 5285 oblatio,
1615 5236 1780 5291 quam

241 5316 347 5380 quis
382 5317 596 5371 intuens
644 5317 1018 5386 suspicaretur
1074 5331 1236 5372 uuam
1267 5330 1333 5369 ex
1385 5316 1453 5370 iis
1483 5331 1608 5370 esse
1663 5330 1786 5383 quae

244 5418 369 5462 anno
397 5411 659 5478 superiori
709 5409 845 5462 feria
900 5417 1097 5479 quarta
1149 5407 1499 5462 hebdomadas
1555 5406 1783 5476 majoris

242 5507 349 5549 cum
394 5499 570 5554 offerri
623 5500 924 5566 debuisset,
975 5500 1157 5556 oblata
1208 5500 1429 5554 minime
1462 5497 1682 5564 fuerat,
1725 5507 1786 5552 ut

244 5584 518 5646 indicatum
559 5602 643 5647 est
671 5595 949 5662 superius,
1005 5602 1229 5663 propter
1269 5608 1547 5647 recessum
1612 5593 1787 5648 eccle-

249 5677 572 5738 siasticorum
611 5701 675 5739 ex
701 5684 956 5750 ecclesia,
988 5685 1462 5754 qualibuscunque
1500 5683 1566 5737 de
1602 5685 1788 5739 causis

243 5785 546 5837 praeversum
583 5779 925 5832 caeremoniae
968 5777 1161 5832 debitae
1211 5778 1302 5831 tali
1368 5777 1501 5842 dici,
1539 5790 1602 5830 ac
1658 5774 1788 5845 pro’-

247 5870 496 5926 tilercaibi
536 5871 714 5927 fuerat
741 5871 930 5927 relicta
970 5872 1323 5942 neglectaque
1356 5870 1422 5926 ad
1479 5871 1582 5927 hoc
1613 5884 1788 5941 usque

1883 4676 2003 4744 ejus
2037 4675 2267 4742 species,
2319 4681 2378 4728 nt
2434 4683 2646 4728 tantum
2688 4673 2958 4740 imperare
2989 4669 3270 4724 stomacho
3317 4666 3459 4722 cele-

1883 4769 2052 4822 brans
2076 4783 2133 4821 se
2174 4775 2600 4835 uegaretposse.
2631 4781 2693 4818 ac
2732 4781 2798 4819 ne
2825 4764 3057 4818 summis
3108 4762 3328 4832 quidem
3369 4760 3454 4813 la-

1883 4859 1997 4913 bris
2041 4858 2176 4912 adeo
2224 4857 2504 4911 rancidum
2565 4857 2802 4911 frustum
2879 4854 3108 4910 omnino
3158 4854 3458 4907 sustineret

1883 4949 2174 5018 attingere.
2202 4949 2315 5018 80
2343 4949 2564 5004 Absolvi
2613 4957 2794 5002 tamen
2832 4946 3167 5002 sacrificium
3213 4961 3316 4998 non
3357 4959 3459 5014 po.

1885 5047 2046 5105 terat,
2073 5041 2176 5094 nisi
2212 5049 2551 5094 statueretur
2576 5042 2723 5095 circa
2781 5040 2888 5094 hoc
2913 5037 3197 5108 quidpiam
3232 5046 3287 5090 et
3317 5050 3456 5104 quo-

1887 5136 2264 5203 modocunque
2334 5142 2680 5188 amoveretur
2749 5133 2875 5187 inde
2946 5130 3280 5186 nauseabilis
3357 5130 3460 5181 ista

1888 5226 2245 5280 Eucharistiaa
2288 5240 2460 5280 sacrae
2516 5225 2716 5295 portio.
2774 5225 2912 5279 Inita
2958 5223 3192 5292 denique
3239 5221 3322 5275 via
3376 5229 3462 5275 est

1888 5319 2061 5389 magis
2103 5320 2290 5389 utique
2335 5319 2646 5375 necessaria
2692 5333 2857 5386 quam
2894 5317 3118 5378 decens,
3175 5314 3242 5368 ad
3293 5328 3459 5380 quam

1888 5422 2084 5484 Sponte
2114 5411 2372 5467 sacerdos
2417 5413 2590 5466 multo
2615 5426 2817 5481 angore
2842 5409 3149 5463 cruciatum
3213 5405 3456 5460 aninmm

1888 5505 2106 5560 tandem
2173 5503 2428 5558 advertit.
2488 5501 2695 5557 Divina:
2755 5500 3014 5555 nimirum
3100 5493 3465 5550 Providentia)

1891 5594 2310 5665 permittendam
2340 5593 2555 5662 putavit
2599 5589 3078 5659 consumptionem
3113 5586 3361 5640 ultimam
3396 5583 3464 5638 il-

1896 5685 2002 5740 lius
2035 5683 2323 5752 fragmenti
2350 5686 2514 5747 sacri,
2553 5680 2868 5750 seponendo
2901 5679 3030 5733 illud
3089 5675 3144 5731 in
3174 5674 3461 5730 seductum

1891 5775 2094 5840 locum,
2133 5775 2319 5844 qualia
2347 5775 2400 5828 in
2443 5771 2703 5829 sacrariis
2746 5769 2933 5841 parari
2966 5767 3228 5836 antiquus
3277 5765 3462 5821 eccle-

1892 5869 2095 5924 siarum
2141 5883 2277 5922 usus
2312 5867 2563 5921 obtinet:
2601 5863 2818 5919 furnum
2858 5868 3105 5919 sanctum
3131 5857 3304 5914 nostri
3360 5871 3460 5913 vo»
