4022 6600
498 462 572 524 95

1703 459 2029 522 GEORGII
2064 459 2551 528 PACHYMEBIE

3676 456 3746 523 96

495 574 916 644 προτεινόμενον
945 574 979 643 ἡ
1016 572 1198 645 ἰξορία
1234 572 1328 626 τοῦ
1379 573 1722 644 πατριάρχου
1752 571 1845 642 ἦν,
1896 575 1965 627 δι’
1997 574 2063 645 ἢν
2093 577 2138 632 Α
2169 575 2452 646 εἰρήνευον
2474 619 2488 641 ,
2563 579 2659 632 καὶ
2729 579 2855 642 λαὸς
2919 577 3066 637 ἅπας
3128 577 3226 648 τῆς
3301 574 3583 639 πολιτείας
3606 615 3622 640 ,
3697 576 3748 628 οἰ

496 665 609 736 ὗπή
626 681 774 732 {aveo
804 665 930 727 τοὺς
972 665 1166 727 ἄλλους
1203 663 1404 727 ἀδίκως
1445 663 1914 733 ἐκϐεϐλημένους,
1938 664 1966 717 ὂ
2002 664 2068 735 δὴ

497 757 595 809 καὶ
645 756 1108 829 προαναστέλλειν
1152 741 1425 827 ἢσούλετο
1456 755 1530 828 τῷ
1583 760 1724 830 πρὸς
1777 758 1943 810 αὐτοῦ
1978 760 2072 811 καὶ

492 847 604 898 τῶν
638 846 805 900 αὐτοῦ
837 847 935 916 τὴν
980 848 1043 900 ἐκ
1089 847 1189 917 τῆς
1239 848 1618 917 μετακομιδῆς
1668 848 1761 903 τοῦ
1816 849 2072 919 σώματος

495 936 661 1006 τιμὴν
675 938 967 1007 γίνεσθαι),
994 939 1347 1009 παραχρῆμα
1376 939 1520 993 νεύει
1542 940 1680 1011 πρὸς
1702 940 1801 1012 τὴν
1825 941 2072 1006 ἀξίωσιν.

495 1021 609 1080 Ἦν
666 1027 722 1079 δὲ
761 1028 921 1095 μόνον
956 1031 1034 1093 εἰς
1067 1030 1227 1083 τοῦτο
1257 1030 1335 1100 τῷ
1385 1031 1597 1101 βασιλεῖ
1636 1033 2074 1102 προσιστάμενον

501 1119 565 1169 τὸ
592 1116 798 1184 φθάσαι
828 1120 1087 1190 λεχθῆναι
1122 1123 1274 1191 παρὰ
1304 1139 1466 1174 τινων
1494 1123 1566 1185 ὡς
1601 1123 1908 1193 ἀφορισμδς
1958 1122 2078 1175 ἐπί-

502 1224 685 1261 κειται
715 1211 850 1281 παρ’
895 1211 1103 1264 ἐκείνου
1147 1214 1260 1276 τοῖς
1293 1213 1586 1283 ὁτεδήποτε
1618 1214 1678 1266 τὸ
1711 1212 1869 1283 σῶμα
1911 1229 2079 1280 μετα-

503 1299 813 1369 κομίσουσι.
849 1302 981 1373 παρ’
1008 1301 1034 1355 ὃ
1066 1304 1158 1356 καὶ
1192 1304 1353 1373 μόνον
1385 1304 1603 1373 ἕτοιμος
1645 1300 1713 1376 ἦν
1743 1307 1807 1358 ἐκ
1849 1302 1945 1357 τοῦ
1977 1320 2079 1357 πα-

507 1394 771 1463 ραχρῆμα
796 1397 860 1464 τῇ
887 1398 1186 1464 καταγωγῇ
1214 1395 1309 1448 τοῦ
1340 1396 1591 1464 σώματος
1615 1396 1705 1449 τὸν
1733 1396 2078 1467 ὲξορισθέντα.

503 1486 694 1556 τιμᾷν.
739 1484 896 1538 Ἑπτεί⁵
950 1485 1008 1538 δὲ
1059 1486 1218 1539 τοῦτο
1262 1487 1414 1556 παρὰ
1450 1487 1560 1541 τῶν
1593 1488 1811 1541 εἰδότων
1859 1487 2078 1555 ἐλέγετο

508 1577 584 1638 ὡς
610 1576 822 1645 ψευδῶς
853 1576 1047 1648 ἐλέχθη
1087 1580 1181 1631 καὶ
1216 1577 1290 1642 ὡς
1320 1579 1573 1651 ἐπλάσθη
1601 1580 1751 1649 παρὰ
1779 1578 1872 1633 τοῦ
1905 1578 2081 1648 μαθη-

506 1664 603 1717 τοῦ
647 1665 859 1718 ἐκείνου
907 1667 1188 1721 Ματθαίου
1242 1670 1303 1721 τὸ
1353 1668 1750 1739 φημιζόμενον,
1802 1669 1880 1741 τῷ
1928 1668 2080 1740 τόπῳ

510 1757 846 1826 προσμένειν
882 1757 1022 1829 μετὰ
1065 1758 1160 1811 τοῦ
1191 1758 1446 1829 σώματος
1490 1760 1760 1826 θέλοντος,
1794 1761 1953 1824 εὐθὺς
1986 1778 2082 1813 τα-

512 1848 912 1915 χυναυτοῦντες
963 1850 1021 1902 ἐν
1066 1850 1253 1921 ὲνήρει
1293 1853 1344 1904 οἰ
1380 1853 1525 1922 ἀμφὶ
1575 1854 1668 1905 τδν
1699 1852 2081 1923 Μανουηλίτην

2181 670 2277 737 μὲν
2297 669 2753 741 προσκληθέντες,
2776 672 2826 722 οἰ
2855 668 2911 722 δὲ
2937 672 3032 724 καὶ
3055 668 3399 738 αὖτόκλητοι.
3421 668 3533 721 Καὶ
3560 668 3631 722 τὰ
3654 668 3753 722 τοῦ

2175 761 2438 830 Εὑγενίου
2474 761 2875 825 καταλαϐόντες
2929 762 3107 832 θήκην
3159 761 3258 832 μὶν
3305 759 3527 831 εκείνην
3556 760 3755 828 πέπλῳ

2173 853 2284 906 τῶν
2323 855 2625 908 καλλίστων
2672 854 3164 925 περικαλύπτουσι.
3211 853 3308 908 καὶ
3345 854 3539 923 χερσὶν
3588 854 3761 923 ιερῶν

2177 941 2389 1010 ἀνδρῶν
2421 943 2562 997 κατὰ
2615 943 2679 996 τὸ
2732 943 3011 1014 προσῆκον
3042 943 3442 1003 πιστεύσαντες
3476 942 3584 995 ὑπὸ
3609 941 3761 1009 (puni.

2176 1032 2425 1102 δαψιλέσι
2467 1035 2561 1088 καὶ
2598 1033 2964 1105 θυμιάμασιν,
2991 1034 3184 1104 ὕμνοις
3222 1034 3319 1088 καὶ
3346 1033 3513 1104 ᾠδαῖς
3541 1036 3640 1087 καὶ
3666 1034 3763 1086 εὖ·

2181 1126 2488 1193 φημισμοῐς
2522 1126 2636 1188 τοῖς
2686 1125 2978 1195 πρέπουσι,
3011 1125 3151 1196 πεζῇ
3186 1124 3281 1179 καὶ
3336 1124 3502 1194 βάδην
3523 1125 3585 1176 τὸ
3609 1124 3765 1191 μέγα.

2179 1215 2271 1268 καὶ
2303 1214 2447 1284 ἰερὸν
2478 1214 2706 1284 τέμενος
2750 1214 2851 1283 τῆς
2874 1213 2969 1268 τοῦ
2994 1213 3132 1268 Θεοῦ
3157 1214 3352 1282 σοφίας
3392 1212 3762 1281 καταλαμσά⁴

2179 1320 2354 1365 νουσι.
2389 1305 2482 1358 καὶ
2512 1303 2696 1371 σφίσιν
2720 1302 2910 1374 ὥσπερ
2932 1303 3117 1367 αὐτοῖς
3145 1302 3385 1357 οἰκειοῦν
3410 1302 3473 1355 sb
3491 1303 3604 1356 τῶν
3632 1302 3692 1356 ’Δ
3704 1319 3775 1373 ρο

2182 1393 2445 1448 σενιατῶν
2468 1393 2780 1464 βουλόμενοι
2812 1394 3093 1463 σέμνωμα,
3126 1394 3204 1455 ὡς
3227 1394 3321 1448 καὶ
3351 1393 3448 1447 τοῦ
3480 1395 3768 1464 πατριάρο

2181 1498 2279 1551 χου
2319 1484 2597 1546 κοινωνοῖς
2627 1485 2844 1551 φανεῖσι
2883 1484 2979 1535 καὶ
3008 1481 3448 1554 συλλειτουργοῐς
3469 1483 3773 1553 ἄντικρυς,

2181 1572 2496 1625 ἑπενδύοντο
2521 1573 2619 1642 μὲν
2646 1574 2743 1635 τὰς
2771 1573 2921 1639 ἱερὰς
2942 1571 3201 1641 ἰτθῆτας,
3237 1573 3374 1643 πρὸς
3401 1572 3483 1640 τῷ
3508 1573 3686 1626 τελεῖν
3703 1572 3772 1627 δὲ

2183 1662 2283 1731 τὴν
2314 1663 2468 1731 ἱερὰν
2492 1662 2833 1733 λειτουργίαν
2864 1663 3042 1729 ὅντες,
3069 1663 3178 1718 τῶν
3206 1663 3523 1733 ἀντιφώνων
3559 1665 3773 1736 ψαλλο.

2189 1753 2387 1823 μένων,
2431 1754 2621 1824 στολὴν
2651 1753 2826 1808 καὶτὸ
2855 1755 3013 1824 σῶμα
3039 1755 3147 1809 τῶν
3179 1755 3343 1826 ιερῶν
3366 1755 3781 1822 ὶπενδύσαντες

2185 1847 2375 1916 χερσὶν
2416 1848 2715 1917 ἀρχιερέων
2773 1848 3056 1917 φερομένῳ
3084 1882 3087 1887 -
3111 1847 3596 1904 συνεισοδεύουσιν.
3625 1847 3779 1905 Εἶτα.

514 1914 794 2009 ὀεᾶδωρον
830 1914 1195 2010 ἡτοιμάζοντο
1221 1958 1235 1974 ο
1281 1941 1331 1995 οἳ
1360 1914 1434 2011 δὴ⁷
1459 1914 1552 1996 καὶ
1588 1943 1816 2013 ἡμερῶν
2119 1914 2160 1969 Β
2189 1914 2327 2007 πρὶς
2354 1935 2429 2005 τῷ
2455 1914 2757 2008 ⁷συνήθρόνῳ
2789 1914 3048 2003 δόξαντες
3093 1938 3524 2003 ἐπικαθιζάνειν,
3564 1940 3635 1993 τὰ
3665 1939 3778 2007 τῆς

513 2030 711 2098 ὀλίγων
758 2032 864 2086 ὑπὸ
898 2036 1251 2106 προσηκούσῃ
1293 2039 1425 2107 τιμῇ
1475 2036 1574 2090 καὶ
1628 2038 1769 2091 αἰδοῖ
1807 2037 1934 2109 dii;
1970 2037 2090 2104 μετ’

516 2123 772 2187 εὐπλοίας
828 2125 1011 2197 πάσης
1080 2128 1181 2197 τὴν
1248 2130 1663 2201 Κωνσταντίνου
1729 2128 2090 2198 καταλαμῦἀ-

518 2232 691 2269 νουσι.
722 2219 831 2271 Καὶ
861 2219 982 2273 τότε
1018 2219 1340 2292 ξυνέρχεται
1386 2221 1487 2290 μὲν
1518 2221 1774 2293 βασιλεὺς
1818 2221 1913 2287 ξὺν
1945 2223 2092 2292 πάσῃ

521 2308 835 2380 συγκλήτῳ,
894 2312 1216 2382 συνέρχεται
1261 2313 1316 2366 δὲ
1371 2315 1717 2385 πατριάρχης
1768 2314 1967 2384 σύναμ’
1998 2317 2096 2386 ἀρ-

519 2399 802 2471 χιερεῦσι,
864 2405 962 2457 καὶ
1016 2404 1126 2457 τῶν
1184 2405 1464 2474 κληρικῶν
1527 2406 1644 2459 ὅσοι
1712 2406 1831 2474 μετ’
1889 2408 2096 2461 ἐκεῖνον

522 2578 762 2644 paraturi
796 2591 1019 2648 peccata
1053 2582 1340 2638 conlitenti
1366 2584 1768 2639 absolutionem
1806 2585 2096 2654 impertiri,

527 2670 673 2736 quod
704 2672 854 2728 hunc
886 2681 1068 2728 tamen
1100 2674 1305 2731 fecisse
1353 2677 1526 2731 nihilo
1567 2678 1751 2733 secius
1780 2686 2094 2745 constaret,

525 2761 885 2817 manifestum
943 2765 1183 2821 indidem
1217 2784 1481 2838 apparere
1513 2770 1778 2839 Josepho,
1820 2770 1949 2824 dum
1980 2771 2097 2828 sedi

523 2863 811 2920 przeesset,
842 2859 1475 2915 escommunicationem
1523 2861 1845 2916 adhaesisse.
1891 2863 2100 2934 Pra'ju-

524 2941 666 2997 dit-ia
696 2962 825 3016 ergo
857 2952 1260 3019 praecipuorum
1294 2967 1476 3006 causa:
1505 2967 1620 3007 suae
1651 2954 1893 3022 capitum
1917 2956 1973 3008 in
2002 2954 2102 3010 hac

529 3034 746 3092 Arseuii
781 3041 1044 3111 reliquias
1064 3045 1379 3112 reportandi
1398 3043 1657 3100 facultate
1679 3036 1989 3117 “dolose
2018 3047 2101 3100 la-

527 3130 696 3185 tentia
730 3134 1047 3201 captabant,
1072 3151 1196 3190 cum
1227 3137 1364 3190 hanc
1394 3152 1492 3207 per
1515 3154 1647 3193 suos
1686 3140 1754 3193 ab
1789 3139 2103 3196 Andronico

2193 2028 2345 2098 ἰερᾶς
2378 2026 2599 2097 τελετῆς
2647 2027 3019 2098 συνεπλήρουν
3062 2029 3139 2092 εἰς
3163 2028 3317 2093 τέλος
3345 2031 3452 2100 πρὸ
3480 2033 3578 2100 τῆς
3610 2032 3785 2100 legi;

2193 2119 2471 2189 τραπέζης
2499 2120 2772 2191 ἰσταμένῳ
2800 2120 2877 2190 τῷ
2912 2121 3147 2192 σώματι.
3188 2123 3475 2177 Ἐντεῦθεν
3514 2124 3607 2177 καὶ
3637 2127 3784 2192 περὶ

2192 2210 2261 2265 τὰ
2288 2210 2438 2279 δεξιὰ
2466 2210 2558 2264 τοῦ
2586 2210 2827 2281 βήματος
2859 2212 2934 2283 τῷ
2989 2213 3227 2283 κιὸωτίῳ
3266 2215 3509 2277 ἐνθέντες
3547 2215 3782 2279 ἰστῶσι.

2195 2302 2374 2357 κλεισὶ
2396 2306 2488 2359 καὶ
2525 2308 2785 2376 σφραγῖσι
2817 2305 2918 2374 τὴν
2973 2306 3036 2358 ἐκ
3068 2305 3177 2358 τῶν
3233 2306 3598 2377 ’Δρσενιατῶν
3648 2306 3793 2361 κλο-

2197 2394 2328 2463 πὴν,
2363 2394 2439 2459 ὠς
2491 2395 2641 2467 ἐνῆν,
2697 2396 3111 2467 φυλαττόμενοι,
3170 2398 3264 2451 καὶ
3310 2398 3503 2467 τρίτης
3530 2398 3785 2466 ἑκάστης

2203 2573 2593 2628 consentaneis
2626 2573 2873 2630 referens
2902 2574 3117 2630 Arsenii
3155 2575 3364 2632 cineres
3396 2592 3627 2647 peregre
3673 2577 3796 2632 du-

2199 2661 2328 2717 dum
2354 2664 2629 2723 exstincti.
2658 2663 2864 2721 Prasto
2896 2665 2998 2721 fuit
3026 2667 3090 2721 iis
3123 2667 3458 2738 excipiendis
3502 2673 3627 2739 Ipse
3659 2670 3793 2740 pri-

2202 2765 2353 2804 mum
2390 2751 2703 2821 imperator,
2735 2756 2992 2810 universo
3022 2765 3218 2811 senatu
3260 2757 3561 2813 comitante
3587 2775 3605 2820 :
3636 2773 3795 2813 con-

2202 2840 2357 2893 venit
2401 2841 2466 2894 ad
2522 2841 2575 2896 id
2637 2843 2815 2911 ipsum
2868 2845 3184 2916 patriarcha
3228 2861 3352 2901 cum
3384 2848 3672 2917 episcopis
3729 2861 3796 2904 et

2204 2930 2422 2983 cunctis
2476 2932 2718 2997 clericis,
2746 2934 2842 3001 qui
2881 2936 3048 3003 hujus
3084 2938 3528 2992 communionem
3570 2941 3797 3009 ample-

2205 3021 2514 3086 ctebantur,
2547 3025 2780 3093 populus
2806 3040 3024 3094 quoque
3057 3042 3122 3081 ac
3170 3028 3319 3082 cives
3351 3028 3512 3096 plane
3545 3045 3791 3094 omnes,

2204 3110 2316 3180 85
2354 3113 2548 3181 partim
2587 3115 2799 3169 evocati
2851 3116 3197 3182 nominatim,
3237 3124 3435 3187 partim
3467 3130 3670 3189 Sponte
3693 3134 3798 3174 oc-

528 3224 889 3293 postularent,
913 3227 1006 3295 qui
1036 3237 1215 3282 tamen
1247 3239 1666 3298 praeoccupatus
1693 3233 1876 3286 studio
1902 3234 2107 3302 ingenti
2135 3233 2180 3291 (Ξ
2214 3215 2490 3302 fP"°“‘Fs-
2544 3206 2676 3273 0³³³
2727 3209 2978 3264 universa
3009 3210 3301 3302 nmmum"
3332 3210 3422 3266 ubi
3474 3213 3659 3267 mem“
3721 3214 3801 3266 ³⁵1⁵

530 3317 886 3385 paciﬁcanda:
912 3318 1415 3389 quomodocuuque
1472 3319 1750 3387 Ecclesiae,
1785 3333 1840 3377 et
1890 3324 2106 3378 illectus

533 3424 631 3479 spe
663 3408 984 3464 blandiente
1028 3424 1088 3465 se
1124 3425 1221 3479 per
1270 3411 1428 3464 istam
1461 3413 1903 3477 concessionem,
1947 3415 2105 3481 nulli,

534 3510 595 3555 ut
627 3501 930 3564 videbatur,
958 3501 1252 3555 admodum
1282 3503 1357 3555 rei
1391 3500 1717 3557 damnosam
1742 3543 1757 3564 .
1789 3515 2107 3562 exarmatu-

534 3607 657 3647 rum
694 3608 911 3646 onmem
944 3592 1209 3660 reliquam
1244 3591 1361 3659 ejus
1412 3603 1575 3648 sectae
1604 3601 2029 3661 contumaciam,
2057 3611 2110 3653 ct

539 3686 876 3740 Arsenianos
907 3686 1020 3754 jam
1059 3688 1375 3751 universos,
1413 3687 1670 3744 delinitos
1703 3688 1849 3743 inani
1904 3691 2111 3747 honore

540 3779 835 3834 celebrinm
868 3778 1253 3847 exsequiarum
1272 3777 1391 3847 ejus
1416 3794 1446 3832 a
1466 3794 1578 3848 quo
1604 3794 1799 3834 nomen
1827 3782 2108 3848 ducerent,

541 3872 705 3942 pfane
739 3886 796 3926 se
832 3871 1145 3926 habiturum
1180 3871 1233 3925 in
1261 3881 1552 3940 potestate,
1579 3874 2115 3944 conjuneturumque

543 3978 640 4030 pro
671 3972 803 4016 voto
859 3963 1096 4025 cmteris,
1158 3962 1320 4017 facile
1378 3978 1633 4019 annuens
1684 3967 2004 4033 permittere
2055 3981 2114 4022 se

542 4055 957 4109 translationem
983 4055 1143 4120 dixit,
1173 4069 1297 4109 cum
1327 4069 1396 4108 eo
1421 4066 1624 4119 tamen,
1651 4056 1696 4110 si
1720 4118 1725 4133 Ι
1747 4056 2111 4125 ρτὶυε,(1εοιοο

544 4158 760 4202 raretur
783 4163 971 4202 verum
1007 4162 1113 4200 non
1154 4161 1277 4202 esse
1308 4146 1452 4215 quod
1484 4148 1651 4216 aliqui
1686 4148 1986 4217 jactahant,
2020 4165 2113 4205 ve-

547 4240 721 4294 tuisse
773 4240 1093 4301 Arseninm,
1135 4247 1426 4306 antequam
1476 4239 1530 4290 in
1581 4241 1935 4295 Proconneso
1969 4242 2112 4295 diem

546 4345 708 4383 suum
738 4330 940 4393 obiret,
970 4343 1038 4382 ne
1084 4343 1246 4382 suum
1278 4344 1518 4390 unquam
1571 4329 1645 4383 ibi
1693 4333 1891 4386 mortui
1916 4347 2116 4402 corpus

548 4421 673 4474 inde
725 4420 1035 4483 tolleretur,
1069 4435 1133 4473 ac
1165 4419 1210 4473 si
1256 4419 1382 4488 quis
1442 4419 1493 4471 id
1552 4420 1658 4473 alio
1689 4423 1987 4478 transferre
2034 4435 2117 4478 at-

546 4518 859 4574 tentasset,
910 4506 1473 4562 excommunicationi
1528 4508 1859 4577 suhjaceret.
1916 4510 2114 4566 Verum

546 4600 710 4654 istam
796 4601 941 4655 baud
1004 4601 1292 4656 tiimt'llllt‘l‘
1370 4600 1664 4656 Arseniani
1734 4604 2112 4673 exceptionem

550 4690 1004 4758 submovcrunt,
1068 4694 1335 4750 adhibitis
1412 4700 1491 4750 rei
1580 4694 1819 4749 consciis
1886 4696 2115 4750 testibus

550 4784 763 4840 idoneis
820 4788 1114 4854 probantes
1163 4787 1309 4842 haud
1364 4802 1603 4857 unquam
1658 4787 1762 4841 tale
1792 4786 1997 4856 aliquid
2049 4786 2118 4841 ah

548 4876 784 4930 Arsenio
838 4878 1063 4932 velitum
1119 4878 1200 4932 vel
1261 4879 1444 4934 minis'
1485 4878 1853 4933 anathematis
1938 4878 2121 4932 sanci-

552 4977 708 5029 tum,
797 4971 891 5023 sed
968 4971 1156 5025 [ictum
1231 4986 1357 5025 eum
1439 4985 1713 5025 rumorem
1778 4985 1807 5023 a
1868 4968 2122 5023 Mattha-o

554 5062 794 5129 quodam
828 5062 1102 5132 discipulo
1129 5063 1319 5133 ipsius,
1346 5063 1440 5133 qui
1461 5078 1585 5117 cum
1616 5074 1783 5131 prope
1812 5060 2119 5128 sepulcrum

552 5154 878 5222 patriarchae
909 5156 1146 5210 statione
1196 5157 1300 5209 sibi
1349 5153 1642 5209 commoda
1678 5160 1923 5221 perstare
1955 5150 2009 5204 in
2044 5163 2124 5203 t0-

555 5257 664 5298 tam
702 5248 864 5300 vitam
899 5258 1142 5315 cuperet,
1181 5264 1300 5303 eam
1337 5248 1577 5302 falmlam
1633 5246 2024 5314 excogitaverit
2069 5250 2127 5299 et

552 5336 820 5401 sparserit
843 5345 1157 5399 quasstuoso
1191 5338 1292 5406 ipsi
1322 5336 1416 5392 sed
1448 5333 1772 5390 inanissimo
1793 5340 2122 5386 commento.

553 5423 652 5478 llis
685 5425 755 5479 ita
798 5426 1114 5489 declaratis,
1152 5427 1310 5496 pleno
1337 5426 1449 5495 jam
1488 5424 1541 5478 iu
1578 5439 1690 5476 rem
1746 5421 1848 5476 sibi
1897 5418 2129 5488 Optatis-

552 5514 749 5571 simam
814 5516 1163 5585 imperatoris
1210 5530 1442 5572 assensu
1491 5514 1649 5567 avide
1700 5510 2003 5565 Arseniatue
2037 5523 2128 5562 ar-

551 5616 728 5674 repto.
754 5608 1056 5676 expediunt
1087 5618 1310 5664 strenue
1336 5621 1458 5660 cum
1495 5603 1922 5658 instructissima
1966 5600 2131 5655 remi-

549 5702 640 5770 gio
659 5700 864 5756 triremi
882 5700 1231 5757 Theodorum
1250 5697 1599 5754 Manuelitem
1621 5696 1672 5749 iu
1693 5695 2129 5757 Procouncsum;

553 5810 648 5863 qut
711 5796 901 5864 paucis
955 5796 1172 5860 diebus,
1235 5791 1588 5861 navigatione
1649 5802 1785 5842 usus
1832 5799 2128 5887 prospera,

550 5886 1086 5959 Constantinopolim
1146 5885 1347 5952 rediit,
1404 5884 1611 5939 honore
1666 5895 1731 5935 ac
1782 5875 2130 5934 veneratio‘ne

2215 3294 2459 3365 Eugenio
2491 3310 2686 3351 nomen
2726 3308 2945 3353 nactum
2993 3300 3193 3370 attigit,
3242 3303 3395 3357 theca
3419 3303 3646 3371 quidem
3680 3319 3801 3371 qua

2211 3388 2426 3441 Arsenii
2481 3389 2717 3444 cadaver
2771 3391 3127 3446 claudebatur
3172 3392 3291 3447 velo
3323 3408 3355 3449 e
3394 3394 3805 3462 pulcherrimis

2211 3479 2422 3533 delecto
2457 3491 2707 3537 contecta
2742 3491 2849 3539 est.
2884 3483 3021 3539 Tum
3060 3485 3153 3555 qui
3186 3486 3571 3539 ca‘remoniam
3623 3503 3804 3541 cura-

2213 3572 2365 3635 bant,
2400 3571 2658 3629 feretrum
2710 3575 2965 3632 manibus
3017 3568 3301 3632 sacrorum
3358 3578 3650 3632 hominum
3687 3580 3806 3635 rite

2212 3665 2621 3735 consignatum,
2650 3668 2940 3738 multiplici
2977 3668 3157 3723 fucum
3189 3670 3399 3725 lumine
3449 3684 3513 3725 ac
3543 3672 3805 3742 thymia-

2215 3766 2416 3810 matum
2472 3757 2657 3813 suﬁitu
2690 3799 2705 3820 .
2758 3759 2898 3815 inter
2947 3763 3274 3830 hymnorum
3330 3765 3808 3834 canticorumque

2211 3851 2644 3917 modulationes,
2662 3852 3611 3922 acclamationibusquedocentibus,
3642 3858 3805 3915 lento

2217 3949 2272 3994 et
2306 3942 2456 4012 gravi
2480 3958 2641 4013 passu
2677 3945 2743 3999 ad
2776 3959 2995 3999 sacrum
3029 3961 3204 4016 usque
3235 3948 3497 4017 templum
3539 3947 3637 4003 Dei
3676 3951 3757 4005 Sa
3779 3975 3798 3991 ο

2217 4034 2434 4103 ρίειιιίω
2452 4074 2470 4098 ,
2498 4036 2958 4105 prosequentibus
2978 4039 3214 4102 cunctis,
3250 4039 3648 4107 perdtncrunt,
3677 4057 3815 4097 cer-

2220 4135 2390 4188 tante.
2425 4138 2483 4182 ut
2527 4127 2842 4196 apparebat,
2874 4143 2974 4197 pro
3002 4144 3061 4183 se
3097 4145 3431 4200 unoquoque
3465 4130 3719 4185 studium
3750 4135 3810 4187 in

2220 4219 2541 4273 memoriam
2566 4227 2826 4287 tauquam
2863 4221 2976 4274 veri
3008 4221 3227 4275 demum
3270 4223 3516 4292 ipsorum
3554 4226 3813 4291 patriar-

2218 4313 2335 4365 cha:
2369 4318 2668 4375 ostentare,
2706 4322 2763 4365 ut
2802 4326 2871 4366 ne
2918 4311 3051 4381 ipsis
3096 4313 3312 4379 quidem
3357 4313 3409 4367 iu
3465 4315 3569 4368 hoc
3600 4317 3816 4372 cedere

2220 4402 2540 4456 Arsenianis
2587 4402 2753 4457 videri
2804 4402 3025 4457 vellent.
3060 4404 3210 4457 Adeo
3235 4405 3339 4469 ipsi
3384 4405 3548 4459 etiam
3585 4408 3683 4471 qui
3718 4411 3815 4462 vel

2204 4493 2414 4548 .intime
2430 4493 2759 4563 patriarchae
2794 4510 2940 4548 nunc
2973 4492 3273 4549 Ecclesiam
3302 4498 3510 4566 regenti
3547 4498 3814 4555 adhaere-

2221 4596 2343 4639 rent
2372 4588 2533 4655 eique
2581 4585 2648 4641 ad
2686 4595 2876 4641 nutum
2930 4587 3297 4654 inservirent,
3358 4592 3600 4659 sumptis
3651 4595 3819 4648 ultro

2223 4677 2399 4732 sacris
2450 4678 2609 4731 stolis
2644 4677 3044 4732 contendebant
3090 4678 3231 4732 inter
3261 4679 3469 4748 primos
3504 4686 3816 4750 σουρξε-εινὶ

2221 4769 2564 4824 venerationi
2593 4769 2806 4822 Arscnii
2838 4783 2992 4823 sacra
3027 4769 3080 4823 in
3120 4770 3238 4839 ejus
3272 4770 3537 4826 honorem
3573 4773 3815 4844 liturgia

2221 4862 2326 4915 rite
2360 4861 2714 4925 celebranda;
2742 4860 2873 4927 quin
2900 4861 3065 4915 etiam
3104 4861 3231 4914 dum
3257 4861 3575 4931 antiphonre
3602 4878 3817 4922 Canta-

2221 4962 2436 5018 rentur,
2480 4966 2686 5021 corpus
2727 4952 2847 5021 ejus
2871 4961 3068 5005 ornatu
3112 4951 3366 5006 indutum
3398 4955 3771 5022 patriarchali
3798 4997 3817 5016 .

2223 5059 2347 5099 cum
2380 5043 2634 5097 manibus
2654 5042 2958 5096 antistitum
2992 5042 3045 5095 in
3077 5041 3335 5097 thronum
3370 5044 3438 5097 ad
3474 5024 3816 5103 consessum

2224 5135 2551 5205 patriarcha-
2579 5141 2910 5202 portaretur,
2939 5148 3005 5186 eo
3034 5146 3204 5202 usque
3231 5135 3361 5189 dum
3401 5135 3533 5191 illuc
3558 5149 3715 5193 esset
3752 5142 3820 5194 il-

2225 5230 2394 5285 latum
2428 5226 2675 5281 comitati
2722 5235 2871 5290 sunt,
2929 5241 3167 5294 moxque
3221 5226 3395 5280 relato
3446 5228 3577 5282 inde
3635 5240 3819 5301 atque

2227 5332 2353 5378 ante
2389 5338 2601 5378 sacram
2631 5336 2875 5375 mensam
2933 5320 3171 5389 roposito
3203 5319 3351 5388 justa
3389 5331 3589 5378 caetera
3641 5323 3818 5379 fune-

2229 5414 2393 5480 bria,
2456 5424 2617 5483 prout
2671 5412 2803 5465 ritus
2858 5413 3138 5480 poscebat,
3192 5412 3597 5480 persolverunt,
3656 5419 3816 5471 nulla

2230 5515 2384 5575 parte
2414 5503 2755 5574 caeremoniae
2787 5503 3013 5556 omissa.
3033 5500 3172 5554 Tum
3210 5503 3342 5556 illud
3373 5506 3576 5560 arcula:
3605 5521 3635 5558 a
3667 5506 3812 5561 de:-

2230 5598 2332 5652 tris
2370 5595 2556 5650 altaris
2590 5604 2792 5663 paratae
2826 5592 3100 5653 indentes,
3137 5592 3388 5648 clavibus
3418 5608 3540 5647 eam
3573 5596 3819 5665 sigillis-

2230 5701 2337 5756 qne
2369 5684 2704 5745 munierunt,
2754 5691 3010 5736 caventes
3046 5680 3258 5736 scilicet
3304 5699 3374 5738 ne
3407 5683 3460 5737 id
3496 5683 3820 5741 Arseniaue

2233 5777 2407 5833 furari
2454 5782 2804 5830 attentarent.
2861 5774 3126 5843 Deinceps
3178 5789 3343 5846 porro
3373 5776 3534 5829 tertia
3589 5794 3819 5848 quaque

2232 5870 2373 5929 feria
2407 5866 2651 5938 cujusvis
2686 5864 3062 5932 hebdomada‘,
3097 5864 3163 5921 ad
3201 5868 3610 5924 venerationem
3641 5883 3818 5942 ange-
