4022 6544
182 380 244 442 97
1082 377 1177 438 DE
1215 376 1528 439 ANDRON
1539 376 1658 437 iCO
1700 375 1742 435 P

1848 374 2162 440 )EOLOGO
2196 381 2343 441 LIB.
2392 382 2440 441 Ι.
3323 382 3398 444 98

179 487 457 557 ἑδῖομάδος
519 487 649 558 πρὸς
682 486 778 556 τὴν
811 486 918 538 τῶν
963 485 1202 557 Ὀὃηγῶν
1252 486 1372 540 κατ’
1424 487 1544 545 ἔθος
1592 483 1722 539 λαοῦ
1749 483 1801 546 Α
1829 485 2068 555 ’Ἄραϐες
2125 490 2156 560 ἢ
2214 491 2319 561 μὴν
2369 492 2623 554 Αἰθίοπες
2679 491 2896 562 πρῶτον
2939 493 3037 561 μὲν
3063 492 3278 563 αἱροῦσι
3302 494 3402 565 τὴν

180 578 571 648 συντρέχοντος,
613 579 830 631 κάκεῖνο
865 579 1295 648 ὑπανοιγόμενον
1331 580 1442 640 τοῖς
1472 574 1729 645 προσιοῦ-

179 688 254 723 σιν
277 670 461 723 ἄνετον
505 664 593 741 ἦν.
656 671 745 724 Ἐν
799 670 1013 740 ὑστέρῳ
1045 669 1099 722 δὲ
1125 669 1356 739 χρόνιρὴ
1409 666 1730 721 Ῥαούλαινα

178 761 708 833 πρωτοὸεστιάρισσα
757 764 814 815 ἐν
864 765 932 832 τῇ
985 760 1080 813 τοῦ
1128 760 1285 828 ἁγίου
1315 759 1563 830 Ἀνδρέου
1594 759 1728 828 μονῇ

179 853 262 907 τοῦ
288 854 383 924 τῆς
415 852 650 924 κρίσεως
678 852 820 923 ίερδν
851 850 998 906 οἷκον
1031 853 1110 914 είς
1132 850 1328 913 κάλλος
1360 849 1731 920 ἐξησκημένον

181 945 266 999 καὶ
298 943 523 1014 μέγεθος
556 944 774 1015 ἀνιστᾷ.
805 945 914 996 Καὶ
940 943 1063 995 ἐπεὶ
1089 940 1325 1010 σπουδὴν
1371 937 1515 1009 εἶχεν
1545 938 1729 1008 ἐκείνη

182 1034 299 1104 πρὸς
326 1036 415 1086 τὸν
449 1036 796 1107 πατριάρχην
820 1036 880 1087 οὗ
903 1033 1002 1104 τὴν
1025 1031 1292 1103 τυχοῦσαν
1324 1031 1417 1085 καὶ
1438 1029 1615 1095 ζῶντα
1637 1030 1730 1083 καὶ

182 1131 587 1200 τελευτήσαντα,
639 1130 782 1194 ἀξιοῖ
834 1129 1056 1199 βασιλέα
1114 1129 1209 1181 καὶ
1256 1126 1500 1196 λιπαρῶς
1548 1125 1729 1178 δέεται

184 1221 380 1288 δοθῆναι
402 1221 464 1273 τὸ
489 1220 650 1284 σῶμα
670 1224 736 1292 τῇ
774 1221 896 1274 κατ’
925 1219 1097 1288 αὐτὴν
1119 1221 1275 1290 μονῇ,
1306 1217 1389 1286 ἐφ’
1412 1212 1564 1285 ᾧπερ
1591 1218 1729 1268 ἀπο-

183 1312 380 1378 πθῆναι
410 1309 489 1378 τῷ
524 1311 657 1381 παρ’
688 1311 862 1380 αὐτῆς
900 1308 1247 1378 ἀνεγερθέντι
1278 1306 1410 1376 ναῷ.
1440 1308 1507 1358 Ὀ
1540 1305 1603 1375 δὴ
1636 1306 1731 1358 καὶ

185 1404 407 1469 γέγονεν,
448 1402 641 1472 ἐτέρας
684 1402 806 1455 τότε
846 1400 1120 1470 συστάσης
1156 1398 1297 1452 κατὰ
1323 1400 1383 1450 τὸ
1417 1397 1562 1457 εἰκὸς
1595 1415 1730 1449 παν-

183 1492 431 1559 ηγύρεως,
488 1490 615 1545 καθ’
638 1491 707 1563 ῆν
741 1491 993 1561 βασιλεὺς
1039 1492 1133 1544 καὶ
1167 1487 1467 1557 σύγκλητος
1500 1489 1593 1539 καὶ
1622 1486 1731 1538 τῶν

186 1584 475 1653 ἱερωμένων
520 1583 702 1654 σχεδὸν
733 1584 782 1637 οἱ
807 1584 1026 1647 πάντες,
1080 1581 1201 1634 οὐδὲ
1228 1580 1329 1648 τῆς
1361 1577 1594 1640 λαώδους
1621 1575 1730 1629 λει⁴

186 1672 387 1744 statim;
420 1675 636 1743 μοίρας,
696 1673 904 1727 ἐκεῖθεν
946 1670 1376 1737 πεζοποροῦντες
1417 1669 1516 1737 τὴν
1569 1666 1730 1737 τιμὴν

184 1767 379 1819 ἐτέλουν
409 1765 487 1837 τῷ
514 1765 850 1836 πατριάρχῃ,
881 1765 981 1817 οὐκ
1010 1764 1166 1831 ὀλίγα
1206 1761 1299 1814 τοῦ
1328 1760 1593 1831 βασιλέως
1626 1775 1727 1812 κα-
1755 1812 1804 1872 Β

184 1856 490 1920 ταὸαλὸντος
524 1857 618 1910 καὶ
650 1858 721 1909 τὰ
744 1855 851 1909 τῶν
888 1854 1066 1909 πόνων
1096 1854 1306 1922 ἐφόδια.

384 1993 487 2064 ὶ.β’.
525 1993 662 2060 Περὶ
697 1990 815 2045 τῶν
848 1990 1000 2047 κατὰ
1026 1991 1255 2058 Συρίαν
1282 1989 1553 2045 δεινῶν..

244 2085 369 2141 Τότε
403 2087 499 2141 καὶ
524 2086 595 2139 τὰ
634 2084 776 2138 κατὰ
810 2083 893 2156 [Ρ.
925 2082 1020 2154 54]
1039 2081 1241 2152 Συρίαν
1268 2083 1572 2153 ἐπράττετο
1593 2082 1731 2135 troiv-

185 2181 332 2234 ὅτινα.
371 2179 430 2232 '0
458 2178 572 2250 γὰρ
613 2177 713 2247 τῆς
741 2176 1059 2239 Βασυλῶνος
1114 2174 1349 2235 σουλτάν
1381 2174 1488 2245 πρὸ
1525 2178 1734 2246 χρόνων

184 2269 342 2324 λαϐὼν
364 2271 706 2342 ’Δντιόχειαν
731 2272 825 2324 καὶ
846 2258 937 2333 ἐἰς
959 2269 1154 2339 ἔδαφος
1181 2269 1532 2340 κατερείψας,
1552 2270 1735 2339 ἀφῆκε

185 2365 280 2426 τοῖς
318 2361 435 2433 μετ’
475 2364 686 2415 ἐκεῖνον
715 2363 1031 2432 ἀκήρυκτον
1067 2360 1210 2429 ἔχειν
1247 2361 1427 2431 μάχην
1458 2359 1594 2430 μετὰ
1627 2362 1735 2413 τῶν

197 2452 393 2508 Ἰταλῶν
439 2454 553 2506 τῶν
603 2455 703 2525 τὴν
738 2453 1012 2523 παραλίαν
1053 2451 1348 2506 οἰκούντων
1387 2453 1451 2506 ὲκ
1478 2453 1732 2511 παλαιοῦ.

191 2545 332 2601 Ὅθεν
358 2546 450 2600 καὶ
495 2546 592 2599 ἐπὶ
617 2544 727 2598 τῶν
757 2543 880 2598 τότε
911 2543 1122 2614 καιρῶν
1172 2544 1737 2616 στρατολογησάμενοι

192 2710 351 2764 lorum
392 2712 446 2765 in
485 2709 572 2765 via
607 2708 801 2765 salutis
832 2708 1035 2762 ducum
1083 2707 1283 2778 populo
1315 2708 1382 2763 de
1412 2723 1565 2764 more
1612 2724 1740 2765 con-

191 2808 450 2866 currente,
488 2800 841 2857 reserahatur
866 2813 995 2855 arca
1029 2798 1331 2867 depositum
1366 2801 1581 2855 Arsenii
1605 2817 1737 2855 con-

196 2895 383 2958 tinens,
430 2894 602 2963 idque
634 2893 880 2949 omnium
934 2892 1113 2947 visere
1160 2891 1497 2947 studentium
1549 2893 1739 2950 liberis

193 2987 454 3041 obtutibus
504 2984 903 3055 exponebatur.
953 2984 1251 3052 Aliquanto
1318 2992 1441 3052 post
1498 2994 1741 3055 tempore

199 3078 437 3133 ilaulama
480 3076 965 3148 protovestiarissa
1012 3075 1065 3129 in
1092 3074 1265 3129 sancti
1293 3074 1523 3130 Andreae
1551 3091 1745 3130 mona-

198 3170 348 3223 sterio
371 3185 401 3224 a
431 3168 650 3240 judicio
679 3167 1069 3239 cognominato
1097 3181 1313 3223 sacram
1351 3169 1521 3222 aedem
1552 3168 1746 3237 exqui-

196 3263 288 3317 sito
311 3264 545 3319 artiﬁcio
576 3263 690 3335 86
712 3262 1051 3318 elaboratam
1068 3263 1374 3328 exstruxit;
1405 3277 1470 3318 ac
1487 3264 1744 3332 quoniam

198 3370 293 3409 non
329 3357 542 3428 vulgari
581 3370 645 3410 ea
680 3353 881 3409 mulier
903 3353 1088 3411 studio
1116 3368 1177 3409 se
1219 3355 1475 3424 amplecti
1513 3357 1747 3426 patriar-

201 3445 342 3499 rham
374 3447 555 3511 illum,
617 3446 798 3517 quoad
859 3445 997 3501 vixit
1044 3454 1098 3501 et
1130 3456 1415 3516 postquam
1467 3447 1745 3513 decessit,

199 3550 392 3607 semper
437 3539 806 3606 ostenderat,
864 3548 1237 3596 consentanee
1286 3539 1413 3597 huic
1462 3546 1595 3592 noto
1625 3538 1746 3609 ejus

200 3628 395 3684 σπεαιή
427 3632 593 3686 enixe
634 3630 812 3686 oravit
841 3631 1253 3701 imperatorem,
1285 3639 1342 3684 ut
1377 3630 1498 3685 dari
1532 3630 1748 3700 juberi-t

200 3723 393 3777 Arscnii
442 3738 651 3792 corpus
700 3738 802 3780 suo
853 3724 943 3779 isti
1012 3725 1394 3787 monasterio,
1449 3723 1747 3778 honoriﬁce

200 3813 391 3868 scilicet
438 3815 511 3868 ab
539 3829 605 3869 ea
669 3814 1050 3883 deponendum
1105 3813 1162 3867 in
1220 3814 1327 3869 isto
1371 3823 1553 3869 erecto
1605 3829 1633 3867 a
1688 3829 1748 3870 se

202 3912 402 3974 tempto.
446 3906 604 3980 Quod
652 3922 778 3961 cum
828 3907 1209 3975 impetrasset,
1266 3907 1338 3961 ita
1385 3906 1583 3962 factum
1625 3916 1744 3970 est,

203 3995 346 4065 idque
406 4006 671 4068 apparatu
718 4007 772 4052 et
828 4012 1030 4067 pompa
1090 4014 1197 4052 non
1234 3999 1419 4052 minus
1476 4013 1640 4067 qnam
1690 3999 1745 4052 in

202 4088 352 4155 priori
386 4089 749 4144 translatione
793 4089 1119 4158 magniﬁcis.
1169 4088 1304 4144 Nam
1357 4101 1485 4145 tunc
1532 4105 1750 4160 quoque

204 4190 517 4250 congregato
548 4189 695 4235 cmtu
726 4195 925 4249 magno
958 4180 1157 4237 iterum
1191 4196 1287 4251 per
1318 4182 1507 4236 urbem
1538 4181 1747 4251 suppli-

202 4271 330 4324 calin
360 4270 647 4341 processit,
702 4272 952 4341 Angusto
1003 4273 1123 4341 ipso
1156 4288 1220 4328 ac
1254 4282 1474 4339 senatu,
1507 4289 1609 4329 nec
1639 4290 1746 4329 non

201 4360 578 4416 ecclesiasticis
632 4361 805 4415 l'erme
850 4361 1148 4427 omnibus,
1195 4378 1295 4418 nec
1344 4364 1541 4419 minori
1581 4379 1745 4434 quam

1834 577 2092 649 Τρίπολιν
2140 583 2234 635 καὶ
2284 584 2480 653 ἡϐηδὸν
2520 587 2649 648 τοὺς
2681 586 2740 638 ὲν
2770 585 2907 654 αὐτῇ
2934 586 3398 654 κατασφάττουσι,

1832 672 1926 723 καὶ
1957 672 2126 743 αὐτὴν
2155 674 2218 743 δὴ
2256 675 2353 744 τὴν
2380 677 2536 729 πόλιν
2565 677 2963 749 ἀνατρέπουσιν
2995 678 3059 731 ἐκ
3099 677 3398 748 θεμέθλων,

1832 759 2023 815 ἔπειτα
2074 765 2164 816 καὶ
2211 764 2310 835 τὴν
2353 765 2670 836 πολυπληθῆ
2726 766 3066 836 Πτολεμαΐδα
3110 767 3179 820 τὰ
3236 769 3400 838 ὅμοια

1830 852 2019 923 δρῶσι,
2054 854 2145 907 καὶ
2174 857 2356 909 πᾶσαν
2384 856 2482 926 τὴν
2510 857 2782 928 παραλίαν
2820 857 3400 926 ἐξανδραποδισάμενοι

1830 942 1898 994 τὰ
1943 942 2197 1013 θαύματα
2247 946 2346 1015 τῆς
2383 947 2581 1017 Συρίας
2621 949 2911 1018 ἠφάνισαν.
2982 949 3092 1001 Καὶ
3139 947 3287 1013 ἔδοξε
3329 948 3400 1003 τὰ

1830 1030 2075 1101 ἡμέτερα
2109 1033 2310 1104 τέρατα
2344 1036 2430 1089 ἐπ’
2452 1038 2679 1100 ἐκείνοις
2716 1036 2951 1104 φανέντα
2971 1054 3026 1090 τε
3055 1038 3151 1090 καὶ
3176 1038 3400 1091 τελειω-

1832 1117 1992 1173 θέντα
2016 1137 2028 1150 ·
2059 1122 2272 1192 δάκρυα
2303 1124 2411 1194 γὰρ
2440 1128 2621 1179 ἐκεῖνα
2651 1126 2745 1179 καὶ
2777 1127 2985 1196 αἵματα
3019 1125 3151 1197 πρὸς
3184 1126 3253 1180 τὰ
3290 1144 3398 1195 μα-

1832 1210 1972 1279 κράν
2019 1213 2179 1281 ἡμῶν
2208 1215 2555 1286 ἀνεφέροντο.
2592 1218 3073 1286 ἀποπεμπομένων
3096 1218 3160 1268 τὰ
3192 1216 3401 1286 φοϐερὰ

1831 1300 1989 1369 ήμῶν
2019 1303 2226 1373 ἑτέροις
2247 1309 2358 1368 τοῖς
2384 1305 2458 1377 μὴ
2497 1308 2579 1360 ὅτι
2614 1306 2666 1373 γ’
2697 1310 2778 1368 είς
2810 1309 3021 1374 πεῖραν,
3044 1306 3160 1360 ἀλλ’
3185 1308 3295 1360 οὐδ’
3318 1308 3398 1371 είς

1832 1388 1960 1443 θέαν
1993 1391 2312 1462 δυναμένοις
2364 1397 2531 1467 μόνην
2579 1397 2687 1450 τῶν
2720 1395 2863 1449 ἰδίων
2902 1397 3089 1450 κακῶν
3120 1398 3253 1467 ἡμῖν
3291 1415 3403 1451 κοι-

1831 1482 2091 1553 νωνῆσαι.
2123 1484 2196 1537 Τὸ
2229 1486 2274 1537 δ’
2307 1480 2374 1556 ἦν
2426 1487 2531 1557 ἄρα
2562 1486 2859 1556 παραψυχὴ
2890 1489 2983 1540 καὶ
3010 1486 3196 1540 κακῶν
3228 1486 3400 1555 ἀνάρ-

1829 1590 2006 1644 τησις,
2032 1576 2365 1643 γνωσθέντος
2405 1577 2669 1632 παθοῦσιν
2700 1577 2773 1640 ὠς
2802 1580 2937 1632 ὅπου
2970 1579 3029 1632 τὸ
3076 1578 3182 1631 τῶν
3210 1577 3399 1631 δεινῶν

1833 1667 2076 1734 σημεῖον,
2113 1667 2230 1721 ἐκεῖ
2277 1667 2563 1739 ξυμϐαίνει
2611 1669 2706 1723 καὶ
2744 1669 2804 1721 τὸ
2842 1668 3187 1739 ἀποτέλεσμα
3215 1668 3403 1737 γίγνε-

1834 1755 1978 1811 σθαι.

1836 1913 1939 1984 λγ’.
1996 1916 2136 1985 Περι
2194 1918 2300 1972 τοῦ
2346 1916 2629 1985 δευτέρου
2684 1920 3077 1973 συνοικεσίου
3134 1919 3239 1974 τοῦ
3287 1919 3404 1983 βα-

2499 1988 2742 2053 σιλέως.

1922 2097 1982 2152 '0
2014 2097 2280 2166 μέντοιγε
2314 2100 2567 2168 βασιλεὺς
2606 2100 2688 2172 [Ρ.
2712 2100 2802 2173 55]
2834 2102 2983 2165 υἱοὺς
3012 2102 3150 2172 ἔχων
3184 2102 3242 2166 ἐξ
3271 2103 3404 2156 Ἀν-

1840 2204 1940 2259 νης
1961 2189 2061 2257 τῆς
2080 2188 2150 2269 *ἐξ
2174 2190 2439 2258 Οὖγγρων
2469 2190 2580 2256 δύο,
2616 2190 2827 2263 Μιχαὴλ
2864 2209 2925 2245 τε
2951 2193 3042 2245 καὶ
3062 2193 3409 2245 Κωνσταντί-

1838 2296 1950 2342 νον,
1980 2281 2071 2334 τὸν
2106 2281 2206 2351 μὲν
2232 2281 2523 2351 βασιλικῶς
2546 2282 2717 2352 ἀνῆγε
2760 2284 2853 2336 καὶ
2882 2285 2957 2345 ὡς
2996 2286 3095 2353 τῆς
3127 2283 3405 2353 βασιλείας

1840 2374 2085 2443 διάδοχον
2112 2375 2433 2446 ἐθεράπευε,
2466 2376 2555 2429 τὸν
2584 2376 2639 2429 δὲ
2668 2378 3073 2430 Κωνσταντϊνον
3103 2377 3183 2439 εἰς
3212 2376 3414 2429 δεσπὸ-

1839 2481 1940 2535 την
1976 2454 2204 2535 ἔτρεφε(
2229 2466 2319 2537 Τῷ
2373 2471 2555 2538 μέντοι
2609 2485 2672 2536 γε
2702 2469 2920 2538 Μιχαὴλ
2972 2469 3065 2522 καὶ
3115 2469 3143 2521 ὁ
3182 2468 3408 2530 πάππος

1841 2555 2007 2610 αὑτοῦ
2036 2557 2255 2629 Μιχαὴλ
2288 2559 2385 2628 τῆς
2428 2561 2506 2622 εἰς
2554 2558 2652 2630 τὴν
2697 2558 2973 2637 βασιλείαν
3020 2560 3411 2623 καταστάσεως

1844 2718 2201 2789 Ριοιειιισὶιιίζ;
2259 2730 2314 2776 et
2365 2737 2460 2778 ora
2515 2726 2767 2780 universa
2821 2725 3093 2780 maritima
3141 2725 3415 2791 subacta,

1848 2811 2177 2881 maneipatis
2229 2812 2282 2866 in
2339 2814 2514 2868 diram
2571 2816 2888 2871 servitutem
2920 2814 3251 2871 Christianis
3290 2814 3413 2885 ejus

1846 2903 2061 2969 incolis,
2098 2905 2417 2968 praeclarum
2458 2908 2609 2962 illum
2634 2918 2689 2962 et
2717 2907 3006 2963 mirillcum
3049 2908 3291 2964 ﬂorentis
3315 2911 3413 2962 ha-

1845 3005 2041 3049 ctenus
2090 2993 2263 3066 Syria:
2325 3007 2528 3052 statum
2585 3001 2930 3055 exciderunt.
2997 2998 3231 3070 Visaqne
3284 3010 3415 3057 sunt

1851 3094 2040 3139 nostra
2091 3086 2180 3140 illa
2206 3128 2222 3150 ,
2274 3103 2398 3157 quae
2439 3103 2616 3159 nuper
2664 3091 3122 3154 memoravimus,
3156 3100 3412 3160 portenta

1850 3177 2035 3233 clades
2065 3179 2201 3233 istas
2229 3179 2538 3243 indicasse:
2573 3181 2952 3252 lacrymasqne
2996 3181 3119 3237 illas
3155 3190 3210 3235 et
3249 3196 3413 3237 cruo-

1849 3284 1964 3323 rem
2002 3284 2068 3324 ex
2120 3269 2455 3340 imaginibus
2499 3270 2620 3328 l‘nsa
2673 3273 2838 3342 longe
2869 3272 2975 3326 alio
3019 3273 3324 3343 respexisse
3351 3287 3415 3327 ac

1849 3362 1996 3416 velut
2047 3362 2103 3416 in
2152 3362 2484 3433 longinquas
2522 3380 2551 3417 a
2596 3365 2754 3418 nobis
2785 3364 2893 3434 87
2927 3363 3095 3420 fuisse
3125 3365 3413 3420 antanduta

1850 3462 2051 3517 terras,
2105 3456 2158 3509 in
2206 3455 2273 3510 iis
2316 3455 2581 3526 explenda
2628 3456 2787 3511 malis
2816 3472 3045 3519 quorum
3099 3472 3206 3512 non
3236 3457 3415 3512 dicam

1848 3545 2210 3612 experientia.
2261 3548 2354 3600 sed
2414 3560 2484 3601 ne
2535 3556 2865 3615 conspectus
2902 3548 3120 3616 quidem
3158 3559 3249 3601 aut
3280 3563 3309 3602 e
3338 3550 3419 3600 vi-

1850 3637 1976 3689 cino
2010 3651 2211 3691 sensus
2255 3638 2321 3691 ad
2370 3653 2471 3693 nos
2511 3640 2861 3709 pertingeret,
2899 3640 2973 3692 uti
3016 3655 3115 3694 nec
3139 3640 3247 3694 illis
3284 3642 3418 3709 ipsis

1850 3726 2093 3781 vicissim
2125 3728 2398 3796 gentibus,
2429 3745 2551 3798 quae
2576 3744 2681 3784 nos
2712 3729 2977 3797 urgebant
3006 3731 3255 3793 adversa,
3288 3743 3417 3785 nota

1849 3828 2032 3882 erant,
2088 3818 2322 3887 abrupto
2380 3833 2410 3872 a
2461 3818 2621 3874 nobis
2664 3820 2898 3874 invicem
2947 3822 3302 3876 commercio.
3358 3819 3417 3874 id

1851 3908 1995 3977 quod
2030 3908 2121 3962 ubi
2173 3920 2257 3964 est
2307 3900 2792 3976 animadversum,
2824 3912 2995 3965 valuit
3022 3927 3082 3966 ea
3110 3913 3422 3969 observatio

1849 3999 1916 4053 ad
1951 4000 2298 4053 relevandam
2355 4000 2408 4054 in
2451 4002 2653 4057 nostris
2690 4003 3002 4058 maestitiam
3044 4019 3110 4056 ex
3148 4004 3315 4060 minis
3345 4007 3423 4060 si-

1850 4103 2079 4158 gnorum
2114 4089 2422 4146 istiusmodi
2453 4101 2795 4162 conceptam.
2831 4091 3169 4148 Recrearunt
3200 4094 3280 4148 illi
3313 4096 3424 4149 sci-

1851 4179 1973 4233 licet
2030 4180 2244 4235 animos
2298 4190 2351 4236 et
2400 4181 2538 4238 bene
2589 4198 2811 4253 sperare
2860 4194 3269 4255 perrexerunt,
3329 4187 3422 4241 ubi

1851 4280 2194 4335 compertum
2230 4278 2286 4324 et
2315 4270 2491 4341 reipsa
2517 4262 2949 4328 demonstrat‘um
2993 4275 3242 4344 apparuit
3278 4275 3422 4329 haud

1850 4372 2034 4411 veram
2060 4374 2182 4413 esse
2219 4360 2593 4431 pervulgatam
2624 4361 2941 4431 opinionem
2971 4364 3160 4431 illam},
3187 4379 3293 4431 qua
3317 4364 3421 4418 sibi

203 4462 344 4505 antea
374 4454 559 4524 populi
595 4452 969 4518 multitudine,
1001 4456 1253 4510 ordinato
1275 4468 1328 4511 ει
1362 4456 1744 4511 lentoiucessu
1781 4485 1825 4539 υ
1854 4451 2119 4503 hactenus
2146 4448 2403 4505 homines
2423 4460 2811 4520 persuaserant
2849 4462 3035 4506 eventa
3067 4452 3423 4521 signiﬁcatio-

203 4540 356 4599 [unus
405 4545 809 4614 perbonorilice
843 4547 1325 4616 prosequentibus,
1362 4561 1526 4617 quam
1579 4548 1632 4602 in
1662 4562 1749 4602 ce-

204 4637 492 4691 lebritatem
519 4652 628 4690 nun
647 4636 919 4691 modicum
946 4637 1111 4692 etiam
1134 4649 1411 4707 sumptum
1444 4637 1746 4707 imperator

207 4725 337 4791 fecit,
371 4729 694 4793 artiﬁcibus,
716 4731 810 4798 qui
846 4730 1286 4798 qualemcunque
1310 4730 1377 4783 ad
1405 4728 1459 4782 id
1486 4729 1750 4783 contulis-

209 4829 317 4872 sent
341 4836 583 4888 operam,
621 4821 770 4888 larga
801 4824 869 4875 de
894 4836 997 4876 suo
1036 4820 1308 4891 stipendia
1338 4820 1678 4891 persolvens.

356 4910 443 4965 '52.
482 4910 553 4966 De
584 4910 823 4966 cladibus
849 4909 1274 4967 Christianorum
1299 4912 1355 4964 in
1385 4909 1568 4980 Syria.

265 5004 411 5059 Circa
444 5004 549 5059 hoc
579 5015 799 5075 tempus
824 5006 1163 5073 gravissimae
1200 5004 1416 5075 Syriam
1471 5002 1751 5059 calamita-

209 5105 282 5152 tes
308 5095 804 5164 alliserunhﬁam
832 5097 1124 5169 Babylonis
1145 5097 1329 5152 sultan
1353 5106 1507 5165 capta
1539 5097 1669 5152 olim
1697 5105 1752 5150 et

209 5189 316 5243 solo
336 5202 543 5261 aquata
568 5188 882 5250 Antiochia,
904 5188 1301 5242 internecinum
1325 5187 1380 5241 in
1409 5187 1572 5240 ltalos
1597 5200 1749 5240 oram

212 5282 366 5351 Syria
394 5284 731 5338 maritimam
766 5281 1084 5335 obtinentes
1123 5279 1324 5349 bellum
1375 5278 1518 5334 odiis
1563 5292 1754 5346 perpe-

214 5374 455 5431 tuandam
476 5373 843 5432 hereditariis
872 5372 1076 5427 dudum
1108 5372 1507 5424 transmiserat.
1534 5369 1635 5423 Cui
1659 5384 1755 5439 per

211 5462 315 5518 haec
359 5476 601 5536 tempora
664 5462 1034 5532 obsequentes
1089 5461 1341 5522 Arabes,
1414 5467 1510 5512 aut
1569 5460 1755 5528 potius

213 5555 495 5627 Ethiopes,
532 5557 773 5627 primum
806 5555 1026 5623 quidem
1061 5559 1371 5621 expugnata
1403 5549 1612 5620 Tripoli
1640 5568 1758 5605 om—

214 5663 300 5703 nes
326 5652 374 5704 in
402 5666 462 5704 ea
487 5658 733 5720 repertos
761 5646 1056 5716 puberibus
1080 5645 1314 5713 majores
1337 5645 1752 5709 interfecerunt,

215 5743 487 5812 urbemque
516 5743 691 5812 ipsam
716 5754 745 5792 a
771 5738 1137 5793 fundamentis
1165 5752 1408 5791 eversam
1430 5738 1547 5790 solo
1572 5750 1757 5804 aequa-

222 5840 352 5885 runt.
388 5831 531 5887 Idem
571 5826 919 5899 postmodum
953 5824 1199 5882 fecerunt
1238 5833 1290 5880 et
1318 5825 1757 5894 populosissimae

1856 4555 1987 4595 num
2023 4540 2363 4596 l'unestarum
2402 4542 2510 4597 illis
2533 4543 2756 4596 omnino
2788 4542 2843 4596 in
2874 4542 3011 4597 locis
3041 4546 3328 4606 exstitura,
3366 4545 3422 4597 in

1850 4631 2051 4700 quibus
2073 4630 2320 4702 prodigia
2348 4632 2531 4686 clades
2555 4631 2688 4686 istas
2715 4631 2978 4686 minantia
3005 4632 3419 4691 fuissentedita.

1873 4710 1876 4712 ⁷
2026 4724 2115 4780 35.
2145 4724 2222 4779 De
2249 4723 2478 4778 secundo
2503 4725 2846 4785 matrimonio
2889 4726 3245 4796 imperatoris.

1923 4815 1993 4869 At
2012 4817 2307 4885 imperator
2334 4831 2458 4870 cum
2485 4831 2551 4872 ex
2581 4819 2738 4872 Anna
2797 4814 3017 4888 Ungara
3039 4818 3198 4886 .duos
3234 4834 3427 4888 super-

1852 4908 2008 4963 stites
2039 4908 2265 4962 haberet
2295 4907 2457 4971 ﬁlios,
2509 4909 2828 4965 Michaelem
2871 4923 2924 4964 et
2951 4910 3374 4969 Constantinum
3408 4931 3424 4979 ;

1852 5001 2091 5070 priorem
2115 5000 2469 5069 quidemjam
2518 4999 2574 5055 in
2627 5000 2840 5071 imperii
2886 5005 3228 5056 consortium
3292 5019 3427 5060 eve-

1854 5100 2003 5147 ctum
2031 5090 2183 5162 rcgio
2215 5090 2293 5144 uti
2312 5091 2575 5161 collegam
2602 5100 2656 5144 et
2682 5107 3054 5146 successorem
3082 5093 3426 5164 designatum

1855 5186 2005 5239 cultu
2040 5182 2370 5248 honorabat,
2421 5182 2690 5237 minorem
2744 5183 2978 5238 alterum
3034 5184 3089 5238 in
3135 5184 3431 5256 despatica:

1855 5275 2135 5347 dignitatis
2164 5273 2472 5343 insignibus
2498 5272 2758 5330 educans.
2791 5275 2856 5328 At
2898 5274 3179 5332 Michaelis
3209 5279 3430 5345 quidem

1858 5379 2131 5435 supremae
2174 5365 2463 5433 potestatis
2504 5364 2920 5434 participatione
2972 5380 3098 5420 cum
3144 5378 3289 5422 certa
3337 5386 3432 5438 spe

1858 5456 2220 5514 successionis
2261 5456 2497 5510 ornandi
2553 5467 2744 5510 auctor
2796 5472 2932 5511 avus
2984 5458 3158 5526 ipsius
3206 5458 3436 5515 Michael

1860 5547 2066 5612 inerat,
2093 5548 2186 5617 qui
2221 5557 2341 5617 post
2376 5547 2686 5601 nuntiatam
2742 5547 2913 5602 Annae
2969 5563 3148 5603 nurus
3199 5564 3432 5606 mortem

1860 5639 2280 5694 aliiictissimum
2314 5655 2379 5693 eo
2415 5655 2544 5694 casu
2573 5638 2948 5694 Andronicum
2989 5657 3095 5695 non
3119 5656 3309 5712 parum
3341 5660 3431 5698 re-
3516 5632 3525 5641 ”

1863 5730 2280 5786 crcaveratlilio
2302 5731 2425 5800 ejus
2462 5730 2687 5801 parvulo
2713 5731 2818 5785 sibi
2878 5734 3192 5801 cognomini
3244 5732 3438 5790 confe-

1864 5823 2055 5880 rendis
2076 5823 2389 5896 insignibus
2414 5825 2652 5895 imperii,
2682 5825 3042 5895 eamdemque
3086 5836 3144 5882 ut
3175 5828 3443 5898 collegam
