4022 6564
498 348 605 417 103

1706 354 2025 418 GEORGII
2064 353 2547 416 PACHYMER/E

3630 349 3747 414 τοι

492 461 895 536 προερχόμενον
948 461 1015 515 ἐκ
1060 461 1270 533 Πατρδς
1326 461 1393 515 δι’
1431 461 1580 527 Υἰοῦ,
1637 463 1753 517 ἔστι
1786 463 1832 516 δ’
1865 456 1927 516 οῦ
1958 465 2054 517 καὶ
2082 467 2128 522 Α
2156 463 2341 530 ἆγιον;
2369 464 2481 534 Ούχ
2511 463 2817 517 ύπονοεῖται
2852 461 3073 532 Τριθεῖι
3126 460 3184 513 τὸ
3209 460 3573 528 συναγόμενον
3600 473 3619 523 ',
3655 452 3750 511 Οὐ

491 554 625 624 παρ’
654 554 816 617 ἐνίοις
864 552 974 607 τῶν
1010 554 1269 624 Πατέρων
1323 556 1781 625 ἐκπορευόμενον.
1810 556 1973 623 Λέγει
2001 555 2059 608 δὲ

490 644 588 699 καὶ
614 646 643 698 ό
673 643 846 713 μέγας
864 645 1219 714 Δαμασκηνὸς
1264 645 1521 715 Ἰωάννης
1560 665 1581 700 ι
1619 647 1714 701 καὶ
1760 645 2062 717 προσολεὺς

488 735 581 789 διὰ
607 736 780 802 Λόγου
807 736 1199 806 ἐκφαντορικοῦ
1226 736 1563 808 Πνεύματος.
1607 757 1627 792 ι
1663 738 1874 793 Ταυτδν
1910 737 1968 791 δέ
2000 738 2063 791 τὸ

489 827 824 896 κροόολεὺς
848 826 924 897 τῷ
949 826 1107 898 αἰτίῳ
1143 826 1507 898 γινώσκομεν.
1538 828 1723 883 Αἴτιον
1743 828 1838 883 οῦν
1860 829 1921 881 ού
1952 846 2058 897 φα-

492 936 596 989 μεν
621 919 712 972 τὸν
735 919 866 972 Υἰδν
893 919 987 971 ἐπὶ
1013 922 1080 990 τῇ
1115 920 1180 972 ἐκ
1209 920 1427 989 [ἰατρὸς
1472 921 1685 991 προόδῳ
1724 920 1809 994 [Ρ.
1840 921 1934 994 58]
1966 920 2060 974 τοῦ

492 1012 830 1084 Πνεύματος,
865 1009 989 1064 οὔτε
1030 1011 1136 1081 μὴν
1169 1011 1463 1076 συναίτιον,
1492 1010 1629 1064 ἀλλὰ
1653 1013 1746 1065 καὶ
1779 1011 2062 1081 ἀναθεμα-

488 1104 713 1171 τίζομεν
743 1103 838 1157 καὶ
864 1103 1290 1171 ἀποσαλλόμεθα
1310 1104 1406 1156 τὸν
1434 1102 1578 1156 οὓτω
1601 1104 1847 1172 λέγοντα.
1875 1102 1978 1157 Τὸν
2004 1102 2062 1156 δέ

491 1197 714 1267 Πατέρα
776 1193 950 1248 αἴτιον
987 1194 1057 1248 δι’
1099 1194 1232 1248 Υἰοῦ
1283 1195 1377 1247 τοῦ
1433 1194 1752 1264 Πνεῦματος
1808 1195 2060 1263 λέγομεν,

489 1285 722 1353 ἐπείπερ
755 1283 817 1338 τὸ
871 1283 1170 1353 προὸολεὺς
1218 1284 1299 1347 εἰς
1350 1284 1521 1336 αἰτιον
1572 1282 1999 1352 ἐκλαμϐάνεται.
2035 1300 2055 1333 ι

494 1395 515 1428 ι
549 1377 656 1431 Καὶ
682 1374 821 1438 πῶς,
845 1368 892 1429 ὧ
913 1369 1082 1438 οὗτοι,
1116 1392 1135 1425 ο
1173 1375 1340 1443 φησὶν
1362 1375 1389 1426 ό
1409 1374 1584 1441 μέγας
1603 1372 1914 1442 λογοθέτης,
1954 1390 1973 1424 t
2000 1373 2061 1425 ού

491 1470 697 1522 ποιεῖτε
721 1465 894 1519 αἴτιον
919 1466 1011 1519 τὸν
1040 1465 1167 1518 Υἰὸν
1199 1467 1292 1517 ἐπὶ
1317 1468 1383 1534 τῇ
1415 1466 1478 1516 ἐκ
1500 1465 1709 1535 Πιτρδς
1728 1465 1941 1535 προόδῳ
1966 1463 2062 1517 τοῦ

491 1559 829 1627 Πνεύματος,
864 1556 1097 1627 ἐπείπερ
1123 1557 1211 1611 διὰ
1242 1557 1403 1624 λόγου
1430 1557 1605 1609 αἴτιον
1631 1556 1944 1626 ὁμολογεῖτε
1972 1555 2064 1609 τδν

492 1651 714 1720 Πατέρα
740 1648 835 1702 τοῦ
863 1650 1211 1716 Πνεύματος;
1246 1649 1503 1701 Δείκνυτε
1532 1648 1641 1715 γὰρ
1677 1647 1735 1712 ἐξ
1753 1642 1827 1700 ὧν
1852 1647 2061 1714 λέγετε,

490 1740 569 1804 ὡς
604 1740 704 1794 οὐκ
738 1740 802 1793 ἂν
829 1740 857 1792 ό
892 1738 1079 1807 Πατὴρ
1137 1736 1411 1807 προύϐαλε
1463 1738 1711 1808 Πνεῦμα,
1741 1740 1788 1790 εἰ
1840 1736 1915 1808 μὴ
1938 1738 2062 1790 Υἰὸν

492 1829 712 1897 ἐγέννα.
743 1830 817 1883 Τδ
847 1828 891 1882 δ’
914 1830 1063 1883 ἐστὶν
1096 1829 1496 1899 ἐμφαινόμενον
1540 1830 1736 1884 αἴτιον.
1775 1847 1794 1881 ι
1837 1827 1978 1891 Τοὺς
2006 1829 2065 1882 δέ

495 1918 748 1984 θέλοντας
794 1919 1085 1988 ἐκφεύγειν
1132 1919 1193 1974 τδ
1228 1921 1627 1991 ὑπονοούμενον
1664 1920 1868 1974 ἄτοπον
1899 1923 2066 1988 φάναι

496 2011 574 2073 ὼς
604 2010 775 2064 πολλὰ
805 2013 896 2064 ἐπὶ
921 2011 1023 2080 τῆς
1050 2011 1324 2079 θεολογίας
1352 2012 1602 2079 λέγονται
1620 2011 1655 2066 ἃ
1677 2012 1742 2082 δὴ
1778 2011 1960 2082 μικρῷ
1993 2011 2070 2081 τῷ

498 2101 644 2172 λόγῳ
688 2102 762 2155 τὰ
811 2103 1020 2172 μεγάλα
1078 2102 1448 2172 σταθμώμενα
1487 2104 1816 2172 ἐμφαίνουσι
1847 2120 1900 2157 τι
1950 2107 2070 2166 ταῖς

497 2192 846 2263 χαμερπέσιν
869 2192 1102 2256 ἐννοίαις
1124 2196 1222 2246 καὶ
1246 2194 1449 2248 ἄτοπον
1476 2196 1614 2257 ὅλως
1635 2196 1730 2249 καὶ
1756 2195 1830 2266 μὴ
1863 2196 2071 2266 πρέπον

499 2284 641 2354 Θεῷ.
678 2302 698 2337 ι
738 2284 814 2337 Οὐ
844 2282 1094 2353 λέγομεν,
1123 2285 1343 2348 Τέλειος
1387 2285 1519 2349 Θεὸς
1545 2287 1574 2339 ό
1596 2287 1808 2357 Πατὴρ.
1838 2289 1954 2350 καὶ,
1973 2285 2074 2341 Τέ-

500 2375 643 2440 λειος
666 2376 798 2442 Θεὸς
831 2377 860 2430 ὁ
891 2376 1044 2441 Υἰδς,
1075 2377 1192 2443 καὶ,
1227 2376 1448 2442 Τέὶειος
1480 2376 1615 2448 Θεδς
1650 2377 1712 2431 τὸ
1739 2378 1966 2449 Πνεῦμα
2013 2379 2074 2432 τὺ

498 2557 882 2628 productorem
920 2570 1017 2624 per
1064 2554 1302 2610 Verbum
1350 2554 1699 2611 enuntiatorii
1725 2553 1979 2626 Spiritus.
2014 2553 2075 2610 ln

499 2663 635 2705 voce
681 2655 866 2702 autem
904 2646 1240 2716 ρνοιὴιςιονὶε
1284 2645 1538 2715 principii
1583 2647 1747 2700 activi
1795 2647 2073 2701 notionem

2162 544 2414 625 λέγομεν,
2452 555 2778 625 Ἐγέννησεν
2808 555 2835 606 ό
2871 554 3056 624 Πατὴρ
3083 552 3171 605 τδν
3204 553 3369 616 Υἰὸνς
3422 550 3536 604 Ούκ
3558 549 3744 617 ἀνα.ζῇ

2165 647 2403 716 Ἄρειος,
2429 644 2625 699 ἐννοῶν
2650 643 2816 714 ριπὴν
2846 643 3177 710 καᾫάτομον
3214 642 3410 713 χρόνου
3441 639 3607 709 μέσον
3633 637 3747 692 τοῦ

2161 737 2455 807 γεννῶντος
2487 736 2582 791 καὶ
2613 735 2707 788 τοῦ
2747 734 3112 803 γεννωμένους
3136 734 3299 787 Ἀλλὰ
3327 731 3387 787 τδ
3411 730 3749 802 βλάσφημον

2162 829 2571 899 άποφεύγομεν,
2605 826 2875 896 ἰστάμεθα
2901 825 2957 879 δὲ
2991 827 3088 880 καὶ
3126 825 3273 893 ὅροις
3301 824 3401 891 τῆς
3422 821 3746 883 εὐσεϐείας.

2162 923 2258 974 καὶ
2279 921 2340 973 τὸ
2367 918 2475 972 τῶν
2510 919 2745 988 Γραφῶν
2771 916 3163 986 ὁμολογοῦντες
3205 915 3302 968 καὶ
3326 914 3386 966 τὸ
3420 913 3751 981 κακεμφαῖ-

2163 1028 2252 1064 νον
2279 1012 2340 1066 οῦ
2393 1010 2849 1081 παραδεχόμενοι.
2900 1026 2921 1061 ι
2972 1007 3257 1060 Ἐντεῦθεν
3305 1006 3334 1058 δ
3379 1002 3749 1071 Μοσκάμπαρ

2161 1104 2456 1175 Γεώργιος.
2494 1102 2841 1174 χαρτοφύλαξ
2874 1101 2949 1155 ὣν
2980 1101 3078 1170 τῆς
3114 1098 3444 1167 Ἐκκλησίας
3474 1097 3618 1165 τότε,
3653 1094 3757 1147 νό-

2164 1197 2258 1250 θον
2283 1197 2435 1263 ἐλεγε
2472 1196 2533 1248 τὸ
2565 1195 2748 1264 ῥητόν.
2818 1193 2979 1246 Ἀλλὰ
3025 1192 3121 1246 καὶ
3155 1190 3293 1261 πρὸς
3324 1187 3535 1241 αῦτδνό
3564 1185 3754 1255 μέγας

2163 1285 2477 1355 λογοθέτης,
2537 1284 2667 1354 ἄγχι
2720 1287 2863 1351 σχὼν
2921 1281 3186 1352 κεφαλὴν,
3240 1280 3327 1333 ἰνα
3365 1278 3442 1349 μὴ
3477 1275 3756 1329 πυθοίατο

2163 1379 2336 1441 ἄλλοι,
2362 1395 2381 1428 ι
2414 1380 2520 1431 Καὶ
2550 1377 2684 1440 πῶς.
2710 1369 2754 1430 ὦ
2776 1368 2949 1438 οὗτος.
2980 1392 2999 1426 ο
3027 1375 3211 1442 φησὶν,
3242 1390 3262 1422 ι
3300 1368 3534 1441 ἰσχυρῶς
3556 1368 3756 1435 λέγειν

2163 1470 2390 1539 δόξομεν
2444 1469 2620 1529 οῦτως
2676 1465 3141 1535 ἀπολογούμενοι;
3193 1464 3348 1517 Ἐπεὶ
3378 1465 3436 1516 ἐν
3467 1464 3534 1532 τῇ
3571 1460 3754 1530 βίϐλῳ

2163 1562 2259 1630 τῆς
2279 1561 2431 1629 ἱερᾶς
2472 1558 2821 1627 Ὀπλοθήκης
2852 1556 2997 1609 κατὰ
3022 1555 3174 1627 ῥῆμα
3195 1556 3367 1608 κεῖται
3397 1551 3458 1605 τὸ
3482 1552 3645 1623 ῥητὸν
3666 1550 3757 1613 ὡς

2163 1651 2323 1718 ἁγίου
2360 1650 2523 1721 ῥητὸν
2553 1651 2647 1703 καὶ
2697 1648 2791 1701 τοῦ
2824 1647 3061 1717 μεγάλου
3090 1643 3481 1715 Δαμασκηνοῦ.
3513 1662 3532 1695 ι
3575 1641 3757 1697 Ἀλλὰ

2164 1743 2375 1811 τρανῶς
2400 1742 2534 1811 πρὸς
2562 1741 2688 1802 τοὺς
2719 1738 3098 1805 ἀντιλέγοντας
3128 1736 3312 1803 ἐλεγεν
3347 1733 3420 1798 ὡς
3459 1752 3477 1785 t
3501 1734 3755 1802 Δέχομαι

2173 1836 2273 1906 μὲν
2305 1833 2364 1886 τὸ
2392 1834 2556 1902 ῥητὸν
2606 1832 2762 1899 ἁγίου
2812 1826 2975 1892 εἶναι,
3010 1827 3154 1895 πλὴν
3197 1828 3295 1897 οὐχ
3324 1827 3645 1897 ὁμολογήσω
3684 1823 3757 1875 τὸ

2169 1925 2393 1995 Πνεῦμα
2430 1924 2517 1977 διὰ
2569 1924 2741 1991 Λόγου
2798 1939 2857 1975 τε
2895 1922 2988 1974 καὶ
3041 1921 3170 1973 Υίοῦ
3200 1920 3298 1989 τὴν
3319 1918 3503 1971 αἰτίαν
3554 1918 3618 1969 ἐκ
3646 1914 3753 1966 τοῦ

2173 2020 2405 2088 Πατρός.
2431 2017 2586 2071 Οῦτω
2635 2016 2860 2085 γὰρκαὶ
2898 2011 3360 2081 παραϐολώτερον
3390 2010 3601 2078 εἴποιμι
3635 2007 3760 2059 τῶν

2173 2113 2235 2162 ἐκ
2262 2107 2475 2178 Πατρδς
2506 2106 2601 2159 καὶ
2637 2105 2766 2158 Υίοῦ
2817 2102 3083 2169 λεγόντων
3111 2103 3169 2154 τί)
3205 2101 3434 2171 Πνεῦμα
3472 2099 3533 2151 τὸ
3589 2100 3760 2165 ἅγιον

2171 2199 2589 2271 ἐκπορεύεσθαι,
2625 2198 2757 2267 παρ’
2787 2197 2912 2249 ὅσον
2936 2197 3051 2249 ἐκνι
3086 2196 3186 2266 μὲν
3213 2194 3315 2263 τῆς
3349 2193 3522 2261 αὐτῆς
3550 2191 3763 2261 προθέ-

2175 2308 2312 2353 σεως
2344 2288 2433 2342 ἐπ’
2465 2290 2588 2358 ἴσης
2621 2287 2878 2356 κειμένης
2907 2286 3002 2339 καὶ
3031 2290 3141 2347 τοῖς
3172 2287 3321 2351 δυσὶ,
3344 2283 3448 2337 κᾶν
3479 2284 3625 2337 κατὰ
3646 2282 3760 2346 τὴν

2177 2381 2450 2452 ἰσοτιμίαν
2500 2379 2587 2452 [Ρ.
2623 2378 2718 2451 59]
2769 2379 2879 2432 τῶν
2932 2378 3307 2440 ὑποστάσεων,
3329 2377 3391 2430 τὸ
3413 2377 3609 2430 ταυτὸν
3635 2373 3761 2426 τῶν

2177 2561 2353 2632 sequi,
2377 2559 2727 2629 repudiamus
2751 2571 2817 2611 ac
2856 2554 3188 2624 repellimus.
3220 2573 3240 2606 ι
3278 2552 3379 2609 Hic
3409 2553 3763 2620 Moscampar

2177 2650 2468 2718 Georgius,
2494 2648 2586 2717 qui
2615 2657 2746 2701 tunc
2760 2654 2877 2702 erat
2900 2644 3157 2700 Ecclesia:
3174 2645 3589 2714 chartophylax,
3623 2659 3771 2711 spu-

501 2738 875 2808 agnoscimus.
908 2734 1144 2789 Causam
1173 2735 1337 2805 igitur
1377 2749 1486 2789 non
1511 2734 1748 2791 dicimus
1790 2735 1992 2790 Filium
2022 2737 2077 2790 in
2181 2743 2320 2797 rium
2345 2752 2398 2795 et
2428 2738 2839 2809 supposititium
2867 2752 2992 2792 esse
3023 2735 3314 2790 aﬂirmavit
3350 2736 3494 2790 istud
3524 2735 3770 2789 attribu-

500 2844 600 2886 sua
632 2846 701 2885 ex
734 2828 896 2882 Patre
933 2827 1283 2897 processione
1308 2825 1483 2882 sancti
1514 2826 1777 2896 Spiritus,
1809 2843 1874 2883 ac
1903 2844 2080 2899 neque
2184 2844 2296 2887 tum
2334 2831 2688 2886 Damascenio
2726 2829 3123 2884 testimonium.
3153 2828 3351 2882 Verum
3384 2830 3452 2881 ad
3485 2826 3609 2905 ejus
3654 2842 3770 2879 au-

498 2934 872 2977 concausam:
905 2920 1035 2989 quin
1072 2927 1126 2972 et
1156 2919 1683 2974 anathematizamus
1728 2928 1782 2973 et
1803 2919 2081 2988 rejicimus
2181 2940 2295 2978 rem
2361 2924 2537 2991 capite
2591 2922 2839 2990 proxime
2910 2919 3154 2985 admoto,
3208 2935 3274 2974 ne
3324 2917 3417 2972 alii
3463 2919 3769 2981 audirent,

496 3013 583 3068 sic
605 2999 914 3081 loquentem
938 3028 954 3075 ;
979 3010 1075 3066 sed
1102 3009 1313 3064 Patrem
1331 3024 1553 3065 causam
1574 3026 1671 3080 per
1688 3009 1883 3063 Filium
1903 3011 2079 3065 sancti
2191 3028 2423 3081 magnus
2451 3011 2729 3081 logotheta
2758 3011 3124 3064 insusurrarit
3150 3027 3164 3063 :
3187 3029 3206 3060 ι
3232 3007 3292 3061 Et
3316 3009 3616 3076 quomodo,
3643 3008 3771 3062 »ἰη-

499 3105 737 3176 Spiritus
764 3103 1477 3173 dicimus,quandoquidem
1500 3104 1766 3158 vocabulo
1786 3104 2083 3174 προδολεύς
2113 3113 2155 3168 C
2190 3106 2407 3172 quiens,
2441 3121 2460 3153 ι
2508 3101 2751 3171 proferre
2785 3101 2850 3154 ad
2880 3100 3239 3155 evincende
3272 3100 3511 3155 efﬁcacia
3543 3099 3733 3154 vidcbi

502 3195 798 3266 productor
844 3192 1097 3264 principii
1134 3192 1297 3246 activi
1327 3192 1666 3260 signiﬁcatus
1698 3191 1905 3245 subest.
1951 3210 1971 3243 ι
2013 3222 2080 3232 -
2186 3210 2335 3254 mur.
2359 3204 2465 3246 tam
2500 3193 2714 3245 iniirma
2766 3190 3080 3246 defensione
3131 3192 3385 3246 utentes?
3413 3192 3774 3260 quandoqui-

507 3306 528 3338 ι
571 3285 643 3341 Et
664 3286 961 3355 quomodo,
994 3281 1129 3338 heus
1149 3298 1265 3346 vos,
1294 3298 1401 3337 non
1432 3282 1612 3337 facitis
1642 3281 1839 3336 Filium
1870 3284 1923 3336 in
1954 3297 2084 3352 pro«
2185 3285 2308 3338 dem
2337 3285 2442 3337 hoc
2466 3283 2667 3335 dictum
2702 3298 2728 3333 a
2760 3294 2810 3335 te
2840 3283 3100 3349 reiectum
3148 3290 3208 3337 ut
3240 3284 3643 3353 apocryphum,
3679 3283 3771 3338 di-

501 3376 758 3432 cessione
787 3390 855 3430 ex
887 3374 1047 3428 Patre
1077 3389 1306 3429 causam
1338 3373 1517 3429 sancti
1550 3374 1814 3442 Spiritus,
1839 3376 2087 3441 quando-
2186 3381 2332 3429 scrte
2363 3387 2427 3425 ac
2456 3370 2679 3441 syllabis
2716 3371 2939 3423 totidem
2971 3379 3148 3424 exstat
3185 3370 3239 3424 in
3270 3386 3427 3426 sacra
3461 3371 3774 3440 lloplothc-

502 3467 721 3534 quidem
746 3481 844 3535 per
866 3465 1103 3519 Verbum
1123 3479 1343 3520 causam
1363 3465 1483 3534 ejus
1502 3464 1829 3533 proﬁtemini
1849 3462 2089 3518 Patrem?
2186 3480 2273 3529 ca,
2305 3464 2469 3526 libro,
2497 3471 2555 3517 ut
2591 3462 2721 3522 scis,
2746 3461 3089 3517 auctoritatis
3106 3462 3257 3517 omni
3277 3464 3606 3532 exceptione
3644 3479 3776 3517 ma-

498 3553 802 3610 Ostenditis
830 3554 975 3609 enim
1005 3569 1070 3608 ex
1120 3553 1206 3608 his
1248 3570 1370 3625 qua:
1413 3554 1624 3617 dicitis,
1651 3553 2076 3624 haudquaquam

2183 3556 2342 3628 joris,
2376 3553 2633 3623 adjuncto
2662 3554 2825 3607 etiam
2874 3554 3022 3607 clare
3072 3555 3293 3608 nomine
3345 3555 3528 3622 magni
3570 3556 3777 3610 Dama.

503 3645 748 3699 futurum
786 3643 954 3700 fuisse.
984 3654 1043 3698 ut
1075 3645 1235 3700 Pater
1286 3646 1611 3715 produceret
1664 3643 1927 3714 Spiritum
1964 3661 2092 3698 san-
2188 3647 2359 3710 sceni,
2386 3646 2505 3713 ejus
2535 3644 2798 3699 auctoris.
2830 3662 2849 3695 ο
2880 3643 3096 3710 Quibus
3145 3644 3418 3699 submisse
3442 3648 3779 3700 immurmu-

500 3746 678 3804 ctum,
703 3737 807 3792 nisi
836 3748 1119 3806 generaret
1149 3736 1371 3802 Filium,
1402 3754 1469 3792 ex
1499 3754 1610 3808 quo
1643 3747 1869 3807 apparet
1902 3753 2087 3791 veram
2195 3739 2351 3799 ratis.
2412 3736 2623 3792 sublata
2668 3735 2781 3805 jam
2838 3750 2969 3790 voce
3020 3735 3438 3791 archidiaconos
3490 3737 3776 3807 logotheta

505 3839 689 3881 causa
717 3824 1101 3894 proprietatem
1131 3824 1267 3879 Filio
1293 3825 1588 3878 convenire
1610 3835 1862 3892 respectu
1902 3823 2090 3892 Spiri°
2194 3830 2418 3884 intuens
2455 3846 2468 3880 :
2498 3846 2517 3881 ι
2542 3827 2807 3892 Admitto,
2827 3827 2923 3893 ait,
2949 3828 3346 3893 testimonium,
3365 3839 3419 3884 et
3444 3831 3622 3885 sancti
3644 3846 3778 3884 esse

506 3927 623 3973 tus.
662 3936 682 3969 ι
732 3916 812 3970 Ad
845 3930 908 3971 ea
958 3915 1033 3969 illi
1059 3915 1262 3969 vitandi
1296 3915 1518 3970 absurdi
1553 3915 1695 3982 quod
1752 3914 2091 3968 inferebatur
2187 3935 2315 3975 vere
2340 3918 2664 3972 Damasceni
2704 3933 2943 3987 agnosco
2975 3936 2989 3974 :
3020 3928 3277 3973 cancrum
3309 3936 3417 3974 non
3474 3922 3776 3976 assentiar

506 4009 653 4063 hanc
686 4007 948 4062 rationem
980 4007 1170 4060 iniere.
1215 4005 1482 4059 Dixerunt
1514 4006 1681 4059 multa
1727 4019 1850 4059 esse
1882 4004 1991 4074 92
2036 4006 2088 4058 in
2193 4011 2453 4082 Spiritum
2485 4025 2583 4079 per
2612 4008 2850 4063 Verbum
2883 4019 2934 4064 et
2968 4008 3167 4064 Filium
3204 4011 3473 4081 originem
3505 4028 3572 4067 ex
3609 4011 3784 4067 Pa're

517 4108 633 4154 tota
662 4097 1027 4167 explicatione
1058 4096 1255 4150 ditium
1283 4095 1590 4159 Trinitatis.
1619 4111 1739 4165 quis
1761 4097 1804 4150 si
1829 4096 1953 4163 quis
1982 4110 2097 4150 ωε·
2190 4104 2428 4159 trahere:
2460 4101 2542 4157 sic
2573 4101 2717 4154 enim
2746 4100 2934 4155 dicens
2983 4102 3246 4157 audacius
3289 4104 3549 4171 loquerer
3602 4119 3777 4173 quam

508 4192 679 4246 tiatur
709 4197 938 4255 angusto
983 4186 1206 4241 modulo
1260 4185 1487 4240 rationis
1513 4185 1780 4241 naturalis
1807 4195 1863 4240 et
1908 4186 1975 4240 ad
2017 4186 2089 4239 li-
2191 4191 2229 4246 ii
2255 4192 2348 4261 qui
2383 4189 2652 4245 aﬂirmant
2681 4203 2750 4243 ex
2779 4188 2943 4244 Patre
2989 4199 3045 4244 et
3097 4186 3237 4245 Filio
3276 4202 3536 4247 sanctum
3597 4193 3785 4262 Spir-io

512 4283 667 4336 bram
694 4277 992 4342 exiguitate
1019 4290 1119 4330 sua
1144 4286 1253 4329 tam
1288 4275 1503 4347 magnis
1524 4276 1687 4331 rebus
1719 4276 2094 4345 ponderandis
2195 4295 2308 4336 tum
2356 4280 2669 4352 procedere,
2700 4280 2960 4350 quoniam
3009 4283 3064 4334 in
3096 4281 3203 4337 hoc
3263 4282 3587 4340 Latinorum
3622 4286 3781 4339 dicto

456 4418 459 4419 ν
511 4373 774 4441 imparem
799 4364 2093 4436 examinet,utiqueapparenterinl'erantabsur,
2195 4373 2303 4443 93
2331 4371 2644 4427 communia
2686 4369 3090 4439 praepositionis
3118 4387 3185 4427 ea:
3236 4375 3445 4442 pariter
3493 4375 3777 4445 adaptatze

511 4464 644 4518 dum
665 4469 720 4514 ct
753 4456 922 4512 Deum
946 4455 1215 4511 dedecens
1253 4455 1529 4525 quidpiam
1558 4474 1574 4511 :
1613 4474 1631 4506 ι
1673 4455 1754 4511 An
1794 4470 1903 4509 non
1935 4454 2080 4509 enim
2123 4457 2168 4512 D
2195 4459 2340 4513 l’atii
2370 4457 2620 4526 Filioque
2656 4456 2722 4510 ad
2749 4456 3114 4526 aequalitatem
3142 4460 3503 4528 hypostasum
3540 4463 3686 4516 inter
3716 4479 3784 4517 se

511 4549 744 4619 exempli
774 4546 949 4619 gratia
980 4546 1212 4602 dicimus
1248 4563 1264 4601 :
1305 4546 1467 4601 Pater
1497 4554 1581 4601 est
1616 4545 1887 4614 perfectus
1926 4543 2090 4603 Deus.
2195 4549 2543 4603 astruendam
2575 4546 2749 4614 magis
2770 4548 3072 4614 quadrans,
3104 4549 3351 4603 audacia:
3381 4551 3648 4606 invidiam
3670 4552 3783 4607 nisi

517 4641 690 4696 riuus
712 4639 839 4692 item
859 4636 1132 4707 perfectus
1172 4633 1589 4704 Deus,Spiritus
1629 4650 1846 4704 quoque
1870 4643 2095 4688 sanctus
2195 4641 2356 4707 plane
2401 4636 2581 4697 diluit,
2614 4635 2861 4689 emollire
2914 4645 3062 4690 certe
3114 4639 3413 4705 plurimum
3469 4650 3673 4710 potest.
3716 4644 3762 4698 li

515 4742 573 4786 et
597 4733 714 4800 ipse
727 4725 1002 4798 perfectus
1023 4725 1162 4780 Deus
1180 4726 1204 4777 τ
1222 4725 1371 4780 Unde
1396 4726 1519 4794 quis
1538 4740 1646 4780 non
1676 4725 1819 4778 videt
1837 4737 2096 4793 apparere

520 4815 867 4873 inferendam
907 4813 1422 4882 admittendamque,
1459 4828 1623 4883 quam
1672 4823 1853 4867 tamen
1888 4813 2099 4879 respui-

519 4926 665 4970 mus.
682 4908 909 4963 deorum
928 4902 1244 4959 Trinitatem
1262 4905 1282 4958 ?
1301 4904 1560 4959 Similiter
1570 4919 1694 4958 cum
1714 4905 1948 4958 dicimus
1967 4900 2099 4956 :Ge-

518 5004 638 5058 nuit
671 5000 833 5054 Pater
864 4996 1084 5060 Filium,
1116 5011 1295 5050 nonne
1318 4998 1561 5052 videmur
1591 4998 1720 5049 dare
1748 4995 1876 5047 Ario
1906 5008 2095 5048 ansam

519 5091 829 5151 atlirmandi
856 5086 1236 5144 intercessisse
1254 5097 1585 5142 momentum
1604 5085 1820 5155 aliquod
1848 5094 1943 5137 aut
1960 5099 2097 5153 pun-

514 5200 666 5244 ctum
687 5182 949 5253 temporis
963 5179 1200 5235 medium
1232 5176 1371 5232 inter
1387 5189 1730 5249 generantem
1748 5184 1804 5231 et
1817 5175 2059 5246 genitum
2079 5175 2101 5228 ἰ

515 5283 717 5338 Verum
750 5281 856 5333 hoc
892 5288 1150 5344 tanquam
1178 5272 1551 5341 blaSpbemum
1603 5285 1946 5333 aversamur,
1972 5284 2098 5322 cum

517 5368 653 5423 illud
685 5365 831 5420 unde
874 5365 928 5418 in
963 5363 1196 5433 speciem
1224 5360 1594 5429 consequitur,
1621 5368 1881 5429 tanquam
1904 5358 2100 5412 ortboo

519 5461 725 5515 doxum
750 5467 1056 5510 teneamus.
1073 5451 1165 5508 Sic
1185 5451 1351 5521 igitur
1377 5451 1427 5504 in
1452 5452 1702 5522 praesenti
1725 5465 1940 5520 quoque
1968 5463 2101 5502 con-

520 5549 788 5604 troversia
819 5547 1074 5611 iacimus,
1107 5555 1313 5600 stantes
1349 5544 1484 5596 intra
1515 5543 1779 5596 terminos
1802 5540 2099 5621 religionis,

515 5655 568 5699 et
591 5642 905 5713 profitentes
921 5641 1138 5709 quidem
1163 5636 1309 5707 quod
1328 5636 1524 5690 diserte
1543 5632 1756 5700 scriptis
1770 5632 2102 5684 authenticis

514 5727 835 5801 expressum
866 5731 1181 5787 cernimus:
1213 5727 1354 5799 quod
1378 5742 1443 5781 ex
1479 5725 1541 5778 iis
1570 5724 1782 5778 videtur
1800 5721 2097 5775 absurdum

2196 4731 2301 4783 alia
2334 4742 2463 4782 vero
2504 4725 2777 4781 sententia
2806 4726 2935 4779 dum
2984 4725 3223 4795 Spiritus
3248 4743 3313 4782 ex
3350 4729 3518 4787 Patre
3552 4751 3646 4803 per
3676 4731 3782 4790 ιη-

2196 4819 2330 4871 lium
2367 4818 2636 4870 asseritur
2668 4815 2984 4884 procedere,
3027 4817 3116 4870 illa
3153 4819 3453 4875 diversitas
3512 4826 3787 4891 praeposi-

2198 4908 2406 4960 ti:mum
2430 4904 2575 4957 Patri
2606 4902 2855 4971 Filioque
2886 4909 3429 4963 accommodatarum
3457 4914 3780 4980 emphasim

2201 4997 2386 5051 nescio
2416 5010 2582 5063 quam
2646 4995 2905 5048 ahsonarn
2964 4995 3287 5052 diﬂ'eretitiae
3343 5003 3626 5057 immiscet
3683 5008 3787 5060 uni

2200 5086 2557 5155 simplicique
2587 5086 2929 5153 processioni
2954 5087 3129 5141 sancti
3164 5088 3408 5156 Spiritus
3462 5107 3531 5147 ex
3585 5092 3788 5149 thear—

2197 5175 2802 5244 chicishypostasihus,
2838 5176 2985 5230 velut
3025 5178 3389 5236 subiudicans
3448 5184 3599 5237 aliud
3658 5200 3790 5242 esse

2199 5266 2372 5322 sancti
2398 5264 2635 5334 Spiritus
2682 5266 3006 5335 principium
3035 5270 3297 5334 activum,
3350 5271 3598 5341 Patrem,
3630 5278 3786 5332 aliud

2199 5358 2444 5425 ejusdem
2482 5354 2809 5421 principium
2873 5357 3135 5423 activum,
3191 5359 3434 5429 Filium;
3487 5382 3602 5435 quo
3647 5369 3789 5436 quid

2203 5448 2358 5516 pejus
2400 5444 2878 5513 danmabtliusque
2908 5446 3014 5499 dici
3087 5452 3309 5517 potest?
3381 5473 3401 5505 ι
3443 5456 3536 5511 Sic
3584 5472 3794 5528 magno

2204 5536 2484 5608 lugnthcta
2543 5535 2748 5598 locuto,
2801 5546 2856 5588 et
2909 5538 3092 5593 valide
3143 5556 3209 5596 ac
3260 5544 3699 5603 ineluctabiliter
3760 5552 3792 5604 a

2204 5625 2420 5681 cunctis
2460 5624 2774 5677 existimato
2815 5626 3151 5694 disputasse,
3209 5637 3591 5692 archidiaconi
3651 5643 3793 5695 nn,”

2206 5715 2349 5787 quod
2412 5723 2602 5768 contra
2683 5718 3014 5769 sententiam
3078 5721 3357 5777 hiscerettt
3412 5728 3673 5783 idomum
3737 5735 3791 5786 in
