4022 6544
353 368 458 435 105

1267 363 1365 434 DE
1406 363 1843 436 ANDRONICO
1878 362 2348 434 PALEOLOGO
2389 361 2536 434 uti.
2589 376 2609 432 [

3453 378 3470 435 l
3501 375 3548 430 'ii

339 494 656 562 προθέσεων
689 490 940 560 κείμενον
971 491 1030 542 τὸ
1058 491 1259 561 dvrqu
1289 496 1381 562 τῆε
1409 495 1615 562 τόλμης
1639 494 1900 562 ἀμηγέπη
1933 497 1975 549 Α
2006 493 2491 560 ἁπεμφαίνουσπη
2537 512 2554 542 ι
2592 491 2756 546 Ταῦτ’
2792 489 3036 551 εἰπόντος
3062 491 3154 543 τοῦ
3203 491 3568 561 πατριάρχου.

340 584 588 648 πέφυκεν
627 583 888 644 ἐπιλύειν,
919 582 1150 635 ἐνταῦθα
1186 585 1238 634 δὲ
1274 586 1331 635 τὸ
1365 585 1622 652 διάφορον
1643 583 1747 634 τῶν
1773 598 1905 650 προ.

340 674 568 729 θέσεων.
598 674 854 744 διάφορον
882 676 977 728 καὶ
1010 675 1107 744 τὴν
1141 677 1350 728 ἔννοιαν
1398 678 1494 744 τῆς
1523 677 1716 738 λέξεως
1743 677 1906 742 ἐργα-

339 765 594 832 ζόμενον,
647 767 910 835 διαφορὰν
964 769 1308 836 παραστήσει
1373 767 1635 836 μεγίστην
1687 767 1776 818 ἐπὶ
1808 766 1903 834 τῆς

335 857 509 924 αὐτῆς
534 856 626 908 καὶ
656 857 788 924 μιᾶς
818 857 1048 927 προόδου
1081 857 1172 910 τοῦ
1203 857 1518 926 Πνεῦμα-ξος
1546 857 1652 908 τῶν
1684 855 1901 927 οεαρχι-

337 946 453 996 κῶν
486 947 859 1010 ὑποστάσεων,
907 948 982 1008 ὼς
1036 948 1202 1018 ἄλλην
1260 950 1358 1018 μὲν
1411 949 1588 1002 αἰτίαν
1635 945 1775 1002 εἶναι
1815 949 1904 1000 τὸν

337 1035 586 1105 Πατέρα,
610 1037 780 1106 ἄλλην
795 1039 851 1090 δὲ
871 1039 960 1090 τὸν
984 1037 1126 1104 Υίδν,
1142 1031 1202 1092 οὗ
1224 1039 1276 1091 τί
1305 1038 1369 1091 ἂν
1389 1040 1473 1107 εἴη
1497 1039 1555 1090 τὸ
1574 1038 1864 1106 χείριστον;
1879 1057 1898 1090 ι

335 1126 530 1188 Οῦτως
585 1127 830 1188 εἰπόντος
869 1130 963 1180 καὶ
998 1129 1196 1198 ἰσχυρὰ
1245 1129 1386 1181 πάνυ
1429 1129 1679 1192 δόξαντος
1707 1127 1904 1194 λέγειν,

333 1215 582 1276 ἐκείνους
641 1218 715 1284 μὴ
749 1216 1080 1284 δυναμένους
1128 1215 1510 1282 ἀπολογεῖσθαι
1548 1217 1680 1284 πρὸς
1730 1216 1907 1269 ταῦτα

337 1304 503 1371 μόνον
531 1303 729 1371 λέγειν,
753 1324 770 1355 ι
797 1306 906 1358 Kal.
927 1305 979 1357 τί
1006 1304 1144 1374 πρὸς
1165 1306 1309 1374 ἡμᾶς
1335 1305 1516 1372 λέγεις
1539 1305 1709 1358 ταῦτα
1731 1325 1745 1371 ;
1767 1305 1906 1371 Λέγε

335 1398 475 1467 πρὸς
506 1399 596 1450 τὸν
624 1398 881 1452 εἰπόντα⁶
944 1398 1038 1452 καὶ
1087 1399 1134 1449 εί
1170 1397 1266 1467 μὲν
1310 1399 1634 1463 κενοφωνεῖν
1677 1397 1778 1451 οἴει
1815 1398 1906 1451 τὸν

334 1488 722 1557 Δαμασκόθεν,
763 1491 812 1541 εἰ
844 1489 898 1541 δὲ
934 1489 1022 1541 τὸν
1055 1489 1212 1556 λόγον
1243 1487 1396 1558 δέχῃ,
1425 1487 1514 1540 ἵνα
1545 1487 1596 1540 τί
1643 1490 1805 1558 ἡμεῖς
1847 1491 1905 1540 ἐν

332 1583 552 1649 αἱρέσει
583 1580 1061 1650 κατηγορούμεοα,
1089 1583 1135 1632 εἰ
1159 1579 1332 1632 ταυτὰ
1356 1596 1440 1630 σοι
1477 1580 1790 1648 πράττομεν
1814 1582 1908 1632 καὶ

332 1673 618 1740 τὸνλόγον
667 1675 760 1724 καὶ
809 1673 960 1724 αὐτοὶ
987 1672 1062 1734 ὡς
1101 1671 1255 1736 ἁγίου
1303 1671 1461 1737 λόγον
1510 1670 1786 1739 τιμῶμενς
1839 1697 1909 1709 -

334 1761 488 1831 Τιμᾷ
558 1780 644 1824 τις
705 1763 765 1812 τὸ
829 1762 970 1829 ιερον
1039 1759 1388 1826 Εὑαγγέλεον,
1461 1759 1488 1808 6
1563 1758 1907 1827 πατριάρχης

2013 586 2106 635 καὶ
2141 583 2286 650 μάλα
2314 584 2575 650 γενναίως
2598 583 2903 646 ἐνστάντος,
2934 584 3130 634 ἐκεῖνοι
3157 582 3290 651 πρὸς
3320 583 3380 634 τδ
3399 583 3577 634 δεῦτε*

2014 694 2104 745 ρον
2144 678 2508 744 ἁτονήσαντες
2540 676 2675 744 πρὸς
2709 676 2770 728 τὸ
2791 675 3006 743 πρῶτον
3045 675 3427 742 ἀπελογοῦντο,
3459 693 3477 724 ι
3505 676 3576 725 Τὸ

2013 767 2112 834 μὲν
2134 765 2226 819 τοῦ
2253 767 2584 832 Εὑαγγελίου
2610 768 2791 836 ῥητὸν,
2817 761 2862 820 ὦ
2889 769 3008 832 τᾶν,
3048 786 3066 818 t
3099 767 3370 834 λέγοντες,
3397 785 3416 818 ι
3440 765 3575 819 ἰδία-ι

2013 856 2124 926 ἔχει
2159 859 2310 926 παρὰ
2360 859 2466 910 τῶν
2527 859 2783 928 Πατέρων
2818 861 2916 928 τὴν
2947 859 3208 927 ἐξήγησιν
3239 861 3574 928 πρόσφορον,

2014 949 2107 999 καὶ
2167 947 2335 1009 κακὸς
2377 949 2590 1009 πίντως
2619 951 2646 1002 6
2703 951 2778 1019 μὴ
2838 949 3044 1019 ταύτην
3072 949 3360 1019 δεχόμενος
3385 967 3399 981 ο
3430 955 3491 1002 τὸ
3519 951 3572 1002 δδ

2013 1037 2375 1105 προκείμενον
2432 1037 2591 1090 τοῦτο
2655 1039 2818 1107 ῥητὸν
2852 1040 2909 1104 ἐξ
2941 1040 3184 1109 ἀνάγκης
3236 1043 3570 1108 σημαντικὸν

2012 1127 2218 1188 ἐννοίας
2251 1129 2386 1181 ὲστί.
2445 1129 2664 1182 Δεξκνυε
2716 1131 3008 1200 τοιγαροῦν
3036 1133 3136 1200 τὴν
3158 1128 3438 1202 ἐξήγησιν,
3481 1139 3571 1184 καὶ

2013 1219 2169 1288 ἡμεῖς
2199 1217 2460 1287 ἑψόμεθα.
2519 1219 2581 1272 Et
2624 1220 2668 1272 δ’
2717 1216 2831 1281 οὖν,
2884 1221 3019 1274 ἀλλὰ
3051 1221 3114 1273 σὺ
3145 1222 3292 1284 λέγε,
3327 1222 3451 1273 ἐπεὶ
3476 1224 3576 1288 τὴν

2013 1309 2286 1378 ἡμετέραν
2314 1309 2374 1360 οὐ
2402 1309 2816 1379 παραδέχῃ,καὶ
2836 1310 3202 1378 ἀκουσόμεθα.
3235 1329 3253 1362 ι
3282 1341 3350 1350 —-—
3373 1311 3577 1362 «Ἐκείο

2012 1409 2091 1445 νοι
2124 1392 2206 1463 [Ρ.
2237 1393 2329 1464 60]
2354 1395 2413 1447 τὸ
2445 1396 2632 1465 ῥητὸν,
2671 1414 2690 1448 ι
2727 1398 2892 1464 φησὶν
2931 1399 2959 1450 6
2996 1398 3362 1467 πατριάρχης,
3403 1417 3420 1449 ι
3460 1397 3579 1465 ἑξη-

2013 1482 2254 1548 γοῦνται,
2291 1481 2339 1536 οἳ
2369 1485 2431 1554 δὴ
2473 1487 2536 1538 ἐκ
2573 1481 2782 1555 Πατρός
2817 1504 2949 1555 φασι
2977 1489 3037 1540 τὸ
3074 1489 3293 1556 Πνεῦμα
3333 1492 3391 1542 τὸ
3426 1492 3578 1557 ἅγιον

2012 1573 2431 1642 ἐκπορεύεσθαι.
2467 1595 2484 1627 ι
2535 1607 2602 1617 -
2653 1595 2671 1627 ι
2713 1579 2821 1630 Kal.
2859 1577 2938 1639 τίς
2995 1579 3053 1630 οὐ
3106 1583 3296 1649 φρονεῖ
3324 1579 3516 1645 τοῦτος
3553 1604 3569 1631 ι

2013 1666 2197 1731 φασίν.
2240 1683 2259 1715 ι
2301 1665 2471 1720 Τοῦτο
2517 1670 2613 1720 καὶ
2662 1671 2794 1738 ἡμῖν
2845 1670 3130 1746 ἀγαπητὸν
3185 1671 3278 1723 καὶ
3304 1675 3577 1741 σωτηρίας

2016 1757 2188 1819 ἐλπίς.
2227 1777 2244 1810 ι
2272 1785 2342 1795 --
2378 1777 2395 1808 ι
2440 1759 2549 1811 Καὶ
2584 1758 2873 1829 εἱόἐχεσοε
2902 1759 3081 1823 τοῦτο,
3123 1779 3139 1810 ι
3170 1763 3197 1813 ό
3232 1763 3406 1830 μέγας
3427 1764 3579 1830 λογοο

334 1859 493 1919 φησι,
563 1853 738 1919 λέγων
796 1851 1016 1921 μείζονα
1044 1848 1141 1902 τοῦ
1177 1849 1306 1902 Υἱοῦ
1329 1849 1420 1900 τὸν
1462 1848 1701 1918 Πατέρα.
1762 1848 1901 1900 Ἀλλ’
1937 1839 1981 1897 Β
2015 1845 2175 1916 Θέτης
2193 1849 2344 1918 φησὶ,
2373 1869 2390 1900 ι
2419 1850 2662 1903 τίέκεῐνο
2681 1851 3079 1922 προὸἀλλεσοες
3112 1853 3579 1924 ι-ιὊτικαιρὸς

333 1945 434 2012 οὐχ
459 1942 644 1995 ἱκανὸν
667 1942 826 1994 τοῦτο
847 1941 939 1994 καὶ
962 1941 1142 2009 μόνον,
1167 1941 1214 1991 εἰ
1243 1939 1318 2008 μὴ
1342 1940 1436 1990 καὶ
1459 1937 1635 2006 ὀρθῶς
1661 1937 1903 2005 ἐξηγοῖτο

334 2035 396 2084 το
425 2033 819 2102 οεοπαράδοτον
847 2031 1045 2098 λόγιον.
1081 2029 1148 2082 Τί
1176 2029 1308 2096 γοῦν
1339 2031 1386 2081 εἰ
1433 2030 1526 2080 καὶ
1555 2027 1711 2096 ὑμεῖς
1758 2029 1905 2096 δεχό-

335 2140 490 2189 μενοι
517 2123 576 2174 τὸ
599 2122 760 2191 ῥητὸν
784 2118 1101 2190 στρεϐλοῦτε
1130 2117 1224 2188 τὴν
1253 2115 1574 2191 ὑπονόησινλ
1607 2115 1812 2176 Ἀλλως
1843 2133 1900 2166 τε

334 2213 386 2265 δὲ
421 2212 515 2264 καὶ
537 2190 890 2280 ἁλληλένδετά
928 2211 1034 2261 είσι
1061 2207 1130 2260 τὰ
1161 2207 1270 2260 τῶν
1302 2190 1649 2276 ἁγίωνρητὰ
1685 2207 1779 2257 καὶ
1812 2205 1903 2255 ἀλ·-

333 2300 661 2369 λνγλόπλοκα,
700 2300 822 2352 ἐπεὶ
869 2298 963 2351 καὶ
1009 2296 1069 2360 ἐξ
1098 2296 1215 2359 ἑνὸς
1251 2299 1342 2348 καὶ
1394 2295 1565 2347 ἁπλοῦ
1595 2295 1900 2362 πνεύματος

333 2391 608 2460 5.αφόρως
637 2388 1157 2460 ὲρρἐησαν.Δεῖξον
1183 2389 1363 2440 τοίνυν
1386 2387 1476 2438 τὸν
1505 2385 1662 2453 λόγον
1685 2384 1897 2445 τοῦτον,

332 2484 389 2533 5v
417 2485 578 2550 ὑμεῖς
608 2483 815 2549 λέγετε,
877 2477 1345 2549 συγκροτοὺμενον
1395 2478 1491 2531 καὶ
1520 2477 1579 2540 ἐξ
1603 2475 1802 2530 ἄλλων.
1839 2477 1900 2528 Εί

331 2576 379 2626 5‘
412 2577 513 2626 οὐκ
545 2575 720 2642 ἔχετε,
754 2571 933 2634 καθὼς
954 2571 1060 2641 ἄρα
1079 2569 1190 2624 οὐδ’
1211 2569 1386 2639 ἔχετε,
1414 2569 1466 2620 τί
1493 2568 1620 2621 ἄλλο
1653 2566 1901 2636 βούλεται

333 2669 365 2732 η
396 2661 622 2731 τοιαύτη
658 2662 970 2731 περινόησις
1003 2661 1051 2713 εἰ
1077 2659 1152 2728 μὴ
1177 2657 1471 2727 στρεϐλοῦν
1507 2657 1568 2709 τὸ
1592 2657 1742 2724 ῥῆμα
1767 2655 1902 2725 πρὸς

331 2756 574 2809 δ.ἀνοιαν
606 2753 764 2822 ξένην
794 2753 893 2822 τῆς
924 2751 1110 2819 κοινῆς
1144 2750 1252 2802 τῶν
1281 2747 1540 2817 Πατέρων
1571 2747 1776 2808 ἐννοίας
1810 2747 1901 2799 καὶ

331 2937 597 2997 promptu
629 2925 829 2980 habere
854 2923 979 2984 visi,
1007 2921 1112 2976 hoc
1137 2920 1406 2976 duntaxat
1456 2920 1523 2974 de
1568 2921 1900 2975 auctoritate

332 3026 739 3088 reposuerunt:
776 3035 796 3068 ι
844 3015 981 3080 Quid
1001 3014 1066 3066 ad
1090 3029 1190 3067 nos
1223 3013 1324 3067 ista
1358 3011 1589 3080 dirigis?
1622 3009 1782 3066 Refer
1802 3027 1900 3081 po-

334 3115 451 3165 tius
506 3111 572 3164 ad
622 3119 902 3163 auctorem
956 3106 1090 3160 dicti
1148 3113 1340 3160 contra
1402 3105 1548 3172 quod
1617 3104 1898 3173 disputas,

2005 1937 2207 2008 ἀπῄτει
2236 1940 2313 2001 εἰς
2351 1938 2517 1992 ἐθνῶν
2558 1941 2779 2011 εἰρήνην
2813 1942 2870 1994 τὸ
2893 1943 3062 1994 ταῦτα
3097 1943 3296 2011 λέγειν,
3337 1963 3353 1994 ι
3387 1948 3576 2014 φασίν.

2012 2045 2029 2078 ι
2072 2027 2186 2080 Νῦν
2233 2029 2324 2091 δὲ,
2361 2047 2380 2082 ο
2412 2031 2575 2100 φησὶν
2622 2033 2649 2082 6
2694 2033 2931 2095 Βὲκκος,
2987 2053 3004 2084 ι
3047 2036 3096 2086 εί
3137 2034 3238 2102 μὲν
3300 2035 3577 2106 βούλεσθε,

2009 2118 2261 2189 σιγητέον
2321 2121 2454 2190 ἡμῖν
2507 2122 2567 2173 τὸ
2619 2121 2770 2192 ῥῆμα
2818 2124 2950 2176 πολὺ
3001 2122 3084 2176 τδ’
3114 2126 3386 2196 τολμηρὸν
3436 2126 3580 2196 ἔχειν

2003 2207 2213 2265 δοκοῦν.
2263 2212 2326 2263 Ei
2381 2211 2426 2263 δ’
2461 2208 2581 2275 οῦν,
2632 2213 2767 2266 ἀλλὰ
2800 2213 3142 2283 παραιϐασίας
3188 2218 3314 2286 περὶ
3353 2220 3420 2270 τὰ
3455 2221 3578 2287 ἱερὰ

2006 2301 2428 2370 ἐγκαλουμένοις
2449 2303 2693 2374 δόγματα
2717 2305 2971 2370 αἰτία,ὼ;
2992 2301 3167 2376 οἶμαι,
3191 2309 3360 2375 μείων
3383 2311 3578 2362 ἀπολο-

2003 2391 2236 2455 γεῖσθαι.
2269 2393 2372 2462 Kal.
2399 2392 2463 2462 δὴ
2492 2393 2757 2464 πρόσσχες
2796 2413 2908 2464 μοι,
2955 2395 3109 2466 κύριέ
3167 2415 3290 2466 μου,
3334 2417 3353 2448 ι
3418 2401 3577 2469 φησὶ,

2011 2495 2028 2527 ι
2070 2480 2210 2548 μέγα
2230 2479 2487 2548 λογοθὲτα
2516 2499 2529 2512 ·
2567 2482 2626 2535 σὲ
2664 2483 2770 2551 γὰρ
2811 2484 2922 2551 ὁρῶ
2967 2485 3078 2555 (καὶ
3115 2486 3212 2554 οὐχ
3264 2487 3578 2558 ὑποτρέχων

2002 2567 2164 2638 λέγω)
2215 2570 2572 2635 διαλεκτικοῖς
2621 2573 2807 2627 κανόσι
2857 2573 3139 2643 χρώμενον
3191 2576 3288 2629 καὶ
3344 2581 3486 2631 κατὰ
3518 2583 3577 2631 τὸ

2004 2656 2281 2725 προσῆκον
2339 2658 2736 2728 διαλεγόμενον.
2775 2679 2794 2712 ι
2821 2691 2890 2701 —
2913 2680 2932 2713 ι
2979 2663 3139 2716 Ἀλλὰ
3171 2666 3245 2736 μὴ
3275 2665 3508 2732 Θὼπευε,
3553 2688 3573 2721 ι

2005 2746 2242 2814 ἐγκύψας
2276 2751 2438 2818 φησὶν
2466 2751 2686 2814 ἐκεῖνος.
2728 2771 2744 2801 ι
2772 2752 2863 2822 Μὴ
2896 2753 3123 2820 γένοιτο,
3159 2773 3176 2805 ι
3218 2756 3342 2826 ἔφη.
3381 2778 3398 2810 ι
3439 2759 3579 2813 Ἀλλ’

2006 2924 2170 2977 tutari
2195 2933 2324 2978 sunt
2347 2927 2617 2995 aggressi.
2651 2946 2669 2978 ι
2707 2928 2868 2996 Atqui
2902 2931 3298 2997 evangelicum,
3328 2932 3578 3002 inquien-

2005 3020 2112 3076 tes,
2152 3012 2355 3068 dictum
2412 3016 2559 3084 quod
2621 3031 2914 3081 memoras,
2967 3033 3001 3071 ο
3061 3018 3224 3081 bone,
3283 3021 3576 3090 legitimam

2007 3103 2168 3158 habet
2197 3113 2250 3157 et
2286 3105 2504 3159 erudito
2534 3107 2708 3160 cuivis
2737 3106 2951 3162 obviam
2983 3110 3238 3163 traditam
3267 3127 3296 3164 a
3327 3111 3579 3169 Patiibus

330 3218 504 3272 quem
544 3201 798 3270 agnoscis
819 3208 870 3252 et
899 3198 1080 3267 magni
1108 3199 1368 3259 aestimas,
1389 3193 1651 3250 Joannem
1711 3194 1905 3250 Dama-
1935 3181 1978 3238 θ
2014 3195 2432 3263 expositionem,
2489 3212 2650 3265 quant
2694 3199 2785 3266 qui
2825 3215 2929 3251 non
2975 3201 3261 3268 receperit,
3314 3205 3489 3270 palam
3522 3224 3579 3260 St:

330 3308 586 3346 seenum.
626 3291 781 3344 Ilunc
835 3290 1049 3342 incesse
1105 3303 1170 3340 ac
1228 3298 1432 3341 temere
1470 3286 1712 3340 locutum
1781 3301 1910 3356 pro-

334 3387 552 3444 nuntia,
583 3383 727 3452 quod
758 3382 864 3436 dici
918 3393 1140 3434 necesse
1185 3389 1290 3444 est,
1328 3379 1372 3433 si
1401 3394 1564 3446 quam
1599 3395 1626 3431 a
1662 3390 1713 3432 te
1749 3380 1910 3432 modo

334 3476 656 3529 audivimus
688 3473 994 3526 admittitur
1018 3471 1215 3526 oratio.
1252 3470 1346 3522 Sin
1379 3469 1430 3522 id
1461 3469 1681 3536 quidem
1737 3477 1912 3520 atten-

334 3579 456 3619 tare
483 3565 625 3618 haud
666 3565 929 3624 sustines,
957 3572 1012 3617 et
1053 3563 1185 3616 tanti
1217 3561 1398 3614 Patris
1448 3560 1773 3614 verecundia
1825 3574 1912 3612 er-

341 3659 490 3712 roris
523 3657 841 3724 suspicione
873 3655 1212 3708 liberandam
1240 3667 1434 3706 censes
1473 3651 1912 3720 orthodoxisque

336 3748 738 3804 accensendam
794 3747 1083 3816 genuinam
1119 3753 1171 3799 et
1199 3744 1331 3799 citra
1359 3743 1580 3798 dubium
1614 3744 1909 3811 legitimam

333 3844 567 3897 .luauuis
601 3859 629 3897 c
657 3841 923 3896 Daiuasco
962 3841 1313 3898 sententiam.
1339 3854 1440 3892 cur
1475 3854 1574 3893 nos
1634 3841 1908 3894 haereseos

335 3951 688 3995 aet-usamur.
721 3935 864 4003 quod
914 3934 1064 4001 paria
1126 3941 1305 3986 tecntn
1367 3941 1419 3984 et
1459 3930 1830 3984 testiinonium
1877 3946 1905 3982 a

341 4039 393 4080 te
430 4042 646 4095 quoque
674 4039 771 4094 pro
804 4040 930 4077 vero
973 4023 1212 4093 aguitum
1246 4022 1420 4076 sancti
1456 4021 1773 4075 Damasceni
1805 4021 1907 4075 hoc

337 4116 644 4170 noramus?
674 4113 1006 4167 —Honorat
1049 4113 1201 4182 quis,
1256 4113 1438 4182 inquit
1459 4112 1548 4165 hic
1572 4111 1907 4180 patriarcha,

338 4223 560 4263 sacrum
623 4207 992 4274 Evangelinm,
1063 4205 1360 4258 admittens
1418 4205 1468 4256 in
1520 4218 1585 4256 eo
1629 4218 1756 4255 vere
1797 4203 1904 4256 diri

339 4299 602 4365 majorem
643 4297 780 4350 Filio
811 4297 1047 4348 Patrem.
1089 4295 1193 4349 Sed
1236 4295 1337 4348 hoc
1369 4309 1473 4345 non
1531 4294 1750 4355 sullicit,
1799 4293 1905 4346 nisi

341 4397 490 4440 recte
519 4402 582 4440 ac
623 4401 786 4440 sensu
808 4385 1077 4440 catholico
1119 4392 1374 4452 exponat,
1429 4382 1581 4452 juxta
1638 4383 1904 4453 majorum

2013 3285 2378 3340 damnabilem
2413 3286 2664 3356 praebeat.
2700 3287 2930 3342 Eii'atutn
2972 3299 3152 3343 autem
3178 3307 3286 3360 quo
3338 3294 3404 3348 de
3464 3297 3577 3362 agi-

2015 3386 2123 3437 tur,
2151 3376 2353 3444 aliquid
2379 3379 2646 3446 signiticet
2669 3390 2900 3447 Oportet,
2957 3383 3142 3450 utique
3183 3399 3211 3434 a
3278 3397 3424 3438 recto
3473 3405 3576 3440 non

2013 3468 2301 3522 aberrans.
2340 3467 2512 3533 Quale
2542 3479 2722 3524 autem
2761 3472 2811 3525 id
2838 3473 3056 3528 demunt
3107 3476 3197 3538 sit,
3229 3479 3453 3530 ostende
3483 3481 3576 3542 sis,

2011 3571 2064 3613 et
2097 3559 2414 3616 Damasceni
2445 3563 2750 3618 admissum
2801 3579 2833 3617 a
2873 3577 2922 3620 te
2990 3571 3387 3635 testimonium,
3418 3586 3576 3640 prout

2011 3648 2169 3703 debet
2220 3651 2466 3721 intelligi,
2525 3669 2744 3708 enarra.
2826 3653 3134 3726 Sequemur
3177 3662 3576 3728 expositionem

2011 3755 2174 3808 quam
2204 3743 2427 3810 probam
2461 3745 2734 3800 attuleris.
2767 3745 2876 3801 Nec
2933 3763 3189 3815 recusare
3243 3760 3396 3818 potes
3444 3757 3574 3822 quin

2012 3832 2782 3904 interpretationemproferas
2817 3850 2986 3902 tuam,
3019 3854 3141 3894 cum
3199 3851 3441 3896 nostram
3497 3862 3576 3897 re-

2006 3923 2186 3990 jicias.
2216 3923 2460 3993 Loquere
2485 3928 2671 3995 igitur,
2691 3928 2964 3983 audimus.
2999 3948 3017 3981 ι
3038 3947 3134 3980 -ι
3164 3929 3376 3986 Dictum
3403 3934 3522 4002 hoc,
3554 3955 3570 3982 ι

2012 4017 2320 4083 patriarcha
2377 4019 2611 4084 reponit,
2664 4035 2683 4068 ι
2741 4019 2876 4073 satis
2924 4020 2998 4072 illi
3040 4034 3321 4091 exponunt
3361 4025 3462 4094 qui
3495 4029 3574 4079 di-

2009 4117 2143 4161 cunt
2203 4106 2470 4177 Spiritum
2525 4119 2775 4164 sanctum
2820 4126 2887 4164 ex
2960 4111 3122 4167 Patre
3171 4117 3488 4182 procedere.
3551 4137 3570 4168 ι

2008 4231 2076 4240 -
2112 4217 2130 4249 ι
2185 4199 2251 4254 Et
2305 4200 2428 4270 quis
2487 4215 2594 4255 non
2648 4202 2720 4255 ita
2782 4203 2988 4258 sentit?
3038 4205 3312 4274 inquiunt.
3366 4207 3476 4261 Hoc
3521 4224 3574 4260 et

2009 4305 2110 4344 nos
2146 4293 2554 4360 amplectimur;
2593 4294 2642 4345 in
2683 4287 2782 4348 hac
2808 4295 2911 4348 fide
2945 4295 3134 4350 salutis
3171 4312 3321 4365 spem
3351 4298 3575 4351 funda-

2008 4396 2148 4436 mus.
2167 4401 2288 4433 ι-ι
2302 4383 2357 4436 Si
2377 4384 2478 4438 hoc
2497 4385 2757 4455 recipitis,
2782 4386 2858 4438 ait
2883 4402 3110 4454 magnus
3134 4390 3428 4457 logotlieta,
3444 4392 3573 4459 quid

337 4477 874 4540 traditionem,illud
920 4476 1097 4545 ipsum
1154 4473 1459 4528 oraculum.
1509 4471 1689 4539 Quare
1741 4474 1905 4542 igitur
1939 4506 1981 4561 υ
2012 4473 2140 4528 illud
2185 4475 2330 4529 aliud
2369 4477 2704 4531 obtenditis?
2777 4497 2795 4528 ι
2853 4506 2923 4516 -
2987 4495 3006 4528 ι
3061 4479 3350 4548 Propterea
3407 4486 3572 4552 quod.

335 4584 441 4621 vos
467 4568 822 4622 admittentes
875 4566 1193 4622 Damasceni
1253 4566 1648 4628 testimonium,
1705 4581 1904 4618 rectam

337 4666 465 4732 ejus
493 4665 997 4732 interpretationem
1031 4657 1378 4730 pervertitis?
1435 4659 1736 4727 praesertim
1781 4671 1905 4710 cum

340 4759 455 4809 sint
482 4757 718 4808 invicem
751 4769 890 4807 nexa
917 4762 972 4807 et
1029 4761 1219 4806 mutuo
1271 4752 1547 4820 implicata
1592 4761 1906 4803 sanctorum

337 4848 529 4910 eil'ata,
565 4848 753 4914 utique
790 4861 912 4900 cum
934 4844 1043 4916 94
1071 4861 1136 4899 ex
1162 4860 1272 4898 uno
1329 4855 1383 4898 et
1440 4843 1672 4910 simplici
1709 4843 1903 4911 spiritu

340 4942 658 4994 ditl’ercnter
688 4939 1006 4992 efferantur.
1039 4935 1319 4991 Ostendite
1369 4936 1533 5004 igitur
1569 4935 1710 4986 hanc
1741 4949 1905 5002 quam

341 5032 600 5100 profertis
633 5031 804 5083 Patris
843 5031 1003 5083 unius
1035 5029 1364 5082 sententiam
1426 5027 1648 5081 conﬂari
1703 5027 1909 5079 confir-

343 5125 592 5191 marique
627 5138 691 5174 ex
729 5121 854 5174 aliis
877 5134 1119 5189 quoque.
1151 5117 1246 5172 Sin
1294 5119 1344 5170 id
1383 5133 1488 5170 non
1556 5121 1806 5185 potestis,
1849 5125 1908 5168 ut

343 5231 532 5267 revera
569 5230 676 5266 non
713 5213 965 5280 patestis,
1022 5211 1149 5280 quid
1213 5209 1360 5262 aliud
1433 5220 1513 5262 est
1577 5217 1754 5261 vestra
1801 5207 1902 5260 ista

339 5309 593 5360 obtrnsio
649 5306 780 5358 dicti
823 5304 1038 5358 obscuri
1069 5313 1121 5358 et
1154 5303 1406 5370 ancipitis
1459 5317 1620 5369 quam
1667 5300 1908 5354 detorsio

341 5403 456 5452 γετί
484 5401 628 5453 ρπυιί
655 5400 720 5451 ad
747 5400 1074 5452 sententiam
1109 5397 1340 5448 alienam
1372 5411 1400 5446 a
1463 5410 1624 5447 sensu
1687 5393 1902 5448 Patrum

340 5505 507 5558 atque
540 5507 571 5543 a
606 5490 877 5544 catholica
906 5485 1185 5542 dissonam
1230 5486 1458 5555 regula?
1516 5506 1534 5536 ο
1573 5486 1748 5547 'I‘alia,
1783 5501 1906 5554 quze

338 5582 766 5636 arcliidiaconos
820 5580 997 5634 valide
1055 5578 1350 5646 urgebant,
1423 5577 1726 5644 patriarcha
1779 5593 1902 5628 cum

337 5679 598 5736 dixisset,
646 5676 721 5728 illi
776 5679 1029 5730 secundm
1081 5675 1199 5744 ejus
1261 5675 1527 5726 oratiOnis
1587 5671 1725 5740 parti
1768 5671 1903 5723 nilnil

335 5773 612 5825 habentes
641 5771 786 5838 quod
818 5771 1134 5838 objicerent,
1165 5767 1428 5821 adversus
1462 5765 1696 5833 priorem
1734 5764 1812 5816 sic
1843 5780 1900 5815 sc

653 5865 922 5924 ΡΛτῐιοι.
957 5865 1068 5922 Gn.
1107 5863 1362 5922 CXLIV.

2013 4568 2339 4635 respondent
2373 4567 2465 4632 illi,
2491 4577 2700 4637 tempus
2722 4568 2980 4636 poscebat
3003 4569 3068 4620 ad
3098 4584 3286 4638 pacem
3336 4574 3573 4642 gentium

2011 4658 2406 4711 conciliandam
2435 4661 2560 4711 talia
2599 4659 2853 4728 proferri.
2899 4677 2916 4710 ι
2950 4657 3157 4714 Veccus
3179 4660 3266 4714 hic
3300 4677 3576 4733 resumpto

2009 4763 2279 4813 sermone,
2308 4767 2325 4798 ι
2351 4746 2625 4816 Siquidem
2653 4749 2721 4801 ita
2757 4749 2936 4812 vultis,
2967 4751 3064 4809 ait,
3083 4750 3300 4804 silentio
3320 4749 3575 4822 deinceps

2012 4844 2362 4909 premendum
2389 4842 2494 4896 erit
2529 4843 2631 4896 hoc
2660 4842 2890 4905 dictum,
2955 4843 3042 4897 cui
3093 4858 3122 4895 a
3158 4843 3311 4898 vobis
3369 4860 3576 4914 magnae

2009 4936 2670 4988 audacia:notainuritur.
2705 4936 2970 4988 Laeter-um
3034 4950 3100 4987 ex
3155 4934 3256 4988 hoc
3313 4934 3573 4988 hactenus

2010 5027 2258 5096 allegato,
2292 5036 2412 5094 post
2452 5023 2683 5088 silendo,
2743 5025 2890 5078 hunc
2945 5024 3132 5076 saltem
3197 5025 3373 5076 obiter
3424 5027 3570 5092 jure.

2012 5121 2229 5189 Opinor,
2282 5129 2471 5174 nostro
2528 5119 2769 5171 fructum
2823 5117 3074 5185 legimus,
3107 5126 3165 5170 ut
3209 5115 3263 5168 in
3325 5132 3387 5169 ea
3455 5133 3573 5184 quas

2012 5212 2332 5279 impingitur
2362 5211 2518 5263 nobis
2557 5209 2910 5264 accusatione
2968 5208 3340 5282 perversiunig
3390 5223 3573 5261 sacro-

2013 5318 2133 5356 rum
2166 5303 2479 5370 dogmatum
2523 5304 2704 5352 minor
2732 5299 3017 5351 incumbat
3077 5298 3128 5349 in
3169 5305 3444 5366 posterum
3468 5295 3574 5365 95
3651 5327 3654 5329 λ

2011 5395 2304 5448 necessitas
2336 5391 2688 5448 defensionis.
2723 5393 2918 5458 quippe
2962 5389 3096 5440 satis
3144 5389 3420 5440 excusatis
3481 5403 3576 5437 au-

2007 5490 2258 5540 ctoritate
2285 5501 2444 5554 quam
2470 5487 2819 5551 allegantes.»
2849 5483 3022 5548 Atque
3051 5479 3134 5533 hic
3163 5478 3371 5532 Veccus
3394 5475 3574 5528 Muza-

2011 5583 2186 5632 louem
2222 5579 2436 5630 intuens
2471 5595 2484 5628 :
2523 5594 2541 5626 ι
2575 5574 2888 5632 Commoda,
2944 5586 3041 5624 oro
3073 5581 3143 5632 te,
3181 5569 3311 5622 milii
3362 5567 3575 5619 brevem

2008 5668 2376 5727 attentionem,
2407 5665 2626 5718 domine
2662 5665 2757 5725 mi,
2790 5675 2982 5730 magne
3010 5661 3302 5726 Iogotlteta.
3328 5653 3403 5707 Te
3433 5670 3577 5707 enim

2009 5760 2164 5813 video
2183 5758 2303 5826 (nec
2333 5757 2550 5826 palpum
2577 5756 2899 5810 obtrudeudi
2921 5756 3092 5822 gratia
3127 5753 3364 5820 loquor),
3391 5760 3464 5814 te,
3489 5752 3574 5803 in-

3164 5843 3200 5907 4

2049 5934 2140 5950 ιω--
2175 5946 2198 5952 -ο
