4022 6586
480 400 511 472 ἰ
525 412 594 474 07

1680 396 2007 461 GEORGII
2050 382 2538 457 PACllYMERE

3638 381 3747 458 108

482 528 607 599 ἐμοὶ
636 533 733 596 μεν
766 516 1107 586 ὲξεικονίζειν
1131 516 1199 570 τὰ
1248 513 1587 569 ἀνεικόνιστα
1628 508 1792 579 φόϐος
1858 506 2052 578 μέγας,
2078 504 2129 568 Α
2160 522 2376 599 στατον,
2404 505 2527 599 ἐπεὶ
2551 504 2649 599 καλ
2680 502 2737 599 t6
2765 502 2876 599 φῶς
2909 502 3172 599 προσεχὲς
3198 505 3291 599 Δτῷ
3319 505 3465 599 quq),
3497 504 3605 577 (ἔτι
3638 510 3750 577 γὰρ

472 625 585 677 τῶν
619 621 677 677 δὲ
700 619 871 688 ἁγίων
915 618 1179 685 λεγόντων
1228 613 1476 676 ἔπεσθαι,
1531 609 1789 682 ἐχόμενος
1840 608 2055 670 πάντως

472 713 567 767 τοῦ
594 707 1078 782 προτειχίσματος,
1106 702 1366 773 ἀσφαλῶς
1394 699 1503 766 ἔξω
1530 701 1588 763 ἐς
1616 700 1643 753 ὃ
1670 716 1722 751 τι
1771 699 1874 782 καὶ.
1892 697 2052 763 λέξω.

475 778 693 863 Ἥλιον,
719 798 911 851 ἀκτῖνα
942 794 1036 847 καὶ
1066 791 1179 859 φῶς
1200 790 1308 843 τῶν
1335 786 1715 842 ἁνεικονίστων
1749 778 1932 838 εἰκόνα
1963 782 2057 852 φέ-

476 907 647 967 ρουσι,
672 889 766 942 καὶ
792 885 945 949 αὖθις
963 883 1244 954 ὀφθαλμὸν
1268 882 1471 952 πηγῆς,
1527 875 1671 949 ὕδωρ
1735 877 1828 931 καὶ
1891 888 2057 967 ποτα-

477 983 598 1054 μόν.
623 980 737 1051 Οὐχ
765 977 909 1031 οὓτω
933 977 1183 1045 λέγουσιν
1217 974 1309 1026 ἐπὶ
1353 972 1452 1040 τῆς
1496 968 1769 1041 μακαρίας
1827 966 2051 1035 Τριάδος

470 1078 521 1130 oi
556 1073 792 1141 θεολόγοι
816 1071 1095 1138 Πατέρεςς
1139 1065 1272 1119 Ἰδοὺ
1300 1063 1450 1132 γοῦν,
1482 1063 1652 1133 ἥλιος,
1701 1062 1797 1114 καὶ
1835 1060 1869 1129 ἡ
1897 1059 2054 1119 ἀκτὶς

471 1163 755 1238 προσεχῶς
802 1159 864 1227 ἐξ
923 1156 1110 1224 αὐτοῦ,
1152 1156 1218 1210 δι’
1272 1156 1442 1224 αὐτῆς
1493 1152 1572 1219 δὲ,
1633 1151 1762 1223 πρίν
1786 1168 1839 1204 τι
1869 1148 2055 1238 καινὸν

479 1234 854 1324 παρεμπεσεῖν
889 1252 1092 1320 νόημα,
1123 1247 1217 1300 καὶ
1247 1244 1377 1298 αὐτὸ
1401 1245 1462 1296 τὸ
1484 1243 1608 1321 φῶς¹
1629 1240 1689 1308 ἐξ
1719 1240 1891 1311 ἡλίου.
1926 1234 2051 1308 Ἆρ’

456 1353 507 1422 "it
550 1346 771 1418 ἁκτὶςῆ
820 1346 848 1398 6
908 1341 1058 1412 ἠλιος
1097 1338 1312 1405 αἴτιον;
1356 1335 1582 1390 Εὐθετεῖ
1630 1350 1720 1406 μοι
1781 1333 1869 1385 τὸν
1897 1331 2054 1398 λόγον
2094 1358 2103 1361 -

471 1442 567 1495 καὶ
598 1440 627 1493 6
656 1437 877 1505 Νύσσης
917 1433 1217 1504 Γρηγόριος
1263 1430 1477 1498 λέγων’
1510 1425 1617 1480 Τοῦ
1663 1425 1720 1478 δὲ
1767 1423 1828 1489 ἐξ
1874 1422 2054 1485 οιῖτίας

467 1533 643 1598 ὄντος,
682 1529 927 1582 τουτέστι
947 1526 1055 1579 τῶν
1078 1522 1371 1585 αῖτιοιτῶν,
1398 1518 1560 1573 πάλιν
1591 1517 1758 1588 ἀλλην
1790 1515 2055 1585 διαφορὰν

469 1623 759 1694 ἐννοοῦμεν
779 1637 793 1652 ·
830 1620 889 1673 τὸ
920 1619 1018 1690 μὲν
1049 1616 1157 1687 γὰρ
1183 1612 1468 1686 προσεχῶς
1498 1613 1563 1664 ὲκ
1582 1610 1677 1665 τοῦ
1724 1607 1962 1678 πρώτου,
1995 1604 2055 1658 1:6

444 1720 523 1772 ‘66.
549 1717 637 1771 διὰ
661 1713 753 1767 τοῦ
782 1709 1069 1783 προσεχῶς
1096 1711 1161 1762 ὲκ
1178 1707 1270 1761 τοῦ
1298 1704 1541 1777 πρώτου.
1578 1722 1598 1757 t
1653 1701 1795 1776 Πρὸς
1820 1700 1878 1754 ὃν
1912 1700 2056 1753 εκεῖ-

467 1820 572 1870 νοι,
602 1819 622 1855 ι
655 1799 767 1854 Καὶ
795 1794 893 1868 οὐχ
913 1798 1195 1870 ὁμολογεῖς
1225 1795 1289 1868 [Ρ
1310 1793 1405 1867 61]
1435 1794 1497 1848 τὸ
1536 1792 1758 1864 Πνεῦμα
1802 1794 1861 1845 τὸ
1897 1792 2053 1858 ἅγιον

468 1891 737 1965 προσεχὲς
768 1889 848 1960 τῷ
884 1889 1080 1959 Πατρὶ,
1100 1887 1288 1957 ὥσπερ
1321 1884 1529 1940 καὶτὸν
1562 1884 1718 1952 Υίόν;
1766 1883 1878 1937 Καὶ
1924 1881 2052 1936 ποία

466 1985 536 2038 ἂν
586 1982 724 2053 ἀκοὴ
780 1980 841 2034 τὸ
887 1979 1126 2034 τοιοῦτον
1168 1977 1554 2049 παραδέξαιτο,
1596 1977 1646 2029 si
1697 1977 1726 2028 6
1782 1973 1882 2044 μὲν
1922 1970 2053 2037 Υίὺς

463 2074 799 2146 ’προσέχεται
822 2069 1158 2141 τῷ,Πατρὶ,
1209 2068 1269 2121 τδ
1310 2066 1367 2119 δὲ
1421 2064 1646 2134 Πνεῦμα
1702 2064 1900 2134 τοπικῇ
1944 2064 2067 2151 τινιΙ

464 2162 678 2235 διεχείᾳ
698 2161 999 2226 διίσταται;
1024 2160 1136 2230 Τῆς
1163 2158 1390 2220 ἀτοπίας
1417 2157 1431 2211 l
1466 2158 1527 2211 Εἰ
1552 2156 1662 2227 γὰρ
1689 2157 1718 2209 δ
1747 2155 1948 2225 Κύριος
1973 2152 2057 2206 λέ·-

470 2274 581 2322 γει,
617 2273 637 2308 ι
684 2253 827 2322 Ἐγὼ
887 2254 947 2305 ἐν
987 2249 1065 2321 τῷ
1095 2250 1269 2322 Πατρὶ
1303 2251 1395 2304 καὶ
1446 2250 1475 2302 6
1527 2250 1718 2320 Πατὴρ
1756 2249 1815 2300 ἐν
1845 2247 1985 2318 ἐμοὶ,
2029 2264 2048 2300 t

470 2347 585 2401 ἀλλ’
610 2332 704 2401 οῦν
736 2344 957 2412 εὔλογον
988 2344 1058 2396 τὰ
1082 2343 1224 2397 αὐτὰ
1250 2342 1433 2411 λέγειν
1463 2341 1558 2395 καὶ
1588 2342 1720 2410 περὶ
1757 2338 1853 2393 τοῦ
1885 2337 2056 2392 Πνεῦ-

477 2455 670 2510 ματος,
713 2439 872 2508 εἴπερ
904 2435 1205 2508 όρθοδοξεῖν
1237 2434 1564 2506 βουλόμεθα,
1611 2433 1673 2488 τὸ
1723 2430 1947 2503 Πνεῦμα
1992 2433 2052 2485 ὲν

470 2533 549 2604 τῷ
581 2530 756 2602 Πατρὶ
784 2530 880 2584 καὶ
905 2532 933 2584 ό
959 2529 1145 2601 Πατὴρ
1172 2531 1232 2582 ἐν
1283 2528 1363 2599 τῷ
1388 2527 1689 2599 Πνεύματι,
1736 2526 1834 2580 xui.
1897 2520 2054 2587 αὖθις

473 2630 532 2678 ὲν
562 2624 639 2698 τῷ
664 2622 798 2695 Υἰῷ,
825 2624 917 2677 καὶ
945 2624 974 2676 6
1004 2621 1131 2685 Υἱὸς
1162 2623 1221 2674 ὲν
1246 2620 1323 2690 τῷ
1353 2619 1662 2689 Πνεύματι.
1701 2619 1771 2671 Ἢ
1799 2618 1860 2671 οὑ
1900 2615 2055 2671 ταῦθ’

474 2720 646 2784 οὕτως
692 2718 844 2790 ἔχεις
878 2736 896 2770 t
934 2715 1157 2780 Βὲκκος,
1199 2734 1218 2767 ι
1247 2715 1376 2778 Ναὶ,
1422 2733 1441 2767 t
1491 2714 1677 2784 φησίν.
1727 2730 1745 2764 ι
1786 2712 2055 2782 Προσεχὲς

480 2817 577 2886 μὲν
604 2815 883 2886 ὁμολογεῖν
917 2812 1011 2865 τοῦ
1037 2812 1248 2880 Πατρὸς
1272 2810 1332 2864 τὸ
1362 2808 1602 2880 Πνεῦμα,
1643 2811 1725 2862 ὅτι
1764 2811 1859 2862 καὶ
1907 2808 2059 2861 ἁῖιά-

475 2967 663 3023 qnant,
696 2950 821 3006 novi
853 2950 1154 3005 dialecticis
1203 2964 1255 3002 tn
1286 2945 1611 3002 disserendo
1680 2946 1756 3000 uti
1828 2946 2052 3016 regulis,

473 3055 526 3098 et
550 3044 961 3097 accommodate
988 3040 1053 3095 ad
1075 3040 1189 3095 veri
1212 3039 1666 3109 dijudicationem
1695 3038 1993 3106 disputare.
2031 3054 2048 3087 ι

475 3131 573 3188 ilic
594 3133 867 3203 logotltcta
898 3132 1172 3189 concitate
1201 3131 1583 3199 interpellans,
1617 3125 1726 3183 tNe
1752 3126 2049 3192 aduleris,t

476 3230 550 3281 ait
596 3224 694 3280 Cui
715 3225 945 3291 Veceus,
966 3244 985 3276 ι
1017 3225 1171 3279 Absit
1191 3225 1241 3278 id
1262 3223 1538 3295 quidanm
1568 3221 1801 3291 Moxque
1823 3233 2057 3291 pergens

478 3319 765 3389 sul-iunxit
797 3340 807 3372 :
834 3336 853 3370 ι
877 3315 939 3371 Et
959 3317 1038 3373 sic
1055 3316 1270 3386 quidem
1291 3316 1523 3371 multum
1540 3313 2063 3369 vereorassimulare

476 3408 664 3465 conari
692 3423 813 3479 quae
844 3407 952 3462 ulla
982 3407 1118 3463 satis
1152 3406 1384 3474 exprimi
1433 3403 1799 3460 similitudine
1851 3416 2062 3471 neque-

478 3512 596 3569 uttt,
635 3516 760 3557 cum
813 3501 949 3555 mihi
983 3507 1164 3554 tamen
1194 3498 1378 3553 videar
1411 3494 1595 3550 verbis
1630 3494 1898 3549 insistens
1956 3490 2060 3545 Pa-

478 3610 623 3651 trum
647 3605 700 3649 et
731 3595 873 3649 intra
902 3607 1093 3649 eorum
1125 3591 1365 3660 exempli
1429 3590 1840 3652 auctoritatem,
1899 3585 2059 3657 quasi

484 3692 566 3746 cis
598 3687 945 3743 antemurale
970 3685 1388 3750 solidissimum,
1421 3689 1539 3738 tuto
1567 3698 1629 3736 ac
1661 3696 1856 3735 secure
1912 3692 2060 3735 stare

478 3798 542 3837 ae
578 3779 753 3853 loqui,
788 3794 894 3835 non
926 3778 1192 3835 dubitabo
1220 3779 1294 3831 uti
1320 3776 1853 3846 comparationibus,
1920 3788 2060 3843 quas

476 3879 551 3931 illi
595 3875 891 3932 adhibuere
946 3872 1013 3928 ad
1074 3870 1291 3927 divinas
1348 3881 1629 3938 utcunque
1678 3870 2059 3923 emanationes

478 3968 905 4023 adumbrandas.
937 3963 1183 4019 All‘erunt
1213 3962 1265 4018 lti
1301 3963 1550 4018 videlicet
1601 3960 1796 4025 solem,
1845 3958 2057 4011 radium

476 4070 531 4113 et
559 4060 760 4124 lucem,
798 4056 963 4111 rudes
1010 4056 1202 4125 utique
1234 4054 1500 4123 imagines
1534 4053 1684 4107 nullo
1719 4052 1864 4121 pingi
1888 4051 2061 4105 simu-

478 4153 629 4204 lacro
675 4147 978 4203 valentium
1062 4146 1474 4216 proccssionum
1535 4146 1706 4199 beata:
1746 4141 2057 4198 Trinitatis.

482 4242 732 4297 Aﬂerunt
751 4256 946 4296 rursus
988 4239 1210 4293 oculum
1246 4239 1439 4305 fontis,
1464 4254 1663 4308 aquam
1696 4246 1755 4293 et
1804 4236 2057 4291 ﬂuvium.

479 4333 682 4403 Sicque
713 4333 905 4386 harum
944 4330 1116 4403 elligie
1146 4328 1476 4402 ‘l‘ormarum
1538 4332 1853 4386 divinarum
1886 4331 2056 4385 trium

481 4441 860 4497 personarum,
896 4425 1076 4503 quoad
1101 4425 1228 4479 licet
1261 4425 1505 4480 humano
1537 4425 1747 4494 captui,
1779 4424 2060 4478 insinuare

480 4518 715 4589 speciem
745 4527 1023 4588 satagunt,
1057 4515 1215 4581 Ecce,
1247 4517 1477 4581 alentes,
1505 4515 1585 4572 sul
1624 4525 1679 4572 et
1712 4514 1900 4575 radius
1927 4529 2062 4569 con-

484 4612 634 4666 tinue
662 4624 725 4664 ex
756 4612 897 4681 ipso,
928 4625 1024 4679 per
1054 4609 1269 4664 radium
1308 4622 1470 4678 porro
1524 4607 1847 4679 priusquam
1900 4606 2058 4677 quis-

482 4719 642 4771 quam
674 4718 850 4756 novus
879 4702 1233 4757 interincidat
1264 4717 1484 4766 sensus,
1543 4710 1597 4755 et
1647 4700 1827 4769 ipsum
1876 4699 2058 4752 lumen

480 4812 545 4850 ex
578 4795 714 4850 sole.
751 4792 944 4850 Utrum
979 4794 1141 4864 igitur
1165 4794 1352 4849 radius
1390 4810 1456 4847 an
1490 4793 1571 4849 sol
1608 4792 1832 4849 luminis
1855 4791 2062 4847 causa?

480 4886 717 4955 Adaptat
747 4885 894 4945 hunc
926 4884 1059 4939 milii
1093 4900 1402 4941 sermonem
1431 4883 1717 4955 Nysscnus
1739 4884 2058 4954 Gregorius,

480 4980 610 5034 dum
652 4979 728 5032 ait
781 4998 794 5033 :
835 4978 966 5050 Ejus
1030 4979 1176 5049 quod
1225 4995 1291 5036 ex
1311 4995 1481 5035 causa
1511 4988 1620 5046 est,
1665 4978 1770 5033 hoc
1798 4986 1884 5033 est
1927 4992 2060 5032 cau-

481 5082 765 5139 satorum,
798 5087 990 5128 rursus
1035 5073 1199 5127 aliam
1253 5071 1616 5127 ditl‘erentiam
1678 5070 2056 5141 intelligimus.

479 5166 641 5219 Alzuil
664 5166 811 5226 enim
840 5176 925 5222 est
967 5166 1223 5222 continue
1252 5181 1315 5222 ex
1350 5166 1548 5237 primo,
1586 5163 1731 5220 aliud
1788 5179 1885 5234 per
1932 5177 2059 5218 eum

482 5264 574 5327 qui
606 5269 690 5314 est
723 5260 984 5315 continue
1008 5275 1077 5314 ex
1111 5262 1308 5328 primo.
1361 5277 1380 5308 ι
1420 5258 1501 5313 Ad
1536 5258 1682 5327 quod
1739 5256 2060 5326 patriarcha

482 5370 606 5407 cum
635 5353 750 5409 suis
779 5352 1192 5421 interpellantes
1226 5360 1611 5416 occurrerunt,
1651 5368 1670 5401 ι
1709 5349 1884 5414 Tune,
1911 5350 2065 5404 aien-

483 5458 587 5509 tes,
615 5461 724 5500 non
785 5444 1064 5501 conﬁteris
1127 5442 1390 5513 Spiritum
1450 5454 1704 5498 sanctum
1738 5442 2062 5497 continuum

480 5538 628 5592 l’atri
660 5553 802 5602 esse,
832 5539 976 5593 sicut
997 5548 1053 5591 et
1080 5535 1469 5602 Filium?Quis
1501 5545 1684 5591 autem
1716 5536 1904 5591 audire
1934 5550 2063 5591 sus-

481 5632 655 5685 tineat
695 5627 900 5684 Filium
933 5629 1156 5698 quidem
1191 5630 1512 5685 continuum
1566 5628 1739 5695 Patri,
1797 5629 2062 5699 Spiritum

2082 1849 2129 1909 Β

2083 3202 2129 3264 C

2161 596 2357 665 ἔχομαι
2396 593 2495 663 τῆς
2519 593 2769 663 εἰκόνος),
2803 593 2911 649 τῶν
2950 594 3073 649 λίαν
3095 596 3320 650 εἰκότων
3361 598 3499 663 ἐστὶ,
3551 600 3647 652 καὶ
3682 600 3745 653 οὐ

2156 687 2495 756 διαμάχομαι
2527 701 2542 715 ο
2576 686 2861 756 προσεχῶς
2894 686 2939 739 δ’
2971 688 3169 740 ἐννοεῖν
3209 689 3270 740 τὸ
3304 689 3528 760 Πνεῦμα
3564 691 3632 743 ἐκ
3651 689 3746 744 τοῦ

2157 780 2369 850 Πατρός
2422 781 2451 831 6
2492 777 2648 847 λόγος
2706 777 2766 830 οὐ
2820 777 3003 832 δίδωσι
3051 779 3150 849 τῆς
3204 779 3488 851 διαφορᾶς.
3536 780 3612 835 T6
3646 780 3745 851 μὲν

2155 870 2286 940 γὰρ,
2325 870 2478 938 φησὶ,
2508 867 2787 939 προσεχῶς
2833 868 2926 921 τοῦ
2949 867 3037 921 διὰ
3068 868 3160 921 τοῦ
3204 870 3526 942 προσεχῶς·
3588 871 3747 943 ὑμεῖς

2154 963 2210 1015 δὲ
2237 962 2466 1023 τοπικὰς
2495 960 2805 1023 διαστάσεις
2830 960 2863 1032 ἢ
2894 960 3001 1031 μὴν
3035 964 3128 1013 καὶ
3151 964 3407 1031 χρονικᾶς
3448 961 3749 1033 ὲμϐἁλλονυ

2155 1070 2246 1115 τες
2274 1051 2535 1118 συνάγετε
2570 1050 2787 1112 πάντως
2821 1050 2883 1102 τὸ
2903 1052 3124 1105 ἄτοπον.
3184 1052 3257 1104 Τὸ
3284 1052 3414 1119 γοῦν
3449 1053 3744 1120 γεννᾶσθαι

2158 1145 2250 1199 καὶ
2280 1144 2371 1197 τὸν
2394 1144 2521 1196 Υῖδν
2543 1144 2606 1195 ἐκ
2632 1140 2726 1195 τοῦ
2755 1138 2960 1213 Πατρός
2996 1144 3274 1215 ἀπορῤοήν
3313 1154 3433 1198 τινα
3491 1147 3583 1199 καὶ
3638 1145 3749 1197 διέ-

2157 1255 2313 1309 χειαν
2332 1236 2565 1306 τοπικὴν
2587 1235 2771 1306 σχεδὸν
2803 1236 3016 1289 δίδωσιν
3042 1238 3266 1290 ἐννοεῖν.
3306 1237 3467 1291 Ἀλλὰ
3494 1237 3556 1290 1:6
3588 1237 3746 1290 ἀδια-

2156 1330 2367 1391 στάτως
2401 1328 2796 1399 προσκείμενον
2821 1328 2913 1381 καὶ
2949 1329 3009 1381 τὸ
3046 1327 3105 1393 ἐξ
3129 1329 3339 1383 ἐκείνου
3393 1325 3535 1383 εἶναι
3590 1314 3750 1401 δηλοῖ

2155 1421 2244 1474 τὸν
2274 1419 2423 1486 Υίὸν,
2466 1421 2560 1474 καὶ⁵
2592 1419 2654 1473 τὸ
2688 1420 2880 1492 ἐκείνῳ
2909 1421 3003 1474 καὶ
3056 1420 3214 1484 αὖθις
3258 1420 3398 1476 εἶναι
3434 1423 3534 1476 οῦκ
3583 1423 3751 1492 ἀφαι-

2159 1515 2353 1576 ρεῖται.
2408 1511 2566 1565 Οὕτω
2626 1514 2722 1567 καὶ
2774 1513 2867 1565 ἐπὶ
2899 1513 2993 1566 τοῦ
3028 1512 3340 1584 Πνεῦματος
3387 1515 3496 1569 νόει
3527 1531 3638 1585 μοι.
3672 1513 3745 1568 Ἦ

2159 1606 2359 1678 μᾶλλον
2412 1605 2504 1658 ἰπὶ
2561 1605 2660 1676 τῆς
2708 1606 2916 1670 εἰκόνος
2971 1609 3000 1659 6
3053 1606 3210 1675 λόγος
3259 1607 3514 1677 γινέσθω,
3550 1607 3627 1671 ὡς
3673 1608 3745 1664 ἂν

2155 1696 2562 1766 ἀσφαλέστερον
2601 1697 2875 1765 λέγοιμεν.
2939 1696 3157 1750 ’Δκτῖνα
3188 1698 3421 1769 λέγομεν
3455 1699 3515 1766 ἐξ
3561 1699 3739 1770 ἡλίου,

2155 1785 2438 1858 ἀποτομὴν
2461 1786 2519 1851 ἐξ
2541 1787 2749 1839 ἐκείνου
2765 1785 2968 1856 ταύτης
2990 1788 3089 1841 οὐκ
3107 1787 3349 1860 οἴδαμεν.
3377 1790 3496 1854 Φῶς
3509 1790 3745 1863 λέγομεν

2157 1880 2225 1935 δι’
2244 1880 2414 1950 αὐτῆς
2438 1878 2496 1945 ἐξ
2512 1879 2664 1950 ἡλίου
2685 1879 2779 1932 καὶ
2806 1881 2903 1949 τὴν
2925 1881 3204 1949 μεσιτείαν
3224 1882 3531 1952 ἐννοοῦμεν,
3557 1884 3652 1937 καὶ
3680 1883 3744 1937 τὸ

2157 1971 2579 2044 προσεχίζιισθαι
2603 1972 2662 2024 τὸ
2676 1971 2790 2039 φῶς
2807 1970 2885 2041 τῷ
2916 1972 3049 2043 ἡλίῳ
3064 1972 3156 2027 διὰ
3172 1974 3273 2043 τὴν
3292 1974 3393 2044 τῆς
3410 1975 3630 2038 ἀκτῖνος
3647 1990 3746 2043 με⁸

2156 2065 2360 2117 σιτείσν
2394 2062 2493 2125 οὐκ
2537 2063 2949 2134 ἀπαρνούμεθα.
2984 2066 3083 2118 Διὰ
3116 2065 3273 2119 τοῦτο
3304 2070 3400 2120 καὶ
3430 2065 3685 2136 ἐπιφέρει
3711 2067 3744 2119 6

2155 2156 2331 2228 ἅγιος,
2356 2156 2467 2226 Τῆς
2487 2157 2579 2211 τοῦ
2604 2157 2732 2210 Υίοῦ
2767 2158 3041 2228 μεσιτείας
3071 2159 3166 2212 καὶ
3186 2158 3334 2229 αὐτῷ
3351 2159 3414 2213 τὸ
3453 2160 3745 2230 μονογενὲς

2157 2248 2553 2320 φυλαττούσης,
2581 2249 2677 2303 καλ⁵
2700 2249 2761 2302 τὸ
2786 2248 3006 2318 Πνεῦμα
3028 2252 3129 2322 τῆς
3155 2249 3248 2303 τοῦ
3274 2250 3488 2322 Πατρδς
3502 2251 3744 2321 σχέσεως

2160 2343 2234 2413 μὴ
2257 2341 2653 2412 ἀπειργούσης.
2677 2359 2698 2393 s
2727 2340 2890 2394 Ταῦτ’
2905 2342 3151 2406 εἰπόντος
3177 2341 3270 2396 τοῦ
3288 2343 3519 2412 Βὲκκου,
3536 2344 3567 2397 6
3594 2342 3747 2398 Ἀλε-

2157 2434 2439 2505 ξανδρείας
2462 2433 2688 2489 αὐτόθεν
2716 2434 2825 2489 ἁπδ
2850 2433 2943 2489 τοῦ
2974 2436 3269 2506 σκίμποδος
3292 2436 3432 2509 πρὸς
3455 2436 3643 2504 αὐτὸν,
3663 2437 3744 2500 ὡς

2163 2550 2181 2583 ι
2239 2530 2429 2599 Ἡμεῖς
2464 2532 2562 2600 τῆς
2615 2528 2943 2599 Ἐκκλησιας
2981 2529 3290 2601 κρατοῦμεν
3343 2532 3416 2584 τὰ
3467 2530 3739 2601 δόγματα,

2155 2621 2193 2675 ἃ
2224 2622 2318 2674 καὶ
2349 2619 2753 2692 παρελάϐομεν,
2783 2621 2957 2674 ταῦτα
2988 2621 3046 2675 66
3074 2620 3257 2690 λέγειν
3300 2622 3404 2677 οὐκ
3458 2621 3744 2693 ἐδιδάχθηο

2159 2730 2280 2783 μεν.
2314 2712 2375 2766 Ei
2408 2714 2507 2783 μὲν
2540 2711 2635 2766 οῦν
2666 2710 2957 2776 «locum;
2989 2713 3210 2785 ἐκράτει
3239 2713 3464 2786 ταῦταή
3519 2714 3743 2786 Ἐκκληο

2159 2805 2272 2870 σία,
2303 2805 2404 2858 οὐκ
2432 2804 2497 2858 ἂν
2532 2805 2626 2858 καὶ
2650 2805 2796 2875 ἡμᾶς
2824 2806 2883 2870 ἐξ
2905 2804 3162 2876 ,ἀνάγκης
3195 2805 3456 2863 διέλαθεν.
3503 2807 3657 2863 Ἐπεὶ
3682 2810 3741 2863 δὲ

2158 2945 2554 3001 absurditatem
2599 2947 2612 2999 l
2651 2944 2708 3000 Si
2740 2947 2887 3000 enim
2924 2945 3189 3001 Dominus
3210 2944 3346 3001 dicit
3409 2965 3424 3000 :
3462 2966 3480 2998 ι
3531 2947 3647 3018 Ego
3681 2947 3736 3003 iu

2159 3037 2342 3105 Patre,
2403 3050 2458 3094 et
2511 3038 2669 3093 Pater
2720 3039 2772 3092 in
2821 3054 2907 3093 me
2942 3039 2983 3105 ι,
3014 3058 3034 3091 ι
3086 3040 3343 3093 convenit
3401 3039 3585 3110 utique
3638 3055 3740 3095 nos

2158 3142 2348 3188 eadem
2402 3133 2468 3188 de
2527 3130 2736 3202 Spiritu
2792 3146 3014 3202 quoque
3069 3133 3271 3200 dicere,
3323 3132 3595 3203 siquidem
3646 3147 3742 3186 or-

2165 3226 2407 3280 tltoJoxe
2440 3240 2635 3287 sapere
2688 3224 2967 3290 volumus,
3022 3226 3254 3281 credere
3291 3225 3556 3281 nimirum
3616 3224 3743 3294 Spi-

2168 3318 2335 3370 ritum
2369 3331 2491 3370 esse
2526 3316 2582 3369 in
2613 3313 2776 3370 Patre
2804 3323 2857 3370 et
2893 3314 3113 3371 Patrem
3142 3317 3196 3370 in
3261 3315 3493 3386 Spiritu.
3541 3332 3741 3372 rursus

2164 3407 2426 3477 Spiritum
2456 3409 2509 3462 itt
2539 3407 2679 3462 Filio
2696 3418 2750 3462 et
2774 3406 2977 3464 Filium
3006 3408 3060 3463 in
3084 3408 3312 3477 Spiritu.
3361 3410 3444 3463 An
3472 3423 3582 3464 non
3623 3408 3743 3463 haec

2164 3498 2239 3553 ita
2263 3514 2322 3553 se
2342 3498 2580 3553 habent?
2600 3516 2721 3551 υ-ι
2752 3498 2850 3564 ltn,
2888 3517 2906 3551 ι
2930 3500 3208 3569 respondit
3231 3501 3457 3556 Vcccus.
3484 3520 3503 3552 ι
3528 3496 3737 3564 Fateri,

2164 3590 2410 3659 inquam,
2433 3591 2756 3646 continuum
2787 3591 2934 3646 Patri
2968 3592 3232 3661 Spiritum
3262 3593 3449 3663 utique
3473 3593 3749 3650 indistan-

2166 3693 2272 3738 tem
2299 3685 2449 3753 (nam
2484 3690 2538 3736 et
2580 3682 2765 3739 lumen
2834 3668 3155 3739 continuum
3208 3686 3307 3739 soli
3367 3693 3500 3741 est:
3561 3684 3744 3739 haereo

2162 3778 2366 3849 quippe
2400 3777 2580 3833 adhuc
2609 3780 2665 3833 in
2712 3778 3092 3847 similitudine)
3154 3787 3588 3835 consentaneum
3654 3787 3743 3833 est

2164 3869 2422 3933 maxime,
2461 3883 2570 3923 non
2625 3883 2911 3938 repugno:
2950 3869 3153 3924 sentire
3203 3878 3385 3924 autem
3415 3869 3740 3925 continuum

2162 3976 2226 4016 ex
2266 3957 2427 4014 Patre
2460 3957 2660 4014 Filium
2706 3959 2847 4015 ratio
2906 3973 3017 4013 non
3084 3959 3337 4015 concedit
3395 3958 3740 4015 differentiae.

2160 4053 2297 4109 Nam
2322 4051 2617 4122 Gregorius
2643 4052 2874 4109 deFilio
2904 4053 3125 4123 quidem
3159 4054 3237 4108 ait
3270 4068 3393 4108 esse
3423 4054 3577 4109 illum
3603 4067 3744 4109 con-

2164 4150 2314 4204 tinue
2343 4163 2406 4204 ex
2432 4147 2613 4213 Patre,
2668 4145 2736 4203 dc
2768 4146 2979 4218 Spiritu
3011 4163 3143 4201 vero
3173 4163 3297 4202 esse
3332 4162 3429 4214 per
3464 4162 3593 4204 eum
3643 4148 3741 4218 qui

2161 4242 2422 4297 continue
2469 4257 2534 4296 ex
2568 4239 2728 4295 Patre
2754 4249 2859 4296 est.
2918 4239 3024 4295 Vos
3061 4255 3188 4295 vero
3213 4240 3419 4295 locales
3452 4240 3745 4296 distantias

2162 4344 2259 4391 aut
2313 4333 2491 4404 spatia
2549 4333 2940 4403 interjicietttes
3000 4342 3307 4406 temporum
3345 4334 3741 4390 absurditatem

2163 4429 2388 4482 omnino
2425 4427 2706 4483 inducitis.
2763 4427 3058 4483 Enimvero
3108 4430 3361 4500 generari
3417 4429 3616 4485 Filium
3673 4445 3743 4483 ex

2171 4520 2351 4585 Patre,
2376 4536 2500 4575 cunt
2534 4520 2712 4576 solum
2767 4520 3010 4584 auditur,
3073 4520 3518 4591 praebetquidem
3555 4521 3744 4575 animo

2170 4610 2357 4664 nescio
2431 4625 2598 4679 quam
2661 4613 2897 4679 speciem
2957 4613 3111 4681 quasi
3164 4610 3397 4666 ellluxus
3442 4621 3499 4665 et
3552 4610 3745 4665 localis

2169 4704 2502 4774 egressionis
2543 4703 2863 4758 distantiam
2913 4703 3221 4757 inferentis.
3285 4703 3390 4758 Sed
3456 4702 3745 4771 corrigitur

2169 4796 2510 4868 imaginatio,
2554 4813 2675 4851 cum
2745 4798 2963 4850 additur
3007 4797 3276 4852 indivulsc
3320 4797 3746 4865 indistincteqtte

2170 4889 2443 4960 generari,
2471 4904 2593 4945 tere
2627 4890 2705 4944 sic
2729 4905 2794 4944 ex
2824 4886 2983 4943 l’atre
3016 4891 3329 4957 signiﬁcans
3362 4906 3482 4944 esse
3513 4889 3743 4956 Filium,

2171 4993 2231 5037 ut
2256 4981 2419 5036 simul
2443 4982 2499 5035 iit
2527 4982 2686 5037 Patre
2706 4985 2807 5047 sit;
2851 5000 2949 5037 ure
2973 4984 3117 5037 enim
3159 4997 3281 5037 esse
3322 4998 3385 5036 ex
3416 4983 3592 5037 aufert
3621 4997 3748 5037 esse

2170 5073 2248 5128 in.
2282 5072 2376 5128 Sic
2401 5081 2454 5127 et
2476 5073 2611 5128 milti
2639 5074 2970 5129 ratiocinare
3022 5076 3086 5129 de
3141 5074 3372 5143 Spiritu.
3423 5074 3531 5129 Aut
3563 5074 3748 5144 potius

2170 5166 2241 5222 ad
2272 5166 2687 5222 similitudinem
2708 5168 2966 5236 superius
2995 5168 3285 5222 adductam
3329 5168 3601 5222 referatur
3627 5184 3749 5223 ser-

2172 5276 2284 5325 mo,
2320 5267 2380 5314 ut
2407 5260 2661 5315 securius
2698 5261 3013 5327 loquamur.
3093 5259 3331 5314 Badium
3387 5259 3627 5315 dicimus
3679 5274 3746 5315 ex

2173 5352 2311 5419 sole,
2345 5360 2604 5406 ettatnen
2634 5351 2939 5407 abscissum
2981 5369 3048 5407 ex
3107 5353 3224 5408 sole
3298 5354 3577 5423 quidpiam
3632 5366 3746 5407 non

2172 5446 2555 5500 existimamus
2621 5460 2743 5501 esse
2798 5446 3034 5501 radium.
3101 5444 3310 5500 Lumen
3371 5447 3607 5500 dicimus
3651 5460 3748 5513 per

2174 5540 2387 5594 radium
2420 5556 2541 5595 esse
2573 5555 2635 5594 ex
2666 5539 2801 5603 sole,
2829 5546 2883 5594 et
2910 5539 3306 5594 medialionem
3369 5538 3750 5607 intelligimus,

2171 5634 2556 5690 etcontinuari
2584 5633 2768 5688 lumen
2802 5633 2905 5688 soli
2924 5648 3020 5702 per
3053 5633 3191 5687 radii
3225 5634 3608 5687 mediationem
3641 5646 3750 5686 non

485 5740 615 5778 vero
647 5722 807 5777 Iocali
869 5721 1106 5792 quadam
1151 5719 1264 5792 96
1322 5721 1668 5793 separatione
1718 5719 1964 5777 distare?
2022 5721 2064 5773 0
2175 5742 2460 5798 negamus.
2488 5725 2784 5796 Propterea
2808 5733 2864 5782 et
2900 5725 3052 5781 addit
3080 5735 3307 5781 sanctus
3343 5724 3455 5779 hanc
3477 5722 3586 5794 97
3631 5738 3748 5780 ver-

566 5865 581 5892 ⁸
610 5859 768 5916 Juan.
807 5875 917 5928 xiv,
956 5860 1042 5915 l0.
