3950 6582
461 394 556 461 ili

1689 399 2010 462 GEORGH
2069 399 2546 466 l’ACHYMEli/E

3650 410 3758 476 li’i’.

459 513 717 584 ἐραστὴς,
746 513 966 585 γνώμην
1007 514 1157 570 οἴσω,
1193 514 1376 577 ἁπλῶς
1426 513 1518 567 καὶ
1545 513 1890 586 ἀπεριέργως
1927 520 2040 580 τοῖς
2069 521 2118 578 Α
2144 521 2238 574 τοῦ
2273 523 2459 592 ὀρθοῦ.
2505 524 2644 577 Ἀλλ’
2679 525 2787 579 ἰδοὺ
2824 527 2916 580 καὶ
2944 527 3042 598 τὴν
3081 525 3203 582 κατ’
3231 529 3480 597 ἐμαυτοῦ
3542 530 3758 597 γνῶσιν

460 603 638 670 λόγοις
663 603 940 675 χρώμενος
963 623 978 669 ;
1004 605 1196 673 Ἡμεῖς
1224 605 1320 674 μὲν
1355 604 1447 656 οὖν
1473 613 1540 656 τα
1564 606 1672 658 τῶν
1707 607 1879 674 ἁγίων
1911 608 2052 677 ῥητὰ

460 695 553 747 ἐπὶ
576 693 781 764 καιρῶν
806 696 1057 762 εὑρόντες
1080 694 1406 765 ζητούντων,
1442 695 1516 756 ὼς
1549 695 1808 763 ἀσφαλῶς
1859 696 2053 768 ἔχοντα

458 785 555 838 καὶ
589 784 847 853 ὀρθόδοξα
872 784 1294 854 προσηκάμεθα.
1330 787 1440 839 Καὶ
1460 785 1554 839 τὸν
1589 786 1694 856 μὲν
1725 787 2054 856 ὁμολογοῦν-

459 893 528 933 τα
549 878 613 930 ὲκ
645 879 857 947 [ἰατρὸς
887 878 949 931 τὸ
980 877 1209 948 Πνεῦμα
1232 879 1295 932 τὸ
1325 878 1485 947 ἅγιον
1525 878 1926 950 ἐκπορεύεσθαι
1955 881 2051 934 καὶ

456 970 834 1039 ἀπεδεχόμεθα
858 969 951 1023 καὶ
965 970 1366 1040 άποδεχόμεθω
1390 971 1547 1040 λόγος
1562 973 1671 1040 γὰρ
1688 972 1780 1025 τοῦ
1803 973 2055 1042 Σωτῆρος

459 1062 550 1114 καὶ
567 1063 662 1129 τῆς
682 1061 924 1120 συνόδου.
945 1060 1039 1115 καὶ
1063 1062 1220 1130 ἡμεῖς
1257 1061 1378 1115 καθ’
1396 1063 1631 1132 ἑκάστην
1660 1061 1752 1115 οὔτ
1763 1082 1833 1124 ως
1867 1065 2056 1132 ὁμολο-

459 1151 682 1222 γοῦμεν.
703 1153 780 1206 Οὐ
795 1153 900 1222 μὴν
912 1153 966 1205 δὲ
988 1154 1121 1208 ἀλλὰ
1152 1154 1354 1207 καὶτὸν
1379 1157 1442 1208 ὲκ
1479 1156 1688 1225 Πατρὶς
1716 1156 1783 1208 δι’
1809 1157 1932 1208 ι’ίοῦ
1968 1157 2058 1208 λέ-

458 1259 624 1312 γοντα
643 1244 1042 1316 ἐκπορεύεσθαι
1060 1247 1136 1311 ὼς
1157 1246 1358 1318 συνόδῳ
1374 1246 1521 1319 πάσῃ
1540 1248 1606 1319 τῇ
1632 1248 1833 1320 ἑϐδόμῃ
1852 1249 2054 1319 ἑπόμεσ-

460 1352 555 1390 νον
601 1337 980 1408 ἀποδεχόμεθα
1010 1340 1102 1392 καὶ
1133 1339 1314 1406 αὑτὸν,
1345 1338 1436 1391 τὸν
1460 1339 1514 1392 δέ
1533 1356 1592 1407 γε
1623 1339 1698 1410 μὴ
1721 1341 1965 1407 τιμῶντα
1986 1343 2052 1395 τὰ

455 1429 564 1482 τῶν
589 1427 762 1497 ἁγίων
789 1430 926 1499 ῥητὰ
956 1430 1160 1500 τόλμης
1209 1432 1560 1502 γραφόμεθα.
1605 1431 1738 1484 Ἰδοὺ
1793 1429 1924 1499 γοῦν
1959 1433 2054 1500 σή·-

459 1538 625 1592 μερον
657 1523 879 1591 πάρεισι
911 1523 1012 1591 μὲν
1073 1525 1432 1594 πατριάρχαι,
1487 1523 1710 1594 πάρεισι
1768 1521 1813 1576 δ’
1861 1524 2052 1593 ἀρχιε-

461 1614 571 1681 ρεῖς
599 1614 692 1665 καὶ
719 1611 919 1682 κλῆρος
939 1612 1087 1676 ἅπας
1128 1613 1224 1666 καὶ
1251 1613 1479 1684 μοναχοὶ¹
1510 1613 1763 1675 εὐλαϐεῖς
1796 1615 1887 1665 καὶ
1941 1613 2050 1666 τῶν

421 1702 663 1762 ολαῖκῶν
713 1705 763 1756 οἱ
829 1705 1126 1774 ἐλλόγιμοι.
1178 1705 1330 1757 Θέλω
1362 1705 1462 1758 καὶ
1514 1703 1888 1776 ὀρθοδοξοῦτιν
1917 1705 2048 1773 ὑμῖν

461 1798 758 1858 κοινωνεῖν,
795 1797 891 1848 καὶ
921 1796 1112 1858 κοινῶς
1147 1797 1498 1866 ὁπωσδήποτε
1554 1795 1645 1849 τοῦ
1704 1795 1866 1866 ὀρθοὖ
1914 1811 2049 1863 σφα-

2159 615 2320 684 ἀφεὶς
2346 616 2485 679 ὅλως
2511 616 2664 686 ὑμῶν
2699 619 2944 689 γίνομαι,
2999 622 3094 673 καὶ
3149 621 3493 683 διδασκάλοις
3545 623 3757 676 ὡσανεί

2157 723 2267 761 τισι
2321 709 2562 779 χρῶμαι.
2641 710 2832 782 Ὑμεῖς
2887 714 3260 785 προηγεῖσθε,
3320 716 3478 783 κάγὼ
3541 715 3755 784 ἕψομαι

2157 799 2506 869 πράττουσιν.
2549 801 2878 858 Ἐκτιθέσθω
2931 806 3118 875 τόμος,
3165 806 3258 859 καὶ
3316 805 3756 876 ἀποπεποιήσθω

2154 892 2216 944 τὺ
2238 892 2435 963 δόγμα.
2469 895 2564 948 καὶ
2597 895 2992 968 ἀποϐεϐλήσθω
3020 899 3080 950 τὸ
3117 915 3136 950 ι
3173 898 3242 950 δι’
3271 896 3424 963 Υἱοῦ,
3468 917 3486 950 ι
3535 899 3584 951 εί
3624 898 3754 969 βού-

2154 983 2332 1037 λεσθε.
2397 986 2518 1039 Κᾶν
2549 987 2622 1056 μὴ
2657 982 2863 1057 ἕψομαι
2917 990 3010 1042 καὶ
3069 989 3251 1053 αὐτὸς,
3282 991 3457 1044 καίτοι
3484 991 3538 1058 γ’
3587 991 3754 1054 εἰδὼς

2157 1076 2415 1146 Πατέρων
2450 1079 2610 1147 ῥητὸν
2638 1079 2732 1130 καὶ
2761 1079 2931 1147 μέγαν
2957 1081 3337 1152 ἐπηρτημένον
3368 1085 3466 1152 τῆς
3499 1084 3753 1153 παροράε

2157 1187 2293 1234 σεως
2317 1170 2381 1242 [P
2399 1171 2490 1243 65]
2517 1173 2777 1236 κίνδυνον,
2803 1175 2964 1238 αὐτὸς
2989 1177 3171 1230 αἰτίαν
3205 1176 3331 1242 ἔξω,
3350 1178 3462 1231 εἴτε
3482 1177 3588 1247 μὴν
3621 1193 3754 1228 πει⁴

2156 1260 2363 1329 σμονῆς
2383 1262 2492 1314 εἴτε
2515 1263 2622 1332 μὴν
2639 1263 2732 1316 καὶ
2753 1265 3037 1335 αἱρέσεως·
3058 1266 3197 1319 θέλω
3219 1267 3327 1336 γάρ
3351 1267 3447 1320 σὺν
3467 1268 3596 1336 ύμῖν
3612 1269 3750 1319 πᾶσι

2153 1353 2248 1406 καὶ
2263 1353 2614 1422 δικαιωθῆναι
2631 1357 2724 1408 καὶ
2739 1357 3156 1427 κατακριθῆναι.
3177 1358 3239 1411 Ei
3256 1360 3300 1411 δ’
3315 1360 3470 1427 ὑμεῖς
3491 1361 3587 1427 μὲν
3606 1359 3754 1410 διευο

2153 1443 2403 1496 λαὸεϊσθε
2431 1445 2527 1516 τὴν
2551 1447 2773 1516 πρᾶξιν,
2789 1448 2922 1517 ύμῖν
2953 1449 2996 1502 δ’
3016 1449 3396 1519 ὲπιφορτίζετε
3415 1450 3513 1518 τὴν
3536 1451 3749 1503 ἀποϐο-

2152 1532 2272 1602 λὴν,
2306 1533 2526 1602 εὔλογον
2552 1535 2692 1591 εἶναι
2744 1539 2983 1604 πάντως,
3037 1541 3121 1592 ἵνα
3164 1539 3239 1611 μὴ
3285 1541 3382 1593 καὶ
3444 1540 3748 1607 ἀναγκαῖον

2152 1627 2311 1687 εἴπω.
2343 1628 2496 1697 ὑμῶν
2538 1629 3006 1700 διευλαϐουμένων
3039 1632 3130 1685 καὶ
3184 1632 3579 1701 διαμελλόντων
3645 1632 3748 1684 καὶ

2152 1719 2298 1787 ἡμᾶς
2351 1719 2605 1784 δεδιέναι,
2667 1724 2739 1792 μή
2803 1740 2922 1786 πως
2984 1724 3419 1794 παρασφαλεῖσιν
3466 1725 3597 1794 ἡμῖν
3643 1724 3747 1776 καὶ

2156 1811 2336 1878 μόνοις
2367 1811 2435 1863 τὰ
2462 1813 2558 1865 τοῦ
2602 1814 2846 1868 κινδύνου
2891 1817 3298 1886 περιστήσεται,
3344 1833 3362 1868 ι
3406 1835 3424 1868 ι
3478 1816 3620 1868 Ἀλλ’
3674 1816 3746 1868 οὗ

459 1886 597 1941 λεῖσι
627 1887 724 1958 τὴν
756 1887 872 1956 μεθ’
904 1887 1060 1958 ὑμῶν
1088 1888 1388 1957 καταδίκην
1415 1889 1676 1960 αἱροῦμαι
1719 1889 1870 1956 ’πεπρὰ
1925 1888 2043 1958 θεῷ
2077 1885 2116 1938 Β
2147 1904 2504 1974 γεγράφαμεν
2538 1907 2718 1976 ἡμεῖς,
2760 1925 2779 1957 ι
2820 1908 2983 1976 φασὶν
3017 1908 3067 1960 oi
3095 1908 3224 1977 περὶ
3252 1908 3343 1961 τὸν
3390 1907 3744 1979 πατριάρχην

460 1979 698 2049 κρίνοντι
726 1979 758 2049 ἢ
790 1979 949 2048 μόνος
973 1980 1070 2050 τὴν
1112 1979 1386 2050 ἡμετέραν
1433 1980 1754 2049 ἀσφάλειαν.
1803 1981 1876 2033 Τὸ
1914 1979 2046 2048 γοῦν

463 2073 605 2142 ὑμᾶς
634 2071 732 2142 ἐμὲ
765 2071 945 2142 ζητεῖν
973 2089 1032 2126 τε
1082 2073 1176 2126 καὶ
1219 2075 1553 2142 ἀναγκάζειν
1598 2075 1694 2128 καὶ
1743 2076 1865 2138 τοὺς
1927 2075 2046 2144 μετ’

461 2164 596 2235 ἐμοῦ
626 2164 997 2219 ἀποῢαλέσθαι
1029 2166 1204 2235 δόγμα
1234 2167 1515 2238 Πατέρων,
1541 2165 1684 2218 οὕτω
1716 2166 1780 2238 δὴ
1814 2167 2046 2220 παλαιὸν

461 2259 554 2313 καὶ
613 2259 766 2328 παρὰ
815 2257 1026 2311 πολλῶν
1080 2257 1396 2326 λεγόμενον,
1453 2259 1596 2328 ὑμᾶς
1624 2258 1679 2310 δὲ
1717 2257 1884 2328 μηδὲν
1914 2261 2044 2329 περὶ

457 2351 662 2405 τούτων
685 2350 1011 2421 φροντίζειν,
1055 2349 1117 2403 οὔ
1159 2368 1248 2419 μοι
1295 2351 1444 2404 δοκεῖ
1473 2351 1619 2420 ἔχειν
1679 2351 1740 2404 τὸ
1797 2350 2042 2418 εὔλογον.

464 2441 754 2511 Ἐστιγὰρ
786 2443 878 2496 καὶ
910 2442 1036 2510 ἐμοὶ
1085 2441 1341 2496 εὐλάϐεια
1394 2443 1468 2511 μή
1526 2459 1644 2504 πως
1699 2442 2046 2512 παρασφαλῶ

459 2637 676 2694 quoque
707 2623 759 2677 iu
789 2623 952 2676 modo
978 2621 1046 2674 de
1079 2620 1284 2676 divinis
1315 2620 1759 2675 emanatiottibus
1815 2621 2047 2689 loquen-

459 2717 512 2772 di
561 2714 827 2770 oﬂ'eusutn
881 2725 963 2768 est
1007 2713 1314 2783 quidpiam,
1361 2721 1423 2767 ut
1471 2716 1846 2769 ostendemus.
1902 2714 2042 2767 Nutu

460 2820 744 2879 propterea
779 2823 875 2862 vos
909 2822 939 2860 a
973 2806 1131 2861 nobis
1182 2822 1281 2876 pro
1321 2807 1821 2861 excomtnuviicatis
1883 2806 2042 2860 vitari

460 2918 556 2973 par
588 2901 713 2957 est?
756 2916 882 2954 num
905 2909 958 2954 et
980 2915 1081 2954 nos
1105 2900 1244 2954 labis
1277 2899 1398 2968 ejus
1423 2901 1683 2954 conscios
1708 2900 1895 2968 religio
1917 2901 2046 2954 sub-

458 2999 555 3071 igit
582 2997 911 3066 abrumpere
949 2996 1052 3051 hoc
1103 2995 1466 3066 colloquium,
1499 3001 1554 3050 et
1598 2995 2042 3048 communionem

457 3100 695 3148 vestram
731 3101 990 3161 tanquam
1017 3091 1370 3145 anathemate
1435 3103 1823 3159 percussorum
1884 3103 2041 3141 aver-

457 3185 594 3245 sari,
641 3198 706 3238 ac
740 3184 820 3238 sic
845 3197 1065 3237 omnem
1123 3181 1481 3236 concilianda:
1537 3181 1846 3235 concor.li.e
1891 3196 2038 3249 spem

457 3279 716 3347 viamque
745 3275 1084 3347 praecidere?
1113 3295 1130 3326 ι
1191 3273 1288 3329 Hic
1315 3275 1625 3344 patriarcha
1654 3291 1775 3327 eum
1839 3276 1954 3328 suis
2011 3290 2040 3328 e

457 3367 637 3424 Vecco
667 3367 958 3437 requisivit
993 3365 1084 3421 ubi
1135 3374 1189 3420 et
1220 3366 1420 3436 quibus
1458 3367 1510 3420 in
1560 3367 1744 3421 verbis
1791 3375 2039 3420 erratum

455 3477 485 3516 a
523 3475 583 3516 se
618 3459 780 3514 ioret.
823 3458 1018 3512 Statim
1049 3456 1255 3514 Veccus
1283 3459 1527 3513 chartam
1563 3474 1593 3512 c
1617 3459 1740 3513 sinu
1777 3460 2041 3529 prolatam

456 3552 716 3608 ostendit.
743 3551 921 3618 Quam
964 3566 1088 3606 cum
1120 3549 1200 3604 illi
1247 3550 1525 3620 legissent,
1559 3566 1718 3605 suam
1753 3562 2041 3619 negarunt,

455 3657 511 3701 ct
531 3659 642 3700 non
666 3643 830 3698 modo
855 3635 1002 3713 quod
1024 3651 1145 3698 erat
1173 3642 1227 3697 in
1253 3657 1314 3697 ea
1349 3642 1636 3712 scriptum,
1663 3643 1755 3698 sed
1787 3651 1840 3696 et
1866 3644 2040 3711 ipsum

456 3752 596 3808 pene
620 3736 810 3806 scripti
839 3745 1146 3799 auctorem,
1169 3736 1486 3806 quicunque
1515 3735 1675 3800 foret,
1697 3737 1800 3790 sub
1815 3735 1927 3806 99
1948 3735 2043 3790 de-

457 3830 752 3884 testatione
775 3826 1138 3881 auathematis
1159 3827 1456 3882 abominati
1485 3838 1633 3882 sunt.
1656 3827 1758 3882 Hic
1779 3827 2046 3883 Moscam-

455 3934 580 3989 par,
600 3920 695 3990 qui
723 3918 828 3973 sibi
850 3925 969 3972 erat
993 3918 1254 3974 conscius
1275 3933 1334 3974 se
1356 3919 1668 3988 scripsisse,
1690 3933 1792 3974 nec
1820 3917 2044 3974 infitiari

457 4011 773 4067 sustinebat
811 4008 1166 4066 manifestam
1201 4026 1339 4076 rem,
1379 4026 1536 4066 suam
1564 4026 1684 4068 eam
1708 4012 2041 4082 scripturam

456 4106 640 4160 fassus
680 4119 842 4163 esse:
880 4103 1028 4174 quod
1073 4118 1194 4159 eam
1223 4112 1526 4170 exorasset,
1563 4112 1648 4160 est
1680 4116 1916 4160 conatus
1941 4121 2043 4161 ex-

449 4213 671 4254 cusare.
706 4197 826 4264 Quo
853 4197 1067 4252 Veccus
1102 4185 1319 4260 audito.
1365 4197 1641 4253 renidenti
1693 4213 1758 4253 ac
1790 4199 2042 4268 spirante

456 4295 689 4346 multam
727 4291 961 4363 gratiam
993 4291 1148 4344 vultu
1182 4290 1548 4360 patriarcham
1585 4291 1846 4345 intuens:
1893 4310 1911 4342 ι
1943 4290 2044 4345 Ex-

463 4382 855 4452 spectabamus
895 4396 994 4436 nos
1019 4381 1266 4450 quidem,
1294 4379 1469 4450 inquit
1497 4394 1592 4450 per
1617 4381 2040 4436 urbanissimam

459 4475 746 4539 facetiam,
807 4484 860 4530 te
914 4474 1018 4531 hoc
1071 4476 1340 4545 scriptum
1395 4491 1494 4546 pro
1548 4485 1644 4530 tuo
1695 4477 2038 4545 agniturum.

461 4571 626 4630 Nunc
651 4575 696 4629 si
746 4589 851 4627 non
885 4583 1039 4628 tuum
1085 4572 1242 4638 illud,
1286 4574 1380 4627 sed
1419 4571 1584 4641 hujus
1614 4581 1718 4637 est,
1763 4582 1926 4641 prout
1961 4571 2041 4628 fa-
2074 4598 2118 4653 ι)

458 4675 605 4722 tetur
640 4670 780 4735 ipse,
823 4667 980 4735 pulex
1037 4663 1311 4735 quispiam
1349 4663 1593 4734 plaustro
1648 4664 1892 4720 insidens
1942 4680 2042 4720 nec

459 4757 697 4812 incitare
731 4771 830 4810 nec
861 4755 1144 4811 reﬂectere
1170 4766 1262 4808 aut
1297 4755 1671 4810 suﬂiamiuare
1698 4770 1898 4810 currus
1934 4757 2038 4810 uti-

458 4866 565 4921 que
614 4851 831 4904 ruentis
865 4851 1130 4919 impetum
1163 4849 1362 4902 valeat.
1407 4869 1425 4901 ι
1478 4847 1604 4902 liaec
1637 4846 1847 4902 Vcccus
1879 4847 2036 4916 dixit,

458 4941 639 5010 lepide
695 4941 947 4996 alludcns
997 4940 1064 4993 ad
1125 4955 1324 4992 nomen
1397 4938 1542 4993 aliud
1597 4938 2038 5010 chartopltylacis

457 5033 856 5105 Moscamparis
895 5051 908 5086 :
943 5043 1063 5088 erat
1094 5033 1240 5086 enim
1293 5032 1376 5086 vir
1403 5033 1492 5087 ille
1541 5032 1836 5087 binomius.
1875 5033 2035 5087 «Cae-

457 5138 675 5186 terum,
732 5124 1008 5188 subdidit,
1065 5137 1531 5193 cognosceremus
1580 5123 1811 5177 libenter
1867 5139 2035 5194 quam

458 5231 515 5272 tu
545 5219 675 5272 huic
703 5232 922 5288 pinnam
958 5216 1276 5272 indicturus
1307 5217 1407 5282 sis,
1449 5215 1724 5271 manifesti
1745 5215 1858 5287 jam
1884 5231 2034 5272 erro-

459 5313 535 5365 ris
570 5311 623 5364 in
658 5309 932 5378 dogmatis
968 5307 1326 5376 expressione
1357 5317 1664 5376 comperto.
1700 5325 1717 5358 ι
1768 5305 1881 5362 Hoc
1912 5307 2032 5362 loco

459 5419 583 5455 cum
643 5400 774 5454 varii
825 5401 976 5453 varia
1026 5399 1316 5462 dixissent,
1371 5415 1472 5455 nec
1523 5400 1781 5468 reperiret
1824 5400 2030 5454 exitum

462 5495 661 5547 frustra
690 5492 985 5560 productus
1034 5505 1240 5551 sermo,
1276 5505 1565 5546 resumens
1603 5490 1812 5565 veccus
1839 5491 1919 5543 sic
1951 5489 2034 5542 in-

461 5585 582 5636 tulit
613 5601 628 5636 :
668 5603 686 5631 ‹
727 5581 938 5647 Sequar
969 5597 1079 5648 quo
1104 5596 1201 5634 vos
1228 5582 1422 5651 praeire
1447 5583 1588 5637 votis
1607 5584 1786 5647 video,
1814 5596 2034 5652 quaque

462 5674 626 5726 vultis
658 5686 911 5727 occurro.
951 5671 1028 5725 En
1083 5686 1184 5740 ego
1211 5686 1456 5742 quoque,
1485 5689 1652 5742 quam
1683 5674 2030 5738 desideratis,

461 5766 622 5832 cujus
671 5778 838 5838 causa
898 5762 1166 5832 satagitis,
1240 5764 1462 5818 nemine
1507 5763 1794 5819 remissius
1844 5778 2030 5835 pacem

457 5871 671 5922 atnatis,
729 5871 1026 5925 proponam
1048 5925 1060 5942 κ
1086 5857 1442 5928 simpliciter,
1498 5856 1543 5912 si
1599 5859 2032 5926 pcrmittitis,ct

2147 1997 2591 2064 ἀπολογούμενοι.
2644 2018 2661 2050 ι
2706 1999 2868 2068 Ὑμῖν
2915 2001 3226 2066 γέγραπται
3281 2001 3376 2053 καὶ
3425 1999 3742 2065 κεκίνηται·

2151 2091 2279 2158 ὑμῖν
2331 2094 2422 2143 καὶ
2456 2092 2796 2159 ἁποῦλητέον
2849 2092 3044 2147 ταῦτα.
3079 2114 3096 2145 ι
3175 2112 3194 2145 ι
3236 2095 3345 2146 Καὶ
3375 2094 3428 2146 τί
3453 2110 3516 2159 γε
3547 2093 3608 2146 τὸ
3637 2095 3746 2162 ἐμα-

2150 2182 2371 2249 ποδὼν;
2412 2201 2429 2233 ι
2463 2185 2509 2236 οἱ
2542 2185 2671 2252 περὶ
2705 2185 2798 2239 τὸν
2853 2185 3078 2250 Βέκκον,
3154 2204 3172 2235 ι
3221 2185 3524 2255 ἐθαῤῥεῖτε,
3556 2201 3574 2235 ι
3632 2198 3743 2252 φα·-

2151 2276 2255 2339 σὶν,
2299 2293 2317 2327 ι
2348 2278 2483 2329 ὅπου
2526 2277 2618 2328 καὶ
2648 2277 2908 2346 ἀδελφοὺς
2960 2277 3302 2348 προσλήψετε
3355 2275 3741 2346 θεραπεύσαν-

2149 2383 2258 2427 τες.
2301 2385 2319 2418 ι
2366 2367 2506 2419 Ἀλλ’
2534 2369 2634 2422 οὐκ
2664 2368 2879 2422 ἔπειθον
2904 2370 3175 2436 λέγοντες.
3216 2367 3378 2421 Ἀλλὰ
3405 2369 3500 2421 καὶ
3528 2367 3740 2437 μᾶλλον

2149 2459 2543 2530 τραχυνθέντος
2575 2459 2926 2513 κατ’ὲκείνου
2962 2460 3055 2515 τοῦ
3113 2461 3472 2532 πατριάρχου,
3527 2459 3602 2524 ὡς
3639 2461 3740 2514 καὶ

2148 2641 2330 2696 verbis
2359 2639 2466 2694 fuci
2499 2642 2846 2711 expertibus,
2883 2657 3060 2696 meam
3095 2657 3261 2712 super
3299 2642 3402 2696 hac
3431 2641 3739 2694 declarabo

2149 2733 2501 2788 sententiam.
2524 2732 2634 2788 Nos
2664 2735 2885 2803 quidem
2911 2735 3227 2789 testimonia
3262 2743 3579 2790 sanctorum
3598 2747 3733 2786 cum

2148 2823 2583 2889 invenissemus,
2627 2824 2865 2894 negotiis
2889 2839 3011 2892 qua:
3048 2833 3180 2878 tunc
3213 2825 3591 2879 tractabantur
3617 2825 3736 2878 exi-

2145 2919 2404 2986 gentibus
2435 2929 2742 2987 opportune
2777 2917 3111 2987 protulimus
3151 2924 3211 2971 ut
3249 2931 3444 2971 secura
3485 2925 3536 2970 et
3570 2916 3740 2986 plane

2146 3007 2469 3062 orthodoxa.
2501 3006 2564 3062 Et
2595 3018 2651 3060 ut
2682 3022 2805 3061 eum
2836 3007 2930 3075 qui
2959 3007 3160 3062 dixerit
3188 3006 3455 3076 Spiritum
3477 3015 3737 3060 sanctum

2145 3117 2212 3156 ex
2243 3098 2406 3154 Patre
2440 3099 2761 3168 procedere,
2790 3100 3141 3168 susrepimus
3169 3106 3224 3153 et
3263 3099 3597 3168 suscipimus
3633 3114 3739 3168 pro

2147 3204 2293 3249 recte
2349 3195 2628 3248 sentiente
2685 3192 3058 3260 loquenteque
3110 3190 3239 3261 (hoc
3292 3193 3438 3245 enim
3479 3189 3737 3246 Salvator

2149 3290 2355 3354 docuit,
2392 3289 2497 3342 huc
2526 3286 2771 3358 synodus
2799 3285 3066 3348 sancivit;
3093 3284 3234 3338 idem
3276 3291 3332 3336 et
3365 3295 3464 3336 nos
3487 3282 3739 3351 quotidie

2147 3380 2404 3452 symbolo
2440 3379 2726 3432 recitando
2754 3371 3124 3446 Prolitemur).
3161 3374 3240 3430 sic
3268 3389 3366 3428 nec
3391 3373 3540 3426 illum
3573 3389 3738 3427 aver-

2147 3473 2254 3525 sari
2316 3470 2398 3525 fas
2435 3478 2693 3538 putamus
2721 3468 2814 3538 qui
2861 3465 3051 3523 dicere
3081 3466 3323 3520 voluerit
3354 3465 3622 3536 Spiritum
3661 3481 3735 3520 es

2147 3563 2307 3618 Patre
2343 3580 2438 3634 per
2469 3563 2670 3617 Filium
2727 3561 3048 3631 procedere.
3079 3559 3282 3628 Quidni
3318 3561 3462 3614 enim
3496 3568 3550 3613 et
3583 3561 3741 3614 hunc

2150 3657 2501 3724 recipiamus,
2534 3656 2626 3723 qui
2659 3655 2852 3724 synodi
2890 3652 3137 3722 septima:
3171 3653 3441 3706 universas
3482 3655 3724 3706 auctori-

2147 3756 2314 3804 tatem
2350 3747 2404 3801 in
2446 3749 2549 3802 hoc
2579 3746 2884 3815 sequatur?
2934 3744 3124 3814 Itaque
3174 3758 3277 3800 nos
3317 3743 3459 3798 haud
3511 3743 3735 3798 dubite-

2147 3859 2292 3907 mus,
2325 3842 2371 3896 si
2401 3842 2526 3910 quis
2547 3843 2619 3894 sit
2641 3840 2735 3910 qui
2768 3839 2995 3893 disertis
3029 3837 3366 3892 testimoniis
3401 3845 3734 3892 sanctorum

2148 3934 2369 3989 Patrum
2427 3934 2692 3986 honorem
2731 3944 2839 3984 non
2887 3929 3161 3992 habuerit,
3210 3930 3358 3983 hunc
3399 3929 3732 3983 temeritatis

2145 4028 2432 4084 damnare.
2464 4025 2540 4078 En
2567 4023 2726 4092 100
2756 4021 2924 4093 igitur
2952 4020 3040 4075 hic
3074 4019 3234 4074 hodie
3257 4020 3459 4075 adsunt
3493 4020 3734 4090 patriar-

2147 4117 2282 4181 chte,
2308 4116 2506 4169 adsunt
2533 4113 2803 4183 episcopi,
2831 4125 2938 4164 una
2965 4118 3045 4164 est
3073 4108 3256 4164 clerus
3280 4109 3588 4170 universus,
3620 4126 3728 4165 nec

2149 4223 2255 4262 non
2291 4191 2544 4261 monachi
2567 4203 2832 4274 religiosi,
2865 4211 2920 4258 et
2945 4219 2973 4254 e
3001 4201 3156 4256 laieis
3177 4201 3382 4272 quique
3411 4203 3724 4258 lectissimi.

2147 4297 2284 4351 Volo
2306 4306 2359 4351 et
2377 4295 2532 4350 vobis
2557 4294 2863 4348 orthodoxe
2884 4294 3250 4350 sentientibus
3283 4295 3726 4359 communicare,

2145 4399 2199 4443 et
2233 4401 2357 4442 cum
2383 4385 2570 4439 iisdem
2595 4383 2772 4446 vobis,
2807 4384 2852 4440 si
2887 4383 3029 4440 forte
3069 4385 3438 4439 communiter
3467 4400 3721 4455 quacun-

2147 4495 2254 4550 que
2308 4476 2523 4532 ratione
2577 4493 2608 4532 a
2644 4485 2794 4532 recto
2851 4474 3174 4540 deﬂexistis,
3219 4491 3393 4545 poena.-
3440 4478 3622 4532 omnis
3657 4494 3724 4531 ac

2147 4584 2304 4625 noxa:
2338 4583 2443 4638 qua
2473 4568 2580 4623 hoc
2612 4569 2835 4622 nomine
2861 4585 2888 4620 a
2923 4567 3034 4622 Deo
3056 4567 3336 4636 judicante
3376 4569 3722 4635 aliieiarnini,
3763 4596 3770 4603 -

2148 4662 2487 4716 consortium
2520 4661 2709 4717 subire
2735 4671 2960 4732 paratus
2993 4677 3137 4716 sum.
3171 4659 3438 4716 Caeterum
3470 4677 3723 4732 quaerere

2144 4771 2245 4811 vos
2273 4771 2302 4811 a
2339 4770 2451 4822 me,
2491 4762 2546 4810 et
2582 4770 2681 4809 nos
2712 4754 2938 4809 omnino
2966 4757 3030 4808 ad
3063 4754 3167 4810 hoc
3217 4769 3437 4822 cogere,
3486 4766 3543 4808 ut
3576 4756 3722 4825 ahji-

2143 4847 2353 4902 ciamus
2376 4848 2574 4917 dogma
2596 4845 2820 4900 Patrum
2843 4847 2978 4900 adeo
3001 4847 3310 4917 antiquum,
3330 4847 3397 4900 ab
3421 4846 3557 4901 adeo
3579 4847 3722 4899 mul-

2145 4940 2215 4994 tis
2259 4948 2561 5004 assertum,
2614 4953 2710 4992 vos
2753 4945 2936 4990 autem
2971 4937 3181 4992 nullum
3219 4937 3421 4990 habere
3455 4936 3593 4991 velle
3632 4953 3722 4991 re-

2141 5038 2390 5100 spectum
2415 5030 2699 5084 rationum
2727 5027 3232 5098 allegationumque
3262 5036 3722 5093 nostrarum,nec

2139 5123 2364 5178 omnino
2429 5131 2682 5190 reputare
2725 5137 2891 5190 quam
2925 5120 3126 5176 validis
3156 5118 3569 5174 defensionibus
3615 5119 3721 5173 oh-

2134 5217 2280 5284 jecta
2327 5213 2668 5282 repellimus,
2721 5213 2864 5266 haud
2898 5213 3032 5266 mihi
3061 5212 3277 5266 videtur
3328 5226 3544 5282 aequum
3588 5226 3718 5265 esse

2138 5319 2232 5362 aut
2265 5315 2703 5362 consentaneum
2740 5306 3108 5361 moderationi
3163 5306 3218 5358 in
3270 5304 3339 5359 iis
3384 5305 3718 5362 necessaria:

2136 5400 2234 5470 qui
2261 5401 2398 5453 bona
2429 5399 2532 5453 (ide
2555 5399 2882 5453 dirimendis
2904 5396 3302 5452 controversiis
3331 5396 3562 5466 Pacique
3582 5411 3718 5449 con-

2138 5491 2390 5545 cilianda:
2418 5490 2553 5544 dant
2583 5505 2831 5559 operam.
2858 5487 3063 5558 Nempe
3089 5488 3154 5543 ad
3185 5488 3289 5543 hoc
3333 5489 3592 5556 utrinque
3621 5501 3717 5541 ce-

2138 5586 2266 5639 dere
2307 5581 2589 5653 quidpiam
2649 5591 2948 5637 traclautes
2997 5582 3274 5636 convenit.
3322 5578 3470 5634 Cedo
3527 5589 3712 5635 autem

2137 5690 2260 5746 ego,
2289 5677 2455 5729 etiam
2489 5674 2556 5728 ad
2593 5674 2776 5728 vivum
2815 5688 3098 5735 resecans,
3138 5673 3304 5728 etiam
3356 5672 3465 5726 vim
3503 5671 3714 5728 faciens
3803 5667 3808 5670 ’

2135 5769 2358 5838 proprio
2396 5769 2610 5823 sensui.
2640 5767 2786 5822 Inest
2819 5763 2988 5838 porro’
3015 5775 3067 5820 et
3097 5764 3235 5818 mihi
3266 5763 3556 5833 religiosus
3585 5778 3712 5819 me-

2137 5870 2226 5915 tus
2258 5860 2554 5915 abcrraudi
2583 5875 2609 5913 a
2642 5867 2789 5914 recto
2827 5859 3099 5925 dogmate.
3152 5856 3359 5909 Tamen
3407 5867 3538 5909 ecce
3581 5869 3715 5923 pro-
