4022 6544
279 410 384 471 1ιῖ

1206 421 1306 480 DE
1343 422 1784 482 ANDRONICO
1828 423 2288 483 PALA‘JOLOGO
2328 423 2474 486 LIB.
2525 424 2573 483 ῐ.

3443 414 3540 478 ΗΞ

272 530 440 601 ὓὸρει
491 531 1021 603 διαλοιδορήσασθαι,
1067 533 1158 588 τὸν
1191 534 1400 589 Βέκκον
1455 536 1859 606 παροξυνθέντα
1896 540 1939 596 Α
1968 539 2168 593 λύοιτο.
2221 541 2355 595 Νυνὶ
2381 540 2436 594 δὲ
2465 538 2830 601 ἁλλ’ἓκαστος
2880 535 2980 607 τὴν
3009 534 3146 590 ίδίαν
3197 533 3542 604 δικαιοσύνη-ι

272 623 477 691 ἐκείνῳ
502 623 603 692 μὲν
636 625 852 693 εὐφυῶς
879 624 1198 695 ἐπιπλῆξαι,
1224 626 1359 696 πρὸς
1391 625 1450 681 δὲ
1498 628 1589 680 τὸν
1636 627 1860 698 βασιλέα

271 714 686 781 ἐπιστραφέντα
712 715 1113 786 μεγαλοφὼνως
1141 718 1320 770 εἰπεῖν
1358 717 1475 780 μεθ’
1507 719 1676 788 ὅρκου
1707 719 1783 781 ὡς
1811 720 1859 772 εί

275 802 354 874 μὴ
382 805 545 868 αὐτὸς
575 805 780 870 ἐξέλθοι
810 807 902 860 τοῦ
936 809 1349 878 πατριαρχείου,
1375 809 1474 862 οὐκ
1519 810 1584 864 ἄν
1613 827 1743 864 ποτε
1770 809 1861 862 τὸν

269 896 381 961 τῆς
437 895 763 966 Ἐκκλησίας
809 898 1378 968 καταστορεθήσεσθαι
1426 899 1690 953 κλύδωνα.
1751 899 1861 954 Καὶ

270 986 452 1050 οὕτως
481 991 751 1054 εἰπόντος,
784 992 920 1061 ὀργῇ
951 991 1223 1061 ληφθέντα
1270 993 1363 1046 τὸν
1419 993 1638 1062 βασιλέα
1666 993 1860 1058 ἐξανα-

275 1077 475 1146 στῆναι
503 1081 623 1144 καὶ,
645 1096 664 1130 ι
699 1079 763 1132 Τί
783 1081 875 1133 δαί
901 1096 915 1145 ;
956 1099 976 1132 ι
1010 1082 1175 1150 φάναι
1229 1081 1369 1150 ὑπὲρ
1398 1083 1496 1151 τῆς
1537 1080 1862 1151 Ἐκκλησίας

270 1171 778 1239 δεινοπαθήσανταο
809 1189 828 1222 ι
857 1173 957 1225 οὐκ
991 1173 1150 1242 ἀρκεῖ
1185 1174 1252 1227 τὰ
1306 1173 1566 1242 πρότερα,
1604 1174 1738 1226 ἀλλὰ
1767 1173 1862 1225 καὶ

274 1263 447 1316 πάλιν
473 1263 573 1332 τὴν
614 1263 942 1331 Ἐκκλησίαν
979 1265 1276 1332 ταράξετε,
1319 1263 1414 1316 καὶ
1461 1263 1582 1316 δυσὶ
1631 1263 1860 1334 περιϐα-

271 1355 423 1406 λείτε
455 1354 734 1424 πολέμοις,
761 1355 908 1407 ἐνθεν
941 1355 1039 1423 μὲν
1057 1358 1177 1419 ταῖς
1203 1355 1314 1408 τῶν
1332 1355 1664 1425 σχιζομένων
1695 1373 1864 1422 προσ-

271 1445 488 1509 ϐολαῖς,
521 1446 730 1499 ἐκεῖθεν
759 1445 814 1498 δὲ
849 1448 946 1498 καὶ
973 1447 1094 1508 ταῖς
1125 1446 1428 1518 παρ’ύμῶν
1465 1440 1644 1500 αὐτῶν
1677 1447 1749 1510 ὡς
1780 1449 1861 1500 εί-

277 1537 404 1586 πῖῖν
441 1535 832 1605 ὲνευκαιρίαις,
877 1535 1018 1589 ὥστε
1070 1536 1400 1590 κινδυνεύειν
1441 1537 1538 1606 τὴν
1597 1536 1725 1605 μίαν
1769 1536 1862 1589 καὶ

271 1628 557 1698 άρρηκτον
599 1629 926 1698 Ἐκκλησίαν
977 1629 1098 1682 καθ’
1132 1630 1304 1700 αὐτὴν
1359 1630 1752 1685 στασιάζουσαν
1805 1632 1862 1682 ἐν

270 1722 352 1788 τῷ
388 1720 590 1774 ἐσθίειν
620 1722 744 1781 τοὺς
775 1722 944 1791 αὐτῆς
967 1721 1228 1792 ἀλλήλους
1265 1723 1661 1794 δαπανηθῆναι,
1720 1723 1861 1793 ὑπὲρ

270 1810 341 1881 ἧς
384 1813 548 1876 αὐτὸς
577 1816 604 1866 ὁ
627 1814 859 1885 Χριστὸς
889 1814 949 1866 τὸ
981 1816 1177 1866 οἰκεῖον
1199 1810 1336 1883 αἷμα
1366 1815 1545 1885 ἐξέχεε
1571 1833 1585 1880 ;
1620 1835 1637 1865 ι
1674 1816 1859 1869 Ταῦτα

277 1907 374 1956 καὶ
435 1904 612 1957 πλείω
659 1906 863 1957 τούτων
917 1903 1085 1957 εἰπὼν
1135 1906 1294 1975 δῆλος
1324 1903 1390 1977 ἦν
1434 1907 1630 1969 ἀλύων,
1669 1908 1743 1979 μὴ
1783 1909 1862 1968 είς

275 1996 444 2046 καλόν
485 2013 538 2047 τι
576 1995 699 2063 μηδ’
728 1997 806 2058 είς
859 1997 1158 2066 συμφέρον,
1209 1997 1236 2050 ὃ
1278 1997 1342 2068 δὴ
1389 2000 1482 2050 καὶ
1537 1999 1857 2068 προσεδόκα,

278 2085 670 2154 καταληξάσης
695 2085 792 2153 τῆς
824 2085 1128 2149 διαλέξεως.
1172 2087 1304 2139 Τότε
1323 2087 1380 2139 δὲ
1402 2085 1504 2140 ὧδέ
1536 2106 1619 2151 τις
1648 2088 1713 2142 ἂν
1739 2085 1860 2142 εἷπε

278 2177 421 2246 πρὸς
454 2175 681 2245 πλησίον
710 2176 889 2242 ἄλλον,
932 2195 950 2227 ‹
991 2179 1054 2228 Ὢ
1075 2179 1255 2243 πόποι,
1282 2175 1317 2250 ἦ
1353 2182 1493 2249 μέγα
1517 2181 1580 2250 δὴ
1607 2183 1667 2234 τὸ
1689 2182 1862 2236 ταῦτα

277 2269 454 2320 κινεῖν
508 2274 605 2320 καὶ
670 2269 853 2337 ζητεῖν
916 2271 1171 2341 συνιστᾷν
1199 2271 1298 2340 τὴν
1328 2273 1461 2324 ίδιαν
1511 2273 1860 2346 δικαιοσύνην

276 2365 537 2424 ἕκαστον,
575 2359 760 2411 ἱκανὸν
786 2358 849 2430 [Ρ
881 2359 970 2432 65]
1011 2360 1068 2412 ὃν
1100 2362 1147 2413 εί
1189 2362 1524 2426 διαλυθέντος
1567 2367 1658 2417 τηιῦ
1721 2368 1861 2418 κατὰ

276 2451 372 2503 τὸν
429 2451 662 2504 πάππαν
713 2452 1008 2507 σκανδάλου
1045 2455 1137 2508 καὶ
1191 2455 1359 2509 τᾶλλα
1409 2457 1586 2510 πάντα
1644 2460 1857 2512 συνδια·

279 2636 466 2703 prium
510 2633 779 2690 abdicans
820 2634 1086 2703 judicium
1120 2636 1279 2704 plane
1329 2645 1507 2693 vestcr
1561 2639 1649 2703 lio,
1684 2640 1857 2696 disci-

279 2732 556 2800 plinaeque
619 2744 704 2782 me
755 2740 949 2784 vestrae
1024 2731 1281 2800 subjicio.
1351 2732 1586 2787 Docilcm
1653 2749 1719 2788 en
1776 2752 1860 2791 me

279 2823 499 2876 habetis
531 2822 838 2877 auditorem
865 2839 882 2887 ;
906 2825 1090 2879 ducite
1117 2825 1386 2893 magistri,
1415 2842 1522 2896 quo
1553 2827 1705 2891 libet,
1740 2843 1860 2882 cre-

277 2914 537 2970 dulitatis
578 2923 785 2984 paratae
843 2916 1200 2987 discipulum.
1255 2919 1460 2973 Edatur
1519 2929 1726 2980 tomus.
1775 2939 1858 2976 re-

277 3003 549 3074 probetur
571 3004 792 3075 dogma.
819 3005 1128 3074 rejiciatur,
1177 3010 1222 3062 si
1254 3009 1325 3060 ita
1359 3011 1548 3070 vultis,
1577 3027 1639 3063 ex
1676 3013 1859 3066 det-la-

279 3095 498 3148 ratione
525 3094 838 3150 divinarum
861 3099 1268 3152 emanationnm
1304 3101 1511 3152 mentio
1545 3105 1856 3168 processio-

1963 631 2160 703 ζητῶν,
2194 633 2294 700 τὴν
2323 633 2417 686 τοῦ
2455 631 2592 686 Θεοῦ
2637 629 2986 700 δικαιοσύνην
3044 629 3104 683 ού
3149 627 3372 698 φθάσειε
3421 625 3538 679 πώ-

1963 743 2116 788 ποτε,
2149 726 2226 789 ὡς
2248 727 2460 780 ἐκεῖνοι.
2504 744 2524 777 ι
2559 725 2632 779 Τδ
2659 725 2706 778 δ’
2733 727 2791 788 ἐς
2821 725 2849 779 ὃ
2871 742 2920 778 τι
2951 723 3211 795 προῆλθε,
3261 721 3540 790 προϊόντες

1963 820 2218 888 ἐροῦμεν.
2259 817 2530 882 Ἑκείνους
2568 818 2665 887 μὲν
2688 815 2780 873 οὖν
2809 818 2928 872 τότε
2958 819 3058 888 τῆς
3103 817 3323 870 συνόδου
3355 815 3539 868 διαλυο

1964 912 2204 984 θείσηςή
2242 913 2333 966 τοῦ
2363 911 2656 981 Κοσμιδίου
2697 908 2807 981 εἶχε
2842 911 3000 980 μονὴ,
3044 907 3183 980 πλὴν
3227 909 3332 961 ὑπὸ
3367 923 3537 977 φρου-

1971 1008 2078 1074 ροῖς
2101 1005 2195 1059 καὶ
2214 1007 2482 1073 φυλακαῖς
2512 1005 2919 1074 προσηκούσαις
2938 1018 2953 1036 ο
2972 1003 3063 1065 οὒς
3094 1002 3157 1071 δὴ
3179 1003 3270 1055 καὶ
3298 1001 3536 1068 πέμπων

1962 1099 1988 1149 δ
2012 1098 2262 1167 βασιλεὺς
2291 1098 2590 1169 εἰρηνεύειν
2615 1095 2788 1166 ἠξίου,
2811 1097 2904 1148 καὶ
2948 1097 3129 1148 πᾶσαν
3159 1090 3531 1159 δικαιολογίαν

1963 1190 2198 1258 ἀφέντας
2230 1190 2436 1256 διάγειν
2457 1188 2649 1258 ἀνέδην
2678 1188 2771 1242 καὶ
2793 1189 2892 1259 τὴν
2923 1187 3018 1241 ἀπ’
3065 1185 3226 1239 αὑτοῦ
3253 1184 3540 1254 εὐμένειαν

1963 1283 2205 1354 ἔχοντας.
2235 1284 2296 1336 Εἰ
2329 1282 2372 1335 δ’
2397 1280 2510 1346 οὖν,
2542 1281 2655 1336 ἀλλ’
2679 1281 2893 1351 ὲξορίας
2921 1279 3279 1351 προσηπείλει
3307 1277 3404 1332 καὶ
3436 1293 3539 1330 κα-

1964 1373 2187 1442 κουχίας
2219 1373 2560 1444 ὲπαξομένας
2593 1372 2745 1442 σφίσι
2771 1387 2790 1406 ο
2827 1359 3088 1443 μηδὲγὰρ
3110 1366 3248 1425 εἶναι
3287 1370 3460 1430 άλλως
3500 1367 3534 1439 ἢ

1961 1464 2038 1529 ὡς
2071 1464 2272 1535 ἐτάχθη
2311 1464 2613 1530 γίγνεσθαι,
2646 1464 2842 1530 αὐτοὺς
2873 1465 2937 1534 δὴ
2963 1465 3155 1534 φήμην
3176 1464 3352 1531 κακὴν
3381 1461 3534 1530 ἔχυν-

1961 1573 2060 1620 τας
2083 1555 2550 1626 παραπόλλυσθαι,
2570 1557 2618 1611 εί
2647 1556 2816 1628 μήγε
2859 1557 3293 1627 μετανοήσαντες
3330 1555 3432 1624 τῆς
3464 1555 3538 1607 εί-

1967 1650 2130 1718 ρήνης
2162 1647 2446 1716 γένωνται.
2486 1647 2671 1702 Ταῦτα
2698 1647 2791 1702 τοῦ
2835 1647 3096 1718 βασιλέως
3122 1648 3379 1718 συχνάκις
3421 1648 3539 1701 δια·-

1967 1741 2308 1812 μηνυομένου
2358 1742 2449 1796 καὶ
2503 1741 2684 1810 ἀγαθά
2736 1740 3134 1810 προτείνοντος,
3175 1743 3372 1794 ἐκεῖνοι
3415 1738 3540 1793 οὔτε

1965 1832 2099 1904 πρὸς
2119 1833 2234 1896 δέος
2254 1833 2361 1887 τῶν
2384 1833 2569 1887 λυπῶν
2585 1832 2958 1904 προήχθησαν,
2980 1831 3103 1886 οὔτε
3135 1832 3273 1902 πρὸς
3301 1832 3396 1894 τάς
3426 1831 3538 1884 τῶν

1965 1925 2186 1992 ἀγαθῶν
2235 1925 2567 1991 ἐπαγγελίας
2615 1923 3085 1994 ὲμαλακίσθησαν,
3143 1923 3538 1984 διευτονοῦντες

1961 2016 2019 2068 δὲ
2054 2017 2188 2086 πρὸς
2220 2017 2505 2086 ἀμφότερα
2555 2015 2808 2084 ἑτοίμους
2839 2015 3068 2076 ἑαυτοὺς
3097 2017 3357 2085 παρεῖχον
3404 2014 3538 2082 πρὸς

1962 2109 1990 2161 ὃ
2026 2127 2074 2160 τι
2097 2107 2236 2172 δόξει
2261 2107 2338 2177 τῷ
2367 2107 2599 2177 βασιλεῖ,
2640 2106 2714 2169 ὡς
2741 2108 2916 2160 ἐκεῖνο
2947 2106 3148 2176 μᾶλλον
3181 2106 3536 2174 πεισομένους

1961 2200 2130 2271 ἡδέως
2155 2199 2187 2270 ἢ
2217 2201 2332 2261 τοῖς
2359 2198 2498 2252 οὕτω
2526 2198 2944 2262 καταδικάζουσι
2975 2198 3384 2266 σπεισομένους.
3411 2197 3537 2250 Ἐπὶ

1965 2292 2166 2360 μᾶλλον
2237 2291 2293 2344 δὲ
2355 2292 2490 2362 πρὸς
2558 2291 2756 2354 αύτούς
2810 2292 2838 2344 δ
2886 2288 3138 2360 βασιλεὺς
3190 2287 3538 2358 παρωξύνετο

1961 2383 2255 2444 ἀνενδὸτως
2301 2383 2558 2452 μένοντας
2587 2381 2649 2434 τὸ
2673 2382 2958 2452 παράπαν.
2993 2381 3220 2436 Πάντων
3254 2379 3299 2434 δ’
3328 2382 3538 2451 ἀπορη-

1891 2532 1909 2548 ,
1963 2473 2075 2538 θεὶς
2109 2473 2216 2526 τῶν
2259 2474 2552 2542 μαλάττειν
2594 2473 2824 2544 ἐχόντων
2878 2471 3076 2545 ψυχὴν,
3115 2473 3266 2536 τέλος
3299 2471 3535 2544 ὲξορίαις

1963 2666 2056 2710 aut
2085 2657 2255 2726 culpae
2279 2655 2472 2709 morbo
2493 2653 2796 2710 causatnini
2829 2654 2852 2708 ?
2897 2671 2916 2705 ι
2950 2651 3152 2711 Verum
3188 2651 3305 2707 haec
3337 2649 3527 2706 dicen-

1963 2759 2043 2804 tcs
2069 2747 2302 2814 Veccus,
2336 2757 2391 2803 et
2421 2748 2513 2817 qui
2544 2748 2611 2802 ah
2643 2761 2710 2802 eo
2743 2746 2990 2811 stabant,
3010 2761 3114 2802 non
3143 2751 3537 2814 persuaserunt

1963 2840 2309 2910 patriarchae,
2355 2839 2447 2909 qui
2499 2840 2682 2909 potius
2719 2837 2978 2893 efferatus
3023 2837 3281 2894 instantia
3319 2851 3532 2903 eorum,

1961 2934 2306 2988 stomachum
2333 2931 2535 2986 acriter
2560 2932 2614 2985 in
2646 2929 2884 2985 Veccum
2915 2945 3236 3000 erumpens,
3265 2944 3366 2983 nec
3399 2944 3535 2984 con-

1963 3023 2205 3077 tumeliis
2238 3021 2544 3088 abSIinuit;
2597 3021 2802 3091 quibus
2855 3029 2910 3075 et
2961 3020 3052 3076 hic
3100 3021 3347 3074 irritatus
3389 3020 3533 3075 haud

1963 3115 2234 3170 Sodaliora
2271 3115 2539 3184 reposuit.
2582 3113 2658 3169 Ac
2688 3123 2976 3183 postquam
3007 3113 3206 3184 (magis
3240 3121 3420 3168 tamen
3452 3114 3536 3168 in-

279 3187 374 3284 nis
401 3186 644 3284 Spiritus
675 3191 852 3244 sancti
879 3205 946 3244 (δί
971 3191 1127 3246 Patre
1151 3207 1246 3262 per
1273 3193 1491 3247 Filium.
1519 3193 1628 3248 Nisi
1660 3213 1860 3265 sequar
1891 3228 1932 3284 ϐ
1968 3208 2189 3276 gcnjose
2220 3222 2382 3277 quam
2416 3205 2634 3276 acerbe)
2671 3207 2811 3261 comi
2851 3206 3099 3262 libertate
3125 3207 3260 3262 satis
3296 3208 3532 3278 castiga.

278 3289 334 3335 et
361 3281 482 3350 ipse
513 3281 818 3350 (utcunque
857 3285 1116 3339 conscius
1143 3285 1407 3339 contrarii
1436 3283 1658 3340 Patrum
1685 3289 1856 3356 eﬂati,

281 3387 385 3426 nec
412 3372 674 3442 ignorans
696 3389 860 3443 quam
889 3389 1085 3443 magno
1108 3377 1354 3444 periculo
1384 3380 1686 3434 auctoritas
1710 3389 1856 3436 tanta

282 3463 642 3535 negligatur),
698 3466 812 3534 ipse
863 3467 1078 3536 culpam
1121 3467 1334 3524 habebo
1387 3472 1501 3526 sive
1560 3475 1861 3530 temerariae

280 3556 662 3624 persuasionis
709 3573 807 3612 seu
854 3559 1016 3612 etiam
1059 3559 1356 3616 haereseos.
1412 3563 1548 3618 Volo
1579 3568 1724 3619 enim
1771 3554 1861 3618 vn-

282 3651 510 3703 hiscum
542 3651 912 3704 communiter
943 3652 1200 3709 omnibus
1243 3663 1297 3709 et
1328 3655 1617 3722 justiﬁcari
1644 3669 1696 3710 et
1727 3675 1859 3712 cou-

279 3741 557 3795 demnari.
587 3739 685 3794 Sin
718 3757 815 3796 vos
864 3749 1014 3797 tenet
1059 3745 1393 3800 verecundia
1446 3764 1514 3802 ne
1567 3751 1859 3818 rcprobare

280 3834 430 3888 dicta
465 3835 689 3888 Patrum
725 3834 993 3897 audeatis,
1033 3845 1087 3890 et
1138 3836 1190 3890 in
1222 3848 1326 3893 nos‘
1373 3839 1682 3896 deoneratis
1733 3843 1859 3896 facti

279 3927 410 3994 ejus
437 3925 724 3990 invidiam,
758 3927 830 3980 ita
859 3936 914 3982 ut
939 3944 1102 3996 quam
1133 3945 1226 3998 per
1256 3945 1352 3986 vos
1387 3931 1640 4003 refugitis
1670 3934 1862 3988 decer-

283 4038 420 4077 nere
445 4022 857 4092 abrogationem
888 4024 1156 4081 doctrina:
1183 4042 1214 4082 a
1257 4030 1461 4083 sanctis
1504 4031 1650 4084 clare
1690 4031 1856 4083 tradi-

281 4125 376 4172 ωε,
403 4113 562 4166 nobis
592 4113 968 4167 attentandam
1002 4113 1324 4184 injungatis,
1362 4118 1449 4172 aio
1479 4135 1601 4175 meo
1627 4121 1753 4190 jure
1795 4137 1861 4176 ac

280 4203 564 4259 contendo
589 4215 1023 4260 consentaneum
1061 4208 1213 4277 ιοι
1251 4209 1447 4263 rationi
1479 4225 1623 4276 esse,
1651 4223 1710 4267 ut
1733 4221 1857 4268 non

281 4309 336 4351 et
362 4299 510 4353 factu
544 4300 916 4354 necessarium
942 4300 1142 4364 dicam,
1167 4303 1482 4358 timentibus
1513 4319 1576 4359 ac
1595 4313 1860 4359 cunctan-

280 4390 437 4441 tibus
477 4389 531 4441 in
585 4403 643 4441 re
693 4398 837 4442 tanta
873 4389 1045 4452 vobis,
1094 4403 1194 4443 nos
1230 4405 1449 4460 quoque
1485 4401 1752 4456 metuere,
1792 4410 1860 4448 ne

281 4481 428 4533 forte
461 4478 807 4548 postmodum
855 4478 907 4532 in
933 4494 998 4534 eo
1039 4481 1181 4548 quod
1215 4481 1350 4536 citra
1399 4495 1638 4538 veStrum
1670 4500 1856 4544 exem-

1965 3300 2042 3351 vit
2074 3297 2378 3364 hominem,
2409 3297 2474 3352 ad
2510 3298 2819 3366 Augustum
2867 3311 3167 3352 conversus
3191 3296 3339 3351 clara
3368 3298 3536 3352 incla-

1965 3391 2136 3444 mavit
2171 3403 2322 3452 voce,
2349 3388 2714 3460 jurejurando
2743 3388 2911 3444 etiam
2943 3388 3148 3444 dictum
3179 3391 3531 3457 conﬁrmans,

1964 3495 2031 3534 ne
2062 3492 2302 3546 unquam
2336 3487 2583 3546 speraret
2613 3477 2912 3546 procellam
2943 3491 3047 3547 qua
3083 3476 3246 3532 modo
3285 3477 3534 3532 turbare-

1965 3579 2053 3624 tur
2083 3567 2319 3622 Ecclesia
2341 3565 2664 3630 scdandam,
2687 3565 2791 3621 nisi
2825 3565 2917 3635 qui
2947 3580 3092 3620 nunc
3113 3565 3531 3636 patriarchalcm

1964 3661 2234 3714 insidebat
2265 3659 2545 3722 thronum,
2579 3659 2707 3712 inde
2739 3667 3110 3716 amoveretur.
3133 3659 3252 3722 Quo
3280 3659 3410 3713 talia
3442 3675 3536 3712 vo-

1963 3748 2250 3811 ciferante,
2283 3747 2690 3802 excandesccns
2739 3747 3037 3813 imperator
3096 3762 3530 3818 exsurgensqne,

1968 3859 1987 3890 ι
2046 3837 2149 3903 Εη,
2195 3838 2291 3900 ait,
2339 3852 2498 3906 quem
2526 3835 2761 3890 fructum
2817 3835 3110 3891 referimus
3153 3839 3400 3908 gravium
3435 3855 3536 3909 pro

1962 3931 2204 3987 Ecclesia
2243 3931 2490 3984 laborum
2520 3930 2532 3982 !
2567 3944 2674 3982 non
2701 3927 2977 3983 sumciunt
3011 3930 3170 3985 vobis
3200 3933 3408 4000 priora,
3439 3935 3533 3988 sed

1961 4033 2015 4076 et
2048 4035 2245 4076 rursus
2267 4019 2574 4075 Ecclesiam
2615 4019 2930 4086 turbabitis,
2955 4020 3161 4091 duplici
3191 4039 3311 4078 eam
3339 4026 3535 4079 distra-

1964 4119 2158 4172 hentes
2191 4116 2356 4178 bello,
2390 4115 2516 4170 hinc
2546 4114 2767 4185 quidem
2803 4129 2899 4183 per
2923 4129 3024 4170 vos
3052 4115 3324 4184 ohjectam
3355 4118 3533 4172 insul-

1963 4210 2111 4264 tibus
2147 4207 2652 4274 schismaticorum,
2689 4207 2818 4263 inde
2847 4216 3031 4262 autem
3056 4209 3280 4276 vestris,
3304 4225 3338 4263 u
3378 4211 3535 4264 levis-

1962 4300 2101 4354 sime
2140 4298 2343 4360 dicam,
2369 4297 2881 4368 importunitatibus
2911 4298 3200 4368 jactatam,
3233 4309 3294 4355 ut
3319 4301 3534 4370 pericu-

1962 4394 2073 4448 lum
2104 4407 2226 4448 esse
2258 4390 2506 4446 videatur
2540 4406 2608 4446 ne
2641 4405 2768 4458 una,
2801 4390 3069 4447 indivnlse
3093 4392 3376 4449 cohaerens
3403 4392 3529 4450 sibi.

1961 4500 2145 4541 secum
2167 4484 2278 4554 jam
2302 4482 2642 4538 tumultuans
2662 4493 2714 4537 et
2733 4497 2865 4538 suos
2889 4483 3255 4539 seditionibus
3282 4484 3534 4538 commit-

284 4573 434 4638 plum
460 4569 664 4637 privata
701 4568 894 4622 ﬁducia
927 4569 1308 4638 inceperimus,
1337 4571 1622 4629 aberrasse
1645 4589 1674 4627 a
1707 4586 1858 4630 recto
1890 4567 1933 4621 ί)
1964 4584 2110 4641 teus,
2141 4577 2269 4630 dum
2301 4575 2378 4629 illi
2413 4589 2471 4630 se
2501 4576 2755 4629 mordent
2790 4575 2946 4644 102
2979 4575 3232 4638 invicem,
3254 4575 3368 4646 ipsa
3401 4590 3533 4630 con-

284 4669 455 4728 atque
485 4657 778 4712 oll‘entlisse
819 4657 1142 4727 deprehensi
1171 4660 1270 4714 soli
1305 4662 1523 4714 luamus
1562 4661 1858 4716 inconsul-

283 4763 396 4804 tam
441 4751 753 4814 audaciam,
795 4749 852 4804 in
901 4751 1154 4814 exitium,
1193 4753 1348 4820 quod
1391 4768 1490 4809 vos
1554 4754 1858 4824 sapientius

284 4841 574 4904 timuistis,
630 4841 1017 4896 immiserahili
1074 4843 1228 4896 ruina
1285 4844 1590 4915 praecipites
1636 4846 1792 4916 lapsi.
1833 4865 1852 4899 ι

287 4932 389 4983 ιιεο
418 4931 730 4998 patriarcha
769 4947 893 4986 cum
927 4933 1073 4996 suis,
1106 4943 1166 4988 ut
1209 4937 1720 5005 argumentationis,
1749 4951 1858 5006 qua

286 5022 652 5091 urgebantur,
688 5022 848 5078 Vecci
874 5025 981 5078 vim
1017 5041 1045 5078 a
1075 5041 1196 5080 sese
1239 5027 1609 5096 depellerent:
1642 5049 1662 5081 ι
1691 5030 1860 5099 Atqui

282 5133 410 5179 nos,
440 5115 718 5185 inquiunt,
755 5117 857 5172 ista
895 5136 1001 5172 non
1027 5120 1387 5190 scripsimus;
1437 5138 1536 5178 nos
1567 5124 1669 5178 ista
1707 5125 1860 5179 lihel-

282 5210 352 5262 lis
377 5208 543 5263 editis
576 5223 685 5262 non
731 5209 1030 5266 indidimus
1062 5213 1398 5268 testimonia.
1429 5214 1540 5270 Vos
1570 5216 1682 5271 haec
1725 5217 1857 5272 alle-

284 5301 480 5364 gastis,
523 5316 552 5353 a
588 5301 744 5355 vobis
775 5301 864 5354 illa
903 5312 1030 5356 sunt
1084 5317 1251 5358 mota.
1291 5303 1396 5360 Vos
1436 5307 1664 5375 proinde
1709 5310 1856 5365 solos

280 5393 526 5459 abjicere
571 5406 636 5444 ac
676 5406 932 5446 revocare
964 5393 1094 5447 talia
1138 5406 1376 5462 Oportet.
1417 5415 1435 5446 ι
1477 5399 1552 5450 Ad
1610 5413 1675 5453 ea
1717 5398 1857 5455 Vec-

284 5496 388 5533 rus
424 5497 436 5531 :
480 5496 500 5528 ι
541 5477 681 5543 Quid
707 5489 885 5533 autem
927 5479 1150 5549 impedit
1183 5483 1481 5550 quominus
1504 5494 1559 5538 et
1590 5501 1707 5550 vos,
1758 5488 1854 5552 ait,

284 5568 541 5622 audeatis
594 5583 863 5636 occupare
917 5586 1039 5639 quae
1087 5573 1464 5640 pra’scribitis,
1514 5583 1570 5630 et
1605 5579 1855 5647 exemplo

283 5662 506 5728 praeire,
561 5677 758 5725 magno
793 5663 980 5732 utique
1039 5679 1221 5733 operm
1271 5669 1466 5734 pretio,
1516 5671 1735 5738 quando
1775 5673 1855 5727 sic

280 5753 486 5807 fratres
546 5753 838 5833 vobiscum.
889 5757 1204 5818 assutnetis.
1269 5759 1688 5831 adjungetisque
1741 5764 1851 5832 jam

277 5862 375 5915 per
426 5861 522 5898 vos
558 5853 776 5898 curatos
827 5847 891 5900 ab
945 5863 1010 5902 co
1064 5865 1170 5918 quo
1219 5849 1468 5906 laborare
1501 5853 1622 5910 illos
1651 5855 1853 5910 erroris

1960 4677 2226 4733 sumatur,
2278 4682 2377 4736 pro
2416 4681 2522 4736 qua
2555 4667 2670 4736 ipse
2691 4665 2947 4724 Christus
2984 4667 3266 4737 proprium
3303 4669 3530 4739 sangui-

1964 4776 2085 4816 nem
2119 4758 2312 4814 eﬂ'udit
2342 4759 2356 4812 ι
2398 4757 2524 4812 Ha-c
2561 4765 2616 4813 et
2642 4758 2798 4827 plura
2828 4759 2914 4814 his
2941 4761 3228 4829 Augustus
3285 4760 3529 4824 locutus,

1962 4850 2108 4906 haud
2139 4851 2378 4906 obscure
2410 4848 2617 4905 ferebat
2637 4848 2741 4903 sibi
2773 4850 3222 4907 molestissimum
3256 4855 3526 4918 accidere,

1959 4943 2104 5014 quod
2135 4943 2222 4998 hic
2246 4957 2600 5013 congressus,
2635 4941 2796 5012 longe
2823 4951 3020 4998 contra
3054 4959 3217 5014 quam
3262 4961 3526 5016 sperave-

1964 5047 2074 5099 rat,
2111 5035 2166 5089 iu
2191 5035 2325 5090 nihil
2358 5049 2457 5089 nec
2492 5033 2748 5103 privatim
2782 5034 3074 5091 honestum
3112 5052 3210 5090 nec
3227 5040 3530 5092 communi-

1962 5135 2043 5180 ter
2073 5126 2206 5178 utile
2239 5125 2537 5180 desineret.
2588 5124 2917 5194 Hujustnodi
2963 5139 3076 5183 tum
3114 5139 3262 5199 gesta
3291 5132 3418 5200 quis
3448 5133 3530 5185 in-

1963 5229 2140 5282 tucns,
2196 5217 2393 5271 merito
2441 5217 2814 5273 insusurraret
2853 5221 2905 5273 in
2953 5236 3149 5276 aurem
3181 5225 3332 5279 socio
3365 5243 3380 5281 :
3408 5223 3524 5281 Heu

1959 5312 2078 5364 me!
2114 5325 2182 5363 an
2234 5324 2488 5378 magnum
2545 5310 2650 5365 hoc
2703 5313 3007 5383 quidpiam,
3055 5330 3276 5371 movere
3313 5318 3438 5383 ista,
3473 5329 3528 5373 ct

1959 5415 2208 5469 qumrere
2239 5415 2397 5454 suam
2442 5417 2715 5471 quemque
2773 5412 3014 5460 statuere
3070 5406 3364 5476 justitiam,
3400 5424 3523 5464 cum

1959 5503 2170 5556 acquum
2208 5498 2372 5553 esset,
2409 5491 2628 5545 sublato
2653 5492 2766 5560 jam
2801 5491 2869 5547 de
2900 5509 3038 5565 papa
3075 5497 3354 5564 seandalo,
3391 5515 3526 5554 cuu-

1959 5590 2076 5632 ctas
2105 5578 2307 5645 pariter
2334 5580 2571 5650 reliquas
2593 5586 3003 5640 controversias
3037 5588 3338 5657 componi?
3365 5589 3524 5645 Nunc

1957 5681 2140 5724 autem
2177 5687 2331 5726 suam
2382 5673 2764 5744 unusquisque
2799 5675 3067 5744 justitiam
3125 5695 3402 5748 quaerens,
3453 5685 3520 5737 ad

1959 5760 2051 5816 Ι)ρὶ
2084 5763 2353 5831 justitiam
2380 5781 2484 5818 non
2518 5767 2797 5834 perveniet
2831 5783 3090 5838 unquam.
3119 5768 3193 5823 Ita
3220 5771 3296 5825 illi
3327 5774 3523 5830 mussi-

1960 5857 2162 5910 tabant.
2201 5861 2317 5923 Quo
2347 5875 2472 5912 uero
2504 5875 2588 5913 res
2623 5862 2838 5916 tandem
2870 5864 3110 5930 eruperit
3140 5864 3192 5920 in
3223 5880 3513 5935 progressu
