4022 6576
497 396 607 462 115

1676 403 1998 465 GEORGII
2037 407 2527 471 PACHYMERA'I

3653 399 3755 467 “6

490 511 734 567 δικαιοῦν
762 514 920 582 ἔγνω.
960 517 1072 571 Καὶ
1092 516 1155 587 δὴ
1186 518 1322 588 πρὸς
1350 518 1409 572 τὸ
1446 522 1587 573 κατὰ
1610 521 1759 588 δεξιὰ
1790 523 2067 577 είσπλέον-
2100 531 2141 585 Α
2176 531 2240 597 τῇ
2282 526 2389 578 τῶν
2412 523 2764 593 Νικητιάτων
2802 525 2898 591 τῆς
2937 519 3244 589 sumsum;
3268 519 3531 591 φρουρίῳ,
3562 521 3654 573 καὶ
3675 523 3756 592 τῷ

490 620 545 658 τι
577 604 670 657 τὸν
718 606 1044 677 Ἀστακηνδν
1079 607 1276 663 κόλπον
1323 610 1602 680 φρούριον,
1652 613 1712 666 τὸ
1756 614 1899 667 οὕτω
1948 634 2064 677 πως

489 695 584 751 τοῦ
608 697 767 764 ἁγίου
797 698 1099 768 Γρηγορίου
1136 701 1542 771 ἐπιλεγόμενον,
1589 707 1920 775 προστάσσει
1948 707 2066 775 πλῷ

491 789 868 856 χρησαμέιους
922 790 1252 858 ἀπάγεσθαι.
1309 784 1384 845 Οὔ
1413 793 1477 861 δὴ
1525 796 1621 848 καὶ
1663 796 2067 863 ἐγκλεισθέντες

493 878 600 931 ὐπὸ
624 882 878 949 φρουροῖς
921 881 1145 943 Κελτοῖς
1177 883 1272 937 καί
1296 901 1401 938 τινι
1432 884 1541 938 τῶν
1568 887 2067 956 ὲκπροκοιτούντων

491 968 569 1037 τῷ
603 968 813 1038 βασιλεί
846 971 1089 1038 ἀφεῖντο,
1113 971 1213 1023 ὅσα
1257 971 1325 1026 τὰ
1375 974 1454 1035 εἰς
1489 974 1676 1043 χρείαν
1724 974 1833 1028 τῶν
1884 977 2066 1042 ἀναγ-

494 1058 665 1111 καίων
730 1059 1079 1128 ἀπρονόητοι,
1123 1060 1276 1119 οὐδὲν
1317 1061 1477 1113 πλέον
1536 1064 1866 1132 ἁπονάμενοι
1909 1062 2066 1132 βασιο

491 1147 649 1212 λέως,
672 1149 755 1202 ὅτι
785 1149 861 1220 μὴ
899 1154 1037 1219 μετὰ
1095 1153 1286 1216 καιρδν
1350 1151 1436 1203 ἐπ’
1488 1152 1751 1219 ἀνατολῆς
1789 1154 2065 1224 ὁρμῶντος

492 1242 955 1312 πατριαρχοῦντος
1001 1242 1340 1308 Ἀθανασίου,
1376 1248 1465 1298 τόν
1503 1263 1561 1300 τε
1598 1245 1737 1300 κατὰ
1779 1245 1876 1317 τὴν
1913 1245 2065 1301 Ἐλε-

492 1333 709 1385 νόπολιν
740 1334 1140 1404 περαιωθέντος
1172 1336 1435 1404 πορθμὸν,
1466 1336 1561 1389 καὶ
1586 1336 1676 1389 τὸν
1709 1336 1882 1404 μέγαν
1911 1336 2068 1403 λογο-

491 1424 653 1493 οέτην
683 1426 769 1477 ἐπ’
798 1427 997 1490 αὐτοὺς
1040 1428 1471 1571 πέμψαντοςῇν
1514 1428 1608 1482 καὶ
1660 1431 1737 1491 εὶς
1788 1428 2065 1497 πρωτοὸε-

492 1516 735 1571 στιάριον
767 1518 1107 1571 ἀνεϐίϐασεν.
1150 1521 1177 1571 ὀ
1207 1521 1304 1571 μὲν
1377 1521 1541 1571 κατὸν
1585 1519 1856 1571 νουσίνοις
1884 1522 2065 1571 ἐνικα-

492 1516 735 1584 στιάριον
767 1518 1107 1577 ἀνεϐίϐασεν.
1150 1521 1177 1572 ὀ
1205 1521 1304 1588 μὲν
1348 1516 1541 1573 ἑκατὸν
1585 1519 1856 1590 χρυσίνοις
1884 1522 2066 1572 ἐνικα-

491 1607 669 1679 νοῦτο,
701 1608 814 1663 ὀδέ
837 1626 900 1677 γε
950 1610 1360 1680 Μελιτηνιώτης
1418 1613 1771 1682 πεντήκοντα.
1844 1611 1902 1663 '0
1955 1614 2065 1680 γὰρ

489 1696 672 1767 τρίτος
708 1701 734 1753 ὁ
762 1700 1066 1769 Μετοχίτης
1110 1701 1197 1756 διὰ
1235 1700 1389 1755 νόσον
1442 1700 1797 1773 προκατήχοη
1850 1702 1941 1753 ὲπὶ
1996 1704 2067 1753 τὰ

492 1792 631 1847 οἴκοι
671 1792 899 1857 ἐκεῖθεν,
927 1793 1185 1864 βασιλέως
1219 1794 1640 1865 προστάξαντος.

490 1908 603 1974 λς’.

1026 1981 1146 2033 ἀ.τύ
1179 1981 1514 2041 βασιλέων.

577 2067 716 2121 Ἀλλ’
736 2070 765 2122 ὅ
795 2086 862 2139 με
881 2069 1127 2139 παρῆλοε
1187 2070 1389 2139 μικροῦ
1430 2069 1497 2141 [P
1680 2067 1946 2141 πρότερον
1974 2086 2070 2138 γε·

498 2165 674 2232 γονὸς,
709 2162 965 2234 βασιλεὺς
991 2163 1086 2231 τῆς
1126 2163 1331 2227 πόλεως
1365 2163 1703 2234 ὲξεληλακὼς
1743 2162 2070 2233 προσϐάλλει

496 2434 818 2492 referemus.
845 2433 1079 2490 Veccum
1111 2448 1278 2505 porro
1308 2443 1362 2489 et
1388 2432 1571 2489 socios
1590 2432 1770 2489 soluto
1798 2441 2068 2487 conventu

496 2528 757 2584 Cosmidii
806 2528 1203 2583 monasterium
1238 2527 1481 2596 excepit.
1527 2536 1785 2581 caeterum
1826 2526 1937 2581 illic
1966 2527 2071 2581 sub

496 2620 606 2675 lida
651 2619 877 2673 habitos
919 2617 1171 2673 custodia
1204 2633 1217 2670 :
1258 2632 1398 2686 quos
1438 2627 1494 2672 et
1525 2616 1810 2672 dimittens
1837 2617 2072 2687 impera-

497 2722 608 2777 tor,
640 2721 705 2769 ut
734 2727 797 2767 sc
824 2712 890 2766 ad
925 2725 1113 2781 pacem
1150 2710 1505 2775 inclinarent,
1534 2711 1748 2775 orabat,
1780 2721 1833 2766 et
1866 2711 2069 2766 omissa

497 2804 852 2876 pugnacitate
874 2804 998 2871 jura
1030 2804 1250 2873 propria
1283 2804 1472 2859 tuendi
1512 2804 1739 2859 mallent
1766 2804 1963 2874 degere
1987 2818 2073 2858 se-

496 2911 629 2954 cure
669 2896 842 2965 gratia
879 2895 1126 2951 fruentes
1156 2896 1355 2967 ipsius,
1398 2896 1482 2951 sin
1508 2896 1561 2950 id
1612 2898 1841 2960 nollent,
1876 2898 2067 2952 exsilia

490 2998 551 3048 et
577 3005 853 3055 arumnas
874 2989 1008 3059 ipsis
1029 2988 1355 3058 iuiligeudas
1377 2990 1760 3045 comminans:
1793 3006 1899 3044 non
1924 2990 2068 3044 enim

495 3096 560 3140 so
594 3097 884 3152 passurum
917 3082 1076 3137 aliter
1101 3098 1270 3151 quam
1297 3092 1463 3153 prout
1509 3082 1706 3155 fuisset
1753 3085 2068 3137 ordinatum

496 3175 639 3235 ﬁeri.
679 3174 852 3229 Porro
884 3175 1033 3244 ipsos
1074 3181 1370 3243 coopertos
1398 3172 1623 3229 infamia
1677 3175 1819 3229 male
1864 3175 2069 3241 peritu.

498 3283 616 3334 ros,
670 3269 775 3327 nisi
810 3269 1079 3330 hactenus
1131 3282 1380 3323 aetorutn
1430 3269 1753 3338 preuiteutia
1805 3275 2068 3347 copeepta

498 3360 820 3418 conferrent
865 3362 1108 3419 anitnum
1163 3360 1230 3414 ad
1286 3376 1498 3428 pacem.
1553 3361 1706 3414 Talia
1750 3376 1874 3416 cum
1928 3374 2073 3428 sirpe

496 3453 867 3524 signiﬁcasset
932 3453 1255 3521 imperator,
1291 3462 1346 3507 et
1373 3452 1419 3507 si
1461 3453 1651 3507 audire
1697 3452 1913 3517 vellent,
1948 3467 2073 3521 pro-

492 3563 654 3619 Spera
680 3556 830 3604 esset
856 3555 1052 3603 cuncta
1086 3545 1382 3617 pollicitus.
1403 3545 1485 3599 illi
1517 3561 1618 3601 nec
1647 3555 1793 3601 metu
1831 3545 2067 3599 tristium
2096 3530 2103 3535 ’

495 3640 725 3696 adducti
767 3655 868 3694 nec
903 3638 1192 3710 promissis
1220 3638 1470 3693 laetorum
1525 3638 1753 3691 emolliti
1790 3645 1939 3699 sunt,
1973 3637 2072 3690 oh-

497 3738 759 3789 durantes
790 3748 851 3788 se
875 3734 1142 3787 adversus
1169 3740 1425 3801 utraque,
1461 3746 1631 3801 seque
1660 3740 1879 3801 paratus
1909 3731 2068 3784 exhi-

498 3830 688 3882 bentes
714 3828 783 3882 ad
816 3827 1037 3897 quidvis
1078 3826 1203 3880 mali
1251 3825 1596 3881 subeundum
1644 3825 1789 3892 quod
1827 3824 2070 3893 inﬂigere

498 3916 636 3984 ipsis
675 3914 941 3970 voluisset
982 3915 1310 3984 imperator,
1360 3923 1422 3968 ut
1453 3915 1546 3983 qtti
1583 3915 1809 3969 omnino
1856 3916 2068 3969 consti-

492 4008 733 4062 tuissent
762 4007 1070 4077 quamlibet
1104 4008 1293 4076 potius
1323 4007 1676 4063 acerbitatem
1710 4008 1865 4079 103
1901 4009 2071 4063 liben-

495 4109 579 4152 ter
607 4100 816 4169 perpeti
857 4115 1023 4169 quam
1059 4100 1175 4154 ullo
1199 4115 1323 4155 cum
1352 4100 1419 4155 iis
1446 4098 1655 4155 ftedere
1685 4101 1857 4163 coire,
1884 4101 1976 4167 qui
2009 4115 2068 4155 se

497 4195 606 4246 isto
657 4195 822 4249 modo
857 4195 1344 4250 candeutnasaent.
1393 4194 1510 4260 Qua
1554 4204 1742 4249 earum
1790 4194 2067 4252 declarata

491 4286 865 4341 obstinatione
896 4302 1049 4356 spem
1092 4287 1298 4341 nullam
1335 4286 1684 4356 relinquente
1731 4288 2068 4358 resipiscen-

495 4379 586 4433 tias
620 4380 677 4433 iu
708 4390 1016 4450 posterum,
1054 4379 1227 4449 magis
1254 4388 1309 4434 et
1348 4378 1403 4433 in
1435 4377 1585 4448 ipsos
1616 4380 1897 4449 magisque
1932 4395 2065 4435 con-

493 4473 699 4528 citatus
726 4473 1059 4542 imperator,
1100 4480 1157 4525 et
1187 4471 1324 4525 nihil
1366 4471 1574 4526 habens
1608 4471 1901 4541 reliquum,
1929 4489 2067 4527 curt-

2100 3219 2143 3275 C

2172 619 2357 688 τυφλῷ
2405 619 2625 688 Ἰωάννῃ
2681 615 2955 686 συμμίξας
3004 613 3407 684 φιλοφρονεῖταί
3460 630 3517 667 τε
3553 613 3622 666 τὰ
3677 616 3753 668 εἰς

2170 711 2324 768 κάτα,
2359 710 2451 765 καὶ
2474 709 2534 761 τὸ
2568 709 2645 771 είς
2678 709 2886 760 ἐκεῖνον
2918 703 3070 776 παρὰ
3128 703 3224 757 τοῦ
3272 704 3476 773 πατρὸς
3534 701 3754 770 γεγονὸς

2167 801 2330 861 αὐτὸς
2356 804 2622 870 ἐπειρᾶτο
2654 800 2944 869 μαλάττειν
2989 799 3109 860 ταῖς
3156 795 3559 854 ὑποπτὼσεσιν,
3610 794 3753 846 ὥστε

2168 894 2261 947 καὶ
2287 892 2707 963 συγχωρηθῆναι
2735 891 2865 960 παρ’
2906 890 3117 944 ἐκείνου
3167 889 3263 943 καὶ
3313 883 3426 941 οἷον
3484 902 3754 955 κραταιω-

2169 981 2328 1051 θῆναι
2360 984 2497 1052 πρδς
2523 982 2586 1035 τὸ
2624 981 2929 1052 βασιλεύειν
2954 979 3013 1044 ἐξ
3044 978 3251 1047 ἀγαθοῦ
3268 976 3472 1031 σκοποῦ
3502 976 3597 1029 καὶ
3617 993 3756 1046 χρη-

2168 1074 2297 1141 στῆς
2326 1073 2643 1135 διαθέσεως.
2676 1072 2847 1134 Δύτδς
2874 1072 2930 1125 δὲ
2954 1071 3064 1123 τῶν
3097 1072 3174 1132 είς
3196 1068 3406 1140 τρυφὴν
3435 1066 3630 1136 ἐκείνῳ
3655 1067 3756 1119 καὶ

2166 1165 2351 1218 ἄνεσιν
2379 1166 2688 1234 προνοήσας
2715 1163 3119 1216 ἀπαλλάττεται
3142 1161 3242 1230 τὴν
3270 1159 3559 1229 ταχίστην.
3614 1158 3753 1210 Τότε

2167 1257 2212 1309 δ’
2242 1256 2471 1318 ἐπιστὰς
2507 1256 2738 1318 ἐκείνοις
2783 1256 2811 1309 ὁ
2862 1253 3380 1324 πρωτοδεστιάριος,
3433 1251 3755 1304 ’Δθανασέου

2168 1351 2651 1419 πατριαρχοῦντος.
2672 1364 2739 1399 πε
2749 1347 2800 1415 pi.
2815 1338 2875 1399 οὗ
2898 1346 3035 1414 μετὰ
3053 1343 3223 1398 ταῦτα
3240 1342 3631 1413 ρηθήσεται,τ3ι
3654 1344 3757 1408 μὲν

2166 1442 2535 1509 προγεγονότα
2558 1441 2650 1490 καὶ
2664 1438 3011 1505 διεμάλαττε.
3036 1434 3131 1489 καὶ
3157 1434 3325 1496 πολὺς
3345 1434 3595 1500 ἐφαίνετο
3627 1434 3755 1491 τοὺς

2166 1533 2368 1600 ἄνδρας
2395 1532 2656 1586 θωπεύων
2669 1547 2728 1584 τε
2747 1531 2841 1583 καὶ
2861 1528 3306 1593 ὑποποιούμενος,
3324 1527 3416 1579 καὶ
3432 1525 3495 1594 δὴ
3511 1525 3607 1594 τῆς
3628 1541 3662 1576 r.
3684 1526 3760 1574 ςλ-

2167 1627 2265 1695 λῆς
2296 1627 2393 1691 μὲν
2408 1624 2646 1686 ἐκείνους
2672 1623 2913 1692 φρουρᾶς
2934 1622 3125 1690 ἀνῆκε,
3153 1620 3425 1689 φρουροὺς
3459 1618 3502 1672 δ’
3524 1619 3760 1687 ἀφῃρεί-

2166 1735 2248 1780 το,
2272 1717 2386 1770 ἐστι
2408 1716 2454 1769 δ’
2480 1715 2571 1779 οὓς
2598 1716 2691 1768 καὶ
2715 1714 3023 1784 ἐνήλλαττε,
3050 1710 3362 1778 καὶὰγαοὰς
3378 1710 3624 1763 ὑπέτεινε
3648 1711 3753 1768 τὰς

2171 1806 2413 1869 ἐλπίδας,
2464 1805 2556 1857 καὶ
2588 1803 2688 1871 τὴν
2727 1803 2878 1872 παρὰ
2897 1800 3160 1868 βασιλέως
3176 1798 3419 1868 ἠγγυᾶτο
3433 1796 3745 1865 εὐμένειαν.

662 1910 889 1979 "Agri-(rc
938 1909 1046 1963 τοῦ
1095 1910 1402 1974 βασιλέως
1447 1913 1597 1979 πρὸς
1637 1908 1926 1975 Ἰωάννην
1965 1909 2071 1962 τὸν
2100 1885 2144 1939 Β
2177 1899 2407 1951 Ἔπειτα
2441 1897 2533 1949 καὶ
2558 1894 2706 1964 αὑτῷ
2742 1893 2948 1963 βασιλεῖ
2981 1891 3341 1960 καταχθέντες
3364 1890 3457 1943 τοῦ
3491 1886 3755 1958 φρουρὼ)

2174 1989 2428 2058 ἁσμένως
2460 1990 2638 2056 πάντη
2669 1986 2764 2039 καὶ
2789 1985 3123 2054 φιλοφρόνως
3154 1983 3459 2053 ὡμίλησαν.
3524 1982 3613 2043 Ὠς
3644 1980 3757 2049 γὰρ

2175 2080 2271 2133 καὶ
2302 2080 2371 2133 τὰ
2404 2082 2553 2149 παρὰ
2586 2078 2679 2130 τοῦ
2715 2077 3016 2145 Γρηγορίου
3044 2072 3534 2142 ἀπεδοκιμάζοντο,
3562 2069 3634 2133 ὡς
3658 2071 3757 2122 καὶ

2174 2170 2308 2226 αὐτὸ
2361 2169 2477 2240 μετ’
2528 2168 2708 2235 ὀλίγον
2747 2165 3003 2237 ἐροῦμεν,
3054 2167 3149 2220 καὶ
3204 2163 3305 2237 ἤδη
3346 2162 3435 2218 διὰ
3464 2163 3633 2215 ταῦτα
3663 2161 3758 2217 ἐν·-

2178 2452 2327 2496 tatus
2359 2440 2489 2495 inde
2517 2438 2632 2508 jam
2662 2446 2787 2494 ante
2811 2437 2864 2492 in
2896 2451 3052 2493 suam
3094 2436 3322 2490 domum
3369 2432 3548 2488 fuerat
3590 2431 3757 2502 jussu

2178 2533 2553 2604 imperatoris.

2174 2647 2263 2702 56.
2303 2645 2570 2718 Profectio
2601 2645 2944 2767 impcratgris
2978 2642 3047 2697 ad
3085 2640 3347 2696 Joannem
3376 2640 3501 2695 olim
3532 2642 3761 2711 ἕωμεν-ἑο

2864 2723 3105 2767 erectum.

2864 2723 3105 2784 ejectum.

2250 2809 2356 2864 Sed
2393 2825 2480 2864 me
2528 2809 2873 2880 prmterierat
2903 2809 3050 2878 quod
3110 2808 3272 2877 paulo
3309 2808 3459 2878 prius
3494 2805 3762 2868 contigit,

2176 2904 2564 2971 impetatorem
2609 2901 2865 2955 videlicet
2899 2917 2966 2954 ex
3000 2901 3137 2957 urbe
3168 2900 3481 2969 proiectum
3526 2914 3585 2952 se
3620 2912 3760 2951 con-

2179 2997 2371 3052 tulisse
2397 2996 2465 3050 ad
2508 3011 2691 3050 arcem
2735 2993 3131 3050 Nicetia'arnm
3170 2994 3521 3065 Daeihyzam,
3569 2993 3758 3061 ibique

2175 3088 2512 3143 custoditum
2563 3085 2830 3143 Joannem
2857 3101 3060 3142 caecqu
3097 3087 3437 3155 peroﬂiciose
3462 3086 3758 3145 salutassm

2176 3193 2588 3247 excusasseque
2611 3186 2670 3233 ut
2703 3178 2902 3246 potuit,
2927 3193 2992 3233 ac
3024 3178 3212 3233 multis
3241 3177 3491 3233 benevoli
3527 3176 3761 3232 an‘ectus

2180 3270 2686 3338 signiﬁcationibus
2740 3269 3290 3340 eahibitiouibusque
3334 3269 3563 3323 honoris
3611 3269 3759 3323 tuiti-

2178 3376 2309 3432 εει-ε
2338 3373 2577 3417 tentasse
2604 3361 2863 3429 injuriaut
2910 3360 3011 3431 ipsi
3055 3378 3085 3415 a
3132 3370 3284 3430 patre
3338 3360 3751 3417 atrocissimam

2180 3455 2408 3518 illatam,
2452 3462 2509 3507 ιιι
2540 3455 2623 3510 sic
2653 3454 2908 3509 videlicet
2933 3469 3000 3508 ex
3020 3455 3441 3524 circumscripto
3473 3456 3757 3523 quondam

2178 3547 2390 3603 nefarie
2420 3548 2629 3617 pupillo
2660 3549 2911 3617 principe
2943 3547 3165 3602 eliceret
3212 3548 3581 3603 voluntariam
3611 3548 3759 3619 juris

2178 3643 2264 3694 sui
2318 3640 2625 3694 cessionem
2660 3650 2712 3693 et
2764 3656 3098 3695 consensum
3137 3641 3191 3693 in
3251 3641 3540 3709 imperium
3576 3641 3758 3711 ipsius

2177 3735 2501 3795 Andronici,
2535 3748 2647 3803 quo
2683 3749 2982 3796 consensu.
3035 3735 3177 3801 quod
3216 3734 3356 3790 forte
3390 3734 3490 3805 ipsi
3524 3736 3590 3789 ad
3618 3735 3758 3804 legi-

2177 3830 2365 3883 timam
2399 3829 2744 3898 principatus
2776 3828 3183 3897 possessionem
3234 3829 3442 3894 dce-at,
3471 3839 3757 3898 utcunque

2175 3920 2549 3989 supplerctur,
2589 3918 2750 3991 104
2787 3932 2841 3974 et
2874 3928 2993 3973 rata
3020 3919 3073 3974 in
3112 3928 3394 3988 posterum
3428 3921 3755 3975 redderetur

2174 4013 2436 4079 omnique
2468 4012 2636 4065 animi
2662 4012 2930 4081 religione
2966 4027 3030 4066 ac
3062 4014 3325 4082 scrupulo
3360 4013 3528 4067 libera
3565 4028 3663 4068 sua
3698 4014 3754 4068 in

2173 4105 2497 4175 dignitatem
2556 4106 2858 4174 Augustam
2918 4105 3222 4159 successio.
3265 4105 3385 4171 Quo
3438 4107 3751 4172 impetrato.

2172 4199 2322 4267 large
2381 4197 2630 4252 vicissim
2698 4196 3002 4266 assignatis
3062 4207 3428 4253 cxauctorato
3511 4200 3753 4269 principi

2176 4291 2393 4345 abunde
2455 4291 2772 4344 suﬂecturis
2806 4290 2871 4344 ad
2915 4290 3120 4345 lautum
3176 4291 3381 4346 victum
3430 4292 3758 4363 cultumque

2176 4391 2462 4443 caeterum,
2495 4380 2661 4434 etiam
2684 4379 3005 4443 delicatum,
3032 4380 3323 4448 impensis,
3352 4380 3608 4435 celeriter
3628 4381 3760 4436 inde

2181 4491 2242 4531 sc
2268 4474 2496 4544 recepit.
2529 4478 2662 4533 Post
2719 4475 2823 4528 hoc
2858 4472 3080 4528 demum
3116 4462 3186 4528 ita
3232 4473 3456 4534 faetuni.
3493 4486 3760 4543 protovr--

493 4577 578 4622 cta
610 4566 819 4623 frustra
853 4577 1140 4638 expertus,
1162 4581 1272 4637 quo
1300 4581 1358 4622 se
1389 4576 1638 4637 speraret
1661 4583 1821 4638 posse
1848 4569 2063 4623 illorum
2100 4568 2142 4620 Ι)
2170 4567 2421 4627 sriarius.
2455 4567 2704 4622 mittente
2729 4564 3034 4619 Athanasio
3079 4566 3415 4635 patriarcha,
3446 4564 3515 4621 de
3547 4582 3661 4636 quo
3697 4577 3757 4619 et

493 4663 709 4717 animos
737 4656 972 4727 mollire,
1006 4662 1222 4715 tandem
1253 4661 1462 4715 exsiliis
1484 4663 1633 4731 ipsos
1657 4663 1919 4716 damnare
1943 4677 2070 4715 con—

500 4758 706 4813 stituit.
760 4756 927 4812 Jubet
978 4757 1165 4825 itaque
1216 4771 1359 4810 nave
1402 4756 1680 4825 deportari
1721 4756 1772 4808 in
1827 4770 2069 4810 arcema

496 4852 711 4907 dextris
757 4848 1089 4919 ingredienti
1142 4849 1326 4902 sinum
1360 4849 1692 4904 Astaecnum
1744 4851 1932 4911 sitam,
1981 4849 2069 4902 (1ιὶ

498 4959 695 4999 nomen
726 4959 755 4999 a
787 4952 984 4998 sancto
1015 4940 1284 5009 Gregorio
1307 4951 1409 5005 est,
1448 4942 1539 4996 ubi
1568 4926 1810 4996 conclusi
1843 4943 1946 4995 sub
1974 4956 2070 4994 cu-

495 5037 673 5093 stodia
696 5035 1005 5098 Celtorum,
1036 5037 1123 5089 cui
1160 5045 1390 5104 praeerat
1428 5050 1572 5088 unus
1599 5049 1663 5087 ex
1696 5034 2070 5102 imperatoriis

495 5129 935 5191 excubitoribus,
961 5128 1137 5182 relicti
1165 5136 1296 5182 sunt
1325 5129 1444 5182 sine
1477 5129 1586 5181 ulla
1623 5129 1841 5194 interim
1879 5128 2068 5198 provi-

495 5225 654 5278 sione
683 5222 968 5292 pcnsiouis
1003 5221 1068 5273 ad
1094 5219 1319 5282 victmu,
1351 5221 1533 5290 itmpia
1567 5222 1659 5274 diu
1698 5221 1900 5275 frustra
1930 5235 2066 5289 prie-

497 5316 697 5373 stolata
717 5328 939 5370 necesse
950 5315 1088 5367 rium
1106 5314 1173 5368 ab
1195 5314 1526 5383 imperatore
1540 5314 1866 5374 subsidium.
1889 5313 2069 5385 quoad

497 5411 782 5480 aliquanto
816 5407 1092 5478 posterius
1127 5407 1484 5479 proﬁciscens
1530 5408 1583 5461 in
1629 5406 1909 5462 Orientem
1969 5421 2064 5475 pa-

497 5502 736 5557 triarcha
784 5501 1141 5566 Athanasius,
1196 5512 1249 5554 et
1309 5503 1375 5555 ad
1446 5501 1819 5570 Helenopolim
1866 5501 2067 5556 fretum

498 5595 801 5666 trajicicns.
829 5597 980 5651 misit
1012 5596 1074 5649 ad
1099 5613 1193 5651 eos
1216 5612 1471 5665 maguum
1495 5596 1853 5663 lugothetam,
1875 5608 2069 5667 postea

497 5689 984 5763 protovestiarium
1022 5698 1291 5753 creatum,
1344 5692 1435 5758 qui
1474 5686 1651 5742 Vccco
1694 5689 1910 5758 quidem
1946 5705 2073 5742 cen-

498 5794 615 5836 tum
649 5795 869 5844 aureos,
910 5782 1260 5839 Melitcniotte
1297 5799 1427 5835 vero
1462 5782 1862 5852 quinquaginta
1899 5781 2071 5836 dona-

499 5874 595 5931 vit.
629 5869 761 5927 Nam
792 5873 995 5927 tertius'
1016 5871 1308 5927 Metochi'a
1336 5882 1557 5942 propter
1588 5871 1844 5926 morbum
1867 5869 2068 5941 depor-

2174 4663 2296 4729 ejus
2329 4660 2673 4729 promotioue
2705 4670 2827 4728 post
2855 4660 2972 4714 hare
3011 4658 3246 4725 dicetur,
3287 4658 3525 4713 Veccum
3556 4670 3612 4714 et
3633 4661 3758 4729 ejus

2174 4755 2387 4808 socium
2435 4755 2488 4808 in
2525 4768 2750 4808 carcere
2787 4752 3074 4807 convenit.
3131 4750 3232 4805 Hic
3280 4751 3451 4821 igitur
3501 4753 3627 4807 novi
3661 4770 3762 4822 pa-

2177 4847 2440 4901 triarchae
2479 4845 2770 4900 Athanasii
2820 4846 3031 4912 legatus
3073 4846 3211 4899 duos
3245 4845 3496 4914 captivos
3532 4846 3759 4900 exsules

2176 4941 2450 4994 consolari
2507 4941 2686 4995 modis
2715 4938 2978 4993 omnibus
3011 4948 3067 4993 et
3107 4938 3351 5007 priorum
3388 4939 3522 5007 ipsis
3551 4938 3759 4992 terim»-

2176 5047 2370 5085 narum
2420 5031 2652 5086 delinirc
2705 5031 2989 5087 tristitiam
3052 5031 3274 5098 sategit.
3341 5046 3409 5085 ne
3471 5029 3759 5084 blanditiis

2175 5124 2397 5193 quidem
2426 5133 2481 5177 et
2506 5123 3004 5188 assentationibus,
3034 5138 3146 5193 quo
3194 5122 3319 5176 illus
3349 5122 3753 5184 demereretur,

2177 5217 2479 5272 abstinens.
2516 5215 2815 5286 Angustias
2840 5229 3064 5284 quoque
3094 5214 3364 5268 custodia:
3392 5214 3618 5278 laxavit,
3651 5228 3755 5267 cn-

2176 5311 2502 5376 stodumque
2561 5309 2829 5375 quosdam
2884 5306 3114 5367 amovit,
3176 5305 3317 5360 alios
3353 5305 3752 5375 placidioribus

2178 5400 2427 5463 mutarit,
2457 5400 2654 5454 melius
2675 5402 2839 5454 etiam
2872 5413 3094 5467 sperare
3116 5398 3171 5452 in
3197 5406 3475 5467 posterum
3524 5397 3755 5467 jubens,

2179 5496 2292 5549 imo
2322 5496 2453 5566 ipsis
2483 5495 2764 5564 spondens
2785 5500 2893 5548 non
2923 5494 3165 5562 vulgaris
3191 5492 3336 5562 apud
3362 5493 3754 5562 imperatorem

2180 5589 2360 5643 locum
2395 5589 2606 5659 gratias.
2639 5589 2782 5654 Quin
2824 5597 2879 5641 et
2908 5587 3107 5641 deinde
3130 5587 3311 5640 educti
3337 5599 3562 5663 carcere
3588 5596 3766 5655 atque

2182 5682 2247 5735 ad
2290 5686 2594 5749 Augustum
2624 5679 3021 5735 admissionem
3053 5678 3225 5742 meti,
3258 5693 3385 5732 cum
3410 5678 3479 5731 ab
3512 5677 3603 5731 illo
3624 5692 3767 5733 sunt

2182 5775 2482 5830 honoriﬁce
2509 5773 2743 5843 accepti,
2777 5776 2890 5826 tum‘
2917 5782 2972 5825 et
3004 5771 3108 5840 ipsi
3144 5771 3391 5827 vicissim
3424 5770 3594 5824 multa
3627 5785 3765 5825 cum

2182 5868 2586 5940 signiﬁcatione
2617 5866 2727 5923 veri
2757 5865 2984 5921 affectus
3025 5864 3349 5934 tlducireque
3383 5861 3567 5918 libera:
3594 5877 3767 5921 vene~
