4022 6550
259 397 363 461 fi?

1201 404 1301 464 DE
1328 374 1770 464 ANunoxzco
1805 396 2272 461 PALAZOLOGO
2317 398 2459 457 ιλιι.
2512 396 2558 455 t.

3414 393 3434 448 ι
3451 390 3515 449 1'8

241 517 470 567 σπονδοι
491 509 654 586 ἦσαν,
677 514 739 567 rb
778 515 885 569 πᾶν
924 514 1163 579 τιθέντες
1204 517 1295 568 ἐπὶ
1333 518 1446 579 τοῖς
1475 518 1531 570 ὲν
1567 514 1686 582 Ηεῷ
1708 514 1841 583 βρα-
1871 520 1910 578 Λ
1940 511 2289 583 ἡφροντίστει
2329 509 2425 563 καὶ
2456 512 2512 562 ὲν
2545 509 2854 579 ἀνικωχαῖς
2883 501 2969 576 ἦν,
2998 504 3154 568 δέξας
3181 502 3240 554 τ’,
3265 501 3519 570 ἐνοχλοῦν

244 608 530 674 Ceno-3611;
559 605 815 677 ἀληθείας
857 597 1364 678 δὶαγνωμονήσουσι
1427 607 1629 672 λογίοις
1687 602 1838 658 οὖσιν

244 699 369 769 ἅμα
401 700 500 753 καὶ
534 700 811 763 εὐλαϐέσι,
838 700 1005 767 τάξας
1038 700 1289 771 βασιλεὺς
1324 703 1421 771 τῆς
1449 698 1628 754 αὐτῶν
1679 715 1839 752 συνε-

245 791 493 855 ὶεύσεως
517 794 612 846 καὶ
638 792 829 864 καιρὸν
860 793 954 846 καὶ⁵
982 795 1169 859 τόπον,
1191 794 1280 846 τὸν
1310 793 1409 861 μὲν
1448 793 1566 860 μετ’
1594 792 1653 845 οὐ
1681 790 1837 853 πολὺ,

245 885 344 939 τὸν
374 886 435 938 δὲ
474 886 536 938 τὸ
567 887 828 940 Λοπάδιον
860 886 1061 957 (ἐκεῖσε
1087 887 1196 955 γὶιρ
1229 884 1565 954 ἐξήλαυνεν),
1621 883 1839 936 ἐλευσο-

249 978 422 1047 μένου
477 978 574 1030 καὶ
627 979 720 1032 τοῦ
772 979 957 1049 τρίτου
1006 978 1103 1032 τοῦ
1154 978 1492 1048 Μετοχίτου.
1526 976 1707 1040 καθὼς
1744 976 1838 1027 καὶ

243 1069 458 1139 ἠξίουν.
494 1071 617 1140 μετ’
650 1072 939 1140 εὐμενείας
976 1074 1074 1140 τῆς
1103 1073 1237 1140 πρὸς
1266 1072 1507 1133 ἐκείνους
1539 1070 1833 1138 ἀναχωρεῖ.

248 1159 504 1213 Ἔθαλπε
534 1161 642 1231 γὰρ
664 1164 759 1214 καὶ
781 1160 1001 1224 τούτους
1034 1162 1237 1214 καὶτὸν
1259 1159 1757 1229 πρωτοσεστιάριον
1776 1158 1834 1210 τὸ

246 1253 474 1321 συμϐὰν
496 1254 624 1322 περὶ
644 1253 735 1306 τὸν
758 1253 1077 1323 Γρηγόριον,
1114 1253 1209 1307 καὶ
1241 1254 1480 1318 ἐλπίζειν
1509 1251 1665 1322 ἐπῄει
1683 1251 1834 1317 σφίσι

184 1361 193 1368 '
241 1348 311 1399 τὰ
338 1348 478 1416 πρὸς
511 1349 754 1417 είρῆνην.
785 1349 908 1409 Τοῖς
939 1348 1037 1418 μὲν
1062 1349 1248 1419 γὰρού
1274 1349 1432 1413 πόνος
1453 1344 1522 1419 ἦν
1538 1348 1836 1402 66511603!-

246 1455 351 1508 σης
388 1439 495 1506 τῆς
523 1440 706 1493 αὐτῶν
728 1440 1063 1511 ἐξηγήσεως,
1094 1443 1215 1494 ἐπεὶ
1241 1443 1336 1494 καὶ
1362 1444 1394 1513 ἡ
1418 1441 1510 1495 τοῦ
1530 1440 1831 1511 Γρηγορῖου

244 1529 660 1597 κατέγνωσται,
695 1531 791 1584 καὶ
824 1532 958 1585 ὅπου
982 1533 1047 1585 ἂν
1066 1534 1271 1596 ἐκεῖνος
1294 1532 1708 1598 τετάξεται,κσ.ὶ
1731 1531 1831 1586 αὐ-

239 1619 330 1671 τοὶ
365 1620 590 1683 πάντως
631 1621 1014 1690 ταχθήσονται,
1046 1625 1167 1677 ἐπεὶ
1198 1626 1291 1678 καὶ
1340 1624 1509 1693 ἄμφω
1563 1626 1643 1687 είς
1693 1623 1829 1679 Θεοῦ

244 1713 534 1782 μυστήρια
568 1712 993 1784 παρακύψαντες
1020 1714 1080 1768 “rb
1101 1715 1257 1786 ὀρθὸν
1286 1717 1346 1769 οὐ
1375 1716 1693 1773 κατέλαϐον.
1723 1717 1831 1771 Καὶ

236 1805 358 1865 τοῖς
391 1804 492 1872 μὲν
519 1805 693 1868 οὕτως
723 1805 965 1868 ἐλπίζειν
999 1806 1177 1878 ἐπῄει,
1211 1810 1240 1861 ὁ
1264 1808 1319 1861 δέ
1344 1825 1408 1878 γε
1429 1810 1834 1880 πρωτοϐεστιά-

1942 605 1972 657 ὑ
1982 623 2044 657 πε
2054 604 2328 672 ξαγαγών.

1941 718 2039 783 λζ’.
2076 722 2214 789 Περὶ
2261 719 2372 788 τῆς
2414 716 2705 789 ἀγγελίας
2736 716 2845 773 τοῦ
2898 715 3246 789 «emanaret?
3289 717 3521 769 στόλου

2053 785 2167 845 καί
2180 785 2582 860 μετάκομιδῆς
2617 788 2723 843 τοῦ
2752 785 3082 853 βασιλικοῦ
3106 785 3401 854 σώματος.

2011 882 2116 935 Τοῦ
2147 882 2202 935 δέ
2242 899 2306 950 γε
2340 882 2652 955 πειραστικοῦ
2694 880 2833 934 κατὰ
2873 880 3148 933 θάλασσαν
3188 877 3521 930 πλεονάσαν-

1939 992 2050 1040 τος,
2083 974 2201 1027 ἐπεὶ
2232 974 2294 1027 τὸ
2352 972 2606 1026 ναυτικὸν
2664 971 2942 1036 παντελῶς
2980 971 3285 1042 ἀπήρτητο,
3335 969 3415 1022 ἔτι
3462 967 3522 1021 δὲ

1940 1066 2147 1120 καὶτοῦ
2180 1065 2446 1120 Σκυθικοῦ
2467 1066 2640 1137 ὁρμᾷν
2658 1063 2995 1136 ὴγγελμένου
3027 1063 3076 1134 (ὁ
3104 1064 3212 1135 γὰρ
3239 1062 3518 1132 Τερτερῆς

1936 1162 2034 1230 οὔχ
2061 1156 2171 1223 οἷός
2199 1159 2249 1212 τ’
2293 1156 2358 1229 ἦν
2389 1159 2486 1231 οὐχ
2516 1160 2664 1220 ὅπως
2703 1156 2905 1219 ἄλλοις,
2947 1156 3070 1210 οὐδὲ
3099 1154 3280 1225 ἑαυτῷ
3310 1169 3520 1224 προσα-

1938 1251 2169 1322 ρήγειν),
2202 1251 2425 1321 πέμψας
2446 1252 2475 1305 ὁ
2518 1251 2767 1322 βασιλεὺς
2800 1249 2926 1314 τοὺς
2960 1249 3061 1320 μὲν
3093 1247 3228 1320 πρὸς
3277 1244 3519 1318 θαλάσσῃ

1936 1345 2345 1416 κατῳκηκότας,
2381 1344 2597 1415 ἕτοιμον
2638 1345 2809 1417 θήραν
2834 1342 3230 1415 προκειμένους
3259 1343 3370 1404 τοῖς
3394 1357 3518 1394 πει-

1940 1440 2150 1508 ραταῖς,
2202 1439 2462 1508 ἐνδοτέρω
2507 1441 2611 1509 γῆς
2642 1437 2988 1491 ἀναπτέλλειν
3028 1435 3392 1505 προσέταττεν
3443 1433 3518 1494 ὡς

1935 1528 2185 1583 ἐντεῦθεν
2215 1530 2770 1601 ὑπεκδραμουμὲνους
2803 1530 2864 1583 τδ
2894 1528 3152 1599 χαλεπὸν,
3180 1524 3306 1589 τοὺς
3333 1525 3391 1579 δὲ
3421 1524 3520 1594 τὴν

1940 1620 2229 1690 μεσόγαιον
2255 1620 2475 1693 Θρᾴκης
2504 1637 2564 1674 τε
2584 1621 2677 1675 καὶ
2710 1618 3048 1683 Μακεδονίας
3067 1617 3516 1688 κατῳκημένους.

1934 1708 2058 1762 ἐπεὶ
2101 1708 2649 1780 καταδραμουμένους
2678 1709 2797 1782 ᾔδει
2840 1709 2968 1772 τοὺς
3015 1705 3422 1772 ἐξελαύνοντας,
3452 1702 3520 1774 ἦν

1939 1800 2014 1872 μή
2047 1818 2129 1863 τις
2159 1801 2381 1864 κωλύοι,
2414 1801 2443 1855 ὃ
2476 1802 2539 1870 δὴ
2562 1802 2654 1855 καὶ
2679 1799 2939 1855 ἀδύνατον
2970 1798 3225 1871 τηνικάδε
3256 1795 3520 1867 κατεφαί-

243 1911 365 1963 pro;
398 1892 539 1963 ᾤετο
563 1894 640 1955 ὡς
674 1895 916 1950 ἐκποδὼν
972 1899 1268 1967 γενομένου
1302 1899 1396 1953 τοῦ
1451 1901 1830 1972 δυσμεναινειν
1866 1890 1907 1947 Β
1938 1910 2078 1960 νετο,
2102 1896 2213 1958 τοῖς
2243 1896 2421 1949 ἐκεῖσε
2451 1898 2729 1966 φρουρίοις
2757 1895 2817 1948 οὐ
2850 1896 2983 1948 πολὺ
3013 1892 3075 1947 τὸ
3095 1889 3333 1962 ἀσφαλὲς
3363 1890 3520 1960 ἔχου-

246 1986 651 2054 πιστευομένου
686 1989 781 2042 καὶ
821 1990 995 2044 eam
1033 1992 1184 2060 σφίσι
1228 1992 1492 2056 παθόντος
1542 1994 1696 2048 αὐτοὶ
1733 1997 1836 2065 ρᾳ-

240 2076 377 2138 δίως
404 2079 542 2145 πρός
559 2077 658 2147 τὴν
702 2079 1030 2150 Ἐκκλησίαν
1051 2064 1457 2153 ὁμονοήσουσιν.
1512 2084 1671 2138 Ἀλλὰ
1706 2064 1837 2139 ταῦ-

242 2177 316 2215 τα
343 2164 452 2233 μὲν
480 2163 739 2235 ὕστερονο
763 2167 885 2221 τότε
920 2168 965 2222 δ’
998 2167 1061 2241 [Ρ
1089 2167 1182 2241 67]
1211 2171 1565 2242 ἀπσχθέντων
1609 2173 1837 2229 ἐκείνων

245 2256 332 2318 είς
388 2254 631 2327 ὲξορίαν,
686 2256 810 2310 ὅσον
861 2257 961 2328 μὲν
1010 2259 1073 2312 τὸ
1125 2260 1221 2313 ἀπ’
1264 2261 1835 2333 ἐκείνων,ὁβασιλεὺς

251 2435 356 2490 rati
388 2445 542 2490 sunt.
575 2434 784 2491 Mutata
827 2438 938 2508 jam
986 2438 1188 2511 quippe
1211 2455 1373 2496 scena
1424 2442 1518 2498 illa
1554 2443 1751 2514 priori,
1780 2454 1835 2500 et

245 2526 536 2597 Gregorii,
561 2544 677 2597 quo
709 2531 1141 2599 patriarcbatum
1166 2544 1388 2603 gerente
1427 2533 1672 2589 damnati
1711 2536 1833 2591 fue-

248 2628 403 2684 rant,
428 2620 747 2690 reprobatis
776 2621 993 2692 placitis
1019 2623 1189 2697 (quod
1217 2626 1677 2695 quemadmodum
1711 2644 1833 2684 eve-

248 2713 420 2777 nerit,
474 2712 643 2781 paulo
688 2722 815 2783 post
866 2714 1138 2789 dicemus)
1185 2716 1345 2773 facile
1398 2720 1503 2775 fuit
1558 2722 1836 2792 deponere

247 2802 381 2860 illos
407 2805 776 2862 offensionem
820 2816 875 2863 et
904 2809 1154 2879 pristinae
1204 2813 1510 2882 placiditati
1555 2831 1678 2871 sese
1712 2816 1837 2870 red-

244 2895 412 2952 dere.
441 2898 522 2952 Ex
549 2904 683 2955 tunc
728 2899 895 2970 igitur
929 2901 1197 2970 depositis
1231 2904 1613 2961 simultatibus
1642 2922 1672 2962 e
1700 2923 1835 2963 con-

244 2987 404 3045 ﬂictu
430 2990 848 3047 dissensionum
880 2995 1021 3050 ortis
1045 2996 1205 3065 plane
1235 2996 1348 3067 jam
1374 2997 1624 3055 frederati
1654 3010 1835 3066 erant,

245 3082 575 3152 proﬁtentes
594 3100 654 3140 se
687 3086 739 3140 in
769 3086 1080 3157 hisjudicio
1100 3091 1451 3159 acquieturos
1476 3094 1721 3148 virorum
1751 3111 1837 3149 re-

244 3176 461 3247 ligione
492 3192 555 3233 ac
585 3177 836 3233 doctrina
870 3181 1279 3251 prtestantium,
1331 3185 1425 3252 qui
1462 3200 1646 3240 coram
1701 3186 1833 3253 Deo,

248 3269 324 3325 ad
358 3271 626 3326 amussim
679 3271 1026 3330 dominantis
1060 3275 1335 3342 veritatis,
1391 3276 1459 3333 de
1509 3276 1837 3345 theologieis

251 3366 660 3421 controversiis
728 3367 1050 3439 incorrupta
1117 3371 1448 3426 rectitudine
1526 3384 1835 3427 censerent.

248 3454 415 3514 Unus
465 3457 657 3515 deerat
705 3460 1143 3517 reconciliationi
1200 3463 1548 3520 absolvenda:
1594 3464 1835 3535 ipsorum

247 3565 384 3605 cum
419 3551 760 3622 imperatore
785 3568 1144 3625 congressus.
1175 3554 1352 3626 Hujus
1385 3558 1685 3628 imperator
1724 3560 1836 3625 ipse

246 3653 473 3713 tempus
508 3643 803 3715 locumque
849 3648 1155 3713 constituit,
1203 3649 1346 3705 diem
1389 3651 1608 3721 quidem
1640 3650 1817 3704 admis

245 3737 396 3790 sioni
445 3737 738 3808 assignans
778 3728 903 3793 mox
946 3738 1060 3794 fere
1107 3740 1450 3807 adfuturam,
1479 3740 1704 3813 Lepadii
1742 3757 1839 3795 an-

246 3840 385 3891 tem,
415 3845 528 3900 quo
555 3832 835 3900 tendebat,
863 3833 1064 3903 jubens
1096 3832 1332 3887 Veccum
1367 3843 1420 3888 et
1449 3833 1834 3891 Melitcniotetn

246 3922 359 3978 sibi
394 3930 721 3989 occurrere,
768 3940 875 3979 una
923 3940 1046 3980 cum
1084 3927 1247 3982 tertio
1278 3926 1599 3990 Metocbita;
1627 3942 1750 3980 nam
1784 3936 1837 3980 et

248 4014 406 4069 hunc
433 4014 541 4068 sibi
574 4014 803 4084 adjungi
838 4016 1129 4085 petierant.
1166 4016 1395 4087 Excepit
1425 4018 1497 4071 ibi
1525 4018 1690 4072 simul
1723 4033 1839 4070 ont-

250 4120 355 4160 nes
386 4105 691 4175 imperator
715 4106 838 4160 laeto
865 4108 1044 4171 vultu,
1078 4108 1341 4178 laetosque
1366 4109 1579 4163 dimisit
1612 4125 1736 4163 cum
1764 4114 1838 4164 si-

243 4196 608 4265 gniﬁcatione
641 4195 797 4268 105
825 4196 1326 4253 benevolentiae.Et
1360 4199 1458 4252 bos
1492 4201 1749 4253 nimirum
1783 4208 1836 4254 et

246 4290 738 4359 protovestiariutn
771 4300 1112 4347 recreaverat
1145 4303 1196 4346 et
1227 4292 1571 4347 animaverat
1599 4294 1664 4346 ad
1698 4293 1836 4347 bene

246 4384 319 4437 de
342 4397 479 4452 pace
492 4382 853 4450 sperandum,
867 4384 1014 4453 quod
1033 4385 1179 4439 circa
1199 4383 1525 4455 Gregorium
1552 4397 1833 4441 evenerat.

249 4474 390 4528 Nam
422 4490 524 4530 nec
553 4474 764 4532 V’eccus
806 4491 933 4531 cum
966 4476 1082 4531 suis
1110 4477 1399 4534 laborabat
1440 4479 1577 4535 adeo
1608 4479 1676 4535 de
1702 4490 1832 4534 nota

1940 2004 2045 2053 σιν,
2076 1987 2416 2042 ἑναπέκλειε.
2447 1988 2519 2041 Τὸ
2539 1988 2594 2041 δέ
2623 2006 2685 2056 γε
2722 1986 3011 2057 Βλαχικδν,
3050 1984 3078 2039 ὃ
3100 1985 3167 2055 δὴ
3196 1983 3382 2053 σχεδὸν
3409 1981 3521 2047 ἀπὸ

1935 2080 2045 2131 τῶν
2094 2079 2344 2149 ἐξωτέρω
2368 2079 2468 2150 τῆς
2496 2079 2702 2141 πόλεως
2742 2081 2800 2143 ἐς
2832 2076 3036 2146 Βιζύην
3085 2076 3181 2130 καὶ
3215 2077 3403 2147 πόρῤω
3439 2073 3519 2136 είς

1935 2171 2137 2241 πλῆθος
2193 2170 2428 2243 ἀριθμοῦ
2468 2173 2715 2242 κρεῖττον
2756 2169 3089 2240 ποσούμενον
3146 2169 3513 2236 παρατέτατο,

1936 2261 2440 2336 ἔθνοςδυσχωρίαις
2469 2268 2659 2338 χαῖρον
2683 2264 2779 2319 xal
2808 2265 3122 2337 βοσκήμασι
3155 2260 3524 2333 προσανέχον,

1937 2445 2010 2500 tis
2049 2443 2217 2499 levari
2253 2442 2631 2501 sollicitudine
2660 2444 2962 2513 imperator
2988 2443 3143 2501 visus
3191 2452 3276 2501 est
3328 2442 3522 2498 remis-

1938 2537 2193 2608 sionique
2248 2552 2308 2591 se
2340 2536 2496 2601 dare,
2540 2537 2700 2606 quasi
2728 2537 3144 2608 tranquillitatis
3174 2538 3284 2608 jam
3331 2538 3521 2611 cujus-

1939 2631 2061 2684 dam
2094 2637 2426 2700 compotem,
2456 2629 2769 2685 amandatis
2803 2645 2834 2686 e
2859 2638 3155 2701 conspectu
3182 2631 3251 2686 iis
3274 2630 3367 2705 qui
3405 2617 3521 2687 tu}-

1938 2721 2039 2779 bas
2072 2723 2314 2779 ciebant.

1938 2840 2027 2895 57.
2064 2839 2142 2895 De
2169 2841 2417 2896 nuntiata
2448 2842 2750 2923 incursione
2789 2842 3041 2924 piratica,
3069 2850 3118 2895 et
3170 2839 3521 2896 translatione

2411 2920 2645 2980 corporis
2681 2920 3039 2980 imperatoris.

2014 3002 2247 3058 Piratico
2285 3015 2455 3073 porro
2501 2999 2797 3056 latrocinio
2842 3000 3044 3070 ubique
3084 3015 3181 3070 per
3215 3013 3365 3055 mare
3411 2998 3517 3053 im-

1940 3110 2091 3166 pune
2156 3094 2561 3159 crebrescente,
2607 3092 2811 3163 quippe
2876 3092 3094 3147 sublato
3153 3103 3298 3147 metu
3366 3094 3515 3145 omni

1942 3188 2206 3243 Romanae
2236 3186 2458 3251 classis,
2511 3185 2785 3251 funditus,
2841 3186 3135 3240 utdietum
3177 3195 3286 3254 est,
3336 3185 3519 3255 negle-

1943 3289 2065 3340 ctae.
2113 3280 2349 3351 ideoque
2404 3278 2552 3333 omni
2601 3278 2806 3349 passim
2857 3277 3136 3332 maritimo
3180 3279 3516 3331 commercia

1942 3382 2220 3436 cessante,
2272 3372 2366 3428 sed
2400 3382 2453 3425 ct
2484 3372 2743 3426 nuntiato
2772 3370 2985 3439 trepide
3019 3371 3257 3424 tumultu
3285 3381 3513 3440 eruptu-

1940 3466 2200 3522 rientium
2254 3480 2285 3522 e
2327 3465 2444 3519 suis
2475 3463 2682 3519 finibus
2714 3462 3072 3535 Scytharum,
3107 3462 3310 3532 quibus
3347 3461 3517 3516 inter-

1941 3562 2167 3617 cludere
2195 3576 2253 3614 se
2280 3560 2335 3614 in
2382 3559 2689 3613 Romanam
2725 3558 2994 3613 ditionem
3028 3556 3321 3610 transitum
3355 3570 3518 3624 posse.

1940 3655 2076 3708 adeo
2095 3650 2647 3713 Terteresdiiiidert-t,
2668 3656 2726 3703 ut
2744 3664 2811 3704 an
2829 3649 2929 3704 sibi
2956 3647 3056 3718 ipsi
3092 3662 3155 3703 ac
3192 3662 3360 3718 regno
3391 3663 3520 3718 pro-

1940 3746 2058 3816 prio
2086 3745 2154 3800 ab
2178 3760 2368 3799 eorum
2405 3741 2707 3797 insultibus
2734 3743 2939 3796 tuendo
2968 3756 3071 3812 par
3105 3750 3253 3795 esset
3284 3740 3511 3794 futurus

1939 3838 2241 3901 dubitaret,
2285 3835 2588 3904 imperator
2621 3831 3044 3902 pra'cavendum
3077 3842 3236 3886 ratus
3266 3847 3333 3883 ne
3368 3830 3517 3900 pira-

1941 3942 2121 3985 tarum
2162 3927 2438 3997 rapacitas
2495 3932 2709 3994 quaastu
2766 3922 3121 3994 saginarctttr
3184 3920 3513 3975 littoralium

1938 4019 2278 4091 praedarum,
2313 4018 2511 4071 horum
2543 4014 2754 4088 rapinis
2793 4014 3072 4083 estposilos
3107 4014 3277 4067 maris
3299 4012 3516 4066 accolas

1941 4115 2197 4169 recedere
2235 4112 2289 4167 in
2342 4110 2609 4166 interiora
2652 4108 2924 4180 praecipit,
2954 4114 3015 4162 ut
3057 4105 3130 4161 ita
3166 4105 3414 4177 periculo
3457 4121 3521 4157 se

1941 4207 2355 4270 subtralterenl.
2412 4203 2518 4259 Eos
2561 4218 2745 4274 porro,
2791 4204 2885 4272 qui
2926 4202 3085 4258 sedes
3127 4198 3407 4257 trahebant
3462 4200 3515 4251 in

1941 4299 2357 4353 mediterraneis
2384 4294 2634 4350 Thracia:
2664 4309 2729 4350 ac
2773 4294 2943 4371 1.06
2978 4292 3336 4356 Macedoniae,
3373 4307 3511 4360 qun-

1941 4392 2090 4445 niam
2114 4390 2321 4444 sciebat
2354 4386 2500 4442 haud
2532 4386 2700 4442 dubie
2725 4385 3147 4441 iucursandosa
3176 4381 3515 4437 minantibus

1944 4483 2310 4552 irruptionem
2344 4482 2397 4535 in
2434 4496 2529 4535 eas
2569 4488 2754 4550 partes
2784 4477 3028 4550 Scythis,
3084 4477 3189 4530 nisi
3229 4474 3354 4547 quis
3387 4491 3514 4543 pro-

249 4566 594 4635 expnsitioni
627 4568 874 4638 ipsorum
924 4568 1129 4633 inusta,
1157 4584 1223 4624 ex
1257 4586 1368 4640 quo
1414 4569 1526 4640 jam
1573 4572 1831 4626 videbant.
1862 4583 1911 4642 D
1940 4577 2149 4631 biberet
2183 4572 2600 4655 intercluderrdo
2632 4572 2783 4627 bisce
2835 4569 3086 4627 barbaris
3118 4568 3173 4622 in
3200 4581 3295 4623 eas
3327 4566 3509 4637 regio-

248 4674 410 4729 aque
437 4660 756 4714 damnatam
789 4661 1193 4731 expositionem
1227 4661 1515 4734 Gregorii:
1546 4680 1647 4719 nec
1678 4680 1834 4719 recu-

246 4754 452 4809 sabant
494 4754 551 4808 in
583 4755 836 4809 eumdem
875 4769 1000 4809 cum
1031 4755 1128 4809 illo
1159 4754 1352 4810 referri
1382 4755 1634 4810 ordinem
1668 4757 1833 4827 paulo

247 4846 534 4903 curiosius
583 4848 823 4903 scrutari
868 4862 1130 4902 ausorum
1168 4851 1428 4920 mysteria
1458 4849 1667 4913 divina,
1723 4865 1830 4904 non

248 4940 374 4995 sine
417 4939 658 5011 quadam
691 4955 718 4992 a
748 4948 899 4996 recto
942 4940 1317 4999 abcrratione.
1361 4938 1836 4997 Protovestiarius

250 5047 383 5087 vero
409 5033 494 5087 sic
517 5032 872 5102 opinabatur,
906 5034 998 5089 ubi
1032 5044 1251 5090 amotus
1277 5049 1308 5088 e
1344 5032 1526 5089 medio
1567 5032 1833 5090 fuissetis

247 5125 341 5180 cui
372 5140 432 5181 se
455 5140 660 5181 exesos
690 5122 908 5182 Vaccus
936 5134 993 5181 et
1027 5126 1163 5183 socii
1188 5126 1505 5192 credebant,
1525 5136 1578 5182 et
1607 5126 1827 5197 quidem

252 5223 338 5274 sic
372 5228 594 5274 amotus
626 5229 685 5274 ut
716 5220 873 5289 paria
904 5219 971 5277 iis
1001 5235 1124 5290 quae
1151 5220 1301 5289 prius
1333 5221 1408 5275 illi
1435 5219 1584 5289 passi
1609 5221 1832 5279 fuerant

249 5320 306 5364 et
336 5311 454 5380 ipse
488 5317 787 5380 pateretur,
840 5309 1001 5365 facile
1048 5313 1193 5381 ipsos
1242 5327 1368 5367 cum
1417 5310 1659 5367 Ecclesia
1692 5327 1829 5366 con-

251 5416 544 5456 sensuros.
575 5401 679 5455 Sed
709 5401 826 5457 hzec
852 5401 905 5457 in
929 5411 1277 5459 antecessum
1310 5404 1399 5458 hic
1422 5402 1831 5472 praelibavimus

246 5508 276 5545 c
307 5491 486 5545 multo
534 5492 829 5559 posteriori
874 5493 1163 5549 memoria.
1206 5492 1263 5549 in
1323 5494 1429 5547 hoc
1474 5494 1623 5550 enim
1680 5509 1830 5551 nunc

249 5590 501 5650 tempore
524 5581 803 5637 narrando
841 5598 1146 5650 versamur,
1196 5600 1307 5655 quo
1333 5596 1459 5656 post
1492 5587 1829 5658 colloquium

248 5674 472 5742 publice
498 5674 555 5729 in
591 5675 799 5746 synodo
829 5677 1075 5732 habitum
1105 5677 1271 5734 Yecci
1321 5695 1447 5734 cum
1492 5682 1827 5750 patriarcha,

250 5765 466 5822 Veccus
495 5768 614 5837 ipse
648 5786 773 5824 cum
808 5770 977 5827 sociis
1005 5773 1282 5844 relegatus
1309 5784 1364 5828 et
1403 5788 1535 5830 artae
1565 5779 1834 5834 custodite

247 5858 548 5915 mandatus
581 5871 697 5926 est;
726 5862 925 5933 quibus
955 5864 1008 5919 in
1042 5864 1189 5920 hunc
1241 5866 1461 5921 modum
1497 5867 1832 5923 extermina-

1943 4684 2042 4723 nes
2076 4668 2336 4731 transitu,
2369 4665 2534 4737 cuius
2566 4665 2649 4721 rei
2686 4664 2835 4718 nulla
2867 4671 2999 4717 tunc
3027 4675 3152 4732 spes
3186 4662 3511 4732 apparebat,

1941 4776 2104 4833 quam
2154 4758 2327 4813 solam
2380 4758 2446 4813 iis
2507 4755 2834 4812 consulendi
2897 4754 3169 4825 reliquam
3239 4755 3512 4812 rationem

1943 4851 2159 4916 habuit,
2212 4865 2277 4905 ea
2323 4864 2458 4905 usus
2507 4858 2613 4913 est,
2657 4847 2879 4903 ediccus
2924 4855 2984 4901 ut
3043 4846 3406 4917 confugerent
3457 4847 3511 4900 in

1941 4957 2097 4998 arces
2132 4941 2353 4996 illorum
2411 4947 2708 5002 tractuum,
2756 4937 2937 5009 iisque
2984 4954 3076 4995 res
3136 4953 3516 5010 personasque

1941 5034 2189 5104 periculo
2247 5032 2565 5103 rapinarum
2627 5030 2898 5086 obnoxias
2947 5031 3374 5096 concluderent,
3429 5042 3514 5084 ut-

1940 5141 2158 5196 cunque
2209 5126 2343 5181 satis
2390 5129 2553 5178 norat
2618 5122 2764 5179 haud
2834 5123 2972 5179 adeo
3025 5124 3237 5179 munita
3295 5132 3517 5194 tamque.

1940 5218 2137 5274 validis
2197 5219 2412 5274 insessa
2474 5215 2747 5287 praesidiis
2813 5216 3037 5272 castella
3102 5216 3206 5272 ista
3266 5232 3391 5272 esse
3457 5230 3513 5270 nt

1942 5311 2167 5366 multant
2224 5310 2291 5366 iis
2337 5313 2691 5366 securitatem
2746 5311 3106 5379 sponderent.
3160 5309 3237 5379 De
3300 5311 3518 5366 Biarbis

1939 5404 2132 5459 eadem
2186 5403 2266 5459 illi
2308 5404 2528 5460 occasio
2572 5404 3001 5459 sollicitudinem
3063 5376 3330 5458 admbvit.
3389 5404 3518 5459 Erat

1941 5497 1992 5553 id
2024 5513 2196 5570 genus
2214 5497 2503 5554 hominum
2542 5511 2769 5568 vagum,
2796 5497 3022 5553 incertis
3045 5511 3241 5553 errans
3272 5497 3519 5562 sedibus,

1940 5592 2037 5647 Sed
2096 5608 2161 5648 ea
2240 5601 2568 5663 tempestate
2644 5593 2755 5647 late
2821 5589 3004 5646 fusum
3066 5606 3163 5661 per
3215 5600 3426 5647 tractus
3486 5606 3515 5644 a

1941 5684 2223 5741 suburbiis
2255 5683 2825 5753 Constantinopoleos
2870 5698 3048 5752 usque
3091 5683 3158 5737 ad
3194 5680 3414 5754 Bizyam
3463 5695 3515 5736 et

1943 5779 2085 5832 ultra
2121 5776 2503 5847 pertinentes;
2555 5792 2651 5846 per
2690 5792 2812 5844 quae
2867 5775 2984 5828 lota
3020 5773 3133 5843 jam
3172 5774 3517 5845 multiplicati

1942 5885 2105 5942 supra
2167 5869 2391 5926 modum
2446 5872 2687 5938 suspecti
2750 5869 2946 5924 merito
3015 5876 3191 5935 erant,
3257 5884 3323 5923 ne
3392 5885 3514 5923 mox
