4022 6572
477 314 579 380 Ῑὲθ

1701 336 2016 402 GEORGII
2062 345 2545 412 PACHYMERE

3623 354 3739 418 1Ξο

471 434 533 483 θ’)
696 428 918 538 δὲβλξά
969 440 1297 538 κσξῖῃμάᾎαίς
1325 448 1626 517 amuli-5V9"
1655 454 1885 524 ἀνδρῶν,
1912 459 2042 513 ὑπο·-
2071 471 2114 525 Α
2144 467 2509 537 ταδραμὸντες
2539 470 2637 524 σὺν
2669 470 2878 534 πολλοῖς
2908 468 3090 535 ἄλλοις
3125 471 3219 525 καὶ
3261 470 3420 525 τοῦτο
3448 471 3737 538 λαϐόντες.

470 524 699 579 πτευθὲν
722 529 802 590 είς
825 530 1147 601 αὐτομολίαν
1172 535 1247 598 ὡς
1282 539 1392 598 τοῖς
1415 538 1763 611 ὲξεληλακόσι
1796 549 1888 601 καὶ
1911 549 2043 603 αὐτὸ

468 619 962 689 προσπεσούμενον,
990 626 1316 693 μετοικίζειν
1342 631 1430 682 ἐπ’
1454 634 1718 706 ἀνατολῆς
1742 637 1883 707 ἔγνω
1906 641 2044 694 κατὰ

465 709 567 778 τὴν
590 711 689 780 τῆς
714 713 1030 780 Βυζαντίδος
1059 718 1438 790 ἀντιπεραίαν,
1475 727 1613 798 πλὴν
1640 730 1733 784 καὶ
1759 734 2045 787 ταπεινοῦν

467 802 711 894 ζημίαις.
728 808 817 894 ,μή
845 826 959 871 πως
989 811 1096 880 ἄρα
1118 814 1210 865 καὶ
1236 815 1631 887 ὑπερηφανοῖεν
1653 823 1843 894 πλήθει
1867 842 1924 877 τε
1953 828 2044 879 καὶ

466 892 689 961 δυνάμει
719 893 1065 965 θαρροῦντες.
1108 901 1215 953 Καὶ
1260 903 1411 958 ἐνθεν
1454 906 1553 973 μὲν
1604 892 1927 980 ἐζημιοῦντο
1975 915 2041 967 τὰ

470 981 722 1077 μέγιστα,
755 986 909 1040 ἔνθεν
951 989 1006 1043 δὲ
1045 993 1406 1063 μετῳκίζοντο
1438 998 1647 1052 ἁνοικτὶ
1672 1040 1688 1066 ,
1744 1002 1840 1072 οὐχ
1879 1000 2043 1077 ἦττον

466 1074 688 1145 ζημίας,
709 1078 842 1131 ἀλλὰ
872 1083 968 1134 καὶ
994 1083 1195 1151 μᾶλλον
1214 1087 1313 1156 τὴν
1339 1088 1656 1160 μετοίκησιν
1685 1074 2040 1164 λογιζόμενοι.

468 1164 591 1217 Ζῶα
642 1164 750 1237 γὰρ
804 1168 987 1223 ἐκεῖνα
1025 1171 1117 1224 καὶ
1151 1174 1340 1242 κτῆσις
1391 1175 1476 1248 [Ρ.
1509 1176 1600 1249 68]
1650 1182 1800 1233 πᾶσα
1843 1183 1908 1236 τὰ
1945 1184 2045 1252 μὲν

466 1254 640 1309 εῦωνα
671 1257 993 1328 προῦκειντο
1027 1266 1136 1325 τοῖς
1168 1265 1399 1332 πολλοῖς,
1432 1269 1500 1320 τὰ
1531 1271 1585 1323 δὲ
1623 1274 1715 1324 καὶ
1745 1273 1836 1326 τὸν
1879 1254 2043 1328 τόπον

464 1345 766 1411 ἀλλάξαντα
783 1350 959 1421 καιρῷ
984 1355 1250 1422 χειμῶνος
1272 1357 1365 1410 καὶ
1385 1360 1503 1411 τότε
1524 1362 1800 1423 παντελῶς
1814 1363 2045 1433 διεφθεί-

469 1454 641 1510 ροντο.
677 1442 881 1514 Κτῆσις
910 1444 966 1500 δὲ
997 1446 1201 1503 τούτων
1231 1449 1262 1519 η
1301 1449 1399 1519 μὲν
1426 1451 1774 1522 διηρπάζετο,
1820 1457 1853 1524 ἡ
1889 1458 1945 1509 δέ
1977 1474 2039 1523 γε

467 1531 562 1585 καὶ
591 1533 854 1605 περιοῦσα
881 1538 1064 1601 κακῶς
1091 1541 1509 1611 παραπὼλλυτο,
1540 1543 1680 1598 ὥστε
1716 1549 1790 1617 μὴ
1821 1547 1965 1610 οἴους
1994 1549 2041 1600 τ’

466 1619 605 1678 εἶναι
639 1627 973 1697 ὶγχρονίζειν
1001 1631 1137 1693 ἐκεῖ,
1174 1632 1309 1686 ἀλλὰ
1335 1634 1428 1687 τοῦ
1458 1635 1628 1689 κακοῦ
1662 1636 2045 1709 παραδραμόν-

466 1731 558 1779 τος
583 1715 778 1780 αὐτοὺς
798 1719 892 1773 καὶ
920 1717 1077 1784 αὖθις
1092 1722 1191 1794 τήν
1212 1723 1347 1777 ἰδίαν
1373 1727 1802 1797 ἀπολαμϐάνειν,
1832 1730 2043 1799 συχνῶν

469 1811 706 1876 χρυσίων
738 1811 1063 1877 καταϐολαῖς
1094 1814 1540 1885 ὲξωνησαμένους
1585 1818 1682 1891 τὴν
1737 1823 2041 1876 κατοικίαν.
2079 1819 2117 1871 Β

471 1898 604 1951 Τότε
632 1899 687 1952 δὲ
709 1900 888 1964 δείσας
916 1905 1010 1958 καὶ
1039 1908 1166 1975 περὶ
1211 1906 1288 1977 τῷ
1336 1908 1428 1960 τοῦ
1461 1908 1725 1978 βασιλέως
1757 1911 1969 1982 σώματι
2014 1915 2042 1966 ὁ

472 1992 708 2062 κρατῶν,
740 1993 814 2065 μὴ
841 1993 1144 2061 ἐξελθόντες
1172 1999 1222 2050 οἱ
1256 2000 1458 2059 Σκύθαι
1489 2005 1581 2055 καὶ
1634 2004 1725 2056 τὸν
1757 2005 1918 2058 τόπον
1947 2022 2045 2058 κα-

474 2180 769 2248 irrupturis
791 2181 957 2256 (quod
999 2187 1447 2257 exspectabatur)
1470 2187 1691 2261 Scythis
1718 2191 1862 2247 vires
1898 2192 2042 2247 haud

477 2272 723 2328 modicas
754 2274 1140 2347 adiungerent,
1180 2279 1234 2330 in
1271 2289 1454 2347 partes
1490 2297 1681 2336 eorum
1717 2285 1840 2338 vita:
1888 2286 2046 2340 simi-

478 2366 702 2421 litudine
720 2382 784 2421 ac
801 2367 941 2423 forte
962 2370 1191 2439 originis
1207 2378 1596 2429 communione
1618 2381 1777 2431 tracti
1802 2397 1817 2441 ;
1845 2381 2047 2449 quippe

475 2473 707 2525 quorum
728 2475 838 2515 non
864 2459 1024 2516 facile
1052 2467 1408 2520 numerabilis
1437 2468 1727 2525 multitudo
1754 2468 2046 2537 ferebatur,

472 2553 779 2621 jnventntis
819 2554 886 2609 ad
933 2556 1183 2609 laborum
1224 2559 1546 2626 patientiam
1587 2562 1794 2617 durata.-
1839 2566 2045 2617 incom.

480 2638 661 2699 modis
706 2646 1056 2703 educationis
1093 2649 1235 2705 haud
1281 2652 1487 2716 mollis,
1529 2654 1733 2723 quippe
1787 2655 1840 2709 in
1890 2656 2048 2720 locis,

478 2736 568 2790 ubi
606 2736 840 2794 libenter
871 2740 1097 2808 degunt,
1142 2744 1379 2810 asperis.
1429 2744 1537 2799 Nec
1567 2746 1795 2801 deerant
1842 2763 1974 2818 opes
2019 2765 2050 2803 e

477 2837 743 2896 proventu
772 2845 998 2901 gregum
1043 2843 1096 2887 et
1124 2843 1529 2899 armentorum,
1583 2852 1706 2908 qua:
1743 2854 2047 2893 numerosa

479 2919 532 2973 in
557 2919 695 2975 laetis
728 2923 951 2991 pascuis
984 2923 1227 2979 alebant.
1258 2925 1542 2981 Postremo
1565 2944 1667 2983 nec
1697 2930 2047 2985 inexercitati

478 3011 820 3067 habebantur
853 3015 1189 3073 militaribus
1218 3017 1621 3084 functiOnibus,
1669 3037 1902 3089 quarum
1932 3036 2039 3075 non

480 3109 793 3163 rudimenta
861 3111 1042 3166 solum
1081 3125 1288 3179 ponere
1324 3113 1470 3165 soliti
1505 3122 1664 3168 erant
1707 3113 2047 3184 quotidianis

477 3200 769 3257 venatibus
813 3202 1080 3266 ferarum,
1108 3203 1205 3259 sed
1251 3203 1630 3273 experimenta
1664 3207 1833 3260 etiam
1883 3206 2047 3260 edere

477 3292 691 3348 crebris
719 3307 817 3346 nec
847 3293 1160 3348 infelicibus
1193 3305 1386 3350 contra
1410 3296 1559 3351 viros
1596 3307 1839 3354 armatos
1866 3307 2049 3351 certa-

484 3382 746 3442 tninibus.
772 3382 912 3443 Huic
930 3386 1177 3453 periculo
1209 3388 1588 3456 praevertenda
1610 3387 1755 3443 factu
1782 3387 2048 3458 optimum

480 3475 691 3540 putavit
749 3485 967 3545 gentem
1006 3476 1165 3531 istam
1221 3493 1290 3533 ex
1337 3475 1579 3534 Occidua
1623 3481 1945 3535 continente
1996 3482 2049 3536 in

477 3565 817 3647 orientalem
851 3568 1172 3635 transferre,
1221 3570 1607 3640 collocareque
1643 3580 1797 3628 trans
1851 3572 2048 3630 fretum

482 3661 535 3713 in
570 3674 668 3712 ora
700 3658 1017 3730 Byzantinus
1059 3661 1293 3717 adversa
1317 3661 1553 3724 civitati,
1593 3663 1686 3717 sed
1733 3674 1787 3716 et
1824 3663 2051 3734 insuper

479 3760 780 3806 extenuare
805 3752 995 3808 multis
1029 3763 1082 3808 et
1109 3737 1519 3811 extorsionibus
1550 3770 1682 3825 opes
1706 3758 1950 3822 illorum,
1985 3775 2053 3814 ne

468 3844 691 3921 conscii
719 3844 919 3901 virium
953 3831 1303 3914 prapriarum
1337 3846 1426 3902 sui
1461 3862 1696 3904 numero
1729 3859 1783 3904 et
1819 3867 2053 3909 annonae

480 3937 639 4006 copia
700 3937 1070 4008 superbirent.
1134 3936 1453 4007 Utrumque
1510 3950 1738 3997 strenue
1796 3943 2047 4000 factum:

484 4032 612 4086 hinc
637 4031 782 4086 enim
816 4032 1072 4087 maximis
1102 4030 1279 4087 affecti
1317 4033 1534 4087 damnis
1564 4044 1695 4088 sunt
1729 4037 2052 4093 immanium

481 4122 681 4180 acerba
712 4123 1002 4178 exactione
1035 4124 1396 4187 tributorum,
1449 4133 1504 4179 et
1535 4126 2056 4186 immisericorditer

482 4216 660 4275 coacti
704 4215 865 4271 sedes
901 4226 1055 4271 trans
1096 4213 1509 4286 Hellespontum
1548 4218 1710 4272 ferre.
1759 4218 1913 4286 Quod
1948 4223 2056 4277 illis

481 4308 632 4363 omni
684 4307 1109 4365 contributionis
1161 4308 1361 4373 iniuria
1421 4309 1709 4365 molestius
1762 4313 2050 4382 contigit:

483 4414 609 4459 nam
699 4410 755 4456 et
824 4401 1116 4454 occasione
1190 4401 1713 4471 transmigrationis,
1795 4404 2059 4460 festinata:

2149 557 2214 627 ῆν
2250 562 2323 629 μή
2346 578 2429 623 τις
2463 561 2656 615 πολλοῦ
2685 563 2952 627 ὲξωνοΐτο.
2974 562 3051 625 ὡς
3080 563 3261 626 αὐτοῖς
3282 562 3423 628 δόξοι
3448 563 3742 636 βασιλικὸν

2151 648 2309 718 σῶμα
2339 652 2626 720 πωλοῦσιν,
2658 654 2953 724 αἰσχύνωσι
2985 655 3079 708 καὶ
3102 654 3467 725 λυμήνωνται,
3495 658 3727 727 πέμψας

2147 740 2247 810 τῆς
2277 742 2376 808 μὲν
2419 746 2545 815 περὶ
2585 745 2759 798 ἐκεῖνο
2795 745 3045 815 φυλακῆς
3099 746 3225 809 τοὺς
3267 747 3383 799 ἐκεῖ
3435 747 3595 812 ἀνίει,
3650 742 3737 803 ὧν

2149 833 2362 899 πρῶτος
2388 830 2454 903 ἦν
2479 838 2507 889 ὁ
2532 824 2790 904 ἐκτομίας
2815 838 3193 907 Ἦονοπολίτης
3222 839 3315 893 καὶ
3338 838 3507 907 μέγας
3536 838 3737 908 δρουγ-

2148 924 2359 992 γὰριος,
2390 926 2449 991 ὃς
2483 928 2574 982 καὶ
2626 929 2717 982 τὸν
2751 929 3097 1000 ίερομόναχον
3136 930 3455 984 Ἀθανάσιον
3486 932 3625 985 κατά
3656 934 3733 986 τὰ

2147 1017 2239 1070 τοῦ
2279 1018 2448 1071 Γάνον
2481 1019 2580 1090 δρη
2638 1020 3056 1092 ἐνδιατρίϐοντα,
3112 1022 3376 1091 πρότερον
3403 1023 3483 1092 τῷ
3514 1039 3732 1092 mpth-

2150 1113 2455 1183 ρογεννήτῳ
2482 1113 2830 1177 συσταθέντα,
2864 1114 2992 1184 παρ’
3024 1108 3084 1167 οὗ
3105 1132 3167 1182 γε
3191 1116 3286 1168 καὶ
3309 1115 3534 1167 πλεῖστα
3557 1117 3729 1184 εὐηρ·

2147 1202 2361 1273 γὲτητο.
2384 1203 2461 1274 τῷ
2488 1205 2695 1275 βασιλεῖ
2724 1206 2967 1276 συνιστᾷ.
2996 1205 3069 1258 Τὸ
3085 1205 3142 1258 δέ
3169 1222 3232 1273 γε
3256 1205 3415 1271 σῶμα
3448 1206 3723 1274 προστάσ-

2148 1310 2231 1346 σει
2263 1294 2522 1363 φέροντας
2555 1299 2621 1365 τῇ
2653 1298 2793 1351 κατὰ
2833 1297 3139 1367 Σηλυϐρίαν
3170 1296 3264 1351 τοῦ
3300 1297 3551 1367 Σωτῆρος
3587 1300 3730 1366 μονῇ

2147 1384 2204 1434 ὲν
2244 1383 2392 1453 αὖτῷ
2423 1383 2500 1454 τῷ
2530 1385 2644 1454 ναῷ
2697 1387 2834 1456 αὐτῇ
2869 1385 3098 1455 λάρνακι
3136 1387 3474 1441 καταθεῖναι.
3526 1385 3636 1438 Καὶ
3664 1387 3735 1438 τὸ

2152 1473 2252 1542 μὲν
2272 1474 2332 1528 οῦ
2342 1494 2439 1538 τως
2475 1476 2842 1547 ἀνακομισθὲν
2860 1476 2954 1532 τοῦ
2970 1477 3439 1548 Βουλγαροκτόνου
3460 1476 3733 1547 βασιλέως

2147 1566 2434 1636 ἑτέρωἸεν,
2470 1568 2528 1622 ὃν
2560 1571 2625 1622 ὲκ
2655 1569 2746 1624 τοῦ
2781 1571 3045 1642 Ἐὁδόμου
3076 1571 3535 1644 παρημελημένον
3561 1588 3734 1641 μετα-

2147 1661 2337 1727 γαγὼν
2374 1662 2580 1726 ἐκεῖνος
2627 1664 2805 1717 ἐκεῖσε
2844 1665 3009 1720 πάλαι
3044 1665 3324 1727 κατέθετο,
3380 1664 3588 1717 τίθεται
3632 1664 3740 1716 καὶ

2148 1748 2332 1813 αὐτός.
2377 1749 2435 1803 Ὀ
2465 1750 2649 1818 μέντοι
2677 1769 2741 1819 γε
2768 1751 3019 1821 βασιλεὺς
3049 1756 3115 1808 τὰ
3141 1755 3267 1824 περὶ
3291 1754 3381 1809 τοῦ
3414 1753 3737 1808 ’Δθανασίου

2150 1839 2359 1910 μαθὼν,
2393 1840 2493 1893 ὅσα
2514 1839 2577 1910 δὴ
2604 1845 2696 1893 καὶ
2722 1844 2886 1913 ἀρετῇ
2912 1846 3139 1915 χαίρων,
3162 1846 3258 1899 καὶ
3290 1845 3489 1915 μᾶλλον
3515 1846 3738 1899 πείθον-

2146 1946 2235 1992 τος
2264 1929 2357 1982 τοῦ
2394 1929 2607 1997 καιροῦ,
2643 1932 2737 2001 τὴν
2768 1932 2859 1984 τοῦ
2890 1933 3125 2002 μεγάλου
3155 1936 3202 1987 οἱ
3230 1933 3592 2003 λογαριαστοῦ
3623 1952 3739 1986 πα-

2145 2020 2302 2073 λαιὰν
2359 2021 2690 2092 προσνείμας
2741 2022 2908 2094 μονὴν
2966 2026 3097 2096 παρ’
3150 2025 3329 2095 ἑαυτῷ
3360 2022 3507 2096 εἶχεν
3541 2025 3738 2086 ὁσάκις

2151 2200 2280 2263 soli,
2336 2209 2493 2255 extra
2555 2201 2697 2270 quod
2748 2219 2807 2256 se
2856 2220 3094 2272 suasque
3141 2202 3378 2258 familias
3424 2205 3510 2257 vix
3572 2217 3740 2271 posse

2148 2294 2334 2348 vivere
2366 2296 2484 2363 ipsa
2515 2309 2609 2347 eos
2633 2296 2973 2364 experientia
3009 2296 3266 2350 docebat.
3329 2292 3446 2349 Sub
3480 2297 3619 2348 hanc
3676 2304 3737 2346 et

2147 2385 2254 2438 alia
2294 2400 2422 2439 cura
2474 2386 2698 2439 incessit
2731 2387 3133 2451 Andronicum,
3169 2395 3516 2456 reputantem
3551 2385 3602 2437 in
3653 2398 3726 2438 ea

2148 2477 2371 2547 regione
2411 2493 2574 2547 quam
2605 2494 2731 2532 mox
2765 2478 3084 2532 vastandam
3123 2478 3441 2532 incursione
3472 2475 3735 2545 Scythica

2149 2577 2327 2620 metus
2348 2578 2462 2621 erat
2501 2568 2731 2621 nimium
2766 2567 3122 2632 verisimilis,
3155 2566 3342 2634 jacere
3386 2578 3590 2633 corpus
3626 2559 3697 2615 Mi

2148 2659 2354 2715 cbaelis
2382 2660 2609 2729 Augusti
2647 2662 2818 2728 patris
2849 2661 2970 2727 sui;
3002 2660 3145 2729 quod
3182 2658 3478 2728 apparebat
3503 2669 3735 2726 rapaces

2149 2752 2410 2806 barbaros
2451 2767 2480 2803 a
2518 2752 2667 2807 nullo
2693 2752 2955 2817 facinore,
2984 2753 3127 2823 quod
3155 2760 3526 2824 quaastuosum
3564 2756 3731 2817 puta-

2152 2853 2298 2906 rent,
2331 2845 2714 2903 ahhorrentes,
2748 2845 3050 2898 vinlaturos
3079 2853 3131 2897 et
3162 2850 3543 2910 aspertaturos
3577 2837 3729 2900 inde,

2153 2944 2211 2989 ιιι
2236 2951 2302 2989 eo
2328 2934 2535 2990 scilicet
2571 2937 2792 2990 nomine
2819 2951 2847 2988 a
2887 2934 3129 2989 defuncti
3170 2933 3490 2988 memoriam
3538 2932 3732 2983 colen-

2153 3026 2299 3080 tibus
2335 3030 2594 3097 pecunias
2625 3028 3022 3095 exprimerent.
3053 3026 3131 3079 Ex
3165 3041 3275 3094 quo
3304 3024 3540 3077 alterum
3584 3020 3729 3073 duo-

2153 3133 2273 3170 rum
2308 3118 2361 3171 in
2413 3133 2470 3171 se
2514 3118 2949 3171 redundaturum
2998 3125 3148 3171 esset.
3191 3115 3632 3172 incommodum.
3666 3117 3730 3163 ut

2153 3221 2248 3263 aut
2304 3211 2581 3276 ingentem
2668 3212 2903 3273 superbo
2961 3208 3192 3263 arbitrio
3264 3206 3723 3261 avarissimorum

2154 3304 2426 3357 latronum
2462 3304 2753 3372 proﬂigare
2804 3303 2920 3357 auri
2982 3316 3272 3357 numerum
3326 3299 3549 3354 deberet
3587 3296 3735 3352 retii-

2157 3392 2353 3446 mendo
2385 3392 2563 3447 Patris
2593 3392 2829 3461 corpori,
2875 3399 2969 3446 aut
3004 3391 3235 3461 insignis
3266 3390 3370 3445 sibi
3417 3389 3560 3443 foret
3592 3387 3734 3443 sub-

2153 3487 2329 3540 eunla
2377 3483 2599 3537 infamia
2658 3482 2888 3553 neglecti
2948 3482 3108 3537 ollicii
3165 3476 3416 3551 tam'pii,
3479 3478 3736 3550 angustis

2158 3577 2405 3646 reliquiis
2428 3577 2730 3632 Christiani
2770 3575 3065 3644 principis.
3115 3576 3208 3645 qui
3242 3575 3344 3629 sibi
3396 3573 3521 3627 vitm
3564 3581 3733 3640 atque

2159 3670 2371 3737 imperii
2434 3677 2629 3723 auctor
2675 3669 3014 3730 exstitisset,
3065 3667 3119 3720 in
3169 3674 3444 3735 potestate
3488 3661 3738 3733 profana}

2157 3760 2449 3829 impimque
2522 3758 2793 3814 barbarici
2852 3760 2918 3813 ad
2976 3757 3274 3813 ludibrium
3325 3755 3739 3824 relinquendis.

2160 3852 2302 3908 Huic
2342 3867 2679 3907 occursurus
2709 3853 2876 3917 malo,
2910 3846 3049 3919 quos
3084 3849 3151 3903 ad
3184 3848 3358 3920 patris
3382 3847 3662 3903 tumulum
3688 3850 3739 3899 ci

2158 3943 2522 3999 custodiendo
2555 3941 2899 4012 praefecerat,
2927 3941 2994 3995 iis
3026 3951 3084 3994 ut
3137 3941 3376 3995 statione
3403 3939 3741 3994 decederent
3780 3986 3785 3991 .

2162 4034 2413 4088 indulsit.
2468 4031 2689 4086 Primus
2736 4038 2853 4086 erat
2911 4030 3107 4084 horum
3136 4030 3309 4097 spado
3355 4028 3741 4097 Eonopolites,

2161 4142 2394 4197 magnus
2440 4124 2583 4178 idem
2633 4119 3000 4191 drungarius;
3051 4122 3144 4190 qui
3202 4129 3259 4174 et
3327 4118 3459 4175 inde
3521 4118 3745 4172 rediens

2162 4217 2654 4274 bieromonachum
2698 4214 3059 4270 Athanasium
3102 4214 3252 4268 circa
3286 4213 3426 4268 Gani
3473 4223 3742 4267 montana

2162 4319 2618 4373 commorantem,
2654 4306 2730 4362 uti
2766 4309 2915 4376 prius
2948 4306 3421 4377 Porphyrogenito
3453 4319 3744 4360 commen-

2165 4403 2416 4466 daverat,
2446 4418 2475 4455 a
2506 4416 2615 4470 quo
2647 4400 2900 4454 maximis
2930 4409 3014 4454 est
3050 4398 3337 4454 beneficiis
3367 4396 3624 4462 allectus,
3660 4398 3747 4449 sic

483 4494 788 4562 prtesertim
822 4491 1152 4562 urgentibus
1204 4492 1499 4560 itnplacide
1546 4493 1896 4559 satellitibus,
1945 4498 2058 4566 ple-
2092 4491 2140 4548 D
2167 4493 2485 4563 imperatori
2521 4508 2742 4562 quoque
2770 4491 2968 4545 obtulit
2995 4490 3048 4543 in
3080 4489 3317 4560 ejusque
3366 4490 3606 4560 gratiam
3653 4490 3742 4542 in-

481 4599 681 4654 rasqne
731 4590 1179 4651 comparatarum
1213 4580 1373 4651 longa
1418 4597 1595 4649 mora,
1639 4585 1729 4639 ubi
1783 4586 2055 4653 vixerant,

481 4693 586 4730 non
635 4676 785 4745 parvi
838 4676 995 4745 pretii
1032 4689 1238 4739 rerum,
1285 4690 1424 4744 quas
1453 4680 1854 4745 ﬁtransportare
1909 4679 2056 4735 haud

479 4777 599 4823 erat
630 4767 812 4832 facile,
863 4767 1060 4835 partim
1092 4768 1315 4836 perdere
1351 4767 1435 4827 vel
1469 4777 1662 4836 sponte
1694 4769 2060 4845 relinquendo

480 4864 561 4916 vel
591 4861 802 4930 rapinis
844 4858 1255 4925 opportunitate
1286 4860 1560 4915 utentium
1599 4860 1813 4925 furum,
1855 4862 2054 4930 partim

478 4955 743 5007 damnose
800 4950 959 5025 107
1010 4951 1244 5005 vendere
1272 4952 1457 5007 alieno
1490 4961 1759 5022 tempore,
1788 4953 2060 5009 vilissimo

479 5045 675 5113 pretio.
709 5043 1065 5112 cogebantur.
1096 5043 1403 5099 Accedebat
1431 5046 1579 5115 quod
1614 5046 1794 5115 rigore
1838 5045 2059 5108 hiemis,

480 5154 586 5204 qua
615 5146 696 5190 cst
722 5136 835 5188 haec
870 5143 1087 5203 peracta
1117 5136 1424 5203 translatio,
1450 5152 1703 5205 magnam
1724 5149 1778 5191 et
1801 5138 2059 5191 miseram

480 5236 722 5295 stragem
779 5225 865 5280 edi
922 5224 1175 5295 contigit,
1212 5241 1335 5279 tum
1383 5227 1704 5288 hominum,
1734 5225 2063 5281 infirmioris

481 5317 791 5386 praesertim
832 5317 1032 5385 aetatis,
1075 5326 1190 5374 tum
1242 5325 1443 5375 tenera:
1486 5319 1758 5388 pecudum
1814 5319 2060 5393 sobolis;

482 5410 627 5464 nmle
656 5410 922 5463 damnum
956 5408 1108 5479 gipsis
1154 5411 1551 5480 gravissimum
1597 5421 1683 5466 est
1718 5410 1968 5476 factum;
1999 5425 2064 5463 ac

481 5512 674 5556 neutro
704 5517 905 5571 genere
929 5517 1070 5556 novo
1098 5505 1239 5557 cmlo
1274 5518 1601 5559 assuescere
1628 5503 1871 5565 valente,
1915 5516 2062 5573 mor:

482 5595 629 5652 tibus
675 5593 727 5647 in
773 5593 896 5648 dies
942 5594 1474 5659 increbesccntibus,
1526 5594 1823 5649 consilium
1875 5608 2066 5648 ncces-

479 5682 998 5744 snrinmobtrusutn
1035 5686 1285 5753 pluribus
1318 5700 1508 5738 eorum
1551 5684 1884 5737 redimenda:
1912 5681 2065 5750 sigil-

482 5778 632 5839 lulttu
687 5793 882 5848 magna
922 5782 1153 5851 pecunia
1219 5780 1497 5833 l'arnltat's
1532 5777 1811 5848 repetendi
1869 5775 2066 5829 natalis

2165 4585 2428 4640 sinuavit.
2457 4582 2732 4637 Mandavit
2759 4591 2941 4635 autem
2969 4581 3050 4636 eis
3084 4589 3138 4633 ut
3169 4596 3358 4636 secum
3384 4579 3632 4634 ablatum
3663 4581 3752 4633 sui

2165 4678 2411 4748 parentis
2455 4674 2802 4745 imperatoris
2844 4674 3083 4728 cadaver
3120 4672 3431 4743 Selybriam
3480 4674 3754 4743 deporta-

2168 4781 2310 4833 rent,
2355 4768 2540 4835 ibique
2564 4765 2704 4834 apud
2740 4766 3136 4821 monasterium
3176 4764 3489 4821 Salvatoris
3521 4766 3576 4819 in
3615 4765 3751 4833 ejus

2171 4863 2373 4928 templo
2424 4861 2782 4926 deponerent,
2837 4866 2895 4910 ut
2939 4867 3082 4920 erat,
3126 4858 3242 4926 ipsa
3300 4857 3591 4913 conditum
3620 4872 3759 4912 area

2167 4966 2290 5018 qum
2323 4963 2516 5003 recens
2551 4957 2827 5003 mortuum
2859 4957 3172 5015 exceperat.
3193 4948 3289 5003 Sic
3318 4948 3586 5003 translata
3623 4965 3759 5004 ossa

2167 5040 2448 5095 Michaelis
2476 5039 2742 5093 collocata
2789 5049 2918 5093 sunt
2946 5054 2976 5093 e
3002 5040 3225 5110 regione
3255 5041 3499 5110 sepulcri
3554 5041 3761 5111 Bulga-

2172 5133 2384 5185 roctoni
2434 5131 2682 5199 Augusti,
2733 5130 2890 5199 cujus
2944 5132 3220 5201 neglectos
3277 5142 3331 5187 et.
3380 5135 3767 5188 irreverenter

2175 5221 2338 5293 108
2386 5220 2604 5276 habitos
2631 5221 2844 5275 cineres
2874 5221 3000 5274 olim
3034 5224 3151 5290 ipse
3184 5221 3419 5277 Michael
3474 5239 3540 5278 ex
3602 5222 3767 5278 Heb-

2169 5313 2334 5365 domo
2360 5312 2490 5365 illuc
2546 5311 2833 5370 transferri
2896 5312 3084 5382 ibique
3132 5313 3398 5369 tumnlari
3435 5325 3767 5370 curaverat.

2169 5401 2441 5460 C:eterum
2472 5402 2675 5456 auditis
2702 5403 3369 5474 Andronicusimperator
3401 5421 3526 5475 qua:
3556 5408 3770 5471 multa,

2175 5495 2436 5564 pleraque
2466 5496 2533 5549 de
2563 5494 2819 5549 monachi
2855 5496 3143 5551 Athanasii
3183 5497 3469 5562 laudibus,
3502 5497 3771 5569 Eonopo-

2173 5586 2269 5639 lita
2299 5585 2646 5651 memoravit,
2676 5602 2785 5656 qua
2811 5596 3005 5657 captus
3035 5588 3411 5650 admiratione
3438 5600 3614 5647 tantae
3651 5594 3742 5647 vir

2174 5677 2330 5737 tntis,
2368 5692 2475 5746 qua
2500 5678 2604 5731 sibi
2647 5677 2811 5732 talem
2863 5680 3040 5732 virum
3081 5682 3135 5736 in
3192 5684 3279 5738 his
3338 5684 3768 5740 dissensionum

2176 5771 2436 5828 Et'clcsite
2495 5770 2749 5842 procellis
2789 5786 2895 5825 non
2954 5771 3204 5829 inutilem
3271 5777 3388 5831 fore
3432 5789 3772 5844 autumans.
