4022 6550
1082 316 1136 339 τ

275 377 375 433 121

1201 380 1298 438 DE
1333 381 1782 444 ANDRONICO
1813 385 2277 445 PALEOLOGO
2300 385 2449 445 LIB.
2484 383 2569 445 ll.

3383 463 3395 474 θ
3432 383 3533 446 122

272 487 488 552 ἢθελεν.
521 489 584 541 Εἰ
607 493 715 559 γὰρ
748 489 840 544 καὶ
870 494 1209 563 «permisisti;
1244 495 1321 564 τῷ
1356 497 1851 567 πορφυρογεννήτῳ
1887 503 1922 556 Α
1957 474 2047 550 καί
2101 498 2311 568 βασιλεῖ
2368 499 2695 570 προσαχθεὶς
2740 499 2969 570 ὕστερον
2990 542 3006 569 ,
3054 500 3206 554 οὐδὲν
3250 494 3412 572 ἦττον
3442 501 3540 571 τῆς

272 578 369 632 καὶ
398 578 530 649 παρ’
563 581 771 634 ἐκείνου
816 585 1249 655 μεγαλοπρεπῶς
1276 586 1662 650 ἐθεοαπεύετο,
1722 588 1857 641 ἀλλὰ

277 746 411 784 cum
449 746 620 802 prope
661 732 728 786 ad
762 749 983 789 manum
1020 735 1223 792 habere
1248 738 1422 792 voluit
1448 754 1462 805 ;
1493 739 1727 810 ideoque
1755 741 1850 795 ha-

279 821 538 875 bitationi
586 824 708 894 ejus
756 826 1064 897 assignavit
1113 829 1280 883 situm
1320 831 1375 884 in
1436 831 1639 887 vicinia
1696 842 1859 889 vetus

280 917 712 980 monasterium,
768 919 916 989 quod
952 922 1135 989 magni
1190 923 1504 993 logariasta:
1548 926 1857 989 dicebatur.

280 1004 431 1060 unde
483 1007 640 1061 illum
696 1010 856 1065 facile
911 1016 1129 1080 quoties
1173 1015 1367 1070 liberet
1408 1018 1475 1071 ad
1524 1018 1857 1089 coll0quium

279 1105 475 1160 posset
507 1114 819 1155 accersere.
849 1100 904 1159 id
941 1107 1085 1172 quod
1126 1107 1321 1160 crebro
1351 1106 1550 1162 deinde
1576 1106 1856 1171 iactitans.

278 1189 506 1258 reliquit
551 1191 820 1247 incertum
866 1197 1319 1266 comparantibus
1346 1198 1415 1253 ab
1465 1209 1589 1255 ntro
1623 1200 1854 1255 fratrum

1959 591 2087 662 παρ’
2117 593 2282 645 αὑτοῦ
2312 593 2600 661 εὐμενείας
2622 593 2956 666 Eminuit“.-

1965 747 2299 802 Athanasius
2321 746 2649 817 exquisitius
2669 747 2966 812 coleretur,
3009 754 3297 802 amaretur
3340 743 3539 798 arden-

1969 840 2098 897 tius.
2135 839 2676 911 Porphyrogenitoue
2699 840 3085 901 Constantino,
3120 839 3215 910 qui
3241 853 3362 893 eum
3384 836 3540 908 prius

1968 930 2251 984 assiduum
2287 931 2429 999 apud
2466 946 2524 986 se
2551 930 2760 985 habens
2803 930 3088 1000 magnifice
3139 929 3530 988 Itonoraverat,

1965 1038 2032 1077 an
2057 1022 2327 1092 Augusto,
2354 1022 2447 1091 qui
2480 1023 2733 1083 eumdem
2754 1022 2858 1077 sibi
2892 1020 3237 1091 postmodum
3261 1021 3539 1075 admotum

1969 1114 2143 1170 nihilo
2171 1113 2417 1169 inferiori
2446 1124 2530 1169 est
2559 1114 2733 1185 gratia
2765 1114 3038 1185 dignatus.

1850 1366 1972 1451 B'.

271 1526 348 1584 α’.
386 1529 518 1597 Πῶς
546 1532 646 1585 καί
684 1534 795 1605 -ἐπὶ
852 1535 1054 1601 ποίαις
1093 1538 1310 1601 αἰτίαις
1351 1540 1383 1591 ὀ
1404 1515 1592 1605 ’τόμος
1634 1536 1714 1603 τῷ
1753 1551 1863 1591 πα-

564 1603 813 1672 τριάρχῃ
844 1606 1151 1673 Γρηγορίφ
1178 1603 1575 1662 συντέθειέαι.

1961 1538 2056 1592 τὸν
2084 1538 2289 1593 Βέκκον
2318 1538 2646 1611 συνηγορίαν
2676 1540 2788 1602 τοῖς
2829 1512 3174 1605 ἀντιλέγουσι
3209 1531 3539 1602 συναιρόμε-

1965 1650 2075 1695 νον,
2127 1632 2224 1686 καὶ
2269 1633 2436 1686 ὅπλον
2482 1633 2742 1702 ἄντικρυς
2793 1629 3031 1701 ίσχυρδν,
3082 1627 3110 1681 δ
3149 1622 3545 1680 συναπολέσθαι

346 1714 434 1766 Τὰ
466 1714 569 1784 μὲν
609 1716 749 1770 κατὰ
777 1717 868 1771 τὸν
895 1717 1097 1772 Βὲκκον
1124 1717 1209 1786 [Ρ.
1242 1719 1335 1791 75]
1382 1720 1525 1774 οὕτω
1556 1719 1856 1784 τετέλεστο,
1896 1749 1937 1804 Β
1962 1726 2175 1796 ἀνάγκη
2205 1722 2273 1797 ἦν
2314 1725 2682 1788 ὀϐελισθέντος
2735 1724 2830 1777 τοῦ
2887 1719 3206 1789 κεφαλαίου.
3243 1718 3382 1787 Φησὶ
3434 1715 3545 1786 γὰρ

274 1809 544 1879 μελίσσης
581 1810 639 1863 δὲ
666 1810 867 1881 τρόπον
913 1814 1138 1877 ὲνεικὼς
1166 1813 1227 1867 τὸ
1272 1816 1499 1886 κέντρον
1526 1814 1857 1885 ἀπήλλαττε.

273 1901 448 1969 Σφίσι
477 1903 663 1971 μέντοι
703 1906 921 1973 φροντὶς
950 1900 1018 1975 ἦν
1046 1905 1108 1957 οὐ
1150 1905 1321 1976 μικρὰ
1352 1907 1502 1969 ὅπως
1548 1907 1672 1960 κατ’
1705 1905 1862 1977 ὀρθά-

272 1994 433 2058 δοξον
459 1993 586 2046 νοῦν
610 1996 671 2046 τὸ
698 1994 791 2047 τοῦ
837 1995 1188 2065 Δαμασκόθεν
1220 1998 1430 2068 [ἰατρὸς
1473 1997 1633 2068 ῥητὸν
1663 1996 1859 2066 ξυμδι-

274 2084 527 2147 ϐάσεων,
551 2083 624 2147 ὡς
661 2086 797 2154 μήτε
823 2087 962 2140 κατὰ
990 2087 1191 2140 Βέκιιον
1222 2087 1619 2158 ἐξηγουμένους
1647 2090 1861 2158 φρονεῖν

277 2176 416 2246 μήτ’
441 2174 549 2241 ἔξω
575 2177 735 2231 πάλιν
763 2178 873 2232 τῶν
902 2175 1312 2251 ὑπονοουμένων
1340 2181 1622 2253 φέρεσθαι.
1659 2181 1730 2233 Τὸ
1755 2179 1862 2249 γὰρ

276 2267 429 2320 κατὰ
450 2268 544 2323 τὸν
571 2270 926 2341 Μοσχάμπαρ
951 2274 1045 2324 καὶ
1074 2272 1271 2336 αὐτοὺς
1300 2274 1478 2341 λέγειν
1507 2272 1582 2336 ὡς
1612 2273 1766 2324 νόθον
1798 2272 1863 2341 δὴ

274 2361 340 2411 τὸ
362 2360 534 2430 ῥητὸν
580 2361 675 2414 καὶ
701 2362 776 2425 ὡς
809 2363 866 2416 ἔν
896 2380 1006 2416 τισι
1036 2362 1144 2417 τῶν
1198 2365 1396 2434 βίϐλων
1445 2365 1506 2416 οὐ
1541 2364 1766 2435 φέρεται
1803 2364 1864 2417 τὸ

274 2453 605 2520 κεφάλαιον,
633 2453 694 2506 οὐ
728 2452 943 2518 ξυνετὸν
978 2455 1184 2510 “cur
1216 2457 1547 2526 προσίστατο
1570 2460 1679 2525 γὰρ
1709 2456 1861 2525 ήτῆς

278 2548 441 2616 ἱερᾶς
469 2548 780 2620 ὀπλοθήκης
808 2548 1007 2618 βίϐλος,
1033 2551 1270 2622 φέρουσα
1300 2550 1568 2605 καὶτοῦτο
1593 2551 1731 2620 μετὰ
1761 2551 1866 2603 τῶν

275 2641 465 2698 ἄλλων
499 2642 847 2713 ἀνάγραπτον
880 2644 970 2699 καί
1003 2661 1064 2712 γε
1102 2644 1195 2698 τὸν
1223 2646 1522 2714 γεννήτορα
1552 2641 1865 2714 μαρτυροῦ-

277 2751 380 2796 σα,
416 2734 560 2806 πλὴν
590 2736 691 2789 οὐκ
720 2735 915 2807 ἔχουσα
950 2735 1111 2788 πλέον
1139 2737 1218 2798 είς
1251 2735 1549 2805 θεραπείαν
1589 2736 1622 2805 ἦ
1652 2736 1712 2788 τὸ
1737 2750 1870 2808 προ-

274 2832 480 2902 φέρειν
504 2832 562 2882 ἐν
588 2830 761 2901 ταύτῃ
810 2830 901 2883 τὸν
935 2830 1218 2900 Κομνηνὸν
1251 2829 1508 2899 Μανουὴλ
1538 2828 1762 2899 βασιλέα
1794 2831 1869 2893 ὡς

275 2928 391 2978 οὐκ
420 2924 480 2990 ἐξ
507 2923 657 2986 Υίοῦ,
681 2922 813 2976 ἀλλὰ
839 2923 927 2975 διὰ
951 2922 1127 2990 Λόγου
1157 2939 1215 2974 τε
1251 2921 1344 2976 καὶ
1380 2921 1509 2975 Υἱοῦ
1539 2923 1568 2974 ὀ
1603 2922 1871 2991 θεολογῶν

278 3020 630 3085 ἀπεφήνατο.
665 3009 791 3084 Εἶχε
817 3012 871 3066 δέ
892 3029 947 3065 τι
967 3013 1060 3066 καὶ
1078 3012 1204 3066 ἄλλο
1220 3013 1296 3076 είς
1317 3013 1414 3084 τὴν
1430 3012 1571 3067 κατὰ
1592 3013 1701 3068 τῶν
1728 3015 1872 3085 ἀμφὶ

1963 1820 2143 1871 ἐκεῖσε
2175 1820 2203 1870 ὁ
2231 1817 2408 1886 ἅγιος,
2446 1837 2464 1870 ι
2507 1817 2603 1870 ἐκ
2640 1815 2734 1869 τοῦ
2768 1815 2897 1869 Υἱοῦ
2929 1812 3069 1866 δὲτὸ
3116 1809 3339 1878 Πνεῦμα
3367 1807 3428 1861 οὐ
3459 1807 3547 1858 λέ-

1961 1928 2151 1980 γομεν,
2176 1929 2195 1963 ³
2229 1912 2258 1964 δ
2287 1911 2378 1965 καί
2428 1911 2685 1983 ἄμφηκες
2716 1909 2868 1979 ξίφος
2896 1909 3068 1963 ἐδόκει
3093 1904 3251 1960 τοῦτο
3283 1905 3380 1973 μὲν
3404 1901 3546 1953 Ἰτα-

1961 2005 2093 2068 λοῖς,
2124 2004 2349 2058 τοῦτοδὲ
2372 2005 2465 2058 καὶ
2492 2007 2603 2067 τοῖς
2634 2003 2860 2066 ἐκείνοις
2891 1999 3255 2072 συνηγοροῦσι
3278 1998 3354 2070 τῷ
3381 2016 3549 2070 μετα-

1967 2096 2179 2165 μείῦειν
2206 2098 2304 2168 τὴν
2335 2096 2614 2168 πρόθεσιν.
2638 2095 2699 2149 Ei
2721 2095 2825 2165 γὰρ
2850 2093 2999 2159 ἅπαξ
3028 2089 3129 2146 τὸ’«
3158 2094 3223 2146 ἐκ
3250 2092 3344 2145 τοῦ
3376 2092 3541 2145 Υἱοῦ»

1965 2188 2364 2258 ἀπηγόρευται,
2396 2188 2818 2242 ἀποκέκλεισται
2847 2186 3064 2249 πάντως
3099 2184 3193 2239 καὶ
3242 2187 3274 2256 ή
3325 2184 3414 2237 διὰ
3448 2184 3546 2250 τῆς

1966 2281 2514 2352 ἀντιπεριχωρήσεως
2572 2281 2682 2334 τῶν
2743 2278 3054 2350 προθέσεων
3116 2277 3385 2348 θεραπεία
3434 2277 3547 2337 τοῖς

1980 2373 2221 2436 Ἰταλοῖς.
2254 2373 2329 2427 Τὸ
2357 2374 2468 2443 γὰρ
2490 2373 2582 2427 τοῦ
2608 2372 2847 2443 μεγάλου
2875 2371 3153 2440 Μαξίμου,
3178 2370 3317 2439 ὅπερ
3344 2369 3549 2430 ἐκεῖνος

1968 2466 2105 2535 πρὸς
2134 2465 2376 2534 Μαρῖνόν
2402 2482 2564 2534 φησιν
2592 2463 2669 2525 ὡς
2694 2463 2850 2533 δῆθεν
2879 2460 3152 2532 συμμίξας
3174 2463 3285 2524 τοῖς
3328 2458 3548 2513 Ἰταλοῖς

1970 2558 2064 2613 καὶ
2108 2557 2297 2627 μαθὼν
2326 2556 2386 2622 ἐξ
2422 2557 2648 2608 ἐκείνων
2682 2557 2775 2608 τδν
2806 2553 2931 2607 νοῦν
2961 2554 3061 2631 τῆς
3108 2551 3452 2623 προσθήκης,
3487 2551 3550 2603 τὸ

1976 2670 1995 2702 ι
2038 2650 2131 2714 Ἐξ
2161 2642 2236 2704 ὧν
2263 2649 2365 2702 οὐκ
2388 2646 2568 2702 αἰτίαν
2606 2646 2698 2701 τδν
2729 2647 3011 2717 Μονογενῆ
3069 2645 3211 2713 σφᾶς
3256 2642 3550 2706 ἀπέδειξαν

1969 2743 2066 2795 τοῦ
2092 2740 2404 2810 Πνεύματος
2431 2739 2709 2807 λέγοντας,
2744 2736 2860 2792 ἀλλ’
2900 2738 2987 2790 ἵνα
3013 2736 3073 2789 τὸ
3101 2734 3170 2789 δι’
3201 2731 3367 2788 αὐτοῦ
3393 2737 3522 2804 προῖ

1972 2831 2089 2884 ἐιαι
2139 2829 2423 2900 δηλώσωσι
2453 2828 2549 2881 καὶ
2576 2829 2750 2902 ταύτῃ
2782 2827 2844 2879 τὸ
2873 2825 3116 2895 συναφὲς
3172 2826 3266 2878 καὶ
3301 2823 3550 2893 ἀπαράλ-

1972 2923 2169 2975 λακτον
2201 2922 2299 2990 τῆς
2344 2920 2531 2983 οὐσίας
2571 2919 3020 2989 παραστήσωσιν,
3061 2936 3079 2967 t
3119 2917 3254 2969 ὅπου
3288 2916 3379 2970 καὶ
3428 2914 3544 2966 δυτῖ

1975 3013 2291 3083 κεφαλαίοις
2334 3014 2560 3066 ἐκείνων
2599 3009 2951 3064 ἐπιλαϐέσθαι
2989 3010 3116 3072 τοὺς
3146 3009 3244 3079 τῆς
3283 3007 3544 3076 ἀνατολῆς

1863 3172 2009 3261 ΙΙ.

282 3329 337 3384 l.
376 3325 657 3394 Quomodo
694 3338 744 3399 et
784 3344 915 3399 quas
949 3328 1012 3388 ab
1051 3345 1240 3384 causa;
1274 3338 1445 3383 tomus
1488 3345 1522 3383 a
1559 3327 1868 3397 patriarcha
1896 3328 1941 3391 C
1973 3339 2084 3397 quo
2141 3335 2262 3380 erat
2303 3340 2526 3382 necesse
2568 3324 2733 3379 etiam
2789 3322 2938 3392 ipsos
2987 3320 3208 3376 conlodi
3252 3334 3317 3374 ac
3364 3319 3548 3374 lethali
3640 3348 3648 3357 -

676 3397 928 3470 Gregorio
958 3401 1277 3468 compositus
1313 3398 1491 3469 fuerit.

357 3510 525 3566 llunc
555 3510 716 3565 ﬁnem
751 3526 840 3566 res
876 3509 1035 3566 Vecci
1069 3511 1334 3568 habuere.
1375 3511 1550 3566 Porro
1586 3511 1633 3565 is
1655 3511 1709 3565 in
1736 3525 1871 3578 prae-

283 3607 570 3676 scriptum
615 3604 869 3663 exsilium
921 3605 1152 3669 abiens,
1194 3620 1347 3658 more
1399 3604 1522 3673 apis
1574 3604 1768 3657 relicto
1814 3601 1869 3656 in

283 3700 528 3754 Vulnere
576 3697 767 3751 aculeo
797 3696 1032 3750 recessit
1068 3713 1083 3749 :
1120 3694 1453 3749 adversariis
1483 3696 1689 3749 etenim
1745 3695 1869 3750 suis

244 3804 483 3844 .acrem
534 3788 749 3858 reliquit
797 3802 985 3841 curam
1033 3786 1343 3856 inquirendi
1391 3802 1496 3855 qua
1547 3786 1762 3840 ratione
1814 3786 1870 3839 in

282 3879 668 3934 orthodoxam
731 3876 989 3947 explicari
1045 3892 1269 3931 sensum
1316 3885 1501 3946 posset
1546 3875 1868 3931 Damasceni

285 3972 479 4025 Patris
508 3970 742 4033 dictum,
798 3970 869 4024 ita
904 3979 960 4022 nt
991 3983 1169 4038 neque
1205 3966 1367 4022 Vecci
1400 3967 1736 4037 expositioni
1785 3983 1875 4022 as-

288 4065 500 4120 sentiri
546 4063 885 4126 viderentnr,
913 4072 968 4117 et
994 4072 1175 4116 tamen
1212 4061 1313 4132 ipsi
1341 4062 1686 4131 suspiciones
1734 4059 1873 4114 efl‘u-

282 4166 508 4229 gerent,
540 4155 740 4226 quibus
772 4155 1013 4226 ipsorum
1042 4155 1292 4209 doctrina
1333 4169 1398 4208 ex
1429 4155 1712 4224 apparettti
1746 4171 1869 4209 cum

282 4250 573 4308 sententia
605 4255 767 4304 tanta:
792 4247 1136 4302 auctoritatis
1171 4245 1427 4301 conflictu
1458 4246 1600 4315 apud
1625 4247 1873 4302 eruditos

286 4343 608 4399 laborabat.
664 4340 799 4395 Nam
848 4340 993 4410 quod
1029 4340 1154 4394 inde
1198 4337 1582 4410 Moschantpar
1611 4340 1869 4409 eﬂugittm

287 4441 643 4498 tentaverat,
706 4429 1035 4486 affirmando
1075 4429 1417 4484 subdititiutn
1463 4445 1583 4487 esse
1615 4431 1717 4484 hoc
1769 4428 1874 4484 Da-

287 4526 544 4584 masceni
605 4525 932 4596 capitulum,
986 4534 1178 4594 utpote
1207 4524 1352 4590 quod
1416 4524 1470 4577 in
1539 4522 1868 4594 quibusdam

292 4621 467 4695 109
518 4619 694 4690 ipsius
723 4632 949 4686 operum
990 4614 1403 4685 exemplaribus
1441 4630 1547 4670 non
1603 4622 1869 4673 exstaret.

290 4713 445 4770 haud
477 4714 779 4783 prudenter
825 4709 1046 4779 allegari
1091 4708 1389 4777 apparebat
1440 4723 1506 4761 ex
1537 4724 1603 4761 eo
1632 4709 1778 4778 quod
1817 4708 1869 4762 id

288 4810 417 4864 sine
465 4804 576 4858 ulla
623 4801 965 4856 dubitatione
1012 4799 1296 4870 legebatur
1351 4800 1406 4852 in
1466 4798 1606 4852 libro
1661 4797 1871 4852 dudum

291 4897 672 4971 praeiudicata:
708 4891 852 4963 apud
881 4902 1074 4946 omnes
1106 4889 1479 4952 auctoritatis,
1537 4890 1625 4943 cui
1677 4889 1872 4943 titulus

289 5002 417 5046 rrat
449 5004 607 5045 sacra
641 4989 1005 5055 ltoplollteca;
1057 4984 1149 5038 ubi
1199 4986 1338 5038 inter
1372 4984 1478 5037 alia
1536 4982 1755 5036 Patrum
1789 4992 1873 5035 te-

293 5084 587 5146 stitnonia,
623 5081 845 5135 nomine
869 5080 1109 5133 auctoris
1132 5078 1335 5133 diserte
1367 5076 1603 5145 adjecto.
1646 5074 1868 5128 totidem

294 5181 458 5248 plane
500 5175 725 5245 syllabis
775 5174 1130 5235 recitabatur,
1167 5172 1286 5227 sine
1342 5172 1449 5225 ulla
1500 5170 1606 5224 alia
1659 5167 1872 5223 emolli-

295 5271 469 5332 tionc,
502 5266 610 5321 nisi
646 5262 795 5334 quod
822 5265 1022 5319 ibidem
1067 5265 1414 5318 attexebatnr
1445 5262 1864 5331 exceptiuncula

296 5361 574 5417 Comnrni
605 5358 874 5417 Manuelis
924 5358 1158 5426 Augusti
1192 5355 1578 5410 submonentis
1610 5370 1719 5409 non
1767 5354 1876 5410 dici

299 5472 329 5504 ει
395 5451 740 5506 Dantasceno
810 5450 1140 5520 theologiam
1201 5449 1512 5517 explicante
1580 5448 1878 5517 procedere

300 5551 567 5619 Spiritum
625 5563 692 5601 ex
748 5545 910 5608 Filio,
962 5547 1060 5615 sed
1125 5563 1218 5616 per
1267 5543 1462 5599 Filium
1506 5556 1560 5599 et
1621 5542 1874 5599 Verbum.

304 5641 558 5695 llalteltat
585 5650 768 5693 autem
796 5649 845 5693 et
878 5637 1087 5708 aliquid
1124 5640 1211 5692 hic
1245 5637 1559 5691 Dantasccni
1593 5637 1747 5691 locus
1774 5635 1873 5690 ad-

305 5750 507 5787 versus
565 5733 723 5785 γυριή
778 5733 999 5802 pgtitatn
1062 5748 1126 5784 ex
1183 5730 1274 5783 illo
1329 5729 1707 5783 defensionem
1753 5728 1873 5797 ejus

307 5828 640 5883 adversariis
669 5827 960 5895 opitulatts,
1010 5826 1173 5880 telum
1208 5823 1431 5881 omnino
1475 5822 1735 5887 validum,
1779 5821 1872 5877 sed

1977 3419 2135 3490 plaga
2171 3419 2389 3483 conliei,
2415 3419 2508 3487 qui
2537 3432 2669 3472 veru
2704 3416 2979 3485 contigere
3007 3429 3073 3467 ac
3103 3429 3202 3483 pro
3236 3411 3430 3481 spurio
3463 3429 3539 3465 re-

1965 3513 2135 3584 jieere
2168 3512 2273 3568 hoc
2291 3512 2588 3581 capitulum
2623 3517 2919 3565 tentarent.
2948 3508 3039 3562 Ait
3061 3506 3322 3561 nimirum
3349 3505 3548 3559 ibidem

1970 3617 2196 3662 Stlnt'fllS
2221 3622 2234 3659 :
2264 3625 2281 3656 ι
2315 3604 2390 3659 Ex
2413 3604 2568 3666 ,Filio
2590 3614 2772 3657 autem
2800 3602 3061 3671 Spiritum
3092 3615 3201 3655 non
3233 3599 3492 3653 dicimus.
3525 3617 3546 3651 ι

1972 3701 2105 3764 Quae
2154 3700 2315 3754 verba
2366 3699 2527 3768 plane
2576 3697 2836 3766 ancipitis
2892 3697 3069 3749 instar
3111 3692 3297 3761 gladii,
3347 3693 3550 3760 duplirt

1971 3789 2134 3859 quasi
2163 3803 2427 3843 mucrone
2458 3788 2663 3857 pariter
2698 3796 2962 3853 utrosque
2989 3785 3401 3853 transadigunt,
3422 3783 3551 3836 hinc

1970 3881 2190 3952 quidem
2255 3880 2504 3945 Latinos,
2580 3879 2729 3933 illine
2811 3877 2879 3932 iis
2953 3880 3381 3947 patrocinantes.
3453 3877 3549 3927 ad-
3633 3894 3639 3900 ·

1978 3976 2244 4030 struenda
2296 3974 2680 4043 aequivalcntia
2731 3983 2783 4028 ιιι
2818 3973 3130 4041 promiscua
3186 3971 3553 4025 mutabilitate

1971 4063 2417 4134 pra'positionttm
2450 4078 2514 4117 ex
2538 4072 2589 4115 et
2613 4076 2724 4129 per.
2748 4061 2804 4113 Si
2832 4063 2976 4113 enim
3010 4059 3182 4113 sentt-l
3210 4059 3549 4126 improbatur

1974 4149 2257 4228 processio
2286 4172 2348 4211 ex
2402 4155 2563 4220 Filio,
2594 4154 3188 4218 excluditurpntnino,
3229 4168 3334 4221 qua
3368 4151 3547 4205 Latini

1974 4262 2306 4323 magnopere
2338 4247 2588 4300 nituntur
2621 4244 2689 4299 ad
2721 4245 2806 4300 sui
2837 4245 3277 4302 excusationem.
3313 4259 3552 4313 synony-

1973 4340 2082 4393 mia
2129 4339 2521 4408 particularum
2555 4339 2810 4404 istarum,
2839 4348 2893 4392 et
2936 4339 3088 4392 notio
3129 4336 3324 4390 ntriris
3352 4352 3555 4388 ronvc-

1981 4433 2139 4488 nietts
2165 4432 2353 4486 eadem
2382 4432 2649 4500 planeque
2674 4444 2775 4499 pro
2800 4431 2956 4485 libitu
2982 4429 3388 4498 permutabilis.
3416 4427 3549 4480 Nam

1974 4525 2118 4596 quod
2132 4534 2356 4580 sanctus
2378 4523 2769 4593 Maximus,qui
2792 4532 2978 4595 utpote
2992 4533 3241 4576 versatus
3257 4536 3380 4575 cum
3400 4521 3551 4593 Italis

1977 4619 2233 4674 didit-isse
2263 4618 2332 4671 ab
2367 4618 2503 4687 ipsis
2533 4625 2788 4685 potuerat
2813 4615 2944 4685 qttid
2990 4630 3054 4669 ex
3090 4623 3270 4668 mente
3303 4613 3550 4683 ipsorum

1979 4710 2359 4780 significarent
2404 4709 2564 4762 verba
2614 4723 2735 4777 qnze
2778 4707 3108 4761 addiderunt
3153 4706 3423 4777 symbolo,
3468 4708 3550 4760 sic

1973 4801 2166 4858 scribit
2192 4801 2257 4855 ad
2290 4801 2580 4862 Marinum,
2606 4801 2671 4854 de
2703 4799 2915 4857 Latinis
2941 4817 3110 4871 agens
3137 4818 3153 4855 :
3185 4819 3204 4852 ε
3238 4799 3314 4853 Ex
3347 4800 3552 4870 quibus

1973 4911 2082 4949 non
2108 4910 2168 4949 se
2199 4892 2560 4950 OSIEHdel'lllll
2587 4892 2861 4947 aflirmare
2886 4892 3237 4962 Unigenitunt
3272 4907 3394 4947 esse
3420 4907 3552 4946 cau-

1975 5004 2093 5042 sam
2129 4987 2391 5057 Spiritus,
2421 4987 2513 5041 sed
2549 4995 2608 5039 ut
2641 4985 2792 5038 hunc
2822 5000 2919 5054 per
2949 4985 3100 5040 illum
3129 4984 3348 5054 prodire
3371 4984 3554 5038 tlecla-

1980 5089 2192 5145 rarent,
2225 5094 2291 5133 ac
2317 5079 2398 5133 sic
2429 5077 2801 5132 eohzesionent
2836 5078 3083 5131 intimam
3124 5076 3545 5132 immutabilita-

1982 5180 2201 5241 temque
2254 5170 2505 5225 essentia:
2555 5179 2884 5224 astruerettt.
2931 5187 2951 5220 ι
2993 5168 3118 5223 Haec
3168 5169 3328 5222 verba
3374 5184 3439 5221 ex
3482 5183 3550 5222 eo

1980 5264 2100 5319 loco
2130 5272 2346 5332 sumpta
2381 5274 2509 5317 sunt
2556 5263 2609 5317 itt
2652 5279 2761 5328 quo
2811 5262 2977 5317 relert
3019 5272 3245 5317 sanctus
3280 5260 3550 5316 Maximus

1978 5355 2322 5425 reprehendi
2366 5355 2593 5410 Latinos
2640 5358 2707 5409 ab
2767 5355 3145 5437 Orientalibus
3199 5357 3252 5408 in
3294 5357 3553 5425 capitulis

1982 5449 2142 5521 110
2167 5448 2405 5505 duobus.
2425 5446 2557 5516 Hor,
2581 5449 2826 5518 inquam,
2854 5448 3224 5504 testimonium
3245 5450 3417 5504 sancti
3437 5447 3549 5502 Ma-

1928 5533 1933 5537 ’
1977 5543 2132 5605 xitni,
2175 5542 2322 5595 clare
2351 5541 2597 5597 inferens
2626 5541 3065 5611 teqttivalentiam
3103 5542 3545 5612 praepositionum

1977 5633 2234 5696 duarunt,
2275 5633 2596 5701 exceptione
2651 5632 2772 5686 falsi
2804 5632 3228 5692 submovebant.
3262 5634 3421 5701 plane
3462 5649 3515 5687 re

1981 5734 2238 5794 Spttcntcs
2259 5735 2313 5778 ttt
2331 5725 2763 5795 supposititiunt.
2780 5725 2944 5780 lstan.
2966 5725 3165 5795 quippe
3185 5727 3249 5779 ad
3277 5725 3544 5781 Marinum

1986 5820 2272 5888 epistulam
2303 5820 2569 5888 nvgaltattt
2603 5818 2830 5888 reperiri
2870 5817 3135 5889 integrant
3182 5818 3237 5873 in
3267 5824 3542 5889 exempla.
