3950 6604
455 385 552 450 123

1689 393 2015 455 GEORGII
2057 396 2547 464 PACHYMERE

3603 395 3706 461 fili

437 490 576 575 πρ²ιξ
606 508 850 577 Μαρῖνον
890 507 1208 578 παρίστησι,
1266 511 1327 562 τὸ
1383 511 1512 579 γοῦν
1559 511 1802 564 τοιοῦτον
1853 482 2015 583 ῥητὸν
2042 512 2095 575 Α
2120 514 2250 568 Υίοῦ
2273 516 2331 569 δὲ
2347 518 2408 570 οὐ
2425 518 2681 588 λέγομεν,
2708 536 2727 568 ι
2749 518 2853 590 ὃδὴ
2870 516 3299 586 συνεξαιρεῖσθαι
3321 517 3395 587 τῷ
3420 518 3707 587 κεφαλαίῳ

438 601 937 674 ἀντιπεριχώρησιν
988 604 1115 665 τοὺς
1160 602 1474 672 προθέσεων
1523 603 1688 673 φέρον
1742 605 1853 658 οὐδ’
1879 607 2018 670 ὅλως

434 693 698 763 ἐδέχοντο,
724 693 800 755 ὡς
824 692 897 765 μὴ
923 694 1024 762 τῆς
1054 694 1341 762 ἐπιστολῆς
1360 694 1417 762 ἐξ
1437 694 1734 768 ὁλοκλήρου
1767 698 2017 767 εὑρισκο-

428 786 608 854 ’μένης
634 785 939 855 ἐν’βῐϐλοις,
966 785 1100 838 ἀλλά
1126 802 1179 839 τι
1200 785 1365 853 μέρος
1395 788 1609 855 ἐκείνης
1632 789 1759 858 περὶ
1790 789 1896 841 τῶν
1924 789 2018 842 δύο

405 875 749 946 ,κεφαλαίων
775 877 1139 946 διαλαμϐάνον
1167 876 1255 945 ἐφ’
1283 874 1364 939 οἷς
1386 880 1434 931 oi
1475 879 1574 949 τῆς
1607 879 1874 949 ἀνατολῆς
1902 879 2014 933 τῶν

433 966 663 1020 δυτικῶν
704 968 1048 1028 ἐπελάϐοντο,
1098 964 1228 1033 ἑνὸς
1272 972 1368 1038 μὲν
1402 974 1497 1023 καὶ
1556 972 1777 1042 πρώτου
1809 972 1903 1026 τοῦ
1940 974 2014 1043 μὴ

433 1060 535 1129 τὴν
568 1060 891 1132 ἁμαρτωλὸν
927 1062 1105 1132 σάρκα
1144 1063 1437 1117 ἀναλαϐεῖν
1495 1062 1583 1136 [Ρ.
1635 1064 1731 1137 74]
1784 1067 1873 1119 τὸν
1920 1067 2014 1120 τοῦ

434 1153 571 1206 Θεοῦ
601 1154 771 1221 Λόγον
795 1172 852 1208 τε
877 1156 970 1208 καὶ
997 1155 1147 1217 Υίδν,
1175 1157 1312 1210 ἀλλά
1349 1158 1447 1228 τὴν
1469 1160 1574 1228 πρὸ
1599 1159 1701 1229 τῆς
1727 1161 2014 1228 παρακοῆς

432 1245 528 1298 τοῦ
577 1245 751 1316 Ἀδὰμ
802 1248 1208 1318 ἀναμάρτητον,
1240 1250 1495 1319 δευτέρου
1529 1252 1585 1304 δέ
1636 1268 1698 1318 γε
1729 1251 1804 1314 ὡς
1834 1254 2015 1304 αἰτίαν

432 1337 511 1407 τῷ
543 1340 840 1408 Μονογενεῖ
872 1342 1298 1411 προσαπτόντων
1328 1342 1420 1395 ἐπὶ
1447 1345 1511 1413 τῇ
1547 1344 1875 1409 ὲκπορεύσει
1917 1342 2011 1397 τοῦ

436 1431 749 1502 ιῐνεύματος
768 1452 781 1464 ·
818 1427 893 1487 ὧν
927 1435 985 1487 τὸ
1014 1435 1110 1504 μὲν
1134 1434 1191 1487 ἓν
1219 1438 1311 1488 καὶ
1335 1435 1555 1505 πρῶτον
1579 1435 1813 1498 συνόλως
1840 1437 2011 1507 ἠρνή-

435 1542 615 1580 σαντο.
640 1526 711 1579 ’τὸ
744 1526 801 1578 δέ
832 1543 894 1593 γε
935 1527 1207 1595 δεύτερον.
1241 1526 1400 1581 τοῦτο
1436 1527 1499 1596 δὴ
1533 1526 1593 1580 τὸ
1620 1527 2008 1597 προκείμενον,

435 1617 796 1686 ἐθεράπευον,
825 1619 903 1682 ὠς
937 1621 985 1671 εἰ
1018 1620 1111 1671 καὶ
1155 1619 1363 1685 λέγοιεν
1394 1621 1457 1672 ἐκ
1495 1620 1711 1690 Πατρδς
1755 1622 1848 1672 καὶ
1880 1620 2011 1672 Υίοῦ

432 1709 491 1761 τὸ
521 1709 761 1777 Πνεῦμα,
780 1710 879 1762 οὐκ
912 1710 1085 1762 αἴτιον
1120 1711 1335 1772 πάντως
1369 1709 1627 1780 φρονοῦσι
1651 1709 1741 1762 τὸν
1766 1712 2010 1776 Μονογε-

432 1802 520 1869 νῆ,
556 1801 669 1854 ἀλλ’
707 1802 793 1855 ἵνα
818 1803 879 1853 τὸ
911 1802 1144 1870 συναφὲς
1172 1802 1265 1853 καὶ.
1309 1800 1738 1869 ἀπαράλλακτον
1784 1804 1883 1869 τῆς
1920 1801 2009 1852 οὑ-

2120 604 2217 658 καὶ
2242 606 2427 676 σφόδρ’
2453 608 2787 661 ἐκινδύνευε.
2835 607 2934 660 Διά
2988 606 3147 660 τοῦτο
3178 609 3275 660 καὶ
3319 607 3607 677 δεχόμενοι
3642 607 3706 658 τὸ

2118 696 2416 764 κεφάλαιον
2446 699 2538 752 καὶ
2570 698 2645 763 ὡς
2667 701 2823 767 ἁγίου
2847 698 2944 768 τὴν
2967 697 3111 765 λέξιν
3152 698 3371 768 ἔχοντες
3406 699 3506 768 τὴν
3532 697 3707 767 θερα-

2121 790 2283 842 πείαν
2324 790 2551 862 ἐζήτουν
2573 792 2715 846 κατά
2745 793 2805 846 τὸ
2829 791 2991 862 ὀρθὸν
3041 791 3137 845 τοῦ
3168 791 3459 858 δόγματος,
3486 789 3580 843 καὶ
3613 789 3711 841 τό·

2124 899 2223 949 μον
2249 883 2485 950 γράφειν
2513 884 2743 955 ᾑροῦντο
2765 885 2860 938 καὶ
2889 885 3253 955 λογογραφεῖν
3274 886 3373 953 τὴν
3394 882 3707 936 εὐσέϐειαν.

2120 973 2275 1043 Σοφῷ
2305 974 2433 1042 γοῦν
2461 975 2721 1028 δοκοῦντι
2737 977 2815 1045 τῷ
2866 977 3204 1048 πατριάρχῃ,
3240 975 3334 1028 καὶ
3390 975 3531 1042 ὑπὲρ
3570 974 3710 1026 πολ⁴

2118 1060 2246 1125 λοῦς
2270 1067 2389 1125 ταῖς
2418 1064 2700 1134 ἀληθείαις
2726 1065 2861 1127 ὄντι,
2895 1065 2994 1135 τὴν
3017 1065 3112 1118 τοῦ
3144 1065 3311 1131 τόμου
3335 1064 3557 1134 γραφὴν
3578 1062 3713 1115 ἑπέ-

2118 1169 2319 1223 τρεπον
2355 1155 2556 1225 στήλην
2595 1156 2689 1209 καὶ
2740 1158 3023 1216 εὐσεϐείας
3054 1155 3274 1209 ἔσεσθαι
3331 1156 3710 1223 νομιζομένην

2118 1246 2214 1296 καὶ
2238 1248 2334 1314 τῆς
2357 1246 2464 1299 τῶν
2487 1248 2970 1316 παρεγκλινάντων
3010 1247 3173 1317 δῆθεν
3203 1248 3401 1308 κακίας
3433 1251 3545 1307 τοῖς
3578 1247 3711 1314 ὀψι-

2119 1333 2461 1397 γόνοιε.’Καὶ
2490 1336 2553 1405 δὴ
2584 1338 2683 1407 τὴν
2718 1338 2916 1404 πρᾶξιν
2949 1338 3190 1399 ὑποστὰς
3218 1339 3247 1391 ὁ
3278 1337 3714 1407 πατριαρχεύων

2117 1429 2366 1492 γενναῖον
2396 1430 2561 1497 τόμον
2592 1431 2895 1500 συντίθησι,
2943 1429 3180 1482 τοσοῖσδε
3221 1430 3540 1497 κεφαλαίοις
3584 1429 3716 1496 ἅμα.

2120 1517 2221 1585 μὲν
2245 1519 2646 1588 ἐπειλημμένος
2672 1522 2779 1572 τῶν
2798 1520 3084 1587 λεγόντων,
3119 1522 3233 1590 ἅμα
3264 1521 3317 1573 ὁὶ
3351 1521 3441 1572 καὶ
3476 1520 3713 1581 τούτους

2115 1608 2289 1672 οὕτως
2312 1610 2534 1680 ἔχοντας
2557 1612 3019 1682 ἀποϐιλλόμενος.
3039 1612 3242 1665 Τοῦτον
3262 1610 3348 1664 ἐπ’
3369 1610 3714 1680 Ἐκκλησίας

2116 1702 2381 1771 πρότερον
2421 1702 2810 1769 ἀνεγίνωσκον,
2857 1705 2951 1757 καὶ
2998 1704 3087 1756 ἐπ’
3118 1703 3439 1774 ὀκρίϐαντος
3491 1702 3715 1762 ἀναϐάς

2114 1809 2199 1855 τις
2226 1795 2345 1845 καθ’
2377 1794 2608 1846 ἕκαστόν
2634 1811 2693 1846 τε
2723 1795 3019 1861 κεςράλαιον
3069 1795 3167 1865 τὴν
3200 1794 3475 1861 ἀποϐολὴν
3506 1794 3713 1863 ἐδήλου

435 1894 555 1957 σίας
587 1893 1002 1962 παραστήσωσι.
1036 1892 1144 1964 Τὴν
1175 1891 1306 1960 γοῦν
1356 1892 1616 1961 τοιαύτην
1648 1888 2008 1960 ἀντιπεριχὼ-
2040 1884 2085 1942 Β
2116 1886 2516 1953 μεγαλοφὼνως
2557 1888 2677 1938 κατ’
2725 1887 2895 1954 ὄνομα
2944 1887 3052 1940 τῶν
3098 1887 3241 1939 οὕτω
3292 1886 3560 1952 λεγόντων
3611 1886 3717 1937 καὶ

435 2002 592 2054 ρησιν
617 1986 716 2054 τῆς
748 1985 1082 2053 προθέσεως,
1117 1985 1238 2041 ἐπεὶ
1266 1985 1365 2038 οὐκ
1398 1983 1706 2052 ὲνεκρίνετο
1737 1985 1852 2045 τοῖς
1876 1999 2012 2050 γνη-

434 2076 569 2138 σίοις
598 2076 692 2129 τοῦ
744 2075 887 2130 θείου
921 2078 1175 2143 Μαξίμου
1218 2076 1281 2129 τὸ
1328 2076 1430 2146 τῆς
1467 2077 1764 2145 ἐπιστολῆς
1800 2077 2015 2143 ἐκείνης

432 2168 713 2238 τεμάχιον,
769 2167 1146 2236 ἀπαράδεκτον
1212 2166 1455 2234 ἔγνωσαν
1508 2166 1676 2237 ἔχειν.
1744 2167 1909 2234 Mva
1967 2164 2013 2216 δ’

2115 1976 2466 2040 δοξαζόντων,
2494 1978 2785 2045 μετέπειτα
2818 1978 2874 2031 δὲ
2908 1978 3063 2040 αὐτὸς
3110 1977 3367 2046 βασιλεὺς
3395 1977 3485 2029 διὰ
3517 1994 3718 2029 κιννα-

2118 2068 2334 2137 ϐάρεως
2361 2066 2776 2138 καθυπέγραςρε,
2815 2066 2932 2121 εἶτα
2965 2070 3023 2122 δὲ
3062 2069 3410 2139 πατριάρχης
3443 2067 3538 2119 καὶ
3572 2068 3679 2132 ὲφε
3703 2093 3717 2102 -

2116 2156 2215 2223 ξῆς
2243 2156 2294 2208 oi
2327 2157 2622 2227 ἀρχιερεῖς.
2647 2157 2769 2211 Ἐπὶ
2794 2158 2851 2211 δὲ
2884 2159 3011 2220 τοὺς
3037 2159 3134 2227 τῆς
3166 2156 3490 2226 Ἐκκλησίας
3520 2155 3724 2209 nos».

358 2247 366 2251 “
435 2257 676 2328 ἐχρῶντο
704 2256 781 2310 τῶ
813 2257 908 2311 τοῦ
975 2256 1333 2327 Δαμασκόθεν
1364 2257 1600 2327 Πατρὸς,
1631 2256 1708 2328 τῷ
1748 2275 1769 2310 ι
1800 2257 1896 2309 Ἐκ
1922 2254 2013 2309 τοῦ
2113 2262 2229 2311 τες.
2256 2248 2378 2300 ἐπεὶἱ
2412 2251 2699 2341 κάκείνους
2726 2249 3199 2319 ὑποσημαίνεσθαι
3230 2254 3320 2303 τὸν
3347 2249 3510 2319 τόμον
3530 2246 3714 2318 ἡδ’)ύ·

436 2432 588 2487 ribus
624 2448 848 2502 operum
878 2433 1053 2489 sancti
1092 2431 1347 2501 Maximi,
1381 2433 1476 2489 sed
1506 2441 1715 2499 partem
1748 2432 2016 2487 duntaxat

436 2525 558 2593 ejus
609 2527 850 2595 aliquam
900 2528 1006 2581 duo
1049 2527 1371 2581 Latinorum
1410 2540 1439 2578 a
1498 2524 1706 2580 Graecis
1756 2534 2014 2580 accusata

432 2619 672 2686 capitula
702 2629 1121 2691 memorantem.
1146 2618 1390 2685 Quorum
1420 2620 1575 2689 prius
1606 2618 1709 2672 hoc
1727 2628 1868 2680 erat.
1904 2634 2015 2673 non

435 2712 798 2781 peccatricem
829 2727 1053 2768 carnem
1080 2722 1420 2782 assumptam
1457 2712 1628 2767 fuisse
1654 2727 1684 2766 a
1716 2712 1811 2767 Dei
1833 2710 2015 2767 Verbo

431 2809 487 2854 et
538 2800 699 2864 Filio,
750 2802 842 2856 sed
894 2818 1013 2855 eam
1069 2818 1191 2874 qua:
1237 2811 1383 2856 esset
1417 2802 1623 2871 peccati
1664 2817 1860 2872 expers
1893 2811 2017 2857 ante

433 2895 860 2950 inobedientiam
890 2895 1085 2950 Adami
1117 2913 1142 2963 .;
1171 2896 1403 2949 alterum
1438 2905 1643 2962 autem,
1673 2910 1783 2966 quo
1811 2897 2017 2951 tribue-

433 2986 596 3037 batur
618 2984 909 3055 Unigenito
933 2985 1071 3040 ratio
1101 3000 1280 3040 causae
1305 2986 1356 3040 in
1381 2987 1735 3056 processione
1750 2985 2013 3056 Spiritus.

431 3078 509 3131 Ae
536 3078 771 3146 primum
817 3078 1040 3148 quidem
1096 3077 1231 3132 illud
1289 3079 1518 3134 omnino
1566 3079 1853 3150 negabant.
1914 3083 2017 3137 Sc-

433 3171 680 3224 cnndum
734 3186 866 3225 vero
915 3171 1268 3240 expositione
1320 3173 1697 3243 temperabant
1758 3175 1813 3229 in
1870 3175 2016 3230 hunc

434 3263 655 3317 modum
687 3278 702 3315 :
741 3262 853 3317 Etsi
891 3263 1140 3318 dicerent
1166 3278 1233 3318 ex
1274 3263 1433 3319 Patre
1470 3263 1719 3337 Filioque
1748 3266 2014 3338 Spiritum

431 3354 748 3418 procedere,
766 3369 874 3410 non
906 3367 1087 3410 tamen
1122 3355 1289 3426 hujus
1312 3372 1538 3412 causam
1571 3374 1869 3427 agnoscere
1890 3359 2022 3416 Uni-

434 3445 709 3514 genitum,
738 3446 831 3499 sed
863 3446 936 3499 ita
968 3446 1117 3515 loqui
1158 3454 1218 3500 ut
1262 3447 1654 3503 cohaerentiam
1691 3452 1940 3505 intimam
1967 3461 2022 3507 et

435 3538 943 3593 immutabilitatem
975 3539 1233 3595 essentiae
1258 3541 1631 3598 adstruerent.
1663 3543 1820 3610 Quod
1854 3546 2021 3601 verba

439 3645 604 3699 porro
654 3633 913 3685 attineret
944 3632 1038 3686 illa
1086 3632 1291 3703 quibus
1324 3632 1703 3690 afﬁrmabatur
1753 3638 2022 3708 aequipol-

433 3722 601 3776 lentia
633 3736 682 3775 et
706 3726 1033 3795 synonymia
1072 3727 1481 3794 praepositionis
1506 3742 1571 3781 ea:
1596 3743 1722 3783 cum
1753 3745 1866 3798 per,
1887 3746 2024 3800 quo-

438 3818 584 3879 niani
625 3821 994 3887 fragmentum
1034 3820 1301 3889 epistolae,
1339 3820 1391 3873 in
1416 3835 1527 3890 quo
1554 3822 1643 3875 illa
1671 3820 2021 3894 legebantut‘,
2068 3844 2071 3848 ‘

438 3917 545 3962 non
611 3911 1008 3964 accensebatur
1053 3911 1309 3981 legitimis
1357 3913 1578 3982 scriptis
1631 3913 1781 3968 illius
1841 3915 2021 3969 sancti

439 4002 709 4066 doctoris,
741 4002 834 4057 sed
865 4005 1117 4072 spurium
1141 4014 1196 4059 et
1226 4004 1468 4062 al‘tictum
1494 4006 1815 4076 putabatur,
1839 4008 2028 4063 dcere.

441 4106 640 4149 verunt
687 4099 1010 4165 neutiquam
1046 4097 1261 4151 admitti
1296 4107 1552 4167 oportere
1582 4107 1636 4153 et
1669 4112 1771 4168 pro
1801 4098 2024 4156 indictis

437 4189 711 4246 babenla.
751 4190 882 4244 Solo
917 4191 1217 4245 utebantur
1266 4191 1594 4246 Damasceni
1644 4190 1827 4247 Patris
1860 4191 2025 4246 eﬂ‘ato

438 4283 555 4349 illo,
602 4298 635 4353 ς
678 4303 711 4337 ι,
770 4286 816 4338 is
864 4284 1100 4355 negabat
1132 4299 1193 4340 sc
1230 4284 1415 4341 dicere
1464 4285 1729 4354 Spiritum
1766 4301 1832 4341 ex
1861 4284 2024 4341 Filio.

441 4380 574 4446 Qme
623 4386 789 4435 verba
841 4381 946 4435 sibi
998 4382 1262 4446 faventia,
1313 4381 1439 4452 quia
1481 4379 1739 4436 videbant
1781 4378 2024 4448 capitulo

438 4476 632 4529 eodem
685 4475 956 4528 contineri
1005 4490 1113 4544 quo
1141 4476 1248 4529 alia
1290 4474 1383 4529 illa
1425 4488 1454 4527 a
1490 4471 1670 4529 Vecco
1695 4473 1923 4542 iactata,
1960 4487 2024 4525 ac

2044 3228 2091 3288 C

2119 2428 2399 2498 sigillatim
2439 2430 2837 2498 expendentcm
2868 2430 3059 2499 capita.
3079 2436 3351 2483 motarum
3383 2438 3727 2485 controveta

2118 2525 2360 2589 siarum;
2411 2526 2462 2576 in
2516 2540 2627 2593 quo
2677 2525 2816 2578 haud
2873 2526 3113 2578 rnnlliter
3150 2522 3413 2594 carpebat
3446 2525 3715 2579 adversa-

2125 2616 2263 2679 rios,
2296 2626 2350 2670 et
2386 2617 2591 2673 diserte
2634 2618 2963 2686 reprolrabat
3005 2617 3409 2686 abjiciebatque
3449 2626 3508 2670 ut
3551 2631 3725 2672 sane

2117 2708 2386 2763 doctrinae
2439 2712 2722 2765 contraria
2762 2718 2972 2765 asserta
3030 2710 3299 2779 ipsorum.
3342 2709 3716 2777 Conscriptns

2118 2803 2165 2857 is
2200 2811 2383 2857 tomus
2416 2804 2571 2872 prius
2624 2803 2676 2857 in
2733 2804 2968 2858 ecclesia
3040 2804 3218 2858 lectus
3248 2804 3352 2859 hoc
3392 2802 3558 2858 modo
3596 2813 3713 2859 est.

2117 2894 2509 2951 Conscendens
2557 2897 2683 2965 quis
2736 2896 2793 2951 in
2843 2897 3136 2967 pulpitum.
3190 2897 3321 2952 inde
3368 2911 3717 2967 unoquoque

2117 2988 2362 3056 capitulo
2398 2986 2648 3051 recitato,
2677 2987 2791 3058 ejus
2818 2989 3091 3042 continuo
3136 2987 3547 3043 damnationem
3579 3002 3727 3055 pro~

2119 3080 2411 3133 nuntiabat
2462 3096 2597 3135 voce
2656 3081 2763 3135 late
2812 3096 3034 3145 sonora,
3066 3081 3350 3150 expressis
3381 3080 3729 3135 nominibus

2120 3186 2308 3224 eorum
2339 3185 2481 3240 quos
2535 3171 2616 3226 sic
2659 3171 2805 3240 loqui
2843 3183 2895 3226 et
2928 3171 3137 3226 sentire
3168 3171 3374 3226 aiebat.
3420 3170 3553 3228 Post
3590 3171 3717 3225 haec

2125 3266 2242 3335 ipse
2274 3267 2574 3336 imperator
2604 3268 2825 3323 rubrica
2852 3266 3204 3336 subscripsit,
3239 3266 3435 3320 deinde
3465 3267 3714 3335 patriar—

2123 3359 2251 3423 cha,
2281 3366 2393 3412 tum
2425 3359 2625 3414 ordine
2649 3360 2932 3429 praesules.
2961 3358 3041 3414 Ad
3076 3358 3285 3414 clerum
3318 3357 3551 3413 subinde
3575 3373 3714 3411 ven-

2124 3462 2242 3508 tum
2276 3471 2289 3508 :
2331 3471 2457 3509 nam
2485 3465 2539 3510 et
2560 3455 3073 3510 eeelesiasticorum
3112 3453 3339 3510 secundi
3382 3453 3593 3509 ordinis
3617 3453 3712 3507 lir-

2124 3546 2264 3601 mari
2292 3547 2794 3616 subscriptionilms
2825 3557 3037 3602 tomum
3066 3548 3350 3613 volebant,
3387 3547 3497 3602 imo
3526 3546 3598 3601 ab
3620 3545 3723 3601 bis

2122 3641 2400 3710 praecipue
2426 3641 2724 3710 cupiebant
2745 3641 3062 3711 approbari,
3092 3641 3357 3710 quoniam
3393 3654 3502 3694 non
3535 3654 3711 3702 vana,

2129 3730 2206 3783 uti
2233 3729 2477 3796 aiebant,
2504 3731 2749 3801 suspicio
2792 3732 3124 3786 erathorum
3164 3746 3278 3786 non
3313 3746 3518 3801 paucos
3544 3745 3577 3784 a
3604 3731 3721 3785 do-

2124 3824 2302 3878 ctrina
2339 3832 2489 3878 tome
2544 3823 2792 3891 exposita
2840 3824 3160 3879 abhorrere.
3205 3822 3476 3890 Quocirca
3520 3824 3713 3894 expri-

2126 3915 2385 3970 mendum
2414 3916 2483 3969 ab
2512 3915 2599 3970 his
2634 3916 3023 3970 existimabant
3050 3927 3263 3972 mature
3290 3931 3623 3973 consensum
3651 3917 3715 3970 in

2126 4008 2347 4063 decreta
2375 4009 2652 4064 communi
2685 4009 2894 4063 calculo
2926 4009 3260 4065 antistitum.
3296 4010 3371 4062 At
3405 4025 3513 4064 non
3542 4003 3712 4069 facile

2126 4100 2181 4156 id
2228 4101 2506 4172 negotium
2563 4117 2664 4155 usu
2701 4101 3103 4171 deprehensum
3145 4109 3230 4160 est
3257 4121 3275 4158 τ
3306 4115 3505 4176 praeter
3552 4105 3711 4160 enim

2128 4209 2357 4264 paucos,
2407 4209 2548 4267 quos
2578 4204 2651 4251 ιρι
2699 4198 3052 4253 observatum
3083 4206 3168 4253 est
3193 4213 3261 4253 ex
3290 4198 3361 4254 iis
3405 4197 3577 4254 fuisse
3608 4198 3713 4269 qui

2126 4286 2495 4343 secessionem
2543 4288 2698 4357 prius
2732 4287 3000 4352 fecerant,
3036 4305 3230 4345 omnes
3284 4289 3465 4345 caeteri
3515 4290 3713 4347 clerici

2127 4380 2303 4449 prima
2333 4380 2516 4434 statim
2548 4380 2989 4449 interpellatione
3016 4382 3083 4436 de
3112 4383 3514 4437 subscribendo
3545 4383 3716 4453 plane

2128 4472 2488 4526 ostenderunt
2517 4487 2576 4527 se
2605 4473 2979 4528 inﬂexibilitcr
3025 4473 3348 4529 obfirmatos
3395 4474 3459 4529 ad
3506 4491 3714 4547 negati.

438 4579 840 4635 consequenter
904 4564 1206 4631 periclitari
1260 4580 1328 4621 ne
1374 4565 1673 4636 rejicienda
1730 4573 1916 4619 essent
1966 4573 2023 4617 ut
2050 4599 2102 4658 Β
2130 4565 2253 4618 dam
2297 4565 2413 4620 sive
2444 4566 2912 4635 subscriptionem
2948 4566 3063 4621 sive
3108 4566 3272 4620 aliam
3324 4568 3579 4637 quamvis
3606 4584 3714 4625 no-

437 4660 649 4727 spuria,
683 4660 728 4713 si
777 4659 1084 4727 capitulum
1140 4658 1275 4714 illud
1336 4658 1753 4728 reprobaretur,
1788 4657 1922 4711 illud
1960 4670 2020 4710 se

439 4752 686 4820 recipere
715 4752 976 4805 dixerunt
1006 4766 1068 4805 ac.
1101 4765 1199 4819 pro
1229 4766 1361 4806 vero
1389 4751 1565 4806 sancti
1601 4749 1784 4804 Patris
1814 4749 2021 4815 scripto

443 4844 716 4911 venerari,
739 4854 996 4898 czeterum
1039 4843 1443 4913 expositionem
1477 4857 1728 4912 quaerere
1758 4856 1865 4911 qua
1898 4840 2023 4894 reli-

441 4955 547 5009 qua
579 4941 668 4994 illa
703 4940 925 4996 duriora
954 4942 1235 4995 mollirent
1266 4950 1320 4995 et
1341 4940 1407 4995 ad
1439 4953 1661 4994 sensum
1692 4938 2021 4992 catholicum

443 5034 575 5089 recti
613 5035 887 5105 dogmatis
936 5036 1283 5104 adaptarent.
1322 5032 1500 5099 Quam
1542 5033 1597 5086 in
1648 5047 1762 5086 rem
1817 5031 2027 5085 consti-

444 5138 664 5182 tuerunt
704 5138 913 5183 tomum
947 5128 1193 5183 scribere
1228 5142 1293 5181 ac
1332 5125 1644 5181 doctrinam
1678 5139 1894 5177 sacram
1941 5122 2027 5176 l'u-

439 5218 556 5273 sius
591 5220 743 5289 ιιι
777 5220 1076 5289 explicare.
1109 5218 1340 5272 Erudito
1373 5218 1542 5285 igitur
1570 5215 1889 5270 existimato
1923 5230 2024 5283 pa-

446 5310 702 5365 triarchae
771 5313 847 5373 (et
902 5324 1091 5365 revera
1163 5308 1253 5363 ille
1287 5307 1535 5362 doctrina
1602 5322 1765 5376 supra
1823 5307 2025 5361 multos

443 5406 771 5476 excellebat)
816 5405 1169 5474 scriptionem
1223 5404 1352 5458 tonii
1401 5402 1828 5467 demandarunt,
1861 5414 2022 5469 quam

445 5513 685 5568 perenne
718 5498 862 5568 apud
885 5507 1132 5568 posteros
1161 5504 1578 5551 monumentum
1613 5494 1729 5550 fore
1760 5493 2028 5563 putabant

443 5601 499 5647 et
544 5591 827 5661 religionis
864 5591 1107 5660 ipsarum
1161 5590 1215 5644 in
1268 5588 1596 5643 rectitudine
1640 5587 1912 5657 dogmatis
1944 5595 2025 5640 te-

449 5685 627 5741 nenda
655 5694 710 5741 et
737 5686 945 5741 erroris
979 5685 1450 5751 adversariorum,
1482 5682 1574 5753 qui
1608 5681 1817 5737 scilicet
1841 5694 1869 5733 a
1898 5677 2022 5732 ﬁdei

450 5779 636 5848 regula
664 5777 1058 5834 declinassent.
1090 5776 1346 5832 Admissa
1384 5783 1746 5842 susceptaque
1790 5772 2026 5843 patriar-

446 5871 549 5924 cha
581 5870 881 5939 provincia,
920 5882 1127 5926 tomum
1173 5870 1412 5926 validum
1465 5866 1797 5937 citnposuit,
1829 5872 1908 5918 tot
1936 5864 2025 5919 illa

2128 4670 2250 4709 vam
2274 4657 2698 4712 declarationem
2725 4673 2838 4711 sua:
2868 4658 2935 4712 de
2966 4659 3052 4713 bis
3085 4660 3392 4715 sententiae.
3428 4657 3619 4731 Neque
3641 4660 3717 4717 de

2126 4748 2229 4802 hac
2256 4749 2570 4805 inductione
2600 4750 2770 4804 animi
2803 4751 3100 4806 blanditiis
3129 4752 3325 4806 deduci
3363 4753 3512 4819 ullis,
3546 4769 3613 4809 ac
3642 4770 3719 4810 ne

2126 4843 2290 4896 minis
2317 4843 2541 4915 quidem
2572 4842 2838 4897 dimoveri
2872 4844 3380 4913 potuere.Causam
3412 4846 3717 4902 recusandi

2126 4933 2520 4989 validissimam
2580 4935 2857 4991 ducebant
2920 4951 2984 4991 ex
3044 4937 3339 5007 asperitate
3403 4953 3581 5007 nuper
3638 4940 3707 4992 in,

2127 5027 2276 5097 ipsos
2329 5028 2592 5093 exercita,
2615 5030 2744 5083 dum
2781 5027 2936 5085 fuere
2969 5030 3142 5086 sacris
3161 5030 3318 5100 112
3338 5031 3547 5086 exclusi
3583 5041 3713 5086 tan-

2130 5124 2293 5183 taque
2335 5114 2636 5186 ignominia
2684 5116 2944 5180 traducti.
3008 5127 3173 5188 prout
3219 5120 3593 5173 narravimus.
3650 5119 3713 5174 Si

2129 5212 2297 5275 enim,
2352 5209 2594 5275 aiebant,
2654 5226 2779 5265 cum
2831 5226 2933 5266 nec
2985 5211 3237 5282 benignis
3283 5214 3717 5271 invitationibus

2130 5302 2315 5357 omnis
2368 5304 2584 5372 generis
2634 5319 2735 5359 nec
2786 5305 3332 5370 comminationibus,
3375 5322 3443 5362 ne
3483 5306 3717 5366 inﬂictis

2130 5396 2345 5484 quidem
2373 5395 2552 5466 poenis
2585 5396 2846 5466 gravibus
2877 5399 3107 5468 perpelli
3140 5412 3301 5455 antea
3326 5400 3714 5468 potuissemus

2131 5488 2196 5543 ad
2230 5488 2636 5558 subscriptione
2656 5489 2766 5543 ulla
2794 5503 2980 5547 nostra
3004 5492 3373 5550 roborandum
3405 5494 3715 5565 quidquam

2130 5598 2195 5637 ex
2257 5584 2325 5638 iis
2371 5598 2494 5653 quae
2516 5583 2736 5651 publice
2794 5587 3204 5649 statuebantur,
3268 5596 3447 5642 tamen
3515 5597 3717 5644 secuta

2132 5677 2476 5747 postmodum
2512 5679 2877 5735 conversione
2906 5696 3090 5736 rerum
3128 5690 3238 5736 tam
3269 5682 3555 5737 atrocibus
3581 5697 3720 5751 sup-

2133 5767 2313 5837 pliciis
2336 5768 2541 5826 luimus
2569 5785 2777 5824 meram
2807 5772 3242 5839 conniventiam,
3273 5774 3357 5827 bis
3382 5773 3518 5843 ipsis
3549 5773 3723 5842 judi-

2134 5862 2384 5917 cantibus
2427 5874 2479 5916 ct
2517 5863 3029 5919 immiscricorditt‘t‘
3090 5866 3515 5935 exsequentibus
3560 5864 3723 5936 judi—
