  <div class='ocr_page' id='page_1' title='image "/cluster/home/n/w/nwhite01/storage/ocr_20150623/144/hvd.32044019208339/071.png"; bbox 0 0 3950 6628; ppageno 0'>
   <div class='ocr_carea' id='block_1_1' title="bbox 426 431 524 498">
    <p class='ocr_par' dir='ltr' id='par_1_1' title="bbox 426 431 524 498">
     <span class='ocr_line' id='line_1_1' title="bbox 426 431 524 498; baseline 0 -10"><span class='ocrx_word' id='word_1_1' title='bbox 426 431 524 498; x_wconf 64' lang='grc'><strong>12⁷</strong></span> 
     </span>
    </p>
   </div>
   <div class='ocr_carea' id='block_1_2' title="bbox 1643 385 2479 494">
    <p class='ocr_par' dir='ltr' id='par_1_2' title="bbox 1643 385 2479 494">
     <span class='ocr_line' id='line_1_2' title="bbox 1643 385 2479 494; baseline -0.005 0"><span class='ocrx_word' id='word_1_2' title='bbox 1643 385 1964 494; x_wconf 70' lang='lat' dir='ltr'><strong>cannon</strong></span> <span class='ocrx_word' id='word_1_3' title='bbox 2000 429 2479 492; x_wconf 68' lang='lat' dir='ltr'><strong>PACHYMERIE</strong></span> 
     </span>
    </p>
   </div>
   <div class='ocr_carea' id='block_1_3' title="bbox 3600 418 3705 479">
    <p class='ocr_par' dir='ltr' id='par_1_3' title="bbox 3600 418 3705 479">
     <span class='ocr_line' id='line_1_3' title="bbox 3600 418 3705 479; baseline -0.01 0"><span class='ocrx_word' id='word_1_4' title='bbox 3600 418 3705 479; x_wconf 75' lang='lat'><strong>128</strong></span> 
     </span>
    </p>
   </div>
   <div class='ocr_carea' id='block_1_4' title="bbox 419 535 3704 621">
    <p class='ocr_par' dir='ltr' id='par_1_4' title="bbox 419 535 3704 621">
     <span class='ocr_line' id='line_1_4' title="bbox 419 535 3704 621; baseline -0.004 -16"><span class='ocrx_word' id='word_1_5' title='bbox 419 554 610 620; x_wconf 69' lang='grc' dir='ltr'>μαθεῖν</span> <span class='ocrx_word' id='word_1_6' title='bbox 632 551 730 621; x_wconf 82' lang='grc' dir='ltr'>τῆς</span> <span class='ocrx_word' id='word_1_7' title='bbox 766 552 912 614; x_wconf 86' lang='grc' dir='ltr'>τέἱς</span> <span class='ocrx_word' id='word_1_8' title='bbox 951 552 1009 604; x_wconf 86' lang='grc' dir='ltr'>τὸ</span> <span class='ocrx_word' id='word_1_9' title='bbox 1034 548 1170 603; x_wconf 71' lang='grc' dir='ltr'>εἶναι</span> <span class='ocrx_word' id='word_1_10' title='bbox 1199 550 1426 619; x_wconf 65' lang='grc' dir='ltr'>προῦδου</span> <span class='ocrx_word' id='word_1_11' title='bbox 1464 547 1556 602; x_wconf 72' lang='grc' dir='ltr'>καὶ</span> <span class='ocrx_word' id='word_1_12' title='bbox 1594 548 1766 603; x_wconf 78' lang='grc' dir='ltr'>ἀῖδέου</span> <span class='ocrx_word' id='word_1_13' title='bbox 1798 547 1998 617; x_wconf 78' lang='grc' dir='ltr'>ἐκφάν-</span> <span class='ocrx_word' id='word_1_14' title='bbox 2027 548 2071 603; x_wconf 80' lang='grc' dir='ltr'><strong>Α</strong></span> <span class='ocrx_word' id='word_1_15' title='bbox 2098 550 2175 610; x_wconf 87' lang='grc' dir='ltr'><strong>είς</strong></span> <span class='ocrx_word' id='word_1_16' title='bbox 2213 550 2384 602; x_wconf 70' lang='grc' dir='ltr'>αἴτιον</span> <span class='ocrx_word' id='word_1_17' title='bbox 2438 546 2939 616; x_wconf 71' lang='grc' dir='ltr'>ἐκλαμϐανομένου,</span> <span class='ocrx_word' id='word_1_18' title='bbox 2994 540 3124 595; x_wconf 75' lang='grc' dir='ltr'>ποτὲ</span> <span class='ocrx_word' id='word_1_19' title='bbox 3157 540 3214 593; x_wconf 72' lang='grc' dir='ltr'>δὲ</span> <span class='ocrx_word' id='word_1_20' title='bbox 3257 535 3333 601; x_wconf 77' lang='grc' dir='ltr'><strong>εἷς</strong></span> <span class='ocrx_word' id='word_1_21' title='bbox 3381 538 3542 606; x_wconf 69' lang='grc' dir='ltr'>δότην</span> <span class='ocrx_word' id='word_1_22' title='bbox 3603 539 3704 591; x_wconf 73' lang='grc' dir='ltr'><strong>καὶ</strong></span> 
     </span>
    </p>
   </div>
   <div class='ocr_carea' id='block_1_5' title="bbox 418 638 1998 712">
    <p class='ocr_par' dir='ltr' id='par_1_5' title="bbox 418 638 1998 712">
     <span class='ocr_line' id='line_1_5' title="bbox 418 638 1998 712; baseline -0.002 -18"><span class='ocrx_word' id='word_1_23' title='bbox 418 661 576 705; x_wconf 78' lang='grc' dir='ltr'>σεως,</span> <span class='ocrx_word' id='word_1_24' title='bbox 611 643 699 694; x_wconf 80' lang='grc' dir='ltr'>ἵνα</span> <span class='ocrx_word' id='word_1_25' title='bbox 729 641 826 712; x_wconf 81' lang='grc' dir='ltr'>τὴν</span> <span class='ocrx_word' id='word_1_26' title='bbox 856 643 952 712; x_wconf 83' lang='grc' dir='ltr'>μὲν</span> <span class='ocrx_word' id='word_1_27' title='bbox 982 641 1088 694; x_wconf 85' lang='grc' dir='ltr'><strong>τῶν</strong></span> <span class='ocrx_word' id='word_1_28' title='bbox 1121 641 1320 706; x_wconf 83' lang='grc' dir='ltr'><strong>λέξεων</strong></span> <span class='ocrx_word' id='word_1_29' title='bbox 1353 639 1792 706; x_wconf 80' lang='grc' dir='ltr'>ἀποϐάλλωνται,</span> <span class='ocrx_word' id='word_1_30' title='bbox 1825 641 1928 710; x_wconf 74' lang='grc' dir='ltr'>τὴν</span> <span class='ocrx_word' id='word_1_31' title='bbox 1952 638 1998 691; x_wconf 81' lang='grc' dir='ltr'>δ’</span> 
     </span>
    </p>
   </div>
   <div class='ocr_carea' id='block_1_6' title="bbox 419 730 1996 804">
    <p class='ocr_par' dir='ltr' id='par_1_6' title="bbox 419 730 1996 804">
     <span class='ocr_line' id='line_1_6' title="bbox 419 730 1996 804; baseline -0.003 -18"><span class='ocrx_word' id='word_1_32' title='bbox 419 734 866 804; x_wconf 79' lang='grc' dir='ltr'>ἐνστερνίσωνται</span> <span class='ocrx_word' id='word_1_33' title='bbox 889 749 904 764; x_wconf 80' lang='grc'><strong>⁹</strong></span> <span class='ocrx_word' id='word_1_34' title='bbox 931 730 1068 785; x_wconf 75' lang='grc' dir='ltr'>εἶναι</span> <span class='ocrx_word' id='word_1_35' title='bbox 1104 733 1212 801; x_wconf 64' lang='grc' dir='ltr'>γὰρ</span> <span class='ocrx_word' id='word_1_36' title='bbox 1253 733 1436 794; x_wconf 77' lang='grc' dir='ltr'>αὐτοῖς</span> <span class='ocrx_word' id='word_1_37' title='bbox 1481 731 1744 793; x_wconf 79' lang='grc' dir='ltr'>δοκούσας</span> <span class='ocrx_word' id='word_1_38' title='bbox 1781 733 1878 794; x_wconf 81' lang='grc' dir='ltr'>τὰς</span> <span class='ocrx_word' id='word_1_39' title='bbox 1910 731 1996 782; x_wconf 84' lang='grc' dir='ltr'>λέ-</span> 
     </span>
    </p>
   </div>
   <div class='ocr_carea' id='block_1_7' title="bbox 422 819 2002 894">
    <p class='ocr_par' dir='ltr' id='par_1_7' title="bbox 422 819 2002 894">
     <span class='ocr_line' id='line_1_7' title="bbox 422 819 2002 894; baseline -0.002 -17"><span class='ocrx_word' id='word_1_40' title='bbox 422 827 533 891; x_wconf 79' lang='grc' dir='ltr'>ξεις</span> <span class='ocrx_word' id='word_1_41' title='bbox 564 825 1021 894; x_wconf 80' lang='grc' dir='ltr'>ταυτοδυνάμους,</span> <span class='ocrx_word' id='word_1_42' title='bbox 1045 826 1144 894; x_wconf 83' lang='grc' dir='ltr'>τήν</span> <span class='ocrx_word' id='word_1_43' title='bbox 1165 841 1220 876; x_wconf 84' lang='grc' dir='ltr'><strong>τε</strong></span> <span class='ocrx_word' id='word_1_44' title='bbox 1250 828 1329 884; x_wconf 81' lang='grc' dir='ltr'>εἰς</span> <span class='ocrx_word' id='word_1_45' title='bbox 1363 825 1420 874; x_wconf 75' lang='grc' dir='ltr'>τὸ</span> <span class='ocrx_word' id='word_1_46' title='bbox 1449 819 1588 877; x_wconf 83' lang='grc' dir='ltr'>εἶναι</span> <span class='ocrx_word' id='word_1_47' title='bbox 1630 823 1853 892; x_wconf 74' lang='grc' dir='ltr'>πρόοδον</span> <span class='ocrx_word' id='word_1_48' title='bbox 1905 822 2002 875; x_wconf 76' lang='grc' dir='ltr'>καὶ</span> 
     </span>
    </p>
   </div>
   <div class='ocr_carea' id='block_1_8' title="bbox 421 914 2000 988">
    <p class='ocr_par' dir='ltr' id='par_1_8' title="bbox 421 914 2000 988">
     <span class='ocr_line' id='line_1_8' title="bbox 421 914 2000 988; baseline -0.003 -18"><span class='ocrx_word' id='word_1_49' title='bbox 421 920 518 988; x_wconf 79' lang='grc' dir='ltr'>τὴν</span> <span class='ocrx_word' id='word_1_50' title='bbox 544 919 624 980; x_wconf 71' lang='grc' dir='ltr'><strong>εἰς</strong></span> <span class='ocrx_word' id='word_1_51' title='bbox 656 917 826 970; x_wconf 83' lang='grc' dir='ltr'>ἀΐδιον</span> <span class='ocrx_word' id='word_1_52' title='bbox 860 915 1144 985; x_wconf 75' lang='grc' dir='ltr'>ἕκφανσιν.</span> <span class='ocrx_word' id='word_1_53' title='bbox 1182 917 1288 968; x_wconf 79' lang='grc' dir='ltr'><strong>Καὶ</strong></span> <span class='ocrx_word' id='word_1_54' title='bbox 1322 917 1371 966; x_wconf 81' lang='grc' dir='ltr'>οἱ</span> <span class='ocrx_word' id='word_1_55' title='bbox 1409 916 1504 982; x_wconf 85' lang='grc' dir='ltr'>μὲν</span> <span class='ocrx_word' id='word_1_56' title='bbox 1551 914 1723 968; x_wconf 85' lang='grc' dir='ltr'>ταῦτα</span> <span class='ocrx_word' id='word_1_57' title='bbox 1751 915 2000 981; x_wconf 83' lang='grc' dir='ltr'>λέγοντες</span> 
     </span>
    </p>
   </div>
   <div class='ocr_carea' id='block_1_9' title="bbox 421 1005 2000 1074">
    <p class='ocr_par' dir='ltr' id='par_1_9' title="bbox 421 1005 2000 1074">
     <span class='ocr_line' id='line_1_9' title="bbox 421 1005 2000 1074; baseline -0.002 -14"><span class='ocrx_word' id='word_1_58' title='bbox 421 1012 499 1072; x_wconf 86' lang='grc' dir='ltr'><strong>εἰς</strong></span> <span class='ocrx_word' id='word_1_59' title='bbox 526 1009 679 1070; x_wconf 85' lang='grc' dir='ltr'>τέλος</span> <span class='ocrx_word' id='word_1_60' title='bbox 707 1009 1026 1061; x_wconf 72' lang='grc' dir='ltr'><strong>ἀνθίσταντο</strong></span> <span class='ocrx_word' id='word_1_61' title='bbox 1047 1024 1060 1037; x_wconf 91' lang='grc'><strong>·</strong></span> <span class='ocrx_word' id='word_1_62' title='bbox 1095 1007 1230 1060; x_wconf 77' lang='grc' dir='ltr'>ἔνιοι</span> <span class='ocrx_word' id='word_1_63' title='bbox 1277 1007 1324 1060; x_wconf 77' lang='grc' dir='ltr'>δ’</span> <span class='ocrx_word' id='word_1_64' title='bbox 1355 1007 1659 1073; x_wconf 76' lang='grc' dir='ltr'>ἀσφάλειαν</span> <span class='ocrx_word' id='word_1_65' title='bbox 1693 1007 1825 1074; x_wconf 79' lang='grc' dir='ltr'>παρ’</span> <span class='ocrx_word' id='word_1_66' title='bbox 1855 1005 2000 1058; x_wconf 81' lang='grc' dir='ltr'>ἐκεί-</span> 
     </span>
    </p>
   </div>
   <div class='ocr_carea' id='block_1_10' title="bbox 419 1095 2002 1171">
    <p class='ocr_par' dir='ltr' id='par_1_10' title="bbox 419 1095 2002 1171">
     <span class='ocr_line' id='line_1_10' title="bbox 419 1095 2002 1171; baseline -0.011 -4"><span class='ocrx_word' id='word_1_67' title='bbox 419 1118 525 1154; x_wconf 85' lang='grc' dir='ltr'><strong>νων</strong></span> <span class='ocrx_word' id='word_1_68' title='bbox 554 1101 884 1171; x_wconf 67' lang='grc' dir='ltr'><strong>ζητήσαντες</strong></span> <span class='ocrx_word' id='word_1_69' title='bbox 909 1099 1203 1170; x_wconf 67' lang='grc' dir='ltr'>ἔγγραφον,</span> <span class='ocrx_word' id='word_1_70' title='bbox 1236 1095 1270 1170; x_wconf 76' lang='grc' dir='ltr'><strong>ἦ</strong></span> <span class='ocrx_word' id='word_1_71' title='bbox 1301 1098 1406 1168; x_wconf 82' lang='grc' dir='ltr'>μὴν</span> <span class='ocrx_word' id='word_1_72' title='bbox 1441 1097 1702 1168; x_wconf 75' lang='grc' dir='ltr'><strong>ἀσφαλῶς</strong></span> <span class='ocrx_word' id='word_1_73' title='bbox 1731 1098 1874 1167; x_wconf 75' lang='grc' dir='ltr'>ἔχειν</span> <span class='ocrx_word' id='word_1_74' title='bbox 1904 1097 2002 1165; x_wconf 86' lang='grc' dir='ltr'>τῆς</span> 
     </span>
    </p>
   </div>
   <div class='ocr_carea' id='block_1_11' title="bbox 423 1187 2000 1262">
    <p class='ocr_par' dir='ltr' id='par_1_11' title="bbox 423 1187 2000 1262">
     <span class='ocr_line' id='line_1_11' title="bbox 423 1187 2000 1262; baseline -0.002 -20"><span class='ocrx_word' id='word_1_75' title='bbox 423 1191 697 1258; x_wconf 75' lang='grc' dir='ltr'>θεολογίας</span> <span class='ocrx_word' id='word_1_76' title='bbox 723 1192 822 1262; x_wconf 82' lang='grc' dir='ltr'>τὴν</span> <span class='ocrx_word' id='word_1_77' title='bbox 851 1189 1016 1257; x_wconf 78' lang='grc' dir='ltr'>λέξιν,</span> <span class='ocrx_word' id='word_1_78' title='bbox 1041 1192 1134 1244; x_wconf 74' lang='grc' dir='ltr'><strong>καὶ</strong></span> <span class='ocrx_word' id='word_1_79' title='bbox 1163 1190 1357 1250; x_wconf 74' lang='grc' dir='ltr'>αὐτοὺς</span> <span class='ocrx_word' id='word_1_80' title='bbox 1386 1189 1649 1254; x_wconf 83' lang='grc' dir='ltr'>ἐκείνους,</span> <span class='ocrx_word' id='word_1_81' title='bbox 1684 1189 1732 1240; x_wconf 88' lang='grc' dir='ltr'><strong>εί</strong></span> <span class='ocrx_word' id='word_1_82' title='bbox 1767 1187 1842 1258; x_wconf 80' lang='grc' dir='ltr'>μὴ</span> <span class='ocrx_word' id='word_1_83' title='bbox 1869 1187 2000 1257; x_wconf 78' lang='grc' dir='ltr'>παρ’</span> 
     </span>
    </p>
   </div>
   <div class='ocr_carea' id='block_1_12' title="bbox 423 1279 2001 1352">
    <p class='ocr_par' dir='ltr' id='par_1_12' title="bbox 423 1279 2001 1352">
     <span class='ocr_line' id='line_1_12' title="bbox 423 1279 2001 1352; baseline -0.003 -17"><span class='ocrx_word' id='word_1_84' title='bbox 423 1284 733 1352; x_wconf 77' lang='grc' dir='ltr'>ἀνθρώποις</span> <span class='ocrx_word' id='word_1_85' title='bbox 754 1321 768 1341; x_wconf 89' lang='grc'><strong>.</strong></span> <span class='ocrx_word' id='word_1_86' title='bbox 799 1283 936 1336; x_wconf 85' lang='grc' dir='ltr'><strong>ἀλλά</strong></span> <span class='ocrx_word' id='word_1_87' title='bbox 964 1300 1027 1351; x_wconf 88' lang='grc' dir='ltr'><strong>γε</strong></span> <span class='ocrx_word' id='word_1_88' title='bbox 1067 1283 1215 1352; x_wconf 83' lang='grc' dir='ltr'><strong>παρά</strong></span> <span class='ocrx_word' id='word_1_89' title='bbox 1247 1280 1365 1349; x_wconf 78' lang='grc' dir='ltr'><strong>Θεῷ</strong></span> <span class='ocrx_word' id='word_1_90' title='bbox 1413 1279 1651 1349; x_wconf 76' lang='grc' dir='ltr'>κρίνοντι</span> <span class='ocrx_word' id='word_1_91' title='bbox 1707 1279 1798 1332; x_wconf 77' lang='grc' dir='ltr'>τὸν</span> <span class='ocrx_word' id='word_1_92' title='bbox 1842 1280 2001 1345; x_wconf 84' lang='grc' dir='ltr'>λόγον</span> 
     </span>
    </p>
   </div>
   <div class='ocr_carea' id='block_1_13' title="bbox 426 1370 2002 1443">
    <p class='ocr_par' dir='ltr' id='par_1_13' title="bbox 426 1370 2002 1443">
     <span class='ocr_line' id='line_1_13' title="bbox 426 1370 2002 1443; baseline 0 -21"><span class='ocrx_word' id='word_1_93' title='bbox 426 1371 670 1440; x_wconf 78' lang='grc' dir='ltr'><strong>ὑπέχειν,</strong></span> <span class='ocrx_word' id='word_1_94' title='bbox 706 1373 765 1425; x_wconf 75' lang='grc' dir='ltr'>οὐ</span> <span class='ocrx_word' id='word_1_95' title='bbox 821 1374 1171 1443; x_wconf 83' lang='grc' dir='ltr'>πατριάρχην</span> <span class='ocrx_word' id='word_1_96' title='bbox 1226 1373 1405 1442; x_wconf 88' lang='grc' dir='ltr'>μόνον,</span> <span class='ocrx_word' id='word_1_97' title='bbox 1439 1370 1576 1425; x_wconf 85' lang='grc' dir='ltr'>ἀλλὰ</span> <span class='ocrx_word' id='word_1_98' title='bbox 1605 1370 1697 1424; x_wconf 75' lang='grc' dir='ltr'><strong>καὶ</strong></span> <span class='ocrx_word' id='word_1_99' title='bbox 1724 1372 2002 1440; x_wconf 75' lang='grc' dir='ltr'>ἀρχιερεῖς</span> 
     </span>
    </p>
   </div>
   <div class='ocr_carea' id='block_1_14' title="bbox 423 1460 2002 1533">
    <p class='ocr_par' dir='ltr' id='par_1_14' title="bbox 423 1460 2002 1533">
     <span class='ocr_line' id='line_1_14' title="bbox 423 1460 2002 1533; baseline 0.01 -20"><span class='ocrx_word' id='word_1_100' title='bbox 423 1463 549 1524; x_wconf 79' lang='grc' dir='ltr'>τοὺς</span> <span class='ocrx_word' id='word_1_101' title='bbox 581 1464 660 1526; x_wconf 84' lang='grc' dir='ltr'><strong>είς</strong></span> <span class='ocrx_word' id='word_1_102' title='bbox 688 1463 1026 1518; x_wconf 77' lang='grc' dir='ltr'><strong>διδασκάλων</strong></span> <span class='ocrx_word' id='word_1_103' title='bbox 1077 1465 1442 1533; x_wconf 78' lang='grc' dir='ltr'>τεταγμένους</span> <span class='ocrx_word' id='word_1_104' title='bbox 1473 1460 1658 1527; x_wconf 80' lang='grc' dir='ltr'>ἀξίαν,</span> <span class='ocrx_word' id='word_1_105' title='bbox 1700 1463 1872 1516; x_wconf 76' lang='grc' dir='ltr'>ταῦτα</span> <span class='ocrx_word' id='word_1_106' title='bbox 1901 1464 2002 1532; x_wconf 76' lang='grc' dir='ltr'><strong>ξη-</strong></span> 
     </span>
    </p>
   </div>
   <div class='ocr_carea' id='block_1_15' title="bbox 424 1553 1466 1623">
    <p class='ocr_par' dir='ltr' id='par_1_15' title="bbox 424 1553 1466 1623">
     <span class='ocr_line' id='line_1_15' title="bbox 424 1553 1466 1623; baseline 0.006 -21"><span class='ocrx_word' id='word_1_107' title='bbox 424 1553 686 1620; x_wconf 84' lang='grc' dir='ltr'>τήσαντες</span> <span class='ocrx_word' id='word_1_108' title='bbox 724 1553 818 1606; x_wconf 76' lang='grc' dir='ltr'>καὶ</span> <span class='ocrx_word' id='word_1_109' title='bbox 847 1554 1102 1617; x_wconf 73' lang='grc' dir='ltr'>λαδὸντες</span> <span class='ocrx_word' id='word_1_110' title='bbox 1124 1555 1466 1623; x_wconf 79' lang='grc' dir='ltr'>ὑπέγραφον.</span> 
     </span>
    </p>
   </div>
   <div class='ocr_carea' id='block_1_16' title="bbox 429 1661 2003 1744">
    <p class='ocr_par' dir='ltr' id='par_1_16' title="bbox 429 1661 2003 1744">
     <span class='ocr_line' id='line_1_16' title="bbox 429 1661 2003 1744; baseline 0.004 -29"><span class='ocrx_word' id='word_1_111' title='bbox 429 1661 495 1733; x_wconf 83' lang='grc' dir='ltr'><strong>β’.</strong></span> <span class='ocrx_word' id='word_1_112' title='bbox 537 1663 667 1717; x_wconf 77' lang='grc' dir='ltr'>’Ὁτι</span> <span class='ocrx_word' id='word_1_113' title='bbox 697 1667 788 1730; x_wconf 83' lang='grc' dir='ltr'>εις</span> <span class='ocrx_word' id='word_1_114' title='bbox 825 1665 1029 1744; x_wconf 56' lang='grc' dir='ltr'>χεῷας</span> <span class='ocrx_word' id='word_1_115' title='bbox 1076 1665 1282 1744; x_wconf 69' lang='grc' dir='ltr'><strong>λᾳᾷὼν</strong></span> <span class='ocrx_word' id='word_1_116' title='bbox 1329 1667 1443 1744; x_wconf 65' lang='grc' dir='ltr'>τὸν</span> <span class='ocrx_word' id='word_1_117' title='bbox 1473 1670 1658 1744; x_wconf 53' lang='lat' dir='ltr'><strong>roger</strong></span> <span class='ocrx_word' id='word_1_118' title='bbox 1706 1671 1738 1722; x_wconf 81' lang='grc' dir='ltr'><em>ὁ</em></span> <span class='ocrx_word' id='word_1_119' title='bbox 1773 1668 2003 1733; x_wconf 84' lang='grc' dir='ltr'>Βέκκος</span> 
     </span>
    </p>
   </div>
   <div class='ocr_carea' id='block_1_17' title="bbox 677 1738 1744 1806">
    <p class='ocr_par' dir='ltr' id='par_1_17' title="bbox 677 1738 1744 1806">
     <span class='ocr_line' id='line_1_17' title="bbox 677 1738 1744 1806; baseline 0.004 -18"><span class='ocrx_word' id='word_1_120' title='bbox 677 1738 1007 1804; x_wconf 51' lang='grc' dir='ltr'><strong>ὀκατῃτιᾶτο</strong></span> <span class='ocrx_word' id='word_1_121' title='bbox 1038 1738 1137 1789; x_wconf 79' lang='grc' dir='ltr'>καὶ</span> <span class='ocrx_word' id='word_1_122' title='bbox 1161 1738 1467 1806; x_wconf 76' lang='grc' dir='ltr'><strong>ἀνταίρειν</strong></span> <span class='ocrx_word' id='word_1_123' title='bbox 1497 1739 1744 1806; x_wconf 77' lang='grc' dir='ltr'>ἤρξατο.</span> 
     </span>
    </p>
   </div>
   <div class='ocr_carea' id='block_1_18' title="bbox 499 1824 2004 1900">
    <p class='ocr_par' dir='ltr' id='par_1_18' title="bbox 499 1824 2004 1900">
     <span class='ocr_line' id='line_1_18' title="bbox 499 1824 2004 1900; baseline 0.005 -25"><span class='ocrx_word' id='word_1_124' title='bbox 499 1824 583 1897; x_wconf 74' lang='grc' dir='ltr'><strong>[Ρ.</strong></span> <span class='ocrx_word' id='word_1_125' title='bbox 613 1825 702 1898; x_wconf 87' lang='grc'><strong>76]</strong></span> <span class='ocrx_word' id='word_1_126' title='bbox 744 1827 954 1896; x_wconf 78' lang='grc' dir='ltr'>Ὀλίγον</span> <span class='ocrx_word' id='word_1_127' title='bbox 976 1828 1035 1882; x_wconf 85' lang='grc' dir='ltr'>τὸ</span> <span class='ocrx_word' id='word_1_128' title='bbox 1069 1827 1294 1893; x_wconf 78' lang='grc' dir='ltr'>μεταξὺ,</span> <span class='ocrx_word' id='word_1_129' title='bbox 1328 1831 1417 1882; x_wconf 67' lang='grc' dir='ltr'>καὶ</span> <span class='ocrx_word' id='word_1_130' title='bbox 1445 1832 1525 1892; x_wconf 87' lang='grc' dir='ltr'><strong>εἰς</strong></span> <span class='ocrx_word' id='word_1_131' title='bbox 1545 1831 1730 1900; x_wconf 81' lang='grc' dir='ltr'>χεῖρας</span> <span class='ocrx_word' id='word_1_132' title='bbox 1764 1829 2004 1898; x_wconf 87' lang='grc' dir='ltr'>γεγονὼς</span> 
     </span>
    </p>
   </div>
   <div class='ocr_carea' id='block_1_19' title="bbox 426 1901 2080 1990">
    <p class='ocr_par' dir='ltr' id='par_1_19' title="bbox 426 1901 2080 1990">
     <span class='ocr_line' id='line_1_19' title="bbox 426 1901 2080 1990; baseline 0.005 -24"><span class='ocrx_word' id='word_1_133' title='bbox 426 1917 454 1966; x_wconf 86' lang='grc' dir='ltr'>ὁ</span> <span class='ocrx_word' id='word_1_134' title='bbox 481 1916 647 1986; x_wconf 78' lang='grc' dir='ltr'>τόμος</span> <span class='ocrx_word' id='word_1_135' title='bbox 678 1917 754 1987; x_wconf 80' lang='grc' dir='ltr'>τῷ</span> <span class='ocrx_word' id='word_1_136' title='bbox 787 1919 978 1990; x_wconf 82' lang='grc' dir='ltr'>Βέκκῳ</span> <span class='ocrx_word' id='word_1_137' title='bbox 1015 1921 1340 1990; x_wconf 75' lang='grc' dir='ltr'>παρέκνιζεν</span> <span class='ocrx_word' id='word_1_138' title='bbox 1371 1921 1640 1988; x_wconf 78' lang='grc' dir='ltr'>ἀντιξύειν</span> <span class='ocrx_word' id='word_1_139' title='bbox 1664 1921 1756 1974; x_wconf 78' lang='grc' dir='ltr'>τὸν</span> <span class='ocrx_word' id='word_1_140' title='bbox 1789 1922 2002 1986; x_wconf 68' lang='grc' dir='ltr'>ξύοντα.</span> <span class='ocrx_word' id='word_1_141' title='bbox 2042 1901 2080 1954; x_wconf 73' lang='grc' dir='ltr'><strong><em>Β</em></strong></span> 
     </span>
    </p>
   </div>
   <div class='ocr_carea' id='block_1_20' title="bbox 431 2007 2011 2083">
    <p class='ocr_par' dir='ltr' id='par_1_20' title="bbox 431 2007 2011 2083">
     <span class='ocr_line' id='line_1_20' title="bbox 431 2007 2011 2083; baseline 0.006 -26"><span class='ocrx_word' id='word_1_142' title='bbox 431 2008 540 2058; x_wconf 74' lang='grc' dir='ltr'><strong>Καὶ</strong></span> <span class='ocrx_word' id='word_1_143' title='bbox 564 2007 624 2076; x_wconf 85' lang='grc' dir='ltr'>δὴ</span> <span class='ocrx_word' id='word_1_144' title='bbox 653 2009 756 2062; x_wconf 84' lang='grc' dir='ltr'><strong>κάν</strong></span> <span class='ocrx_word' id='word_1_145' title='bbox 783 2009 1000 2074; x_wconf 81' lang='grc' dir='ltr'>πολλοῖς</span> <span class='ocrx_word' id='word_1_146' title='bbox 1024 2013 1124 2080; x_wconf 80' lang='grc' dir='ltr'>μὲν</span> <span class='ocrx_word' id='word_1_147' title='bbox 1159 2011 1341 2076; x_wconf 85' lang='grc' dir='ltr'>ἄλλοις</span> <span class='ocrx_word' id='word_1_148' title='bbox 1370 2012 1463 2065; x_wconf 78' lang='grc' dir='ltr'>τοῦ</span> <span class='ocrx_word' id='word_1_149' title='bbox 1495 2014 1662 2082; x_wconf 77' lang='grc' dir='ltr'>τὸμου</span> <span class='ocrx_word' id='word_1_150' title='bbox 1695 2015 2011 2083; x_wconf 73' lang='grc' dir='ltr'>ἐπελαμϐά-</span> 
     </span>
    </p>
   </div>
   <div class='ocr_carea' id='block_1_21' title="bbox 430 2099 2014 2176">
    <p class='ocr_par' dir='ltr' id='par_1_21' title="bbox 430 2099 2014 2176">
     <span class='ocr_line' id='line_1_21' title="bbox 430 2099 2014 2176; baseline 0.013 -27"><span class='ocrx_word' id='word_1_151' title='bbox 430 2115 572 2161; x_wconf 81' lang='grc' dir='ltr'>νετο,</span> <span class='ocrx_word' id='word_1_152' title='bbox 618 2099 823 2171; x_wconf 79' lang='grc' dir='ltr'>ταύτην</span> <span class='ocrx_word' id='word_1_153' title='bbox 859 2103 914 2155; x_wconf 84' lang='grc' dir='ltr'><strong>δέ</strong></span> <span class='ocrx_word' id='word_1_154' title='bbox 969 2103 1204 2173; x_wconf 68' lang='grc' dir='ltr'>μάλιστα</span> <span class='ocrx_word' id='word_1_155' title='bbox 1238 2104 1335 2174; x_wconf 84' lang='grc' dir='ltr'>τὴν</span> <span class='ocrx_word' id='word_1_156' title='bbox 1393 2105 1659 2175; x_wconf 66' lang='grc' dir='ltr'>ἐξήγησιν</span> <span class='ocrx_word' id='word_1_157' title='bbox 1725 2105 2014 2176; x_wconf 80' lang='grc' dir='ltr'>μὴκαλῶς</span> 
     </span>
    </p>
   </div>
   <div class='ocr_carea' id='block_1_22' title="bbox 431 2189 2017 2267">
    <p class='ocr_par' dir='ltr' id='par_1_22' title="bbox 431 2189 2017 2267">
     <span class='ocr_line' id='line_1_22' title="bbox 431 2189 2017 2267; baseline 0.006 -28"><span class='ocrx_word' id='word_1_158' title='bbox 431 2189 662 2260; x_wconf 76' lang='grc' dir='ltr'>ἔχουσαν</span> <span class='ocrx_word' id='word_1_159' title='bbox 704 2193 801 2260; x_wconf 76' lang='grc' dir='ltr'>τῆς</span> <span class='ocrx_word' id='word_1_160' title='bbox 846 2195 1053 2258; x_wconf 81' lang='grc' dir='ltr'>ἐννοίας</span> <span class='ocrx_word' id='word_1_161' title='bbox 1103 2197 1363 2265; x_wconf 73' lang='grc' dir='ltr'>ἐπειρᾶτο</span> <span class='ocrx_word' id='word_1_162' title='bbox 1417 2197 1708 2262; x_wconf 75' lang='grc' dir='ltr'>δεικνύειν,</span> <span class='ocrx_word' id='word_1_163' title='bbox 1743 2197 1817 2261; x_wconf 83' lang='grc' dir='ltr'>ὡς</span> <span class='ocrx_word' id='word_1_164' title='bbox 1867 2199 1898 2267; x_wconf 82' lang='grc' dir='ltr'><strong>ἢ</strong></span> <span class='ocrx_word' id='word_1_165' title='bbox 1942 2199 2017 2267; x_wconf 78' lang='grc' dir='ltr'>μὴ</span> 
     </span>
    </p>
   </div>
   <div class='ocr_carea' id='block_1_23' title="bbox 431 2285 2019 2358">
    <p class='ocr_par' dir='ltr' id='par_1_23' title="bbox 431 2285 2019 2358">
     <span class='ocr_line' id='line_1_23' title="bbox 431 2285 2019 2358; baseline 0.006 -25"><span class='ocrx_word' id='word_1_166' title='bbox 431 2285 917 2355; x_wconf 72' lang='grc' dir='ltr'>ὁμωνυμιξομένου</span> <span class='ocrx_word' id='word_1_167' title='bbox 947 2287 1109 2356; x_wconf 77' lang='grc' dir='ltr'>δῆθεν</span> <span class='ocrx_word' id='word_1_168' title='bbox 1150 2287 1241 2340; x_wconf 80' lang='grc' dir='ltr'>τοῦ</span> <span class='ocrx_word' id='word_1_169' title='bbox 1277 2289 1582 2357; x_wconf 75' lang='grc' dir='ltr'>προϐολέως</span> <span class='ocrx_word' id='word_1_170' title='bbox 1628 2290 1720 2342; x_wconf 72' lang='grc' dir='ltr'>καὶ</span> <span class='ocrx_word' id='word_1_171' title='bbox 1749 2289 1881 2343; x_wconf 80' lang='grc' dir='ltr'>ποτὲ</span> <span class='ocrx_word' id='word_1_172' title='bbox 1919 2290 2019 2358; x_wconf 83' lang='grc' dir='ltr'>μὲν</span> 
     </span>
    </p>
   </div>
   <div class='ocr_carea' id='block_1_24' title="bbox 436 2467 2020 2538">
    <p class='ocr_par' dir='ltr' id='par_1_24' title="bbox 436 2467 2020 2538">
     <span class='ocr_line' id='line_1_24' title="bbox 436 2467 2020 2538; baseline 0.003 -19"><span class='ocrx_word' id='word_1_173' title='bbox 436 2467 564 2519; x_wconf 87' lang='lat' dir='ltr'><strong>tiam</strong></span> <span class='ocrx_word' id='word_1_174' title='bbox 611 2482 772 2536; x_wconf 88' lang='lat' dir='ltr'><strong>quam</strong></span> <span class='ocrx_word' id='word_1_175' title='bbox 824 2470 1226 2534; x_wconf 82' lang='lat' dir='ltr'><strong>processionem</strong></span> <span class='ocrx_word' id='word_1_176' title='bbox 1277 2469 1331 2523; x_wconf 91' lang='lat' dir='ltr'><strong>in</strong></span> <span class='ocrx_word' id='word_1_177' title='bbox 1371 2480 1627 2523; x_wconf 79' lang='lat' dir='ltr'><strong>aeternam</strong></span> <span class='ocrx_word' id='word_1_178' title='bbox 1700 2469 2020 2538; x_wconf 81' lang='lat' dir='ltr'><strong>exsplende-</strong></span> 
     </span>
    </p>
   </div>
   <div class='ocr_carea' id='block_1_25' title="bbox 375 2558 2021 2632">
    <p class='ocr_par' dir='ltr' id='par_1_25' title="bbox 375 2558 2021 2632">
     <span class='ocr_line' id='line_1_25' title="bbox 375 2558 2021 2632; baseline 0.001 -20"><span class='ocrx_word' id='word_1_179' title='bbox 375 2595 380 2601; x_wconf 85' lang='grc'><strong>-</strong></span> <span class='ocrx_word' id='word_1_180' title='bbox 439 2559 728 2612; x_wconf 86' lang='lat' dir='ltr'><strong>scentiam.</strong></span> <span class='ocrx_word' id='word_1_181' title='bbox 759 2558 1018 2614; x_wconf 91' lang='lat' dir='ltr'><strong>Ultimum</strong></span> <span class='ocrx_word' id='word_1_182' title='bbox 1063 2561 1165 2617; x_wconf 87' lang='lat' dir='ltr'><strong>hoc</strong></span> <span class='ocrx_word' id='word_1_183' title='bbox 1214 2561 1315 2616; x_wconf 92' lang='lat' dir='ltr'><strong>fuit</strong></span> <span class='ocrx_word' id='word_1_184' title='bbox 1362 2578 1684 2632; x_wconf 78' lang='lat' dir='ltr'><strong>responsum</strong></span> <span class='ocrx_word' id='word_1_185' title='bbox 1715 2563 2021 2630; x_wconf 85' lang='lat' dir='ltr'><strong>plcrorum-</strong></span> 
     </span>
    </p>
   </div>
   <div class='ocr_carea' id='block_1_26' title="bbox 437 2651 2018 2724">
    <p class='ocr_par' dir='ltr' id='par_1_26' title="bbox 437 2651 2018 2724">
     <span class='ocr_line' id='line_1_26' title="bbox 437 2651 2018 2724; baseline 0.003 -21"><span class='ocrx_word' id='word_1_186' title='bbox 437 2665 542 2717; x_wconf 87' lang='lat' dir='ltr'><strong>que</strong></span> <span class='ocrx_word' id='word_1_187' title='bbox 568 2667 633 2704; x_wconf 81' lang='lat' dir='ltr'><strong>ex</strong></span> <span class='ocrx_word' id='word_1_188' title='bbox 667 2651 771 2716; x_wconf 86' lang='lat' dir='ltr'><strong>his,</strong></span> <span class='ocrx_word' id='word_1_189' title='bbox 802 2653 968 2706; x_wconf 79' lang='lat' dir='ltr'><strong>tixum</strong></span> <span class='ocrx_word' id='word_1_190' title='bbox 995 2653 1246 2710; x_wconf 91' lang='lat' dir='ltr'><strong>indicans</strong></span> <span class='ocrx_word' id='word_1_191' title='bbox 1310 2655 1654 2724; x_wconf 86' lang='lat' dir='ltr'><strong>propositum</strong></span> <span class='ocrx_word' id='word_1_192' title='bbox 1690 2655 1741 2707; x_wconf 90' lang='lat' dir='ltr'><strong>in</strong></span> <span class='ocrx_word' id='word_1_193' title='bbox 1776 2670 1885 2723; x_wconf 81' lang='lat' dir='ltr'><strong>quo</strong></span> <span class='ocrx_word' id='word_1_194' title='bbox 1952 2655 2018 2708; x_wconf 87' lang='lat' dir='ltr'><strong>ad</strong></span> 
     </span>
    </p>
   </div>
   <div class='ocr_carea' id='block_1_27' title="bbox 438 2744 2024 2816">
    <p class='ocr_par' dir='ltr' id='par_1_27' title="bbox 438 2744 2024 2816">
     <span class='ocr_line' id='line_1_27' title="bbox 438 2744 2024 2816; baseline 0.003 -21"><span class='ocrx_word' id='word_1_195' title='bbox 438 2744 597 2796; x_wconf 87' lang='lat' dir='ltr'><strong>linem</strong></span> <span class='ocrx_word' id='word_1_196' title='bbox 626 2759 799 2813; x_wconf 85' lang='lat' dir='ltr'><strong>usque</strong></span> <span class='ocrx_word' id='word_1_197' title='bbox 839 2746 1146 2815; x_wconf 78' lang='lat' dir='ltr'><strong>perstitere.</strong></span> <span class='ocrx_word' id='word_1_198' title='bbox 1210 2746 1442 2813; x_wconf 85' lang='lat' dir='ltr'><strong>Quidam</strong></span> <span class='ocrx_word' id='word_1_199' title='bbox 1485 2747 1575 2801; x_wconf 84' lang='lat' dir='ltr'><strong>alii</strong></span> <span class='ocrx_word' id='word_1_200' title='bbox 1602 2747 1668 2800; x_wconf 90' lang='lat' dir='ltr'><strong>ad</strong></span> <span class='ocrx_word' id='word_1_201' title='bbox 1715 2755 1870 2816; x_wconf 84' lang='lat' dir='ltr'><strong>pacta</strong></span> <span class='ocrx_word' id='word_1_202' title='bbox 1928 2748 2024 2800; x_wconf 90' lang='lat' dir='ltr'><strong>de-</strong></span> 
     </span>
    </p>
   </div>
   <div class='ocr_carea' id='block_1_28' title="bbox 437 2835 2022 2908">
    <p class='ocr_par' dir='ltr' id='par_1_28' title="bbox 437 2835 2022 2908">
     <span class='ocr_line' id='line_1_28' title="bbox 437 2835 2022 2908; baseline 0.003 -21"><span class='ocrx_word' id='word_1_203' title='bbox 437 2835 768 2890; x_wconf 87' lang='lat' dir='ltr'><strong>scenderunt</strong></span> <span class='ocrx_word' id='word_1_204' title='bbox 796 2856 809 2890; x_wconf 92' lang='lat'><strong>:</strong></span> <span class='ocrx_word' id='word_1_205' title='bbox 836 2837 1116 2893; x_wconf 79' lang='lat' dir='ltr'><strong>declarato</strong></span> <span class='ocrx_word' id='word_1_206' title='bbox 1143 2840 1286 2892; x_wconf 91' lang='lat' dir='ltr'><strong>enim</strong></span> <span class='ocrx_word' id='word_1_207' title='bbox 1344 2855 1402 2894; x_wconf 89' lang='lat' dir='ltr'><strong>se</strong></span> <span class='ocrx_word' id='word_1_208' title='bbox 1458 2838 1604 2908; x_wconf 90' lang='lat' dir='ltr'><strong>quod</strong></span> <span class='ocrx_word' id='word_1_209' title='bbox 1661 2839 2022 2908; x_wconf 87' lang='lat' dir='ltr'><strong>poscebantur</strong></span> 
     </span>
    </p>
   </div>
   <div class='ocr_carea' id='block_1_29' title="bbox 437 2928 2024 3002">
    <p class='ocr_par' dir='ltr' id='par_1_29' title="bbox 437 2928 2024 3002">
     <span class='ocr_line' id='line_1_29' title="bbox 437 2928 2024 3002; baseline 0.001 -19"><span class='ocrx_word' id='word_1_210' title='bbox 437 2930 701 2992; x_wconf 73' lang='lat' dir='ltr'><strong>fat-turos,</strong></span> <span class='ocrx_word' id='word_1_211' title='bbox 734 2928 1032 2984; x_wconf 88' lang='lat' dir='ltr'><strong>dummodo</strong></span> <span class='ocrx_word' id='word_1_212' title='bbox 1078 2930 1183 2984; x_wconf 87' lang='lat' dir='ltr'><strong>sibi</strong></span> <span class='ocrx_word' id='word_1_213' title='bbox 1221 2930 1380 3002; x_wconf 65' lang='grc'><strong>114</strong></span> <span class='ocrx_word' id='word_1_214' title='bbox 1415 2930 1567 2998; x_wconf 92' lang='lat' dir='ltr'><strong>prius</strong></span> <span class='ocrx_word' id='word_1_215' title='bbox 1619 2930 1928 2999; x_wconf 78' lang='lat' dir='ltr'><strong>patriarcha</strong></span> <span class='ocrx_word' id='word_1_216' title='bbox 1971 2939 2024 2984; x_wconf 89' lang='lat' dir='ltr'><strong>et</strong></span> 
     </span>
    </p>
   </div>
   <div class='ocr_carea' id='block_1_30' title="bbox 437 3021 2022 3093">
    <p class='ocr_par' dir='ltr' id='par_1_30' title="bbox 437 3021 2022 3093">
     <span class='ocr_line' id='line_1_30' title="bbox 437 3021 2022 3093; baseline 0.003 -21"><span class='ocrx_word' id='word_1_217' title='bbox 437 3021 678 3092; x_wconf 73' lang='lat' dir='ltr'><strong>episcopi</strong></span> <span class='ocrx_word' id='word_1_218' title='bbox 702 3024 959 3092; x_wconf 75' lang='lat' dir='ltr'><strong>scriptam</strong></span> <span class='ocrx_word' id='word_1_219' title='bbox 995 3024 1306 3078; x_wconf 87' lang='lat' dir='ltr'><strong>cautionem</strong></span> <span class='ocrx_word' id='word_1_220' title='bbox 1332 3027 1547 3089; x_wconf 84' lang='lat' dir='ltr'><strong>darent,</strong></span> <span class='ocrx_word' id='word_1_221' title='bbox 1578 3039 1705 3093; x_wconf 66' lang='lat' dir='ltr'><strong>,qua</strong></span> <span class='ocrx_word' id='word_1_222' title='bbox 1741 3026 1792 3076; x_wconf 91' lang='lat' dir='ltr'><strong>in</strong></span> <span class='ocrx_word' id='word_1_223' title='bbox 1863 3041 2022 3078; x_wconf 88' lang='lat' dir='ltr'><strong>suum</strong></span> 
     </span>
    </p>
   </div>
   <div class='ocr_carea' id='block_1_31' title="bbox 441 3113 2027 3185">
    <p class='ocr_par' dir='ltr' id='par_1_31' title="bbox 441 3113 2027 3185">
     <span class='ocr_line' id='line_1_31' title="bbox 441 3113 2027 3185; baseline 0.003 -20"><span class='ocrx_word' id='word_1_224' title='bbox 441 3113 686 3182; x_wconf 90' lang='lat' dir='ltr'><strong>ipsorum</strong></span> <span class='ocrx_word' id='word_1_225' title='bbox 715 3125 1057 3184; x_wconf 83' lang='lat' dir='ltr'><strong>caputomne</strong></span> <span class='ocrx_word' id='word_1_226' title='bbox 1093 3116 1395 3185; x_wconf 88' lang='lat' dir='ltr'><strong>periculum</strong></span> <span class='ocrx_word' id='word_1_227' title='bbox 1433 3115 1707 3183; x_wconf 79' lang='lat' dir='ltr'><strong>ambigua:</strong></span> <span class='ocrx_word' id='word_1_228' title='bbox 1771 3115 2027 3170; x_wconf 77' lang='lat' dir='ltr'><strong>dictionis</strong></span> 
     </span>
    </p>
   </div>
   <div class='ocr_carea' id='block_1_32' title="bbox 2105 628 3706 708">
    <p class='ocr_par' dir='ltr' id='par_1_32' title="bbox 2105 628 3706 708">
     <span class='ocr_line' id='line_1_32' title="bbox 2105 628 3706 708; baseline -0.009 -17"><span class='ocrx_word' id='word_1_229' title='bbox 2105 639 2346 708; x_wconf 81' lang='grc' dir='ltr'>χορηγόν</span> <span class='ocrx_word' id='word_1_230' title='bbox 2377 655 2436 690; x_wconf 86' lang='grc' dir='ltr'><strong>τε</strong></span> <span class='ocrx_word' id='word_1_231' title='bbox 2467 639 2560 692; x_wconf 71' lang='grc' dir='ltr'>καὶ</span> <span class='ocrx_word' id='word_1_232' title='bbox 2589 636 2776 698; x_wconf 83' lang='grc' dir='ltr'>ἁπλῶς</span> <span class='ocrx_word' id='word_1_233' title='bbox 2803 632 3071 701; x_wconf 80' lang='grc' dir='ltr'>παροχέα,</span> <span class='ocrx_word' id='word_1_234' title='bbox 3118 631 3150 698; x_wconf 85' lang='grc' dir='ltr'>ἢ</span> <span class='ocrx_word' id='word_1_235' title='bbox 3183 632 3229 681; x_wconf 87' lang='grc' dir='ltr'><strong>εί</strong></span> <span class='ocrx_word' id='word_1_236' title='bbox 3273 629 3458 696; x_wconf 77' lang='grc' dir='ltr'>μέλλοι</span> <span class='ocrx_word' id='word_1_237' title='bbox 3492 628 3706 681; x_wconf 63' lang='grc' dir='ltr'>ἀπλοῧν</span> 
     </span>
    </p>
   </div>
   <div class='ocr_carea' id='block_1_33' title="bbox 2101 716 3705 800">
    <p class='ocr_par' dir='ltr' id='par_1_33' title="bbox 2101 716 3705 800">
     <span class='ocr_line' id='line_1_33' title="bbox 2101 716 3705 800; baseline -0.008 -19"><span class='ocrx_word' id='word_1_238' title='bbox 2101 732 2162 782; x_wconf 65' lang='grc' dir='ltr'>τὸ</span> <span class='ocrx_word' id='word_1_239' title='bbox 2196 730 2495 800; x_wconf 78' lang='grc' dir='ltr'>πρςσολεὺς</span> <span class='ocrx_word' id='word_1_240' title='bbox 2537 716 2924 798; x_wconf 79' lang='grc' dir='ltr'>συντηρεῖσθαι</span> <span class='ocrx_word' id='word_1_241' title='bbox 2949 765 2963 783; x_wconf 88' lang='grc'><strong>.</strong></span> <span class='ocrx_word' id='word_1_242' title='bbox 3001 725 3129 793; x_wconf 75' lang='grc' dir='ltr'>μιᾶς</span> <span class='ocrx_word' id='word_1_243' title='bbox 3160 721 3366 782; x_wconf 78' lang='grc' dir='ltr'>ἐννοίας</span> <span class='ocrx_word' id='word_1_244' title='bbox 3393 719 3705 788; x_wconf 74' lang='grc' dir='ltr'>δηλωτικᾰς</span> 
     </span>
    </p>
   </div>
   <div class='ocr_carea' id='block_1_34' title="bbox 2105 812 3709 892">
    <p class='ocr_par' dir='ltr' id='par_1_34' title="bbox 2105 812 3709 892">
     <span class='ocr_line' id='line_1_34' title="bbox 2105 812 3709 892; baseline -0.001 -20"><span class='ocrx_word' id='word_1_245' title='bbox 2105 818 2244 874; x_wconf 75' lang='grc' dir='ltr'>εἶναι</span> <span class='ocrx_word' id='word_1_246' title='bbox 2279 823 2491 892; x_wconf 81' lang='grc' dir='ltr'>ἀνάγκῃ</span> <span class='ocrx_word' id='word_1_247' title='bbox 2547 821 2640 873; x_wconf 58' lang='grc' dir='ltr'><strong>κοιλ⁸</strong></span> <span class='ocrx_word' id='word_1_248' title='bbox 2674 817 2996 886; x_wconf 73' lang='grc' dir='ltr'>ἀμφοτέρας</span> <span class='ocrx_word' id='word_1_249' title='bbox 3032 814 3130 877; x_wconf 76' lang='grc' dir='ltr'><strong>τὰς</strong></span> <span class='ocrx_word' id='word_1_250' title='bbox 3179 812 3377 877; x_wconf 81' lang='grc' dir='ltr'>λέξεις.</span> <span class='ocrx_word' id='word_1_251' title='bbox 3406 813 3504 880; x_wconf 85' lang='grc' dir='ltr'>τήν</span> <span class='ocrx_word' id='word_1_252' title='bbox 3529 829 3587 862; x_wconf 85' lang='grc' dir='ltr'><strong>τε</strong></span> <span class='ocrx_word' id='word_1_253' title='bbox 3621 813 3709 871; x_wconf 73' lang='grc' dir='ltr'><strong>εἷς</strong></span> 
     </span>
    </p>
   </div>
   <div class='ocr_carea' id='block_1_35' title="bbox 2104 899 3706 979">
    <p class='ocr_par' dir='ltr' id='par_1_35' title="bbox 2104 899 3706 979">
     <span class='ocr_line' id='line_1_35' title="bbox 2104 899 3706 979; baseline -0.006 -17"><span class='ocrx_word' id='word_1_254' title='bbox 2104 913 2163 963; x_wconf 67' lang='grc' dir='ltr'>τὶ</span> <span class='ocrx_word' id='word_1_255' title='bbox 2202 907 2343 963; x_wconf 75' lang='grc' dir='ltr'>εἶναι</span> <span class='ocrx_word' id='word_1_256' title='bbox 2371 911 2595 979; x_wconf 79' lang='grc' dir='ltr'>πρόοδον</span> <span class='ocrx_word' id='word_1_257' title='bbox 2623 911 2715 963; x_wconf 63' lang='grc' dir='ltr'>καὶ</span> <span class='ocrx_word' id='word_1_258' title='bbox 2753 909 2852 977; x_wconf 82' lang='grc' dir='ltr'>τὴν</span> <span class='ocrx_word' id='word_1_259' title='bbox 2874 909 2957 968; x_wconf 88' lang='grc' dir='ltr'><strong>είς</strong></span> <span class='ocrx_word' id='word_1_260' title='bbox 2988 907 3158 959; x_wconf 76' lang='grc' dir='ltr'>ἀΐδιον</span> <span class='ocrx_word' id='word_1_261' title='bbox 3193 903 3448 972; x_wconf 75' lang='grc' dir='ltr'>ἐκφασιν,</span> <span class='ocrx_word' id='word_1_262' title='bbox 3481 905 3578 955; x_wconf 77' lang='grc' dir='ltr'>καὶ</span> <span class='ocrx_word' id='word_1_263' title='bbox 3601 899 3706 954; x_wconf 79' lang='grc' dir='ltr'><strong>οὖ-</strong></span> 
     </span>
    </p>
   </div>
   <div class='ocr_carea' id='block_1_36' title="bbox 2102 995 3705 1073">
    <p class='ocr_par' dir='ltr' id='par_1_36' title="bbox 2102 995 3705 1073">
     <span class='ocr_line' id='line_1_36' title="bbox 2102 995 3705 1073; baseline -0.004 -19"><span class='ocrx_word' id='word_1_264' title='bbox 2102 1018 2211 1063; x_wconf 86' lang='grc' dir='ltr'>τως</span> <span class='ocrx_word' id='word_1_265' title='bbox 2239 1004 2318 1065; x_wconf 84' lang='grc' dir='ltr'><strong>είς</strong></span> <span class='ocrx_word' id='word_1_266' title='bbox 2347 1003 2543 1055; x_wconf 84' lang='grc' dir='ltr'>ταυτὸν</span> <span class='ocrx_word' id='word_1_267' title='bbox 2585 1001 2898 1073; x_wconf 73' lang='grc' dir='ltr'>συντρέχειν</span> <span class='ocrx_word' id='word_1_268' title='bbox 2929 997 3123 1068; x_wconf 79' lang='grc' dir='ltr'>ἐκείνῳ</span> <span class='ocrx_word' id='word_1_269' title='bbox 3147 998 3236 1051; x_wconf 72' lang='grc' dir='ltr'><strong>τὸν</strong></span> <span class='ocrx_word' id='word_1_270' title='bbox 3288 997 3362 1060; x_wconf 86' lang='grc' dir='ltr'>ὡς</span> <span class='ocrx_word' id='word_1_271' title='bbox 3387 995 3547 1063; x_wconf 79' lang='grc' dir='ltr'>δῆθεν</span> <span class='ocrx_word' id='word_1_272' title='bbox 3575 996 3705 1047; x_wconf 78' lang='grc' dir='ltr'>δια-</span> 
     </span>
    </p>
   </div>
   <div class='ocr_carea' id='block_1_37' title="bbox 2104 1091 3708 1165">
    <p class='ocr_par' dir='ltr' id='par_1_37' title="bbox 2104 1091 3708 1165">
     <span class='ocr_line' id='line_1_37' title="bbox 2104 1091 3708 1165; baseline -0.002 -20"><span class='ocrx_word' id='word_1_273' title='bbox 2104 1094 2426 1164; x_wconf 84' lang='grc' dir='ltr'>φερόμενον,</span> <span class='ocrx_word' id='word_1_274' title='bbox 2467 1095 2640 1150; x_wconf 83' lang='grc' dir='ltr'>Τοῦτο</span> <span class='ocrx_word' id='word_1_275' title='bbox 2666 1095 2880 1165; x_wconf 79' lang='grc' dir='ltr'>γράψας</span> <span class='ocrx_word' id='word_1_276' title='bbox 2916 1097 3009 1148; x_wconf 71' lang='grc' dir='ltr'>καὶ</span> <span class='ocrx_word' id='word_1_277' title='bbox 3040 1095 3263 1164; x_wconf 73' lang='grc' dir='ltr'>πέμψας</span> <span class='ocrx_word' id='word_1_278' title='bbox 3296 1092 3409 1146; x_wconf 75' lang='grc' dir='ltr'>τισὶ</span> <span class='ocrx_word' id='word_1_279' title='bbox 3455 1092 3566 1144; x_wconf 88' lang='grc' dir='ltr'><strong>τῶν</strong></span> <span class='ocrx_word' id='word_1_280' title='bbox 3593 1091 3708 1143; x_wconf 82' lang='grc' dir='ltr'><strong>αὑ-</strong></span> 
     </span>
    </p>
   </div>
   <div class='ocr_carea' id='block_1_38' title="bbox 2103 1184 3710 1258">
    <p class='ocr_par' dir='ltr' id='par_1_38' title="bbox 2103 1184 3710 1258">
     <span class='ocr_line' id='line_1_38' title="bbox 2103 1184 3710 1258; baseline -0.002 -20"><span class='ocrx_word' id='word_1_281' title='bbox 2103 1185 2199 1238; x_wconf 79' lang='grc' dir='ltr'>τοῦ</span> <span class='ocrx_word' id='word_1_282' title='bbox 2233 1191 2462 1255; x_wconf 80' lang='grc' dir='ltr'>παρεῖχε</span> <span class='ocrx_word' id='word_1_283' title='bbox 2494 1189 2590 1253; x_wconf 78' lang='grc' dir='ltr'>τὴν</span> <span class='ocrx_word' id='word_1_284' title='bbox 2621 1188 2748 1258; x_wconf 76' lang='grc' dir='ltr'>περὶ</span> <span class='ocrx_word' id='word_1_285' title='bbox 2789 1186 2994 1240; x_wconf 76' lang='grc' dir='ltr'>τούτων</span> <span class='ocrx_word' id='word_1_286' title='bbox 3019 1187 3200 1256; x_wconf 84' lang='grc' dir='ltr'>κρίσιν</span> <span class='ocrx_word' id='word_1_287' title='bbox 3224 1189 3342 1249; x_wconf 85' lang='grc' dir='ltr'>τοῖς</span> <span class='ocrx_word' id='word_1_288' title='bbox 3377 1185 3554 1253; x_wconf 79' lang='grc' dir='ltr'>ὀρθῶς</span> <span class='ocrx_word' id='word_1_289' title='bbox 3581 1184 3710 1250; x_wconf 81' lang='grc' dir='ltr'>ἐξε-</span> 
     </span>
    </p>
   </div>
   <div class='ocr_carea' id='block_1_39' title="bbox 2105 1275 3712 1351">
    <p class='ocr_par' dir='ltr' id='par_1_39' title="bbox 2105 1275 3712 1351">
     <span class='ocr_line' id='line_1_39' title="bbox 2105 1275 3712 1351; baseline -0.002 -21"><span class='ocrx_word' id='word_1_290' title='bbox 2105 1278 2294 1343; x_wconf 80' lang='grc' dir='ltr'>τάζειν</span> <span class='ocrx_word' id='word_1_291' title='bbox 2315 1279 2611 1333; x_wconf 80' lang='grc' dir='ltr'>ἐθέλουσιν.</span> <span class='ocrx_word' id='word_1_292' title='bbox 2642 1279 2726 1351; x_wconf 74' lang='grc' dir='ltr'>ιι).</span> <span class='ocrx_word' id='word_1_293' title='bbox 2748 1279 2842 1350; x_wconf 77' lang='grc' dir='ltr'><strong>7η</strong></span> <span class='ocrx_word' id='word_1_294' title='bbox 2863 1280 2937 1331; x_wconf 84' lang='grc' dir='ltr'><strong>Οὐ</strong></span> <span class='ocrx_word' id='word_1_295' title='bbox 2965 1281 3072 1348; x_wconf 72' lang='grc' dir='ltr'>μὴν</span> <span class='ocrx_word' id='word_1_296' title='bbox 3097 1278 3153 1331; x_wconf 79' lang='grc' dir='ltr'>δὲ</span> <span class='ocrx_word' id='word_1_297' title='bbox 3187 1277 3302 1330; x_wconf 75' lang='grc' dir='ltr'>ἀλλ’</span> <span class='ocrx_word' id='word_1_298' title='bbox 3322 1277 3432 1329; x_wconf 78' lang='grc' dir='ltr'>οὐδ’</span> <span class='ocrx_word' id='word_1_299' title='bbox 3455 1275 3712 1336; x_wconf 79' lang='grc' dir='ltr'>ἐκείνους</span> 
     </span>
    </p>
   </div>
   <div class='ocr_carea' id='block_1_40' title="bbox 2106 1365 3710 1442">
    <p class='ocr_par' dir='ltr' id='par_1_40' title="bbox 2106 1365 3710 1442">
     <span class='ocr_line' id='line_1_40' title="bbox 2106 1365 3710 1442; baseline -0.002 -20"><span class='ocrx_word' id='word_1_300' title='bbox 2106 1371 2348 1442; x_wconf 78' lang='grc' dir='ltr'>ἐλελήθει</span> <span class='ocrx_word' id='word_1_301' title='bbox 2395 1374 2611 1434; x_wconf 77' lang='grc' dir='ltr'>πάντως</span> <span class='ocrx_word' id='word_1_302' title='bbox 2658 1371 2880 1424; x_wconf 79' lang='grc' dir='ltr'>τοιαῦτα</span> <span class='ocrx_word' id='word_1_303' title='bbox 2919 1371 3149 1441; x_wconf 74' lang='grc' dir='ltr'>γράφων</span> <span class='ocrx_word' id='word_1_304' title='bbox 3177 1371 3403 1431; x_wconf 83' lang='grc' dir='ltr'>ἐκεῖνος,</span> <span class='ocrx_word' id='word_1_305' title='bbox 3434 1368 3606 1437; x_wconf 77' lang='grc' dir='ltr'>ὀργὴν</span> <span class='ocrx_word' id='word_1_306' title='bbox 3646 1365 3710 1418; x_wconf 81' lang='grc' dir='ltr'>δὲ</span> 
     </span>
    </p>
   </div>
   <div class='ocr_carea' id='block_1_41' title="bbox 2103 1456 3709 1533">
    <p class='ocr_par' dir='ltr' id='par_1_41' title="bbox 2103 1456 3709 1533">
     <span class='ocr_line' id='line_1_41' title="bbox 2103 1456 3709 1533; baseline -0.003 -19"><span class='ocrx_word' id='word_1_307' title='bbox 2103 1464 2280 1517; x_wconf 81' lang='grc' dir='ltr'>ταῦτα</span> <span class='ocrx_word' id='word_1_308' title='bbox 2325 1465 2417 1516; x_wconf 72' lang='grc' dir='ltr'>καὶ</span> <span class='ocrx_word' id='word_1_309' title='bbox 2457 1465 2624 1533; x_wconf 77' lang='grc' dir='ltr'>μόνην</span> <span class='ocrx_word' id='word_1_310' title='bbox 2674 1464 2814 1524; x_wconf 81' lang='grc' dir='ltr'>τέως</span> <span class='ocrx_word' id='word_1_311' title='bbox 2856 1463 2949 1516; x_wconf 73' lang='grc' dir='ltr'>καὶ</span> <span class='ocrx_word' id='word_1_312' title='bbox 3009 1461 3106 1515; x_wconf 79' lang='grc' dir='ltr'><strong>τοῦ</strong></span> <span class='ocrx_word' id='word_1_313' title='bbox 3153 1459 3468 1515; x_wconf 86' lang='grc' dir='ltr'>ἀντιλυπεῖν</span> <span class='ocrx_word' id='word_1_314' title='bbox 3515 1456 3709 1528; x_wconf 77' lang='grc' dir='ltr'>ὄρεξιν</span> 
     </span>
    </p>
   </div>
   <div class='ocr_carea' id='block_1_42' title="bbox 2107 1552 3706 1626">
    <p class='ocr_par' dir='ltr' id='par_1_42' title="bbox 2107 1552 3706 1626">
     <span class='ocr_line' id='line_1_42' title="bbox 2107 1552 3706 1626; baseline -0.003 -18"><span class='ocrx_word' id='word_1_315' title='bbox 2107 1554 2276 1625; x_wconf 76' lang='grc' dir='ltr'>ῲοντο</span> <span class='ocrx_word' id='word_1_316' title='bbox 2317 1552 2460 1609; x_wconf 72' lang='grc' dir='ltr'>εἶναι</span> <span class='ocrx_word' id='word_1_317' title='bbox 2491 1558 2583 1609; x_wconf 76' lang='grc' dir='ltr'>καὶ</span> <span class='ocrx_word' id='word_1_318' title='bbox 2621 1557 3018 1626; x_wconf 76' lang='grc' dir='ltr'>ὴφροντίστουν</span> <span class='ocrx_word' id='word_1_319' title='bbox 3061 1557 3156 1610; x_wconf 67' lang='grc' dir='ltr'>καὶ</span> <span class='ocrx_word' id='word_1_320' title='bbox 3183 1553 3526 1624; x_wconf 80' lang='grc' dir='ltr'>κατημέλουν</span> <span class='ocrx_word' id='word_1_321' title='bbox 3556 1553 3706 1622; x_wconf 76' lang='grc' dir='ltr'>γρά-</span> 
     </span>
    </p>
   </div>
   <div class='ocr_carea' id='block_1_43' title="bbox 2107 1645 3708 1720">
    <p class='ocr_par' dir='ltr' id='par_1_43' title="bbox 2107 1645 3708 1720">
     <span class='ocr_line' id='line_1_43' title="bbox 2107 1645 3708 1720; baseline -0.004 -17"><span class='ocrx_word' id='word_1_322' title='bbox 2107 1665 2319 1717; x_wconf 79' lang='grc' dir='ltr'>φοντος.</span> <span class='ocrx_word' id='word_1_323' title='bbox 2353 1649 2494 1702; x_wconf 74' lang='grc' dir='ltr'>Πολὺ</span> <span class='ocrx_word' id='word_1_324' title='bbox 2527 1650 2574 1702; x_wconf 77' lang='grc' dir='ltr'>δ’</span> <span class='ocrx_word' id='word_1_325' title='bbox 2623 1649 2851 1720; x_wconf 82' lang='grc' dir='ltr'>ὑφείρπε</span> <span class='ocrx_word' id='word_1_326' title='bbox 2888 1647 3049 1702; x_wconf 82' lang='grc' dir='ltr'>τοῦτο</span> <span class='ocrx_word' id='word_1_327' title='bbox 3075 1647 3179 1701; x_wconf 81' lang='grc' dir='ltr'><strong>ἀνὰ</strong></span> <span class='ocrx_word' id='word_1_328' title='bbox 3204 1647 3306 1719; x_wconf 82' lang='grc' dir='ltr'>τὴν</span> <span class='ocrx_word' id='word_1_329' title='bbox 3347 1645 3708 1700; x_wconf 84' lang='grc' dir='ltr'>Κωνσταντί-</span> 
     </span>
    </p>
   </div>
   <div class='ocr_carea' id='block_1_44' title="bbox 2107 1737 3712 1810">
    <p class='ocr_par' dir='ltr' id='par_1_44' title="bbox 2107 1737 3712 1810">
     <span class='ocr_line' id='line_1_44' title="bbox 2107 1737 3712 1810; baseline -0.002 -16"><span class='ocrx_word' id='word_1_330' title='bbox 2107 1759 2222 1802; x_wconf 83' lang='grc' dir='ltr'>νου,</span> <span class='ocrx_word' id='word_1_331' title='bbox 2270 1743 2396 1810; x_wconf 76' lang='grc' dir='ltr'>περὶ</span> <span class='ocrx_word' id='word_1_332' title='bbox 2435 1743 2532 1810; x_wconf 78' lang='grc' dir='ltr'>μὲν</span> <span class='ocrx_word' id='word_1_333' title='bbox 2557 1741 2650 1794; x_wconf 73' lang='grc' dir='ltr'>τοῦ</span> <span class='ocrx_word' id='word_1_334' title='bbox 2703 1741 2826 1794; x_wconf 80' lang='grc' dir='ltr'>καθ’</span> <span class='ocrx_word' id='word_1_335' title='bbox 2875 1741 3040 1794; x_wconf 69' lang='grc' dir='ltr'>αὐτὸν</span> <span class='ocrx_word' id='word_1_336' title='bbox 3089 1739 3557 1808; x_wconf 82' lang='grc' dir='ltr'>ὑποστελλομένου</span> <span class='ocrx_word' id='word_1_337' title='bbox 3589 1737 3712 1790; x_wconf 85' lang='grc' dir='ltr'><strong>τῶν</strong></span> 
     </span>
    </p>
   </div>
   <div class='ocr_carea' id='block_1_45' title="bbox 2109 1833 3713 1904">
    <p class='ocr_par' dir='ltr' id='par_1_45' title="bbox 2109 1833 3713 1904">
     <span class='ocr_line' id='line_1_45' title="bbox 2109 1833 3713 1904; baseline -0.002 -17"><span class='ocrx_word' id='word_1_338' title='bbox 2109 1835 2416 1888; x_wconf 83' lang='grc' dir='ltr'>ἀκουόντων</span> <span class='ocrx_word' id='word_1_339' title='bbox 2444 1834 2697 1900; x_wconf 77' lang='grc' dir='ltr'>ἑκάστου,</span> <span class='ocrx_word' id='word_1_340' title='bbox 2727 1833 2802 1897; x_wconf 83' lang='grc' dir='ltr'>ὡς</span> <span class='ocrx_word' id='word_1_341' title='bbox 2834 1834 2909 1904; x_wconf 86' lang='grc' dir='ltr'>μὴ</span> <span class='ocrx_word' id='word_1_342' title='bbox 2925 1835 3129 1886; x_wconf 85' lang='grc' dir='ltr'>δοκοῖεν</span> <span class='ocrx_word' id='word_1_343' title='bbox 3149 1835 3240 1904; x_wconf 76' lang='grc' dir='ltr'>ἀφ’</span> <span class='ocrx_word' id='word_1_344' title='bbox 3263 1833 3470 1886; x_wconf 79' lang='grc' dir='ltr'>ἑαυτῶν</span> <span class='ocrx_word' id='word_1_345' title='bbox 3493 1833 3713 1903; x_wconf 67' lang='grc' dir='ltr'>μέμφεο</span> 
     </span>
    </p>
   </div>
   <div class='ocr_carea' id='block_1_46' title="bbox 2115 1925 3712 1997">
    <p class='ocr_par' dir='ltr' id='par_1_46' title="bbox 2115 1925 3712 1997">
     <span class='ocr_line' id='line_1_46' title="bbox 2115 1925 3712 1997; baseline 0.001 -18"><span class='ocrx_word' id='word_1_346' title='bbox 2115 1927 2259 1989; x_wconf 84' lang='grc' dir='ltr'>σθαι,</span> <span class='ocrx_word' id='word_1_347' title='bbox 2291 1927 2402 1978; x_wconf 86' lang='grc' dir='ltr'>δεῖν</span> <span class='ocrx_word' id='word_1_348' title='bbox 2447 1925 2503 1978; x_wconf 85' lang='grc' dir='ltr'>δὲ</span> <span class='ocrx_word' id='word_1_349' title='bbox 2535 1928 2627 1979; x_wconf 72' lang='grc' dir='ltr'>καὶ</span> <span class='ocrx_word' id='word_1_350' title='bbox 2652 1926 2728 1988; x_wconf 81' lang='grc' dir='ltr'>ὼς</span> <span class='ocrx_word' id='word_1_351' title='bbox 2782 1926 2908 1994; x_wconf 76' lang='grc' dir='ltr'><strong>ὲνῆν</strong></span> <span class='ocrx_word' id='word_1_352' title='bbox 2958 1927 3251 1997; x_wconf 79' lang='grc' dir='ltr'>προσέχειν</span> <span class='ocrx_word' id='word_1_353' title='bbox 3296 1925 3593 1993; x_wconf 82' lang='grc' dir='ltr'>λεγόντων,</span> <span class='ocrx_word' id='word_1_354' title='bbox 3629 1925 3712 1992; x_wconf 87' lang='grc' dir='ltr'>μή</span> 
     </span>
    </p>
   </div>
   <div class='ocr_carea' id='block_1_47' title="bbox 2117 2015 3711 2086">
    <p class='ocr_par' dir='ltr' id='par_1_47' title="bbox 2117 2015 3711 2086">
     <span class='ocr_line' id='line_1_47' title="bbox 2117 2015 3711 2086; baseline 0 -18"><span class='ocrx_word' id='word_1_355' title='bbox 2117 2034 2232 2075; x_wconf 72' lang='grc' dir='ltr'><strong>πως</strong></span> <span class='ocrx_word' id='word_1_356' title='bbox 2255 2019 2282 2068; x_wconf 80' lang='grc' dir='ltr'>ὁ</span> <span class='ocrx_word' id='word_1_357' title='bbox 2309 2016 2463 2083; x_wconf 65' lang='grc' dir='ltr'>λόγος</span> <span class='ocrx_word' id='word_1_358' title='bbox 2494 2016 2605 2086; x_wconf 78' lang='grc' dir='ltr'>ἔχοι</span> <span class='ocrx_word' id='word_1_359' title='bbox 2630 2019 2689 2068; x_wconf 85' lang='grc' dir='ltr'>τὸ</span> <span class='ocrx_word' id='word_1_360' title='bbox 2723 2015 2948 2068; x_wconf 77' lang='grc' dir='ltr'>πιθανὸν</span> <span class='ocrx_word' id='word_1_361' title='bbox 2989 2018 3084 2068; x_wconf 67' lang='grc' dir='ltr'>καὶ</span> <span class='ocrx_word' id='word_1_362' title='bbox 3107 2018 3272 2085; x_wconf 85' lang='grc' dir='ltr'>μέσον</span> <span class='ocrx_word' id='word_1_363' title='bbox 3304 2017 3451 2070; x_wconf 86' lang='grc' dir='ltr'>δυοῖν</span> <span class='ocrx_word' id='word_1_364' title='bbox 3487 2017 3711 2086; x_wconf 78' lang='grc' dir='ltr'>ἐριζόν-</span> 
     </span>
    </p>
   </div>
   <div class='ocr_carea' id='block_1_48' title="bbox 2118 2108 3710 2178">
    <p class='ocr_par' dir='ltr' id='par_1_48' title="bbox 2118 2108 3710 2178">
     <span class='ocr_line' id='line_1_48' title="bbox 2118 2108 3710 2178; baseline 0.003 -20"><span class='ocrx_word' id='word_1_365' title='bbox 2118 2126 2229 2161; x_wconf 87' lang='grc' dir='ltr'>τοιν</span> <span class='ocrx_word' id='word_1_366' title='bbox 2286 2109 2438 2161; x_wconf 75' lang='grc' dir='ltr'>αὐτοὶ</span> <span class='ocrx_word' id='word_1_367' title='bbox 2493 2108 2876 2162; x_wconf 58' lang='grc' dir='ltr'>κινδννεύοιεν.</span> <span class='ocrx_word' id='word_1_368' title='bbox 2933 2111 3138 2178; x_wconf 84' lang='grc' dir='ltr'>Ἐφερε</span> <span class='ocrx_word' id='word_1_369' title='bbox 3183 2108 3239 2161; x_wconf 86' lang='grc' dir='ltr'><strong>δέ</strong></span> <span class='ocrx_word' id='word_1_370' title='bbox 3272 2108 3488 2172; x_wconf 82' lang='grc' dir='ltr'>πολλοῖς</span> <span class='ocrx_word' id='word_1_371' title='bbox 3517 2109 3710 2177; x_wconf 79' lang='grc' dir='ltr'><strong>νοῦνή</strong></span> 
     </span>
    </p>
   </div>
   <div class='ocr_carea' id='block_1_49' title="bbox 2118 2197 3713 2270">
    <p class='ocr_par' dir='ltr' id='par_1_49' title="bbox 2118 2197 3713 2270">
     <span class='ocr_line' id='line_1_49' title="bbox 2118 2197 3713 2270; baseline 0.002 -22"><span class='ocrx_word' id='word_1_372' title='bbox 2118 2197 2215 2249; x_wconf 77' lang='grc' dir='ltr'>τοῦ</span> <span class='ocrx_word' id='word_1_373' title='bbox 2247 2198 2454 2250; x_wconf 82' lang='grc' dir='ltr'>Βέκκου</span> <span class='ocrx_word' id='word_1_374' title='bbox 2488 2199 2829 2269; x_wconf 76' lang='grc' dir='ltr'>ἀντίρρησις,</span> <span class='ocrx_word' id='word_1_375' title='bbox 2887 2199 2978 2252; x_wconf 79' lang='grc' dir='ltr'>καὶ</span> <span class='ocrx_word' id='word_1_376' title='bbox 3021 2199 3412 2269; x_wconf 81' lang='grc' dir='ltr'>ὲφυλοκρίνουν</span> <span class='ocrx_word' id='word_1_377' title='bbox 3454 2198 3713 2270; x_wconf 81' lang='grc' dir='ltr'>ἀκριϐῶς</span> 
     </span>
    </p>
   </div>
   <div class='ocr_carea' id='block_1_50' title="bbox 2120 2288 3712 2362">
    <p class='ocr_par' dir='ltr' id='par_1_50' title="bbox 2120 2288 3712 2362">
     <span class='ocr_line' id='line_1_50' title="bbox 2120 2288 3712 2362; baseline 0.003 -22"><span class='ocrx_word' id='word_1_378' title='bbox 2120 2288 2216 2358; x_wconf 80' lang='grc' dir='ltr'>τὴν</span> <span class='ocrx_word' id='word_1_379' title='bbox 2245 2289 2524 2359; x_wconf 79' lang='grc' dir='ltr'>ἐξήγησιν,</span> <span class='ocrx_word' id='word_1_380' title='bbox 2550 2291 2643 2341; x_wconf 73' lang='grc' dir='ltr'><strong>καὶ</strong></span> <span class='ocrx_word' id='word_1_381' title='bbox 2670 2289 2870 2358; x_wconf 81' lang='grc' dir='ltr'>μᾶλλον</span> <span class='ocrx_word' id='word_1_382' title='bbox 2892 2291 2972 2343; x_wconf 84' lang='grc' dir='ltr'>ὅτι</span> <span class='ocrx_word' id='word_1_383' title='bbox 2998 2290 3108 2344; x_wconf 75' lang='grc' dir='ltr'>οὐδ’</span> <span class='ocrx_word' id='word_1_384' title='bbox 3131 2290 3285 2344; x_wconf 76' lang='grc' dir='ltr'>αὐτοί</span> <span class='ocrx_word' id='word_1_385' title='bbox 3306 2308 3366 2359; x_wconf 88' lang='grc' dir='ltr'><strong>γε</strong></span> <span class='ocrx_word' id='word_1_386' title='bbox 3392 2293 3441 2343; x_wconf 91' lang='grc' dir='ltr'>οἱ</span> <span class='ocrx_word' id='word_1_387' title='bbox 3469 2293 3712 2362; x_wconf 79' lang='grc' dir='ltr'>ὑπογρά-</span> 
     </span>
    </p>
   </div>
   <div class='ocr_carea' id='block_1_51' title="bbox 2123 2470 3718 2541">
    <p class='ocr_par' dir='ltr' id='par_1_51' title="bbox 2123 2470 3718 2541">
     <span class='ocr_line' id='line_1_51' title="bbox 2123 2470 3718 2541; baseline 0.003 -20"><span class='ocrx_word' id='word_1_388' title='bbox 2123 2485 2243 2536; x_wconf 77' lang='lat' dir='ltr'><strong>quze</strong></span> <span class='ocrx_word' id='word_1_389' title='bbox 2277 2470 2366 2524; x_wconf 90' lang='lat' dir='ltr'><strong>ille</strong></span> <span class='ocrx_word' id='word_1_390' title='bbox 2427 2470 2629 2525; x_wconf 75' lang='lat' dir='ltr'><strong>frustra</strong></span> <span class='ocrx_word' id='word_1_391' title='bbox 2661 2471 3003 2541; x_wconf 87' lang='lat' dir='ltr'><strong>distinguere</strong></span> <span class='ocrx_word' id='word_1_392' title='bbox 3066 2472 3370 2529; x_wconf 82' lang='lat' dir='ltr'><strong>contendit.</strong></span> <span class='ocrx_word' id='word_1_393' title='bbox 3414 2471 3543 2528; x_wconf 64' lang='lat' dir='ltr'><strong>Haec</strong></span> <span class='ocrx_word' id='word_1_394' title='bbox 3583 2479 3718 2526; x_wconf 88' lang='lat' dir='ltr'><strong>erat</strong></span> 
     </span>
    </p>
   </div>
   <div class='ocr_carea' id='block_1_52' title="bbox 2140 2562 3721 2634">
    <p class='ocr_par' dir='ltr' id='par_1_52' title="bbox 2140 2562 3721 2634">
     <span class='ocr_line' id='line_1_52' title="bbox 2140 2562 3721 2634; baseline 0.004 -21"><span class='ocrx_word' id='word_1_395' title='bbox 2140 2562 2820 2631; x_wconf 70' lang='lat' dir='ltr'><strong>Veceiargunwntationis</strong></span> <span class='ocrx_word' id='word_1_396' title='bbox 2865 2579 3081 2618; x_wconf 87' lang='lat' dir='ltr'><strong>summa</strong></span> <span class='ocrx_word' id='word_1_397' title='bbox 3140 2564 3346 2634; x_wconf 90' lang='lat' dir='ltr'><strong>scripto</strong></span> <span class='ocrx_word' id='word_1_398' title='bbox 3405 2565 3721 2634; x_wconf 80' lang='lat' dir='ltr'><strong>prolixiore</strong></span> 
     </span>
    </p>
   </div>
   <div class='ocr_carea' id='block_1_53' title="bbox 2127 2657 3720 2728">
    <p class='ocr_par' dir='ltr' id='par_1_53' title="bbox 2127 2657 3720 2728">
     <span class='ocr_line' id='line_1_53' title="bbox 2127 2657 3720 2728; baseline 0.002 -19"><span class='ocrx_word' id='word_1_399' title='bbox 2127 2657 2440 2710; x_wconf 67' lang='lat' dir='ltr'><strong>declarane.</strong></span> <span class='ocrx_word' id='word_1_400' title='bbox 2480 2657 2634 2722; x_wconf 80' lang='lat' dir='ltr'><strong>Quod</strong></span> <span class='ocrx_word' id='word_1_401' title='bbox 2671 2658 2759 2711; x_wconf 89' lang='lat' dir='ltr'><strong>ille</strong></span> <span class='ocrx_word' id='word_1_402' title='bbox 2799 2659 3066 2728; x_wconf 90' lang='lat' dir='ltr'><strong>scriptum</strong></span> <span class='ocrx_word' id='word_1_403' title='bbox 3120 2674 3245 2712; x_wconf 92' lang='lat' dir='ltr'><strong>cum</strong></span> <span class='ocrx_word' id='word_1_404' title='bbox 3315 2660 3382 2712; x_wconf 87' lang='lat' dir='ltr'><strong>ad</strong></span> <span class='ocrx_word' id='word_1_405' title='bbox 3441 2660 3720 2728; x_wconf 90' lang='lat' dir='ltr'><strong>quosdam</strong></span> 
     </span>
    </p>
   </div>
   <div class='ocr_carea' id='block_1_54' title="bbox 2126 2748 3720 2818">
    <p class='ocr_par' dir='ltr' id='par_1_54' title="bbox 2126 2748 3720 2818">
     <span class='ocr_line' id='line_1_54' title="bbox 2126 2748 3720 2818; baseline 0.001 -16"><span class='ocrx_word' id='word_1_406' title='bbox 2126 2749 2227 2802; x_wconf 91' lang='lat' dir='ltr'><strong>sibi</strong></span> <span class='ocrx_word' id='word_1_407' title='bbox 2255 2748 2650 2801; x_wconf 68' lang='lat' dir='ltr'><strong>adlwrentium</strong></span> <span class='ocrx_word' id='word_1_408' title='bbox 2675 2749 2937 2813; x_wconf 88' lang='lat' dir='ltr'><strong>misisset,</strong></span> <span class='ocrx_word' id='word_1_409' title='bbox 2968 2749 3276 2818; x_wconf 91' lang='lat' dir='ltr'><strong>dispersum</strong></span> <span class='ocrx_word' id='word_1_410' title='bbox 3337 2750 3405 2806; x_wconf 85' lang='lat' dir='ltr'><strong>ab</strong></span> <span class='ocrx_word' id='word_1_411' title='bbox 3444 2750 3552 2804; x_wconf 89' lang='lat' dir='ltr'><strong>illis</strong></span> <span class='ocrx_word' id='word_1_412' title='bbox 3599 2759 3720 2812; x_wconf 87' lang='lat' dir='ltr'><strong>est,</strong></span> 
     </span>
    </p>
   </div>
   <div class='ocr_carea' id='block_1_55' title="bbox 2126 2841 3716 2912">
    <p class='ocr_par' dir='ltr' id='par_1_55' title="bbox 2126 2841 3716 2912">
     <span class='ocr_line' id='line_1_55' title="bbox 2126 2841 3716 2912; baseline -0.001 -16"><span class='ocrx_word' id='word_1_413' title='bbox 2126 2853 2178 2896; x_wconf 91' lang='lat' dir='ltr'><strong>et</strong></span> <span class='ocrx_word' id='word_1_414' title='bbox 2209 2841 2437 2910; x_wconf 86' lang='lat' dir='ltr'><strong>judiciis</strong></span> <span class='ocrx_word' id='word_1_415' title='bbox 2464 2841 2778 2909; x_wconf 76' lang='lat' dir='ltr'><strong>expositum</strong></span> <span class='ocrx_word' id='word_1_416' title='bbox 2802 2841 3072 2895; x_wconf 89' lang='lat' dir='ltr'><strong>lectorum</strong></span> <span class='ocrx_word' id='word_1_417' title='bbox 3106 2841 3171 2894; x_wconf 90' lang='lat' dir='ltr'><strong>ad</strong></span> <span class='ocrx_word' id='word_1_418' title='bbox 3204 2841 3471 2912; x_wconf 88' lang='lat' dir='ltr'><strong>liquidum</strong></span> <span class='ocrx_word' id='word_1_419' title='bbox 3521 2842 3716 2911; x_wconf 82' lang='lat' dir='ltr'><strong>explo-</strong></span> 
     </span>
    </p>
   </div>
   <div class='ocr_carea' id='block_1_56' title="bbox 2127 2931 3720 3002">
    <p class='ocr_par' dir='ltr' id='par_1_56' title="bbox 2127 2931 3720 3002">
     <span class='ocr_line' id='line_1_56' title="bbox 2127 2931 3720 3002; baseline -0.001 -17"><span class='ocrx_word' id='word_1_420' title='bbox 2127 2948 2251 2986; x_wconf 85' lang='lat' dir='ltr'><strong>rare</strong></span> <span class='ocrx_word' id='word_1_421' title='bbox 2276 2933 2616 2987; x_wconf 78' lang='lat' dir='ltr'><strong>studcnlium</strong></span> <span class='ocrx_word' id='word_1_422' title='bbox 2651 2932 2935 2986; x_wconf 85' lang='lat' dir='ltr'><strong>veritatem</strong></span> <span class='ocrx_word' id='word_1_423' title='bbox 2981 2931 3116 2986; x_wconf 90' lang='lat' dir='ltr'><strong>recti</strong></span> <span class='ocrx_word' id='word_1_424' title='bbox 3151 2931 3441 3002; x_wconf 80' lang='lat' dir='ltr'><strong>dogmatis,</strong></span> <span class='ocrx_word' id='word_1_425' title='bbox 3477 2947 3720 3002; x_wconf 89' lang='lat' dir='ltr'><strong>quorum</strong></span> 
     </span>
    </p>
   </div>
   <div class='ocr_carea' id='block_1_57' title="bbox 2128 3023 3718 3094">
    <p class='ocr_par' dir='ltr' id='par_1_57' title="bbox 2128 3023 3718 3094">
     <span class='ocr_line' id='line_1_57' title="bbox 2128 3023 3718 3094; baseline 0 -16"><span class='ocrx_word' id='word_1_426' title='bbox 2128 3038 2187 3078; x_wconf 89' lang='lat' dir='ltr'><strong>se</strong></span> <span class='ocrx_word' id='word_1_427' title='bbox 2225 3023 2476 3079; x_wconf 80' lang='lat' dir='ltr'><strong>censuris</strong></span> <span class='ocrx_word' id='word_1_428' title='bbox 2537 3039 2691 3077; x_wconf 83' lang='lat' dir='ltr'><strong>suam</strong></span> <span class='ocrx_word' id='word_1_429' title='bbox 2733 3023 3158 3093; x_wconf 87' lang='lat' dir='ltr'><strong>disputationem</strong></span> <span class='ocrx_word' id='word_1_430' title='bbox 3215 3023 3373 3094; x_wconf 77' lang='lat'><strong>115</strong></span> <span class='ocrx_word' id='word_1_431' title='bbox 3435 3023 3718 3093; x_wconf 77' lang='lat' dir='ltr'><strong>subjicere</strong></span> 
     </span>
    </p>
   </div>
   <div class='ocr_carea' id='block_1_58' title="bbox 2131 3115 3725 3186">
    <p class='ocr_par' dir='ltr' id='par_1_58' title="bbox 2131 3115 3725 3186">
     <span class='ocr_line' id='line_1_58' title="bbox 2131 3115 3725 3186; baseline 0.003 -18"><span class='ocrx_word' id='word_1_432' title='bbox 2131 3125 2328 3169; x_wconf 89' lang='lat' dir='ltr'><strong>auctor</strong></span> <span class='ocrx_word' id='word_1_433' title='bbox 2363 3115 2744 3184; x_wconf 78' lang='lat' dir='ltr'><strong>profitebatur.</strong></span> <span class='ocrx_word' id='word_1_434' title='bbox 2783 3116 3056 3170; x_wconf 70' lang='lat' dir='ltr'><strong>Caeterum</strong></span> <span class='ocrx_word' id='word_1_435' title='bbox 3093 3116 3205 3186; x_wconf 88' lang='lat' dir='ltr'><strong>jam</strong></span> <span class='ocrx_word' id='word_1_436' title='bbox 3232 3125 3366 3180; x_wconf 91' lang='lat' dir='ltr'><strong>tum,</strong></span> <span class='ocrx_word' id='word_1_437' title='bbox 3413 3131 3537 3171; x_wconf 88' lang='lat' dir='ltr'><strong>cum</strong></span> <span class='ocrx_word' id='word_1_438' title='bbox 3601 3118 3725 3172; x_wconf 57' lang='lat' dir='ltr'><strong>haec</strong></span> 
     </span>
    </p>
   </div>
   <div class='ocr_carea' id='block_1_59' title="bbox 438 3206 3726 3300">
    <p class='ocr_par' dir='ltr' id='par_1_59' title="bbox 438 3206 3726 3300">
     <span class='ocr_line' id='line_1_59' title="bbox 438 3206 3726 3300; baseline 0.001 -43"><span class='ocrx_word' id='word_1_439' title='bbox 438 3215 770 3270; x_wconf 83' lang='lat' dir='ltr'><strong>averterent,</strong></span> <span class='ocrx_word' id='word_1_440' title='bbox 809 3208 880 3260; x_wconf 89' lang='lat' dir='ltr'><strong>ita</strong></span> <span class='ocrx_word' id='word_1_441' title='bbox 911 3219 966 3262; x_wconf 91' lang='lat' dir='ltr'><strong>ut</strong></span> <span class='ocrx_word' id='word_1_442' title='bbox 998 3209 1042 3262; x_wconf 90' lang='lat' dir='ltr'><strong>si</strong></span> <span class='ocrx_word' id='word_1_443' title='bbox 1081 3209 1210 3277; x_wconf 86' lang='lat' dir='ltr'><strong>quid</strong></span> <span class='ocrx_word' id='word_1_444' title='bbox 1255 3224 1316 3262; x_wconf 88' lang='lat' dir='ltr'><strong>ea</strong></span> <span class='ocrx_word' id='word_1_445' title='bbox 1343 3223 1490 3262; x_wconf 79' lang='lat' dir='ltr'><strong>sana:</strong></span> <span class='ocrx_word' id='word_1_446' title='bbox 1511 3207 1579 3262; x_wconf 86' lang='lat' dir='ltr'><strong>de</strong></span> <span class='ocrx_word' id='word_1_447' title='bbox 1619 3206 1728 3262; x_wconf 85' lang='lat' dir='ltr'><strong>Deo</strong></span> <span class='ocrx_word' id='word_1_448' title='bbox 1761 3207 2026 3261; x_wconf 59' lang='lat' dir='ltr'><strong>doctrina:</strong></span> <span class='ocrx_word' id='word_1_449' title='bbox 2052 3242 2096 3300; x_wconf 65' lang='grc' dir='ltr'>ο</span> <span class='ocrx_word' id='word_1_450' title='bbox 2133 3207 2341 3262; x_wconf 76' lang='lat' dir='ltr'><strong>V’eccus</strong></span> <span class='ocrx_word' id='word_1_451' title='bbox 2373 3206 2671 3272; x_wconf 80' lang='lat' dir='ltr'><strong>inchoavit,</strong></span> <span class='ocrx_word' id='word_1_452' title='bbox 2700 3221 2806 3260; x_wconf 90' lang='lat' dir='ltr'><strong>non</strong></span> <span class='ocrx_word' id='word_1_453' title='bbox 2844 3207 3368 3261; x_wconf 87' lang='lat' dir='ltr'><strong>latuitadversarios</strong></span> <span class='ocrx_word' id='word_1_454' title='bbox 3385 3222 3550 3276; x_wconf 84' lang='lat' dir='ltr'><strong>super</strong></span> <span class='ocrx_word' id='word_1_455' title='bbox 3612 3209 3726 3262; x_wconf 89' lang='lat' dir='ltr'><strong>hoc</strong></span> 
     </span>
    </p>
   </div>
   <div class='ocr_carea' id='block_1_60' title="bbox 441 3299 2025 3365">
    <p class='ocr_par' dir='ltr' id='par_1_60' title="bbox 441 3299 2025 3365">
     <span class='ocr_line' id='line_1_60' title="bbox 441 3299 2025 3365; baseline 0.001 -13"><span class='ocrx_word' id='word_1_456' title='bbox 441 3315 502 3354; x_wconf 79' lang='lat' dir='ltr'><strong>re</strong></span> <span class='ocrx_word' id='word_1_457' title='bbox 536 3315 663 3354; x_wconf 87' lang='lat' dir='ltr'><strong>vera</strong></span> <span class='ocrx_word' id='word_1_458' title='bbox 690 3302 1030 3355; x_wconf 88' lang='lat' dir='ltr'><strong>contrarium</strong></span> <span class='ocrx_word' id='word_1_459' title='bbox 1063 3311 1302 3365; x_wconf 86' lang='lat' dir='ltr'><strong>sonaret,</strong></span> <span class='ocrx_word' id='word_1_460' title='bbox 1332 3299 1513 3355; x_wconf 78' lang='lat' dir='ltr'><strong>fraudi</strong></span> <span class='ocrx_word' id='word_1_461' title='bbox 1545 3301 1596 3355; x_wconf 88' lang='lat' dir='ltr'><strong>id</strong></span> <span class='ocrx_word' id='word_1_462' title='bbox 1631 3317 1737 3356; x_wconf 91' lang='lat' dir='ltr'><strong>non</strong></span> <span class='ocrx_word' id='word_1_463' title='bbox 1784 3300 1923 3356; x_wconf 87' lang='lat' dir='ltr'><strong>foret</strong></span> <span class='ocrx_word' id='word_1_464' title='bbox 1949 3300 2025 3355; x_wconf 85' lang='lat' dir='ltr'><strong>si-</strong></span> 
     </span>
    </p>
   </div>
   <div class='ocr_carea' id='block_1_61' title="bbox 444 3391 2024 3461">
    <p class='ocr_par' dir='ltr' id='par_1_61' title="bbox 444 3391 2024 3461">
     <span class='ocr_line' id='line_1_61' title="bbox 444 3391 2024 3461; baseline 0.001 -17"><span class='ocrx_word' id='word_1_465' title='bbox 444 3391 522 3454; x_wconf 93' lang='lat' dir='ltr'><strong>bi,</strong></span> <span class='ocrx_word' id='word_1_466' title='bbox 553 3393 644 3461; x_wconf 89' lang='lat' dir='ltr'><strong>qui</strong></span> <span class='ocrx_word' id='word_1_467' title='bbox 685 3392 862 3446; x_wconf 86' lang='lat' dir='ltr'><strong>aliena</strong></span> <span class='ocrx_word' id='word_1_468' title='bbox 897 3393 1054 3446; x_wconf 88' lang='lat' dir='ltr'><strong>tracti</strong></span> <span class='ocrx_word' id='word_1_469' title='bbox 1095 3393 1423 3448; x_wconf 86' lang='lat' dir='ltr'><strong>auctoritate</strong></span> <span class='ocrx_word' id='word_1_470' title='bbox 1470 3393 1634 3448; x_wconf 87' lang='lat' dir='ltr'><strong>istam</strong></span> <span class='ocrx_word' id='word_1_471' title='bbox 1689 3393 2024 3447; x_wconf 89' lang='lat' dir='ltr'><strong>locutionem</strong></span> 
     </span>
    </p>
   </div>
   <div class='ocr_carea' id='block_1_62' title="bbox 446 3485 2023 3556">
    <p class='ocr_par' dir='ltr' id='par_1_62' title="bbox 446 3485 2023 3556">
     <span class='ocr_line' id='line_1_62' title="bbox 446 3485 2023 3556; baseline 0.001 -18"><span class='ocrx_word' id='word_1_472' title='bbox 446 3488 866 3554; x_wconf 82' lang='lat' dir='ltr'><strong>approbassem,</strong></span> <span class='ocrx_word' id='word_1_473' title='bbox 897 3487 988 3540; x_wconf 86' lang='lat' dir='ltr'><strong>sed</strong></span> <span class='ocrx_word' id='word_1_474' title='bbox 1008 3486 1125 3555; x_wconf 90' lang='lat' dir='ltr'><strong>ejus</strong></span> <span class='ocrx_word' id='word_1_475' title='bbox 1161 3487 1234 3540; x_wconf 87' lang='lat' dir='ltr'><strong>rei</strong></span> <span class='ocrx_word' id='word_1_476' title='bbox 1265 3495 1374 3540; x_wconf 87' lang='lat' dir='ltr'><strong>tota</strong></span> <span class='ocrx_word' id='word_1_477' title='bbox 1398 3485 1578 3556; x_wconf 84' lang='lat' dir='ltr'><strong>culpa,</strong></span> <span class='ocrx_word' id='word_1_478' title='bbox 1598 3485 1644 3541; x_wconf 94' lang='lat' dir='ltr'><strong>si</strong></span> <span class='ocrx_word' id='word_1_479' title='bbox 1671 3487 1854 3540; x_wconf 87' lang='lat' dir='ltr'><strong>minus</strong></span> <span class='ocrx_word' id='word_1_480' title='bbox 1883 3486 2023 3552; x_wconf 84' lang='lat' dir='ltr'><strong>apud</strong></span> 
     </span>
    </p>
   </div>
   <div class='ocr_carea' id='block_1_63' title="bbox 447 3572 2027 3647">
    <p class='ocr_par' dir='ltr' id='par_1_63' title="bbox 447 3572 2027 3647">
     <span class='ocr_line' id='line_1_63' title="bbox 447 3572 2027 3647; baseline 0.003 -20"><span class='ocrx_word' id='word_1_481' title='bbox 447 3575 720 3638; x_wconf 89' lang='lat' dir='ltr'><strong>homines,</strong></span> <span class='ocrx_word' id='word_1_482' title='bbox 751 3585 900 3630; x_wconf 86' lang='lat' dir='ltr'><strong>certe</strong></span> <span class='ocrx_word' id='word_1_483' title='bbox 933 3577 1077 3646; x_wconf 90' lang='lat' dir='ltr'><strong>apud</strong></span> <span class='ocrx_word' id='word_1_484' title='bbox 1115 3577 1282 3632; x_wconf 91' lang='lat' dir='ltr'><strong>Deum</strong></span> <span class='ocrx_word' id='word_1_485' title='bbox 1341 3577 1610 3647; x_wconf 79' lang='lat' dir='ltr'><strong>iudicem,</strong></span> <span class='ocrx_word' id='word_1_486' title='bbox 1660 3572 2027 3646; x_wconf 88' lang='lat' dir='ltr'><strong>imputaretur</strong></span> 
     </span>
    </p>
   </div>
   <div class='ocr_carea' id='block_1_64' title="bbox 452 3670 2027 3740">
    <p class='ocr_par' dir='ltr' id='par_1_64' title="bbox 452 3670 2027 3740">
     <span class='ocr_line' id='line_1_64' title="bbox 452 3670 2027 3740; baseline 0.001 -20"><span class='ocrx_word' id='word_1_487' title='bbox 452 3671 772 3723; x_wconf 89' lang='lat' dir='ltr'><strong>auctoribus</strong></span> <span class='ocrx_word' id='word_1_488' title='bbox 785 3679 837 3723; x_wconf 91' lang='lat' dir='ltr'><strong>et</strong></span> <span class='ocrx_word' id='word_1_489' title='bbox 852 3670 1179 3724; x_wconf 86' lang='lat' dir='ltr'><strong>suasoribus</strong></span> <span class='ocrx_word' id='word_1_490' title='bbox 1193 3671 1351 3725; x_wconf 85' lang='lat' dir='ltr'><strong>istius</strong></span> <span class='ocrx_word' id='word_1_491' title='bbox 1370 3671 1802 3740; x_wconf 85' lang='lat' dir='ltr'><strong>approbationis,</strong></span> <span class='ocrx_word' id='word_1_492' title='bbox 1825 3671 2027 3740; x_wconf 84' lang='lat' dir='ltr'><strong>quippe</strong></span> 
     </span>
    </p>
   </div>
   <div class='ocr_carea' id='block_1_65' title="bbox 450 3761 2028 3833">
    <p class='ocr_par' dir='ltr' id='par_1_65' title="bbox 450 3761 2028 3833">
     <span class='ocr_line' id='line_1_65' title="bbox 450 3761 2028 3833; baseline 0.004 -22"><span class='ocrx_word' id='word_1_493' title='bbox 450 3761 789 3815; x_wconf 86' lang='lat' dir='ltr'><strong>doctioribus</strong></span> <span class='ocrx_word' id='word_1_494' title='bbox 809 3761 1069 3816; x_wconf 75' lang='lat' dir='ltr'><strong>Ecclesia:</strong></span> <span class='ocrx_word' id='word_1_495' title='bbox 1103 3773 1270 3833; x_wconf 89' lang='lat' dir='ltr'><strong>atque</strong></span> <span class='ocrx_word' id='word_1_496' title='bbox 1297 3765 1348 3816; x_wconf 91' lang='lat' dir='ltr'><strong>in</strong></span> <span class='ocrx_word' id='word_1_497' title='bbox 1373 3763 1761 3832; x_wconf 80' lang='lat' dir='ltr'><strong>magistrorum</strong></span> <span class='ocrx_word' id='word_1_498' title='bbox 1781 3780 2028 3818; x_wconf 86' lang='lat' dir='ltr'><strong>commu-</strong></span> 
     </span>
    </p>
   </div>
   <div class='ocr_carea' id='block_1_66' title="bbox 448 3853 2028 3922">
    <p class='ocr_par' dir='ltr' id='par_1_66' title="bbox 448 3853 2028 3922">
     <span class='ocr_line' id='line_1_66' title="bbox 448 3853 2028 3922; baseline 0.002 -16"><span class='ocrx_word' id='word_1_499' title='bbox 448 3853 602 3906; x_wconf 80' lang='lat' dir='ltr'><strong>nium</strong></span> <span class='ocrx_word' id='word_1_500' title='bbox 640 3853 902 3922; x_wconf 80' lang='lat' dir='ltr'><strong>dignitate</strong></span> <span class='ocrx_word' id='word_1_501' title='bbox 937 3854 1272 3910; x_wconf 87' lang='lat' dir='ltr'><strong>constitutis.</strong></span> <span class='ocrx_word' id='word_1_502' title='bbox 1309 3853 1404 3910; x_wconf 86' lang='lat' dir='ltr'><strong>llis</strong></span> <span class='ocrx_word' id='word_1_503' title='bbox 1448 3858 1573 3910; x_wconf 86' lang='lat' dir='ltr'><strong>data</strong></span> <span class='ocrx_word' id='word_1_504' title='bbox 1611 3856 1664 3909; x_wconf 92' lang='lat' dir='ltr'><strong>in</strong></span> <span class='ocrx_word' id='word_1_505' title='bbox 1691 3871 1913 3910; x_wconf 86' lang='lat' dir='ltr'><strong>manum</strong></span> <span class='ocrx_word' id='word_1_506' title='bbox 1944 3863 2028 3910; x_wconf 88' lang='lat' dir='ltr'><strong>est</strong></span> 
     </span>
    </p>
   </div>
   <div class='ocr_carea' id='block_1_67' title="bbox 447 3945 2026 4019">
    <p class='ocr_par' dir='ltr' id='par_1_67' title="bbox 447 3945 2026 4019">
     <span class='ocr_line' id='line_1_67' title="bbox 447 3945 2026 4019; baseline 0.006 -26"><span class='ocrx_word' id='word_1_507' title='bbox 447 3959 613 4012; x_wconf 86' lang='lat' dir='ltr'><strong>quam</strong></span> <span class='ocrx_word' id='word_1_508' title='bbox 635 3945 888 4011; x_wconf 88' lang='lat' dir='ltr'><strong>petebant</strong></span> <span class='ocrx_word' id='word_1_509' title='bbox 909 3945 1253 4014; x_wconf 78' lang='lat' dir='ltr'><strong>syngrapha;</strong></span> <span class='ocrx_word' id='word_1_510' title='bbox 1286 3962 1392 4016; x_wconf 90' lang='lat' dir='ltr'><strong>qua</strong></span> <span class='ocrx_word' id='word_1_511' title='bbox 1431 3956 1653 4018; x_wconf 87' lang='lat' dir='ltr'><strong>accepta</strong></span> <span class='ocrx_word' id='word_1_512' title='bbox 1687 3948 2026 4019; x_wconf 87' lang='lat' dir='ltr'><strong>subscripse-</strong></span> 
     </span>
    </p>
   </div>
   <div class='ocr_carea' id='block_1_68' title="bbox 448 4046 601 4090">
    <p class='ocr_par' dir='ltr' id='par_1_68' title="bbox 448 4046 601 4090">
     <span class='ocr_line' id='line_1_68' title="bbox 448 4046 601 4090; baseline 0.007 -1"><span class='ocrx_word' id='word_1_513' title='bbox 448 4046 601 4090; x_wconf 75' lang='lat' dir='ltr'><strong>runt.</strong></span> 
     </span>
    </p>
   </div>
   <div class='ocr_carea' id='block_1_69' title="bbox 452 4129 2027 4212">
    <p class='ocr_par' dir='ltr' id='par_1_69' title="bbox 452 4129 2027 4212">
     <span class='ocr_line' id='line_1_69' title="bbox 452 4129 2027 4212; baseline 0.003 -30"><span class='ocrx_word' id='word_1_514' title='bbox 452 4129 508 4182; x_wconf 75' lang='lat'><strong>‘2.</strong></span> <span class='ocrx_word' id='word_1_515' title='bbox 552 4129 618 4183; x_wconf 85' lang='lat' dir='ltr'><strong>Ut</strong></span> <span class='ocrx_word' id='word_1_516' title='bbox 653 4139 860 4196; x_wconf 77' lang='lat' dir='ltr'><strong>sumpto</strong></span> <span class='ocrx_word' id='word_1_517' title='bbox 911 4129 1101 4182; x_wconf 73' lang='lat' dir='ltr'><strong>Vaccus</strong></span> <span class='ocrx_word' id='word_1_518' title='bbox 1150 4130 1207 4184; x_wconf 81' lang='lat' dir='ltr'><strong>in</strong></span> <span class='ocrx_word' id='word_1_519' title='bbox 1241 4145 1428 4183; x_wconf 80' lang='lat' dir='ltr'><strong>ntanus</strong></span> <span class='ocrx_word' id='word_1_520' title='bbox 1478 4139 1616 4212; x_wconf 66' lang='lat' dir='ltr'><strong>tome</strong></span> <span class='ocrx_word' id='word_1_521' title='bbox 1669 4131 1923 4186; x_wconf 72' lang='lat' dir='ltr'><strong>invenerit</strong></span> <span class='ocrx_word' id='word_1_522' title='bbox 1973 4135 2027 4187; x_wconf 80' lang='lat' dir='ltr'><strong>iu</strong></span> 
     </span>
    </p>
   </div>
   <div class='ocr_carea' id='block_1_70' title="bbox 595 4202 1882 4270">
    <p class='ocr_par' dir='ltr' id='par_1_70' title="bbox 595 4202 1882 4270">
     <span class='ocr_line' id='line_1_70' title="bbox 595 4202 1882 4270; baseline 0.003 -18"><span class='ocrx_word' id='word_1_523' title='bbox 595 4216 653 4252; x_wconf 83' lang='lat' dir='ltr'><strong>eo</strong></span> <span class='ocrx_word' id='word_1_524' title='bbox 690 4216 805 4268; x_wconf 71' lang='lat' dir='ltr'><strong>qua:</strong></span> <span class='ocrx_word' id='word_1_525' title='bbox 839 4212 1150 4266; x_wconf 78' lang='lat' dir='ltr'><strong>accusaret;</strong></span> <span class='ocrx_word' id='word_1_526' title='bbox 1179 4211 1226 4254; x_wconf 85' lang='lat' dir='ltr'><strong>et</strong></span> <span class='ocrx_word' id='word_1_527' title='bbox 1254 4211 1310 4253; x_wconf 86' lang='lat' dir='ltr'><strong>ut</strong></span> <span class='ocrx_word' id='word_1_528' title='bbox 1341 4202 1549 4268; x_wconf 74' lang='lat' dir='ltr'><strong>coeperit</strong></span> <span class='ocrx_word' id='word_1_529' title='bbox 1593 4202 1882 4270; x_wconf 78' lang='lat' dir='ltr'><strong>insurgere.</strong></span> 
     </span>
    </p>
   </div>
   <div class='ocr_carea' id='block_1_71' title="bbox 526 4311 2026 4383">
    <p class='ocr_par' dir='ltr' id='par_1_71' title="bbox 526 4311 2026 4383">
     <span class='ocr_line' id='line_1_71' title="bbox 526 4311 2026 4383; baseline 0.003 -18"><span class='ocrx_word' id='word_1_530' title='bbox 526 4311 695 4366; x_wconf 80' lang='lat' dir='ltr'><strong>Breve</strong></span> <span class='ocrx_word' id='word_1_531' title='bbox 753 4314 806 4366; x_wconf 91' lang='lat' dir='ltr'><strong>in</strong></span> <span class='ocrx_word' id='word_1_532' title='bbox 833 4313 1012 4368; x_wconf 91' lang='lat' dir='ltr'><strong>medio</strong></span> <span class='ocrx_word' id='word_1_533' title='bbox 1047 4313 1308 4383; x_wconf 86' lang='lat' dir='ltr'><strong>spatium,</strong></span> <span class='ocrx_word' id='word_1_534' title='bbox 1371 4325 1424 4368; x_wconf 86' lang='lat' dir='ltr'><strong>et</strong></span> <span class='ocrx_word' id='word_1_535' title='bbox 1463 4313 1704 4382; x_wconf 86' lang='lat' dir='ltr'><strong>perlatus</strong></span> <span class='ocrx_word' id='word_1_536' title='bbox 1755 4322 1937 4370; x_wconf 90' lang='lat' dir='ltr'><strong>tomus</strong></span> <span class='ocrx_word' id='word_1_537' title='bbox 1973 4316 2026 4369; x_wconf 90' lang='lat' dir='ltr'><strong>in</strong></span> 
     </span>
    </p>
   </div>
   <div class='ocr_carea' id='block_1_72' title="bbox 461 4402 2029 4476">
    <p class='ocr_par' dir='ltr' id='par_1_72' title="bbox 461 4402 2029 4476">
     <span class='ocr_line' id='line_1_72' title="bbox 461 4402 2029 4476; baseline 0.003 -20"><span class='ocrx_word' id='word_1_538' title='bbox 461 4420 654 4459; x_wconf 86' lang='lat' dir='ltr'><strong>manus</strong></span> <span class='ocrx_word' id='word_1_539' title='bbox 695 4402 848 4460; x_wconf 83' lang='lat' dir='ltr'><strong>Vccci</strong></span> <span class='ocrx_word' id='word_1_540' title='bbox 882 4407 1108 4474; x_wconf 80' lang='lat' dir='ltr'><strong>pupugit</strong></span> <span class='ocrx_word' id='word_1_541' title='bbox 1147 4405 1496 4469; x_wconf 86' lang='lat' dir='ltr'><strong>irritabilem,</strong></span> <span class='ocrx_word' id='word_1_542' title='bbox 1527 4421 1592 4458; x_wconf 86' lang='lat' dir='ltr'><strong>ac</strong></span> <span class='ocrx_word' id='word_1_543' title='bbox 1629 4405 1791 4460; x_wconf 87' lang='lat' dir='ltr'><strong>facile</strong></span> <span class='ocrx_word' id='word_1_544' title='bbox 1826 4421 2029 4476; x_wconf 83' lang='lat' dir='ltr'><strong>perpu-</strong></span> 
     </span>
    </p>
   </div>
   <div class='ocr_carea' id='block_1_73' title="bbox 456 4498 2028 4567">
    <p class='ocr_par' dir='ltr' id='par_1_73' title="bbox 456 4498 2028 4567">
     <span class='ocr_line' id='line_1_73' title="bbox 456 4498 2028 4567; baseline 0.003 -17"><span class='ocrx_word' id='word_1_545' title='bbox 456 4498 524 4551; x_wconf 88' lang='lat' dir='ltr'><strong>lit</strong></span> <span class='ocrx_word' id='word_1_546' title='bbox 549 4498 614 4552; x_wconf 91' lang='lat' dir='ltr'><strong>ad</strong></span> <span class='ocrx_word' id='word_1_547' title='bbox 649 4498 1096 4567; x_wconf 82' lang='lat' dir='ltr'><strong>reciprocandam</strong></span> <span class='ocrx_word' id='word_1_548' title='bbox 1128 4512 1251 4552; x_wconf 90' lang='lat' dir='ltr'><strong>cum</strong></span> <span class='ocrx_word' id='word_1_549' title='bbox 1306 4498 1612 4553; x_wconf 87' lang='lat' dir='ltr'><strong>lacessente</strong></span> <span class='ocrx_word' id='word_1_550' title='bbox 1656 4499 2028 4554; x_wconf 87' lang='lat' dir='ltr'><strong>contentionis</strong></span> 
     </span>
    </p>
   </div>
   <div class='ocr_carea' id='block_1_74' title="bbox 2149 3297 3725 3368">
    <p class='ocr_par' dir='ltr' id='par_1_74' title="bbox 2149 3297 3725 3368">
     <span class='ocr_line' id='line_1_74' title="bbox 2149 3297 3725 3368; baseline -0.001 -15"><span class='ocrx_word' id='word_1_551' title='bbox 2149 3299 2302 3353; x_wconf 91' lang='lat' dir='ltr'><strong>illum</strong></span> <span class='ocrx_word' id='word_1_552' title='bbox 2344 3306 2670 3366; x_wconf 86' lang='lat' dir='ltr'><strong>argumento</strong></span> <span class='ocrx_word' id='word_1_553' title='bbox 2705 3297 3061 3352; x_wconf 88' lang='lat' dir='ltr'><strong>commentari</strong></span> <span class='ocrx_word' id='word_1_554' title='bbox 3097 3298 3397 3368; x_wconf 86' lang='lat' dir='ltr'><strong>quidpiam.</strong></span> <span class='ocrx_word' id='word_1_555' title='bbox 3451 3298 3556 3353; x_wconf 86' lang='lat' dir='ltr'><strong>Sed</strong></span> <span class='ocrx_word' id='word_1_556' title='bbox 3590 3314 3725 3353; x_wconf 84' lang='lat' dir='ltr'><strong>cum</strong></span> 
     </span>
    </p>
   </div>
   <div class='ocr_carea' id='block_1_75' title="bbox 2131 3388 3726 3460">
    <p class='ocr_par' dir='ltr' id='par_1_75' title="bbox 2131 3388 3726 3460">
     <span class='ocr_line' id='line_1_75' title="bbox 2131 3388 3726 3460; baseline -0.001 -14"><span class='ocrx_word' id='word_1_557' title='bbox 2131 3392 2490 3460; x_wconf 85' lang='lat' dir='ltr'><strong>opinarentur</strong></span> <span class='ocrx_word' id='word_1_558' title='bbox 2548 3388 2644 3444; x_wconf 71' lang='lat' dir='ltr'><strong>irae</strong></span> <span class='ocrx_word' id='word_1_559' title='bbox 2674 3390 2941 3444; x_wconf 80' lang='lat' dir='ltr'><strong>duntaxat</strong></span> <span class='ocrx_word' id='word_1_560' title='bbox 2976 3393 3029 3443; x_wconf 90' lang='lat' dir='ltr'><strong>in</strong></span> <span class='ocrx_word' id='word_1_561' title='bbox 3097 3404 3164 3445; x_wconf 91' lang='lat' dir='ltr'><strong>eo</strong></span> <span class='ocrx_word' id='word_1_562' title='bbox 3217 3389 3396 3459; x_wconf 88' lang='lat' dir='ltr'><strong>ipsum</strong></span> <span class='ocrx_word' id='word_1_563' title='bbox 3456 3390 3726 3460; x_wconf 86' lang='lat' dir='ltr'><strong>obsequi,</strong></span> 
     </span>
    </p>
   </div>
   <div class='ocr_carea' id='block_1_76' title="bbox 2128 3479 3729 3552">
    <p class='ocr_par' dir='ltr' id='par_1_76' title="bbox 2128 3479 3729 3552">
     <span class='ocr_line' id='line_1_76' title="bbox 2128 3479 3729 3552; baseline -0.001 -14"><span class='ocrx_word' id='word_1_564' title='bbox 2128 3499 2230 3538; x_wconf 89' lang='lat' dir='ltr'><strong>nec</strong></span> <span class='ocrx_word' id='word_1_565' title='bbox 2265 3483 2411 3536; x_wconf 80' lang='lat' dir='ltr'><strong>aliud</strong></span> <span class='ocrx_word' id='word_1_566' title='bbox 2439 3490 2792 3537; x_wconf 87' lang='lat' dir='ltr'><strong>ostensurum</strong></span> <span class='ocrx_word' id='word_1_567' title='bbox 2825 3481 2876 3534; x_wconf 89' lang='lat' dir='ltr'><strong>id</strong></span> <span class='ocrx_word' id='word_1_568' title='bbox 2913 3481 3126 3550; x_wconf 81' lang='lat' dir='ltr'><strong>agendo</strong></span> <span class='ocrx_word' id='word_1_569' title='bbox 3153 3479 3257 3534; x_wconf 89' lang='lat' dir='ltr'><strong>nisi</strong></span> <span class='ocrx_word' id='word_1_570' title='bbox 3286 3481 3555 3536; x_wconf 84' lang='lat' dir='ltr'><strong>rabiosam</strong></span> <span class='ocrx_word' id='word_1_571' title='bbox 3589 3498 3729 3552; x_wconf 80' lang='lat' dir='ltr'><strong>pru-</strong></span> 
     </span>
    </p>
   </div>
   <div class='ocr_carea' id='block_1_77' title="bbox 2129 3572 3720 3646">
    <p class='ocr_par' dir='ltr' id='par_1_77' title="bbox 2129 3572 3720 3646">
     <span class='ocr_line' id='line_1_77' title="bbox 2129 3572 3720 3646; baseline -0.001 -17"><span class='ocrx_word' id='word_1_572' title='bbox 2129 3575 2354 3646; x_wconf 85' lang='lat' dir='ltr'><strong>riginem</strong></span> <span class='ocrx_word' id='word_1_573' title='bbox 2375 3575 2610 3629; x_wconf 83' lang='lat' dir='ltr'><strong>vicissim</strong></span> <span class='ocrx_word' id='word_1_574' title='bbox 2635 3574 2904 3644; x_wconf 78' lang='lat' dir='ltr'><strong>pangendi</strong></span> <span class='ocrx_word' id='word_1_575' title='bbox 2923 3588 3018 3628; x_wconf 89' lang='lat' dir='ltr'><strong>eos</strong></span> <span class='ocrx_word' id='word_1_576' title='bbox 3037 3588 3063 3627; x_wconf 91' lang='lat' dir='ltr'><strong>a</strong></span> <span class='ocrx_word' id='word_1_577' title='bbox 3089 3572 3292 3642; x_wconf 85' lang='lat' dir='ltr'><strong>quibus</strong></span> <span class='ocrx_word' id='word_1_578' title='bbox 3316 3591 3375 3630; x_wconf 88' lang='lat' dir='ltr'><strong>se</strong></span> <span class='ocrx_word' id='word_1_579' title='bbox 3389 3575 3720 3629; x_wconf 79' lang='lat' dir='ltr'><strong>confossum</strong></span> 
     </span>
    </p>
   </div>
   <div class='ocr_carea' id='block_1_78' title="bbox 2129 3667 3730 3736">
    <p class='ocr_par' dir='ltr' id='par_1_78' title="bbox 2129 3667 3730 3736">
     <span class='ocr_line' id='line_1_78' title="bbox 2129 3667 3730 3736; baseline 0.001 -15"><span class='ocrx_word' id='word_1_580' title='bbox 2129 3670 2360 3734; x_wconf 81' lang='lat' dir='ltr'><strong>doleret,</strong></span> <span class='ocrx_word' id='word_1_581' title='bbox 2385 3667 2678 3724; x_wconf 85' lang='lat' dir='ltr'><strong>carituram</strong></span> <span class='ocrx_word' id='word_1_582' title='bbox 2713 3667 3044 3722; x_wconf 86' lang='lat' dir='ltr'><strong>auctoritate</strong></span> <span class='ocrx_word' id='word_1_583' title='bbox 3092 3669 3352 3722; x_wconf 86' lang='lat' dir='ltr'><strong>rebantur</strong></span> <span class='ocrx_word' id='word_1_584' title='bbox 3381 3668 3538 3722; x_wconf 88' lang='lat' dir='ltr'><strong>istam</strong></span> <span class='ocrx_word' id='word_1_585' title='bbox 3599 3669 3730 3736; x_wconf 76' lang='lat' dir='ltr'><strong>ejus</strong></span> 
     </span>
    </p>
   </div>
   <div class='ocr_carea' id='block_1_79' title="bbox 2139 3756 3729 3828">
    <p class='ocr_par' dir='ltr' id='par_1_79' title="bbox 2139 3756 3729 3828">
     <span class='ocr_line' id='line_1_79' title="bbox 2139 3756 3729 3828; baseline 0 -16"><span class='ocrx_word' id='word_1_586' title='bbox 2139 3758 2518 3826; x_wconf 85' lang='lat' dir='ltr'><strong>scriptionem,</strong></span> <span class='ocrx_word' id='word_1_587' title='bbox 2543 3757 2775 3825; x_wconf 86' lang='lat' dir='ltr'><strong>ideoque</strong></span> <span class='ocrx_word' id='word_1_588' title='bbox 2803 3756 3180 3827; x_wconf 82' lang='lat' dir='ltr'><strong>negligendam</strong></span> <span class='ocrx_word' id='word_1_589' title='bbox 3216 3773 3328 3811; x_wconf 88' lang='lat' dir='ltr'><strong>rem</strong></span> <span class='ocrx_word' id='word_1_590' title='bbox 3359 3767 3529 3812; x_wconf 91' lang='lat' dir='ltr'><strong>totam</strong></span> <span class='ocrx_word' id='word_1_591' title='bbox 3556 3769 3729 3828; x_wconf 82' lang='lat' dir='ltr'><strong>puta-</strong></span> 
     </span>
    </p>
   </div>
   <div class='ocr_carea' id='block_1_80' title="bbox 2129 3849 3730 3919">
    <p class='ocr_par' dir='ltr' id='par_1_80' title="bbox 2129 3849 3730 3919">
     <span class='ocr_line' id='line_1_80' title="bbox 2129 3849 3730 3919; baseline 0.001 -14"><span class='ocrx_word' id='word_1_592' title='bbox 2129 3858 2280 3912; x_wconf 85' lang='lat' dir='ltr'><strong>runt,</strong></span> <span class='ocrx_word' id='word_1_593' title='bbox 2317 3865 2510 3904; x_wconf 90' lang='lat' dir='ltr'><strong>securo</strong></span> <span class='ocrx_word' id='word_1_594' title='bbox 2541 3849 2721 3905; x_wconf 82' lang='lat' dir='ltr'><strong>inanis</strong></span> <span class='ocrx_word' id='word_1_595' title='bbox 2751 3851 3009 3919; x_wconf 90' lang='lat' dir='ltr'><strong>strepitus</strong></span> <span class='ocrx_word' id='word_1_596' title='bbox 3035 3849 3432 3906; x_wconf 86' lang='lat' dir='ltr'><strong>indormiscere</strong></span> <span class='ocrx_word' id='word_1_597' title='bbox 3464 3861 3730 3906; x_wconf 83' lang='lat' dir='ltr'><strong>contem-</strong></span> 
     </span>
    </p>
   </div>
   <div class='ocr_carea' id='block_1_81' title="bbox 2131 3943 3722 4016">
    <p class='ocr_par' dir='ltr' id='par_1_81' title="bbox 2131 3943 3722 4016">
     <span class='ocr_line' id='line_1_81' title="bbox 2131 3943 3722 4016; baseline 0.003 -21"><span class='ocrx_word' id='word_1_598' title='bbox 2131 3943 2244 4012; x_wconf 90' lang='lat' dir='ltr'><strong>ptui</strong></span> <span class='ocrx_word' id='word_1_599' title='bbox 2273 3951 2578 3997; x_wconf 87' lang='lat' dir='ltr'><strong>statuentes</strong></span> <span class='ocrx_word' id='word_1_600' title='bbox 2595 3943 2696 3996; x_wconf 88' lang='lat' dir='ltr'><strong>sibi</strong></span> <span class='ocrx_word' id='word_1_601' title='bbox 2725 3957 2889 4011; x_wconf 83' lang='lat' dir='ltr'><strong>porro</strong></span> <span class='ocrx_word' id='word_1_602' title='bbox 2918 3943 3078 3996; x_wconf 89' lang='lat' dir='ltr'><strong>unice</strong></span> <span class='ocrx_word' id='word_1_603' title='bbox 3112 3943 3298 3998; x_wconf 82' lang='lat' dir='ltr'><strong>licere.</strong></span> <span class='ocrx_word' id='word_1_604' title='bbox 3323 3943 3446 3998; x_wconf 78' lang='lat' dir='ltr'><strong>Hzec</strong></span> <span class='ocrx_word' id='word_1_605' title='bbox 3472 3945 3722 4016; x_wconf 86' lang='lat' dir='ltr'><strong>patriar-</strong></span> 
     </span>
    </p>
   </div>
   <div class='ocr_carea' id='block_1_82' title="bbox 2128 4034 3734 4105">
    <p class='ocr_par' dir='ltr' id='par_1_82' title="bbox 2128 4034 3734 4105">
     <span class='ocr_line' id='line_1_82' title="bbox 2128 4034 3734 4105; baseline 0.001 -17"><span class='ocrx_word' id='word_1_606' title='bbox 2128 4035 2287 4088; x_wconf 92' lang='lat' dir='ltr'><strong>cham</strong></span> <span class='ocrx_word' id='word_1_607' title='bbox 2317 4049 2442 4088; x_wconf 92' lang='lat' dir='ltr'><strong>cum</strong></span> <span class='ocrx_word' id='word_1_608' title='bbox 2469 4034 2605 4100; x_wconf 92' lang='lat' dir='ltr'><strong>suis,</strong></span> <span class='ocrx_word' id='word_1_609' title='bbox 2633 4048 2700 4088; x_wconf 89' lang='lat' dir='ltr'><strong>ne</strong></span> <span class='ocrx_word' id='word_1_610' title='bbox 2725 4034 3071 4103; x_wconf 87' lang='lat' dir='ltr'><strong>interpellare</strong></span> <span class='ocrx_word' id='word_1_611' title='bbox 3097 4045 3190 4089; x_wconf 88' lang='lat' dir='ltr'><strong>aut</strong></span> <span class='ocrx_word' id='word_1_612' title='bbox 3221 4035 3484 4105; x_wconf 85' lang='lat' dir='ltr'><strong>impedire</strong></span> <span class='ocrx_word' id='word_1_613' title='bbox 3510 4051 3541 4090; x_wconf 89' lang='lat' dir='ltr'><strong>a</strong></span> <span class='ocrx_word' id='word_1_614' title='bbox 3584 4037 3734 4092; x_wconf 83' lang='lat' dir='ltr'><strong>scri-</strong></span> 
     </span>
    </p>
   </div>
   <div class='ocr_carea' id='block_1_83' title="bbox 2128 4125 3734 4198">
    <p class='ocr_par' dir='ltr' id='par_1_83' title="bbox 2128 4125 3734 4198">
     <span class='ocr_line' id='line_1_83' title="bbox 2128 4125 3734 4198; baseline 0.002 -18"><span class='ocrx_word' id='word_1_615' title='bbox 2128 4125 2307 4180; x_wconf 87' lang='lat' dir='ltr'><strong>bendo</strong></span> <span class='ocrx_word' id='word_1_616' title='bbox 2346 4125 2582 4179; x_wconf 83' lang='lat' dir='ltr'><strong>Veccum</strong></span> <span class='ocrx_word' id='word_1_617' title='bbox 2642 4133 2946 4191; x_wconf 85' lang='lat' dir='ltr'><strong>curarent,</strong></span> <span class='ocrx_word' id='word_1_618' title='bbox 2998 4126 3170 4180; x_wconf 89' lang='lat' dir='ltr'><strong>tenuit</strong></span> <span class='ocrx_word' id='word_1_619' title='bbox 3227 4127 3446 4195; x_wconf 85' lang='lat' dir='ltr'><strong>ﬁducia,</strong></span> <span class='ocrx_word' id='word_1_620' title='bbox 3506 4145 3616 4198; x_wconf 89' lang='lat' dir='ltr'><strong>qua</strong></span> <span class='ocrx_word' id='word_1_621' title='bbox 3667 4146 3734 4184; x_wconf 87' lang='lat' dir='ltr'><strong>se</strong></span> 
     </span>
    </p>
   </div>
   <div class='ocr_carea' id='block_1_84' title="bbox 2131 4215 3734 4286">
    <p class='ocr_par' dir='ltr' id='par_1_84' title="bbox 2131 4215 3734 4286">
     <span class='ocr_line' id='line_1_84' title="bbox 2131 4215 3734 4286; baseline 0.004 -16"><span class='ocrx_word' id='word_1_622' title='bbox 2131 4215 2300 4272; x_wconf 87' lang='lat' dir='ltr'><strong>falsos</strong></span> <span class='ocrx_word' id='word_1_623' title='bbox 2339 4224 2524 4286; x_wconf 87' lang='lat' dir='ltr'><strong>postea</strong></span> <span class='ocrx_word' id='word_1_624' title='bbox 2551 4225 2862 4272; x_wconf 89' lang='lat' dir='ltr'><strong>senserunt.</strong></span> <span class='ocrx_word' id='word_1_625' title='bbox 2895 4217 3031 4272; x_wconf 89' lang='lat' dir='ltr'><strong>Nam</strong></span> <span class='ocrx_word' id='word_1_626' title='bbox 3090 4217 3246 4273; x_wconf 88' lang='lat' dir='ltr'><strong>Vecci</strong></span> <span class='ocrx_word' id='word_1_627' title='bbox 3292 4224 3734 4276; x_wconf 83' lang='lat' dir='ltr'><strong>commentarius</strong></span> 
     </span>
    </p>
   </div>
   <div class='ocr_carea' id='block_1_85' title="bbox 2130 4308 3732 4383">
    <p class='ocr_par' dir='ltr' id='par_1_85' title="bbox 2130 4308 3732 4383">
     <span class='ocr_line' id='line_1_85' title="bbox 2130 4308 3732 4383; baseline 0.005 -22"><span class='ocrx_word' id='word_1_628' title='bbox 2130 4323 2227 4378; x_wconf 86' lang='lat' dir='ltr'><strong>per</strong></span> <span class='ocrx_word' id='word_1_629' title='bbox 2249 4309 2438 4363; x_wconf 89' lang='lat' dir='ltr'><strong>urbem</strong></span> <span class='ocrx_word' id='word_1_630' title='bbox 2473 4308 3007 4378; x_wconf 86' lang='lat' dir='ltr'><strong>Constantinopolim</strong></span> <span class='ocrx_word' id='word_1_631' title='bbox 3053 4310 3194 4364; x_wconf 91' lang='lat' dir='ltr'><strong>clam</strong></span> <span class='ocrx_word' id='word_1_632' title='bbox 3235 4325 3461 4381; x_wconf 85' lang='lat' dir='ltr'><strong>serpens</strong></span> <span class='ocrx_word' id='word_1_633' title='bbox 3520 4314 3732 4383; x_wconf 87' lang='lat' dir='ltr'><strong>cupide</strong></span> 
     </span>
    </p>
   </div>
   <div class='ocr_carea' id='block_1_86' title="bbox 2133 4399 3732 4472">
    <p class='ocr_par' dir='ltr' id='par_1_86' title="bbox 2133 4399 3732 4472">
     <span class='ocr_line' id='line_1_86' title="bbox 2133 4399 3732 4472; baseline 0.004 -18"><span class='ocrx_word' id='word_1_634' title='bbox 2133 4399 2310 4454; x_wconf 88' lang='lat' dir='ltr'><strong>lectus</strong></span> <span class='ocrx_word' id='word_1_635' title='bbox 2341 4416 2369 4453; x_wconf 91' lang='lat' dir='ltr'><strong>a</strong></span> <span class='ocrx_word' id='word_1_636' title='bbox 2406 4400 2660 4469; x_wconf 89' lang='lat' dir='ltr'><strong>plurimis</strong></span> <span class='ocrx_word' id='word_1_637' title='bbox 2697 4411 2800 4466; x_wconf 91' lang='lat' dir='ltr'><strong>est,</strong></span> <span class='ocrx_word' id='word_1_638' title='bbox 2833 4411 2888 4456; x_wconf 90' lang='lat' dir='ltr'><strong>et</strong></span> <span class='ocrx_word' id='word_1_639' title='bbox 2917 4401 3192 4472; x_wconf 90' lang='lat' dir='ltr'><strong>plerisque</strong></span> <span class='ocrx_word' id='word_1_640' title='bbox 3235 4405 3484 4458; x_wconf 90' lang='lat' dir='ltr'><strong>aculeum</strong></span> <span class='ocrx_word' id='word_1_641' title='bbox 3523 4406 3732 4469; x_wconf 81' lang='lat' dir='ltr'><strong>infixit.</strong></span> 
     </span>
    </p>
   </div>
   <div class='ocr_carea' id='block_1_87' title="bbox 2132 4494 3738 4570">
    <p class='ocr_par' dir='ltr' id='par_1_87' title="bbox 2132 4494 3738 4570">
     <span class='ocr_line' id='line_1_87' title="bbox 2132 4494 3738 4570; baseline 0.003 -20"><span class='ocrx_word' id='word_1_642' title='bbox 2132 4494 2584 4550; x_wconf 88' lang='lat' dir='ltr'><strong>contrahentibus</strong></span> <span class='ocrx_word' id='word_1_643' title='bbox 2600 4495 2842 4548; x_wconf 90' lang='lat' dir='ltr'><strong>animum</strong></span> <span class='ocrx_word' id='word_1_644' title='bbox 2875 4511 2974 4565; x_wconf 88' lang='lat' dir='ltr'><strong>pro</strong></span> <span class='ocrx_word' id='word_1_645' title='bbox 3002 4511 3061 4550; x_wconf 86' lang='lat' dir='ltr'><strong>se</strong></span> <span class='ocrx_word' id='word_1_646' title='bbox 3083 4512 3323 4567; x_wconf 87' lang='lat' dir='ltr'><strong>quoque,</strong></span> <span class='ocrx_word' id='word_1_647' title='bbox 3349 4499 3440 4569; x_wconf 91' lang='lat' dir='ltr'><strong>qui</strong></span> <span class='ocrx_word' id='word_1_648' title='bbox 3475 4500 3738 4570; x_wconf 82' lang='lat' dir='ltr'><strong>legebant</strong></span> 
     </span>
    </p>
   </div>
   <div class='ocr_carea' id='block_1_88' title="bbox 460 4583 3737 4659">
    <p class='ocr_par' dir='ltr' id='par_1_88' title="bbox 460 4583 3737 4659">
     <span class='ocr_line' id='line_1_88' title="bbox 460 4583 3737 4659; baseline 0.001 -17"><span class='ocrx_word' id='word_1_649' title='bbox 460 4603 690 4642; x_wconf 85' lang='lat' dir='ltr'><strong>serram.</strong></span> <span class='ocrx_word' id='word_1_650' title='bbox 715 4591 794 4644; x_wconf 83' lang='lat' dir='ltr'><strong>Ac</strong></span> <span class='ocrx_word' id='word_1_651' title='bbox 819 4589 989 4643; x_wconf 90' lang='lat' dir='ltr'><strong>multa</strong></span> <span class='ocrx_word' id='word_1_652' title='bbox 1013 4589 1101 4645; x_wconf 92' lang='lat' dir='ltr'><strong>ille</strong></span> <span class='ocrx_word' id='word_1_653' title='bbox 1134 4588 1354 4659; x_wconf 90' lang='lat' dir='ltr'><strong>quidem</strong></span> <span class='ocrx_word' id='word_1_654' title='bbox 1387 4598 1441 4644; x_wconf 89' lang='lat' dir='ltr'><strong>ct</strong></span> <span class='ocrx_word' id='word_1_655' title='bbox 1493 4589 1598 4642; x_wconf 88' lang='lat' dir='ltr'><strong>alia</strong></span> <span class='ocrx_word' id='word_1_656' title='bbox 1652 4588 1705 4644; x_wconf 93' lang='lat' dir='ltr'><strong>in</strong></span> <span class='ocrx_word' id='word_1_657' title='bbox 1759 4597 1906 4644; x_wconf 89' lang='lat' dir='ltr'><strong>tomo</strong></span> <span class='ocrx_word' id='word_1_658' title='bbox 1950 4605 2036 4643; x_wconf 87' lang='lat' dir='ltr'><strong>re-</strong></span> <span class='ocrx_word' id='word_1_659' title='bbox 2072 4583 2114 4639; x_wconf 88' lang='lat' dir='ltr'><strong>D</strong></span> <span class='ocrx_word' id='word_1_660' title='bbox 2144 4598 2236 4641; x_wconf 87' lang='lat' dir='ltr'><strong>aut</strong></span> <span class='ocrx_word' id='word_1_661' title='bbox 2265 4589 2573 4657; x_wconf 81' lang='lat' dir='ltr'><strong>legentibus</strong></span> <span class='ocrx_word' id='word_1_662' title='bbox 2591 4604 2754 4643; x_wconf 79' lang='lat' dir='ltr'><strong>aures</strong></span> <span class='ocrx_word' id='word_1_663' title='bbox 2771 4589 2997 4652; x_wconf 89' lang='lat' dir='ltr'><strong>dabant,</strong></span> <span class='ocrx_word' id='word_1_664' title='bbox 3035 4591 3164 4644; x_wconf 88' lang='lat' dir='ltr'><strong>dum</strong></span> <span class='ocrx_word' id='word_1_665' title='bbox 3195 4606 3392 4645; x_wconf 86' lang='lat' dir='ltr'><strong>arcana</strong></span> <span class='ocrx_word' id='word_1_666' title='bbox 3421 4591 3737 4648; x_wconf 84' lang='lat' dir='ltr'><strong>sollicitau-</strong></span> 
     </span>
    </p>
   </div>
   <div class='ocr_carea' id='block_1_89' title="bbox 462 4683 2037 4752">
    <p class='ocr_par' dir='ltr' id='par_1_89' title="bbox 462 4683 2037 4752">
     <span class='ocr_line' id='line_1_89' title="bbox 462 4683 2037 4752; baseline 0.001 -18"><span class='ocrx_word' id='word_1_667' title='bbox 462 4683 855 4752; x_wconf 81' lang='lat' dir='ltr'><strong>prehendebat,</strong></span> <span class='ocrx_word' id='word_1_668' title='bbox 889 4684 981 4738; x_wconf 83' lang='lat' dir='ltr'><strong>sed</strong></span> <span class='ocrx_word' id='word_1_669' title='bbox 1005 4684 1311 4752; x_wconf 58' lang='lat' dir='ltr'><strong>praesertim</strong></span> <span class='ocrx_word' id='word_1_670' title='bbox 1368 4683 1687 4739; x_wconf 84' lang='lat' dir='ltr'><strong>incursabat</strong></span> <span class='ocrx_word' id='word_1_671' title='bbox 1739 4683 2037 4752; x_wconf 79' lang='lat' dir='ltr'><strong>expositio-</strong></span> 
     </span>
    </p>
   </div>
   <div class='ocr_carea' id='block_1_90' title="bbox 459 4774 2035 4838">
    <p class='ocr_par' dir='ltr' id='par_1_90' title="bbox 459 4774 2035 4838">
     <span class='ocr_line' id='line_1_90' title="bbox 459 4774 2035 4838; baseline -0.003 -7"><span class='ocrx_word' id='word_1_672' title='bbox 459 4791 586 4831; x_wconf 87' lang='lat' dir='ltr'><strong>nem</strong></span> <span class='ocrx_word' id='word_1_673' title='bbox 621 4777 671 4830; x_wconf 93' lang='lat' dir='ltr'><strong>in</strong></span> <span class='ocrx_word' id='word_1_674' title='bbox 702 4791 768 4829; x_wconf 86' lang='lat' dir='ltr'><strong>eo</strong></span> <span class='ocrx_word' id='word_1_675' title='bbox 794 4777 1044 4830; x_wconf 83' lang='lat' dir='ltr'><strong>traditam</strong></span> <span class='ocrx_word' id='word_1_676' title='bbox 1083 4774 1373 4830; x_wconf 74' lang='lat' dir='ltr'><strong>sententiae</strong></span> <span class='ocrx_word' id='word_1_677' title='bbox 1435 4775 1780 4838; x_wconf 85' lang='lat' dir='ltr'><strong>Damasceni,</strong></span> <span class='ocrx_word' id='word_1_678' title='bbox 1846 4774 2035 4827; x_wconf 86' lang='lat' dir='ltr'><strong>vitium</strong></span> 
     </span>
    </p>
   </div>
   <div class='ocr_carea' id='block_1_91' title="bbox 460 4866 2040 4935">
    <p class='ocr_par' dir='ltr' id='par_1_91' title="bbox 460 4866 2040 4935">
     <span class='ocr_line' id='line_1_91' title="bbox 460 4866 2040 4935; baseline 0 -15"><span class='ocrx_word' id='word_1_679' title='bbox 460 4869 584 4933; x_wconf 78' lang='lat' dir='ltr'><strong>ejus</strong></span> <span class='ocrx_word' id='word_1_680' title='bbox 609 4867 987 4922; x_wconf 86' lang='lat' dir='ltr'><strong>demonstrare</strong></span> <span class='ocrx_word' id='word_1_681' title='bbox 1044 4869 1192 4922; x_wconf 91' lang='lat' dir='ltr'><strong>hunc</strong></span> <span class='ocrx_word' id='word_1_682' title='bbox 1227 4867 1280 4920; x_wconf 90' lang='lat' dir='ltr'><strong>in</strong></span> <span class='ocrx_word' id='word_1_683' title='bbox 1327 4866 1548 4921; x_wconf 87' lang='lat' dir='ltr'><strong>modum</strong></span> <span class='ocrx_word' id='word_1_684' title='bbox 1586 4875 1859 4935; x_wconf 76' lang='lat' dir='ltr'><strong>satagens.</strong></span> <span class='ocrx_word' id='word_1_685' title='bbox 1913 4866 2040 4920; x_wconf 82' lang='lat' dir='ltr'><strong>Sive</strong></span> 
     </span>
    </p>
   </div>
   <div class='ocr_carea' id='block_1_92' title="bbox 460 4959 2042 5028">
    <p class='ocr_par' dir='ltr' id='par_1_92' title="bbox 460 4959 2042 5028">
     <span class='ocr_line' id='line_1_92' title="bbox 460 4959 2042 5028; baseline -0.001 -14"><span class='ocrx_word' id='word_1_686' title='bbox 460 4959 633 5025; x_wconf 81' lang='lat' dir='ltr'><strong>cnim,</strong></span> <span class='ocrx_word' id='word_1_687' title='bbox 661 4960 862 5019; x_wconf 85' lang='lat' dir='ltr'><strong>aiebat.</strong></span> <span class='ocrx_word' id='word_1_688' title='bbox 883 4959 1146 5028; x_wconf 84' lang='lat' dir='ltr'><strong>singulari</strong></span> <span class='ocrx_word' id='word_1_689' title='bbox 1189 4969 1240 5013; x_wconf 89' lang='lat' dir='ltr'><strong>et</strong></span> <span class='ocrx_word' id='word_1_690' title='bbox 1273 4959 1434 5012; x_wconf 85' lang='lat' dir='ltr'><strong>unica</strong></span> <span class='ocrx_word' id='word_1_691' title='bbox 1471 4966 1784 5012; x_wconf 89' lang='lat' dir='ltr'><strong>contentum</strong></span> <span class='ocrx_word' id='word_1_692' title='bbox 1821 4961 2042 5012; x_wconf 90' lang='lat' dir='ltr'><strong>notione</strong></span> 
     </span>
    </p>
   </div>
   <div class='ocr_carea' id='block_1_93' title="bbox 470 5050 2045 5120">
    <p class='ocr_par' dir='ltr' id='par_1_93' title="bbox 470 5050 2045 5120">
     <span class='ocr_line' id='line_1_93' title="bbox 470 5050 2045 5120; baseline -0.001 -15"><span class='ocrx_word' id='word_1_693' title='bbox 470 5068 577 5106; x_wconf 93' lang='lat' dir='ltr'><strong>non</strong></span> <span class='ocrx_word' id='word_1_694' title='bbox 609 5061 694 5106; x_wconf 89' lang='lat' dir='ltr'><strong>est</strong></span> <span class='ocrx_word' id='word_1_695' title='bbox 715 5051 1042 5106; x_wconf 84' lang='lat' dir='ltr'><strong>vocabulum</strong></span> <span class='ocrx_word' id='word_1_696' title='bbox 1075 5050 1380 5120; x_wconf 77' lang='grc' dir='ltr'>προϐολεύς</span> <span class='ocrx_word' id='word_1_697' title='bbox 1411 5050 1728 5120; x_wconf 87' lang='lat' dir='ltr'><strong>productor,</strong></span> <span class='ocrx_word' id='word_1_698' title='bbox 1786 5063 1882 5103; x_wconf 85' lang='lat' dir='ltr'><strong>seu</strong></span> <span class='ocrx_word' id='word_1_699' title='bbox 1947 5052 2045 5104; x_wconf 82' lang='lat' dir='ltr'><strong>ali.</strong></span> 
     </span>
    </p>
   </div>
   <div class='ocr_carea' id='block_1_94' title="bbox 467 5142 2046 5216">
    <p class='ocr_par' dir='ltr' id='par_1_94' title="bbox 467 5142 2046 5216">
     <span class='ocr_line' id='line_1_94' title="bbox 467 5142 2046 5216; baseline -0.001 -18"><span class='ocrx_word' id='word_1_700' title='bbox 467 5145 687 5216; x_wconf 77' lang='lat' dir='ltr'><strong>quando</strong></span> <span class='ocrx_word' id='word_1_701' title='bbox 717 5145 935 5214; x_wconf 85' lang='lat' dir='ltr'><strong>quidem</strong></span> <span class='ocrx_word' id='word_1_702' title='bbox 960 5147 1010 5196; x_wconf 92' lang='lat' dir='ltr'><strong>in</strong></span> <span class='ocrx_word' id='word_1_703' title='bbox 1042 5144 1294 5213; x_wconf 89' lang='lat' dir='ltr'><strong>principii</strong></span> <span class='ocrx_word' id='word_1_704' title='bbox 1325 5143 1489 5197; x_wconf 86' lang='lat' dir='ltr'><strong>activi</strong></span> <span class='ocrx_word' id='word_1_705' title='bbox 1518 5142 1828 5211; x_wconf 82' lang='lat' dir='ltr'><strong>signiﬁcatu</strong></span> <span class='ocrx_word' id='word_1_706' title='bbox 1882 5159 2046 5197; x_wconf 82' lang='lat' dir='ltr'><strong>usur-</strong></span> 
     </span>
    </p>
   </div>
   <div class='ocr_carea' id='block_1_95' title="bbox 471 5233 2044 5308">
    <p class='ocr_par' dir='ltr' id='par_1_95' title="bbox 471 5233 2044 5308">
     <span class='ocr_line' id='line_1_95' title="bbox 471 5233 2044 5308; baseline -0.001 -19"><span class='ocrx_word' id='word_1_707' title='bbox 471 5248 651 5308; x_wconf 82' lang='lat' dir='ltr'><strong>patur,</strong></span> <span class='ocrx_word' id='word_1_708' title='bbox 675 5237 970 5306; x_wconf 85' lang='lat' dir='ltr'><strong>aliquando</strong></span> <span class='ocrx_word' id='word_1_709' title='bbox 999 5245 1184 5289; x_wconf 86' lang='lat' dir='ltr'><strong>autem</strong></span> <span class='ocrx_word' id='word_1_710' title='bbox 1216 5235 1347 5288; x_wconf 89' lang='lat' dir='ltr'><strong>nihil</strong></span> <span class='ocrx_word' id='word_1_711' title='bbox 1375 5233 1527 5288; x_wconf 86' lang='lat' dir='ltr'><strong>aliud</strong></span> <span class='ocrx_word' id='word_1_712' title='bbox 1560 5246 1719 5288; x_wconf 82' lang='lat' dir='ltr'><strong>sonat</strong></span> <span class='ocrx_word' id='word_1_713' title='bbox 1752 5235 1855 5305; x_wconf 83' lang='lat' dir='ltr'><strong>nisi</strong></span> <span class='ocrx_word' id='word_1_714' title='bbox 1887 5234 2044 5288; x_wconf 84' lang='lat' dir='ltr'><strong>dato-</strong></span> 
     </span>
    </p>
   </div>
   <div class='ocr_carea' id='block_1_96' title="bbox 475 5328 2049 5400">
    <p class='ocr_par' dir='ltr' id='par_1_96' title="bbox 475 5328 2049 5400">
     <span class='ocr_line' id='line_1_96' title="bbox 475 5328 2049 5400; baseline 0.001 -18"><span class='ocrx_word' id='word_1_715' title='bbox 475 5346 611 5394; x_wconf 81' lang='lat' dir='ltr'><strong>rem,</strong></span> <span class='ocrx_word' id='word_1_716' title='bbox 639 5339 1018 5400; x_wconf 72' lang='lat' dir='ltr'><strong>suggestorcm</strong></span> <span class='ocrx_word' id='word_1_717' title='bbox 1059 5337 1112 5382; x_wconf 91' lang='lat' dir='ltr'><strong>et</strong></span> <span class='ocrx_word' id='word_1_718' title='bbox 1141 5328 1461 5398; x_wconf 89' lang='lat' dir='ltr'><strong>simpliciter</strong></span> <span class='ocrx_word' id='word_1_719' title='bbox 1503 5328 1872 5397; x_wconf 71' lang='lat' dir='ltr'><strong>praebitorem,</strong></span> <span class='ocrx_word' id='word_1_720' title='bbox 1935 5329 2049 5383; x_wconf 82' lang='lat' dir='ltr'><strong>sive</strong></span> 
     </span>
    </p>
   </div>
   <div class='ocr_carea' id='block_1_97' title="bbox 477 5419 2048 5490">
    <p class='ocr_par' dir='ltr' id='par_1_97' title="bbox 477 5419 2048 5490">
     <span class='ocr_line' id='line_1_97' title="bbox 477 5419 2048 5490; baseline -0.001 -16"><span class='ocrx_word' id='word_1_721' title='bbox 477 5436 581 5474; x_wconf 87' lang='lat' dir='ltr'><strong>una</strong></span> <span class='ocrx_word' id='word_1_722' title='bbox 608 5429 768 5476; x_wconf 88' lang='lat' dir='ltr'><strong>estet</strong></span> <span class='ocrx_word' id='word_1_723' title='bbox 790 5419 1017 5490; x_wconf 78' lang='lat' dir='ltr'><strong>simplex</strong></span> <span class='ocrx_word' id='word_1_724' title='bbox 1057 5435 1207 5474; x_wconf 72' lang='lat' dir='ltr'><strong>vocus</strong></span> <span class='ocrx_word' id='word_1_725' title='bbox 1254 5420 1413 5474; x_wconf 91' lang='lat' dir='ltr'><strong>istius</strong></span> <span class='ocrx_word' id='word_1_726' title='bbox 1465 5428 1733 5489; x_wconf 87' lang='lat' dir='ltr'><strong>potestas,</strong></span> <span class='ocrx_word' id='word_1_727' title='bbox 1784 5435 1938 5486; x_wconf 58' lang='lat' dir='ltr'><strong>aeque</strong></span> <span class='ocrx_word' id='word_1_728' title='bbox 1997 5421 2048 5472; x_wconf 83' lang='lat' dir='ltr'><strong>in</strong></span> 
     </span>
    </p>
   </div>
   <div class='ocr_carea' id='block_1_98' title="bbox 478 5511 2050 5580">
    <p class='ocr_par' dir='ltr' id='par_1_98' title="bbox 478 5511 2050 5580">
     <span class='ocr_line' id='line_1_98' title="bbox 478 5511 2050 5580; baseline -0.002 -13"><span class='ocrx_word' id='word_1_729' title='bbox 478 5512 688 5568; x_wconf 89' lang='lat' dir='ltr'><strong>ntrovis</strong></span> <span class='ocrx_word' id='word_1_730' title='bbox 720 5527 852 5566; x_wconf 88' lang='lat' dir='ltr'><strong>casu</strong></span> <span class='ocrx_word' id='word_1_731' title='bbox 889 5527 1112 5566; x_wconf 87' lang='lat' dir='ltr'><strong>necesse</strong></span> <span class='ocrx_word' id='word_1_732' title='bbox 1140 5521 1224 5566; x_wconf 88' lang='lat' dir='ltr'><strong>est</strong></span> <span class='ocrx_word' id='word_1_733' title='bbox 1257 5511 1414 5566; x_wconf 87' lang='lat' dir='ltr'><strong>fateri</strong></span> <span class='ocrx_word' id='word_1_734' title='bbox 1441 5528 1610 5566; x_wconf 92' lang='lat' dir='ltr'><strong>unum</strong></span> <span class='ocrx_word' id='word_1_735' title='bbox 1669 5512 1927 5580; x_wconf 79' lang='lat' dir='ltr'><strong>idctnque</strong></span> <span class='ocrx_word' id='word_1_736' title='bbox 1958 5528 2050 5564; x_wconf 89' lang='lat' dir='ltr'><strong>so-</strong></span> 
     </span>
    </p>
   </div>
   <div class='ocr_carea' id='block_1_99' title="bbox 481 5605 2051 5675">
    <p class='ocr_par' dir='ltr' id='par_1_99' title="bbox 481 5605 2051 5675">
     <span class='ocr_line' id='line_1_99' title="bbox 481 5605 2051 5675; baseline -0.001 -17"><span class='ocrx_word' id='word_1_737' title='bbox 481 5622 612 5661; x_wconf 84' lang='lat' dir='ltr'><strong>nare</strong></span> <span class='ocrx_word' id='word_1_738' title='bbox 629 5607 817 5660; x_wconf 85' lang='lat' dir='ltr'><strong>ambas</strong></span> <span class='ocrx_word' id='word_1_739' title='bbox 841 5605 961 5660; x_wconf 90' lang='lat' dir='ltr'><strong>illas</strong></span> <span class='ocrx_word' id='word_1_740' title='bbox 994 5605 1318 5670; x_wconf 86' lang='lat' dir='ltr'><strong>locutiones,</strong></span> <span class='ocrx_word' id='word_1_741' title='bbox 1359 5605 1612 5660; x_wconf 79' lang='lat' dir='ltr'><strong>videlicet</strong></span> <span class='ocrx_word' id='word_1_742' title='bbox 1643 5606 2051 5675; x_wconf 87' lang='lat' dir='ltr'><strong>processionem</strong></span> 
     </span>
    </p>
   </div>
   <div class='ocr_carea' id='block_1_100' title="bbox 481 5698 2055 5775">
    <p class='ocr_par' dir='ltr' id='par_1_100' title="bbox 481 5698 2055 5775">
     <span class='ocr_line' id='line_1_100' title="bbox 481 5698 2055 5775; baseline -0.001 -25"><span class='ocrx_word' id='word_1_743' title='bbox 481 5701 532 5752; x_wconf 90' lang='lat' dir='ltr'><strong>in</strong></span> <span class='ocrx_word' id='word_1_744' title='bbox 568 5698 892 5775; x_wconf 67' lang='lat' dir='ltr'><strong>exstantiam</strong></span> <span class='ocrx_word' id='word_1_745' title='bbox 920 5707 970 5752; x_wconf 90' lang='lat' dir='ltr'><strong>et</strong></span> <span class='ocrx_word' id='word_1_746' title='bbox 994 5699 1401 5767; x_wconf 85' lang='lat' dir='ltr'><strong>processionem</strong></span> <span class='ocrx_word' id='word_1_747' title='bbox 1430 5698 1483 5752; x_wconf 92' lang='lat' dir='ltr'><strong>in</strong></span> <span class='ocrx_word' id='word_1_748' title='bbox 1511 5705 1770 5752; x_wconf 64' lang='lat' dir='ltr'><strong>aeternam</strong></span> <span class='ocrx_word' id='word_1_749' title='bbox 1797 5698 2055 5765; x_wconf 80' lang='lat' dir='ltr'><strong>exsplen-</strong></span> 
     </span>
    </p>
   </div>
   <div class='ocr_carea' id='block_1_101' title="bbox 483 5791 2060 5862">
    <p class='ocr_par' dir='ltr' id='par_1_101' title="bbox 483 5791 2060 5862">
     <span class='ocr_line' id='line_1_101' title="bbox 483 5791 2060 5862; baseline 0 -20"><span class='ocrx_word' id='word_1_750' title='bbox 483 5795 846 5846; x_wconf 77' lang='lat' dir='ltr'><strong>desrcntiam.</strong></span> <span class='ocrx_word' id='word_1_751' title='bbox 878 5793 1079 5861; x_wconf 87' lang='lat' dir='ltr'><strong>Sicque</strong></span> <span class='ocrx_word' id='word_1_752' title='bbox 1112 5793 1270 5862; x_wconf 86' lang='lat' dir='ltr'><strong>plane</strong></span> <span class='ocrx_word' id='word_1_753' title='bbox 1295 5794 1534 5848; x_wconf 88' lang='lat' dir='ltr'><strong>recidere</strong></span> <span class='ocrx_word' id='word_1_754' title='bbox 1558 5791 1838 5846; x_wconf 87' lang='lat' dir='ltr'><strong>inirritum</strong></span> <span class='ocrx_word' id='word_1_755' title='bbox 1871 5804 2060 5842; x_wconf 87' lang='lat' dir='ltr'><strong>onmcs</strong></span> 
     </span>
    </p>
   </div>
   <div class='ocr_carea' id='block_1_102' title="bbox 484 5884 2064 5956">
    <p class='ocr_par' dir='ltr' id='par_1_102' title="bbox 484 5884 2064 5956">
     <span class='ocr_line' id='line_1_102' title="bbox 484 5884 2064 5956; baseline 0 -20"><span class='ocrx_word' id='word_1_756' title='bbox 484 5887 667 5956; x_wconf 71' lang='lat' dir='ltr'><strong>(Zyptii</strong></span> <span class='ocrx_word' id='word_1_757' title='bbox 709 5896 960 5941; x_wconf 76' lang='lat' dir='ltr'><strong>conatus.</strong></span> <span class='ocrx_word' id='word_1_758' title='bbox 991 5902 1111 5941; x_wconf 87' lang='lat' dir='ltr'><strong>cum</strong></span> <span class='ocrx_word' id='word_1_759' title='bbox 1174 5888 1226 5940; x_wconf 89' lang='lat' dir='ltr'><strong>in</strong></span> <span class='ocrx_word' id='word_1_760' title='bbox 1298 5887 1348 5941; x_wconf 73' lang='lat' dir='ltr'><strong>id</strong></span> <span class='ocrx_word' id='word_1_761' title='bbox 1401 5884 1686 5942; x_wconf 87' lang='lat' dir='ltr'><strong>manifeste</strong></span> <span class='ocrx_word' id='word_1_762' title='bbox 1735 5893 2064 5940; x_wconf 79' lang='lat' dir='ltr'><strong>concurrant</strong></span> 
     </span>
    </p>
   </div>
   <div class='ocr_carea' id='block_1_103' title="bbox 2140 4679 3742 4747">
    <p class='ocr_par' dir='ltr' id='par_1_103' title="bbox 2140 4679 3742 4747">
     <span class='ocr_line' id='line_1_103' title="bbox 2140 4679 3742 4747; baseline 0.003 -14"><span class='ocrx_word' id='word_1_763' title='bbox 2140 4687 2230 4734; x_wconf 90' lang='lat' dir='ltr'><strong>tur</strong></span> <span class='ocrx_word' id='word_1_764' title='bbox 2255 4694 2408 4741; x_wconf 84' lang='lat' dir='ltr'><strong>cura.</strong></span> <span class='ocrx_word' id='word_1_765' title='bbox 2435 4696 2504 4735; x_wconf 89' lang='lat' dir='ltr'><strong>ne</strong></span> <span class='ocrx_word' id='word_1_766' title='bbox 2546 4679 2916 4747; x_wconf 80' lang='lat' dir='ltr'><strong>perfunctorie</strong></span> <span class='ocrx_word' id='word_1_767' title='bbox 2948 4683 3387 4738; x_wconf 86' lang='lat' dir='ltr'><strong>trausmittentes</strong></span> <span class='ocrx_word' id='word_1_768' title='bbox 3415 4699 3528 4737; x_wconf 91' lang='lat' dir='ltr'><strong>rem</strong></span> <span class='ocrx_word' id='word_1_769' title='bbox 3565 4699 3742 4738; x_wconf 82' lang='lat' dir='ltr'><strong>accu-</strong></span> 
     </span>
    </p>
   </div>
   <div class='ocr_carea' id='block_1_104' title="bbox 2141 4773 3740 4846">
    <p class='ocr_par' dir='ltr' id='par_1_104' title="bbox 2141 4773 3740 4846">
     <span class='ocr_line' id='line_1_104' title="bbox 2141 4773 3740 4846; baseline 0.004 -20"><span class='ocrx_word' id='word_1_770' title='bbox 2141 4783 2254 4826; x_wconf 88' lang='lat' dir='ltr'><strong>rata</strong></span> <span class='ocrx_word' id='word_1_771' title='bbox 2318 4773 2756 4828; x_wconf 85' lang='lat' dir='ltr'><strong>consideratione</strong></span> <span class='ocrx_word' id='word_1_772' title='bbox 2821 4773 3044 4843; x_wconf 84' lang='lat' dir='ltr'><strong>dignam</strong></span> <span class='ocrx_word' id='word_1_773' title='bbox 3117 4784 3323 4829; x_wconf 88' lang='lat' dir='ltr'><strong>temere</strong></span> <span class='ocrx_word' id='word_1_774' title='bbox 3397 4775 3740 4846; x_wconf 74' lang='lat' dir='ltr'><strong>praeiudiciis</strong></span> 
     </span>
    </p>
   </div>
   <div class='ocr_carea' id='block_1_105' title="bbox 2143 4865 3742 4939">
    <p class='ocr_par' dir='ltr' id='par_1_105' title="bbox 2143 4865 3742 4939">
     <span class='ocr_line' id='line_1_105' title="bbox 2143 4865 3742 4939; baseline 0.004 -19"><span class='ocrx_word' id='word_1_775' title='bbox 2143 4866 2626 4936; x_wconf 86' lang='lat' dir='ltr'><strong>acquiescerentin</strong></span> <span class='ocrx_word' id='word_1_776' title='bbox 2685 4865 2752 4920; x_wconf 87' lang='lat' dir='ltr'><strong>iis</strong></span> <span class='ocrx_word' id='word_1_777' title='bbox 2808 4881 2932 4936; x_wconf 65' lang='lat' dir='ltr'><strong>qua:</strong></span> <span class='ocrx_word' id='word_1_778' title='bbox 2977 4882 3076 4936; x_wconf 90' lang='lat' dir='ltr'><strong>per</strong></span> <span class='ocrx_word' id='word_1_779' title='bbox 3108 4882 3168 4922; x_wconf 89' lang='lat' dir='ltr'><strong>se</strong></span> <span class='ocrx_word' id='word_1_780' title='bbox 3213 4869 3366 4938; x_wconf 84' lang='lat' dir='ltr'><strong>ipsos</strong></span> <span class='ocrx_word' id='word_1_781' title='bbox 3402 4869 3742 4939; x_wconf 83' lang='lat' dir='ltr'><strong>expendisse</strong></span> 
     </span>
    </p>
   </div>
   <div class='ocr_carea' id='block_1_106' title="bbox 2143 4958 3740 5031">
    <p class='ocr_par' dir='ltr' id='par_1_106' title="bbox 2143 4958 3740 5031">
     <span class='ocr_line' id='line_1_106' title="bbox 2143 4958 3740 5031; baseline 0.001 -17"><span class='ocrx_word' id='word_1_782' title='bbox 2143 4960 2433 5028; x_wconf 85' lang='lat' dir='ltr'><strong>diligenter</strong></span> <span class='ocrx_word' id='word_1_783' title='bbox 2467 4976 2565 5028; x_wconf 89' lang='lat' dir='ltr'><strong>par</strong></span> <span class='ocrx_word' id='word_1_784' title='bbox 2595 4958 2796 5023; x_wconf 78' lang='lat' dir='ltr'><strong>fuerat,</strong></span> <span class='ocrx_word' id='word_1_785' title='bbox 2846 4960 3362 5031; x_wconf 88' lang='lat' dir='ltr'><strong>committereutque</strong></span> <span class='ocrx_word' id='word_1_786' title='bbox 3419 4970 3477 5015; x_wconf 89' lang='lat' dir='ltr'><strong>ut</strong></span> <span class='ocrx_word' id='word_1_787' title='bbox 3523 4963 3740 5030; x_wconf 89' lang='lat' dir='ltr'><strong>seipsos</strong></span> 
     </span>
    </p>
   </div>
   <div class='ocr_carea' id='block_1_107' title="bbox 2147 5053 3740 5123">
    <p class='ocr_par' dir='ltr' id='par_1_107' title="bbox 2147 5053 3740 5123">
     <span class='ocr_line' id='line_1_107' title="bbox 2147 5053 3740 5123; baseline 0.001 -15"><span class='ocrx_word' id='word_1_788' title='bbox 2147 5067 2275 5108; x_wconf 87' lang='lat' dir='ltr'><strong>sero</strong></span> <span class='ocrx_word' id='word_1_789' title='bbox 2299 5062 2488 5122; x_wconf 87' lang='lat' dir='ltr'><strong>postea</strong></span> <span class='ocrx_word' id='word_1_790' title='bbox 2524 5053 2750 5121; x_wconf 86' lang='lat' dir='ltr'><strong>culpare</strong></span> <span class='ocrx_word' id='word_1_791' title='bbox 2775 5063 3106 5121; x_wconf 81' lang='lat' dir='ltr'><strong>cogerentur</strong></span> <span class='ocrx_word' id='word_1_792' title='bbox 3130 5053 3470 5123; x_wconf 70' lang='lat' dir='ltr'><strong>negligentiae</strong></span> <span class='ocrx_word' id='word_1_793' title='bbox 3500 5055 3740 5123; x_wconf 70' lang='lat' dir='ltr'><strong>supinae,</strong></span> 
     </span>
    </p>
   </div>
   <div class='ocr_carea' id='block_1_108' title="bbox 2147 5145 3742 5218">
    <p class='ocr_par' dir='ltr' id='par_1_108' title="bbox 2147 5145 3742 5218">
     <span class='ocr_line' id='line_1_108' title="bbox 2147 5145 3742 5218; baseline 0.003 -19"><span class='ocrx_word' id='word_1_794' title='bbox 2147 5155 2398 5216; x_wconf 88' lang='lat' dir='ltr'><strong>oportere</strong></span> <span class='ocrx_word' id='word_1_795' title='bbox 2432 5145 2701 5214; x_wconf 88' lang='lat' dir='ltr'><strong>siquidem</strong></span> <span class='ocrx_word' id='word_1_796' title='bbox 2737 5162 2953 5216; x_wconf 54' lang='lat' dir='ltr'><strong>aequum</strong></span> <span class='ocrx_word' id='word_1_797' title='bbox 3007 5146 3274 5202; x_wconf 87' lang='lat' dir='ltr'><strong>arbitrum</strong></span> <span class='ocrx_word' id='word_1_798' title='bbox 3324 5148 3496 5202; x_wconf 87' lang='lat' dir='ltr'><strong>otiose</strong></span> <span class='ocrx_word' id='word_1_799' title='bbox 3527 5162 3742 5218; x_wconf 80' lang='lat' dir='ltr'><strong>cogno—</strong></span> 
     </span>
    </p>
   </div>
   <div class='ocr_carea' id='block_1_109' title="bbox 2155 5235 3746 5309">
    <p class='ocr_par' dir='ltr' id='par_1_109' title="bbox 2155 5235 3746 5309">
     <span class='ocr_line' id='line_1_109' title="bbox 2155 5235 3746 5309; baseline 0.003 -19"><span class='ocrx_word' id='word_1_800' title='bbox 2155 5251 2310 5290; x_wconf 85' lang='lat' dir='ltr'><strong>scere</strong></span> <span class='ocrx_word' id='word_1_801' title='bbox 2351 5237 2732 5306; x_wconf 71' lang='lat' dir='ltr'><strong>quredicuntur</strong></span> <span class='ocrx_word' id='word_1_802' title='bbox 2767 5235 2834 5290; x_wconf 92' lang='lat' dir='ltr'><strong>ab</strong></span> <span class='ocrx_word' id='word_1_803' title='bbox 2862 5238 3068 5293; x_wconf 88' lang='lat' dir='ltr'><strong>utrovis</strong></span> <span class='ocrx_word' id='word_1_804' title='bbox 3097 5238 3746 5309; x_wconf 76' lang='lat' dir='ltr'><strong>disceptantium,explo-</strong></span> 
     </span>
    </p>
   </div>
   <div class='ocr_carea' id='block_1_110' title="bbox 2154 5328 3744 5406">
    <p class='ocr_par' dir='ltr' id='par_1_110' title="bbox 2154 5328 3744 5406">
     <span class='ocr_line' id='line_1_110' title="bbox 2154 5328 3744 5406; baseline 0.003 -26"><span class='ocrx_word' id='word_1_805' title='bbox 2154 5342 2388 5397; x_wconf 87' lang='lat' dir='ltr'><strong>rareque</strong></span> <span class='ocrx_word' id='word_1_806' title='bbox 2413 5342 2646 5396; x_wconf 85' lang='lat' dir='ltr'><strong>ecquam</strong></span> <span class='ocrx_word' id='word_1_807' title='bbox 2680 5328 3100 5382; x_wconf 84' lang='lat' dir='ltr'><strong>similitudinem</strong></span> <span class='ocrx_word' id='word_1_808' title='bbox 3134 5328 3278 5383; x_wconf 83' lang='lat' dir='ltr'><strong>torte</strong></span> <span class='ocrx_word' id='word_1_809' title='bbox 3310 5329 3582 5406; x_wconf 80' lang='lat' dir='ltr'><strong>majorem</strong></span> <span class='ocrx_word' id='word_1_810' title='bbox 3619 5331 3744 5400; x_wconf 83' lang='lat' dir='ltr'><strong>ejus</strong></span> 
     </span>
    </p>
   </div>
   <div class='ocr_carea' id='block_1_111' title="bbox 2154 5419 3748 5492">
    <p class='ocr_par' dir='ltr' id='par_1_111' title="bbox 2154 5419 3748 5492">
     <span class='ocr_line' id='line_1_111' title="bbox 2154 5419 3748 5492; baseline 0.002 -19"><span class='ocrx_word' id='word_1_811' title='bbox 2154 5423 2328 5473; x_wconf 84' lang='lat' dir='ltr'><strong>oratio</strong></span> <span class='ocrx_word' id='word_1_812' title='bbox 2353 5419 2440 5474; x_wconf 90' lang='lat' dir='ltr'><strong>cui</strong></span> <span class='ocrx_word' id='word_1_813' title='bbox 2475 5420 2658 5474; x_wconf 91' lang='lat' dir='ltr'><strong>minus</strong></span> <span class='ocrx_word' id='word_1_814' title='bbox 2679 5421 2892 5475; x_wconf 86' lang='lat' dir='ltr'><strong>favetur</strong></span> <span class='ocrx_word' id='word_1_815' title='bbox 2914 5436 3024 5490; x_wconf 67' lang='lat' dir='ltr'><strong>prae</strong></span> <span class='ocrx_word' id='word_1_816' title='bbox 3043 5436 3102 5476; x_wconf 86' lang='lat' dir='ltr'><strong>se</strong></span> <span class='ocrx_word' id='word_1_817' title='bbox 3119 5420 3274 5474; x_wconf 83' lang='lat' dir='ltr'><strong>ferat.</strong></span> <span class='ocrx_word' id='word_1_818' title='bbox 3304 5421 3522 5491; x_wconf 82' lang='lat' dir='ltr'><strong>Alioqui</strong></span> <span class='ocrx_word' id='word_1_819' title='bbox 3545 5437 3748 5492; x_wconf 89' lang='lat' dir='ltr'><strong>passu-</strong></span> 
     </span>
    </p>
   </div>
   <div class='ocr_carea' id='block_1_112' title="bbox 2157 5512 3744 5583">
    <p class='ocr_par' dir='ltr' id='par_1_112' title="bbox 2157 5512 3744 5583">
     <span class='ocr_line' id='line_1_112' title="bbox 2157 5512 3744 5583; baseline 0.001 -16"><span class='ocrx_word' id='word_1_820' title='bbox 2157 5529 2248 5567; x_wconf 85' lang='lat' dir='ltr'><strong>rus</strong></span> <span class='ocrx_word' id='word_1_821' title='bbox 2280 5512 2424 5582; x_wconf 73' lang='lat' dir='ltr'><strong>Quod</strong></span> <span class='ocrx_word' id='word_1_822' title='bbox 2450 5513 2812 5583; x_wconf 89' lang='lat' dir='ltr'><strong>deprehensis</strong></span> <span class='ocrx_word' id='word_1_823' title='bbox 2844 5513 2899 5568; x_wconf 92' lang='lat' dir='ltr'><strong>in</strong></span> <span class='ocrx_word' id='word_1_824' title='bbox 2927 5513 3106 5568; x_wconf 92' lang='lat' dir='ltr'><strong>medio</strong></span> <span class='ocrx_word' id='word_1_825' title='bbox 3131 5513 3371 5567; x_wconf 88' lang='lat' dir='ltr'><strong>duorum</strong></span> <span class='ocrx_word' id='word_1_826' title='bbox 3411 5516 3744 5569; x_wconf 87' lang='lat' dir='ltr'><strong>certantium</strong></span> 
     </span>
    </p>
   </div>
   <div class='ocr_carea' id='block_1_113' title="bbox 2157 5605 3751 5675">
    <p class='ocr_par' dir='ltr' id='par_1_113' title="bbox 2157 5605 3751 5675">
     <span class='ocr_line' id='line_1_113' title="bbox 2157 5605 3751 5675; baseline 0.001 -16"><span class='ocrx_word' id='word_1_827' title='bbox 2157 5605 2451 5674; x_wconf 82' lang='lat' dir='ltr'><strong>contingit,</strong></span> <span class='ocrx_word' id='word_1_828' title='bbox 2488 5615 2547 5659; x_wconf 93' lang='lat' dir='ltr'><strong>ut</strong></span> <span class='ocrx_word' id='word_1_829' title='bbox 2583 5605 2682 5674; x_wconf 89' lang='lat' dir='ltr'><strong>ipsi</strong></span> <span class='ocrx_word' id='word_1_830' title='bbox 2711 5621 2774 5659; x_wconf 79' lang='lat' dir='ltr'><strong>ex</strong></span> <span class='ocrx_word' id='word_1_831' title='bbox 2797 5605 2976 5660; x_wconf 88' lang='lat' dir='ltr'><strong>alieno</strong></span> <span class='ocrx_word' id='word_1_832' title='bbox 3006 5606 3188 5675; x_wconf 83' lang='lat' dir='ltr'><strong>jurgio</strong></span> <span class='ocrx_word' id='word_1_833' title='bbox 3209 5605 3487 5675; x_wconf 89' lang='lat' dir='ltr'><strong>proprium</strong></span> <span class='ocrx_word' id='word_1_834' title='bbox 3526 5610 3578 5659; x_wconf 92' lang='lat' dir='ltr'><strong>in</strong></span> <span class='ocrx_word' id='word_1_835' title='bbox 3623 5621 3751 5660; x_wconf 88' lang='lat' dir='ltr'><strong>sese</strong></span> 
     </span>
    </p>
   </div>
   <div class='ocr_carea' id='block_1_114' title="bbox 2160 5697 3748 5768">
    <p class='ocr_par' dir='ltr' id='par_1_114' title="bbox 2160 5697 3748 5768">
     <span class='ocr_line' id='line_1_114' title="bbox 2160 5697 3748 5768; baseline 0.001 -16"><span class='ocrx_word' id='word_1_836' title='bbox 2160 5698 2461 5768; x_wconf 89' lang='lat' dir='ltr'><strong>periculum</strong></span> <span class='ocrx_word' id='word_1_837' title='bbox 2519 5697 2816 5751; x_wconf 82' lang='lat' dir='ltr'><strong>attraham.</strong></span> <span class='ocrx_word' id='word_1_838' title='bbox 2866 5697 2976 5751; x_wconf 86' lang='lat' dir='ltr'><strong>llac</strong></span> <span class='ocrx_word' id='word_1_839' title='bbox 3011 5712 3142 5767; x_wconf 86' lang='lat' dir='ltr'><strong>ergo</strong></span> <span class='ocrx_word' id='word_1_840' title='bbox 3186 5698 3450 5767; x_wconf 77' lang='lat' dir='ltr'><strong>religione</strong></span> <span class='ocrx_word' id='word_1_841' title='bbox 3495 5699 3748 5757; x_wconf 83' lang='lat' dir='ltr'><strong>instincti</strong></span> 
     </span>
    </p>
   </div>
   <div class='ocr_carea' id='block_1_115' title="bbox 2163 5790 3750 5858">
    <p class='ocr_par' dir='ltr' id='par_1_115' title="bbox 2163 5790 3750 5858">
     <span class='ocr_line' id='line_1_115' title="bbox 2163 5790 3750 5858; baseline 0.003 -14"><span class='ocrx_word' id='word_1_842' title='bbox 2163 5791 2396 5844; x_wconf 77' lang='lat' dir='ltr'><strong>lectores</strong></span> <span class='ocrx_word' id='word_1_843' title='bbox 2415 5790 2825 5844; x_wconf 86' lang='lat' dir='ltr'><strong>dissertationis</strong></span> <span class='ocrx_word' id='word_1_844' title='bbox 2851 5800 3044 5845; x_wconf 87' lang='lat' dir='ltr'><strong>contra</strong></span> <span class='ocrx_word' id='word_1_845' title='bbox 3072 5799 3283 5844; x_wconf 91' lang='lat' dir='ltr'><strong>tomum</strong></span> <span class='ocrx_word' id='word_1_846' title='bbox 3331 5791 3661 5858; x_wconf 64' lang='lat' dir='ltr'><strong>patriarchae</strong></span> <span class='ocrx_word' id='word_1_847' title='bbox 3720 5810 3750 5848; x_wconf 86' lang='lat' dir='ltr'><strong>a</strong></span> 
     </span>
    </p>
   </div>
   <div class='ocr_carea' id='block_1_116' title="bbox 2171 5879 3752 5955">
    <p class='ocr_par' dir='ltr' id='par_1_116' title="bbox 2171 5879 3752 5955">
     <span class='ocr_line' id='line_1_116' title="bbox 2171 5879 3752 5955; baseline 0.004 -21"><span class='ocrx_word' id='word_1_848' title='bbox 2171 5880 2346 5937; x_wconf 69' lang='lat' dir='ltr'><strong>Vccco</strong></span> <span class='ocrx_word' id='word_1_849' title='bbox 2400 5879 2559 5934; x_wconf 75' lang='lat' dir='ltr'><strong>edita:</strong></span> <span class='ocrx_word' id='word_1_850' title='bbox 2627 5881 2841 5950; x_wconf 84' lang='lat' dir='ltr'><strong>singula</strong></span> <span class='ocrx_word' id='word_1_851' title='bbox 2919 5881 3045 5936; x_wconf 77' lang='lat' dir='ltr'><strong>folia</strong></span> <span class='ocrx_word' id='word_1_852' title='bbox 3088 5883 3472 5950; x_wconf 80' lang='lat' dir='ltr'><strong>expcndebant</strong></span> <span class='ocrx_word' id='word_1_853' title='bbox 3520 5884 3752 5955; x_wconf 85' lang='lat' dir='ltr'><strong>judiciis</strong></span> 
     </span>
    </p>
   </div>
  </div>
