4022 6550
224 434 311 497 ῙΣ9
1089 434 1185 494 DE
1226 430 1674 494 ANDRONICO
1722 429 2191 490 PALEEOLOGO
2224 429 2375 490 LIB.
2425 431 2510 490 ll.

3360 433 3462 499 130

216 549 394 616 ψαντες
428 545 510 596 ἐπ’
533 545 832 614 ἀσφάλειαν
865 545 1204 616 ὑπέγραφον,
1228 547 1362 600 ἀλλὰ
1389 548 1466 616 τῷ
1495 547 1773 616 παρ’ἐκεί-
1807 549 1847 601 Α
1880 544 2019 593 κατά
2061 541 2434 612 πληροφορίαν
2464 541 2562 610 τὴν
2599 541 2930 608 οἰκειότητα·
2981 538 3043 591 Οἶ
3082 541 3145 609 δὴ
3171 542 3264 594 καὶ
3297 544 3459 612 μέχρι

215 657 310 688 νων
336 641 426 689 ἐπε
437 636 735 705 ρειδὸμενοι
761 635 1069 706 γράμματι.

215 750 275 812 γ’.
307 741 381 797 Τὰ
406 745 558 799 κατὰ
584 746 692 800 τὸν
712 746 1302 816 ἐσκᾳμματισμένον,
1322 748 1420 802 καὶ
1451 749 1608 816 ὅπως
1634 765 1770 804 κατ·

732 814 941 886 ῃτιᾶτυ
975 818 1008 870 ό
1037 818 1240 886 τόμος.

274 906 488 976 Συμϐάν
517 906 574 960 δέ
600 926 653 961 τι
684 909 777 962 καὶ
807 909 937 977 περὶ
959 909 1050 962 τὸν
1087 910 1613 980 ἑακαμματισμένον
1639 929 1772 982 χαρ-

214 1004 472 1074 τοφύλακα
503 1005 553 1072 (ὁ
594 1005 703 1075 γὰρ
733 1005 1086 1077 Μοσχάμπαρ
1141 1007 1237 1059 καὶ
1287 1007 1608 1077 προαπέστη
1657 1005 1774 1077 ἅμα

220 1095 303 1160 μὲν
329 1093 608 1162 ὀφφικίου,
629 1094 746 1163 ἅμα
767 1094 940 1147 δὲκαὶ
961 1095 1332 1166 πατριάρχου,
1360 1096 1776 1166 μικροψυχήσας

217 1183 297 1236 ἐπί
323 1200 446 1247 τισι,
475 1184 570 1236 καὶ
596 1185 684 1236 διὰ
708 1182 863 1238 ταῦθ’
880 1185 1148 1253 ἑπόμενον
1179 1186 1357 1252 ἑαυτῷ
1378 1187 1470 1238 καὶ
1499 1186 1590 1239 τὸν
1617 1204 1777 1240 πεντ-

217 1275 575 1346 εκκλησιὼτην
631 1273 796 1347 εἶχεν)
855 1279 1142 1348 ἐπέρρωσε
1197 1279 1451 1332 κάκείνου
1489 1282 1589 1350 τὴν
1647 1281 1775 1348 περὶ

216 1367 293 1418 τὸν
318 1368 663 1436 πατριάρχην
691 1367 1037 1438 δυσμένειαν,
1070 1370 1165 1424 καί
1197 1369 1248 1437 γ’
1279 1370 1377 1439 οὐχ
1407 1367 1514 1423 οἷοί
1549 1371 1597 1423 τ’
1623 1371 1775 1433 ὄντες

217 1455 345 1522 αύτῷ
373 1456 737 1525 διαμάχεσθαι
781 1457 917 1527 πρὸς
963 1460 1053 1511 τὸν
1107 1460 1275 1529 τόμον
1322 1461 1563 1525 ἀπεῖδον,
1617 1461 1776 1525 δόξαν

213 1550 488 1614 ἀσφαλείας
520 1549 834 1617 δογμάτων,
865 1553 936 1620 μὴ
972 1551 1132 1622 κενὴν
1165 1553 1434 1622 διαφοράν
1460 1552 1612 1621 παρὰ
1647 1554 1774 1605 πολ-

214 1639 304 1690 λῶν
330 1640 1096 1711 ἀποίσεσθαιπρονοούμενοι.
1130 1643 1236 1695 Καὶ
1256 1643 1320 1712 δὴ
1354 1643 1776 1714 παρασπαίρου-

214 1747 302 1784 σαν
346 1730 420 1784 ἔτι
451 1732 696 1800 ὁρῶντες
742 1733 841 1803 τὴν
899 1738 1047 1805 παρὰ
1097 1735 1191 1788 τοῦ
1248 1735 1454 1787 Βέκκου
1490 1735 1568 1806 τῷ
1621 1737 1774 1806 τόμῳ

216 1823 426 1891 μέμψιν,
449 1827 567 1886 τοῖς
590 1826 1002 1895 γεγραμμένοις
1027 1828 1352 1894 ἐπιφυέντες
1373 1829 1464 1879 καὶ
1496 1821 1644 1880 οὗτοι
1673 1830 1773 1896 τὴν

1878 633 1978 699 μέν
2015 649 2160 696 τινος
2207 635 2300 686 καὶ
2351 634 2508 687 αὐτοὶ
2540 621 2899 702 ’διερχόμενοι
2953 633 3020 684 τὰ
3057 630 3150 683 τοῦ
3185 632 3354 701 τόμου
3395 635 3458 684 ού
3485 633 3508 642 ¹

1877 723 2347 792 προσαπεδὲχοντο
2382 722 2479 792 τὴν
2537 722 2821 791 ἐξήγησιν.
2877 722 2950 774 Τὺ
2999 721 3132 788 γοῦν
3186 723 3463 784 ταυτίζειν

1873 815 1978 883 τήν
2011 831 2070 866 τε
2104 814 2333 884 πρόοδον
2372 816 2475 884 τήν
2512 815 2560 867 τ’
2612 814 2878 881 ἔκφανσιν
2902 851 2918 878 ,
2954 813 3054 866 καὶ
3105 815 3196 866 ἐπὶ
3248 815 3461 877 τούτοις

1875 907 1967 958 τὸν
1999 907 2288 976 γράψαντα
2338 907 2802 976 καταμέμφεσθαι
2833 909 2909 972 ὡς
2948 909 3121 961 ταυτα
3153 907 3230 977 τῷ
3267 908 3461 978 Βέκκῳ

1873 998 2190 1063 δοξάζοντα,
2214 999 2314 1052 οὐκ
2338 999 2552 1069 ἔκρινον
2584 999 2802 1065 ξυνετὸν
2834 999 2946 1052 οὐδ’
2974 1000 3149 1062 ἄλλως
3184 1000 3461 1070 εὔσχημον

1876 1092 1972 1144 καὶ
2025 1093 2106 1152 εἰς
2157 1090 2456 1158 ἀπολογίαν
2509 1091 2904 1157 εὐπρόσωπον·
2959 1093 3134 1146 δοκεῖν
3187 1097 3294 1164 γὲρ
3347 1097 3460 1158 τοῖς

1877 1183 2090 1246 πολλοῖς
2121 1183 2374 1235 ἐντεῦθεν
2407 1184 2498 1235 ἐπὶ
2549 1185 2772 1244 κακίαις
2803 1183 3050 1236 εὐθύνειν
3112 1185 3204 1236 τὸν
3253 1185 3461 1238 Βέκκον

1878 1278 1971 1329 καὶ
2004 1275 2064 1328 ού
2089 1275 2178 1329 διὰ
2218 1275 2506 1345 δογμάτων
2535 1274 2910 1341 παραόασίαν,
2941 1270 3024 1336 οἷς
3061 1277 3143 1327 ὅτι
3177 1276 3273 1328 καὶ
3300 1277 3459 1328 αὐτοὶ

1877 1367 2137 1436 ἀληθείας
2193 1368 2406 1438 ἀνάγκῃ
2449 1367 2904 1436 συνελαυνόμενοι
2957 1368 3026 1418 τὰ
3075 1368 3216 1420 αὐτὰ
3263 1370 3458 1438 ὲκείκῳ

1877 1458 2217 1528 θεολογοῦσι,
2247 1462 2343 1514 καὶ
2378 1461 2405 1513 ὃ
2437 1460 2658 1529 φεύγειν
2690 1459 2877 1524 ἔδοξαν
2925 1460 3228 1528 βασκανίας
3259 1461 3422 1531 χάριν
3443 1505 3456 1524 ,

1877 1550 2024 1603 τοῦθ’
2074 1551 2430 1622 ὁμολογοῦσιν
2485 1550 2744 1618 ἀληθείας
2783 1550 2967 1604 ἕνεκα.
3011 1551 3083 1603 Τὸ
3133 1551 3264 1617 γοῦν
3317 1552 3460 1604 οὕτω

1876 1642 1967 1695 τὸν
2005 1643 2173 1712 τόμον
2213 1642 2600 1697 καταιτιᾶσθαι
2633 1643 2732 1694 ούκ
2777 1642 3022 1708 ἔγνωσαν
3051 1643 3182 1695 δεῖν’
3213 1645 3272 1696 τὸ
3296 1644 3340 1696 δ’
3379 1645 3458 1698 ὅτι

1876 1735 1938 1787 τὸ
1967 1735 2267 1804 προϐολεὺς
2296 1735 2490 1804 ὄνομα,
2532 1734 2559 1786 δ
2592 1735 2917 1805 ἰδιοτρόπως
2958 1735 3111 1803 παρὰ
3141 1735 3250 1787 τῶν
3291 1736 3457 1787 [Ιατέ-

1881 1844 1988 1895 ρων
2019 1829 2110 1878 ἐπὶ
2142 1827 2234 1879 τοῦ
2272 1828 2444 1879 αἰτίου
2483 1826 2578 1879 τοῦ
2619 1826 2938 1895 Πνεύματος
2967 1827 3460 1896 παραλαμϐάνεται

216 1917 474 1986 μάχαιραν
522 1917 763 1983 ὢξυναν.
831 1917 1062 1988 Ὀρμαῖς
1098 1920 1226 1987 γοῦν
1262 1921 1773 1992 παρακροτηθέντες
1807 1912 1848 1969 Β
1877 1917 2069 1987 ὥσπερ
2106 1920 2200 1970 καὶ
2232 1917 2292 1970 τὸ
2329 1919 2608 1988 γεννήτωρ
2645 1919 2740 1970 ἐπὶ
2790 1917 2883 1970 τοῦ
2925 1917 3100 1970 αἰτίου
3157 1917 3249 1969 τοῦ
3308 1935 3464 1987 μονο-

217 2009 403 2076 μείζοσι
433 2011 530 2063 καὶ
563 2013 699 2073 τοὺς
719 2011 1010 2074 δοκοῦντας
1034 2013 1637 2082 νπροκαταλαμὸάνουσι
1665 2013 1774 2066 τῶν

216 2101 517 2168 ἀρχιερέων,
566 2097 648 2154 ὦν
704 2102 801 2154 καὶ
844 2101 1064 2172 μείζους
1117 2103 1213 2155 καὶ
1275 2102 1341 2174 [Ρ
1372 2101 1464 2174 78]
1509 2102 1716 2172 πρῶτοι
1748 2103 1777 2156 ὁ

226 2192 436 2261 ’Βερέσου
487 2193 538 2246 τ’
585 2189 731 2264 ἦσαν
769 2193 1025 2262 Ἰωάννης
1081 2193 1163 2245 ἔτι
1221 2192 1397 2259 ἀπὼν,
1448 2195 1476 2247 ὁ
1533 2194 1775 2257 Κυζίκου

215 2283 387 2353 Δανιὴλ
439 2283 536 2336 καὶ
573 2285 606 2336 ὁ
660 2283 1044 2354 Φιλαδελφείας
1093 2285 1428 2354 Θεόληπτος,
1470 2284 1529 2347 ὃς
1577 2286 1642 2356 δὴ
1684 2286 1776 2338 καὶ

217 2378 348 2445 παρὰ
379 2377 454 2446 τῷ
491 2377 723 2448 μεγάλῳ
741 2377 1004 2450 λογοθέτῃ
1027 2377 1230 2447 πολλὴν
1265 2379 1360 2430 καὶ
1390 2378 1636 2447 μεγάλην
1665 2374 1775 2449 εἷχε

219 2553 698 2618 acribus,tnaxime
725 2569 847 2608 cum
894 2554 1135 2624 plerique
1165 2564 1478 2625 reputarent
1540 2556 1680 2608 haud
1721 2571 1781 2611 se

221 2647 417 2712 proprio
457 2661 628 2700 sensu
669 2662 730 2701 re
761 2649 913 2702 clare
938 2657 1220 2716 perspecta
1271 2649 1386 2717 ipsa
1433 2659 1487 2702 et
1518 2647 1638 2717 ejus
1668 2650 1781 2703 evi-

221 2736 378 2789 dentia
404 2738 764 2793 securitatem
794 2739 960 2793 dante
1014 2740 1446 2809 subscripsisse,
1461 2740 1554 2794 sed
1617 2739 1784 2796 fretos

221 2831 518 2882 auctoritate
548 2829 846 2886 scribentis
873 2832 1078 2900 scripto
1101 2833 1460 2900 acquievisse.

221 2922 268 2974 5.
295 2921 360 2976 De
389 2924 869 2994 excarlopltglace;
893 2936 940 2978 et
964 2936 1017 2978 ut
1057 2937 1343 2979 accusatus
1389 2926 1551 2995 fuerit
1587 2938 1780 2983 tomus.

284 3015 545 3078 Quiddam
579 3030 752 3085 porro
777 3019 923 3086 quod
957 3017 1188 3085 conligit
1217 3018 1361 3072 circa
1387 3019 1785 3092 excltartephy-

223 3104 372 3160 larem
390 3109 478 3168 (ua
488 3123 537 3159 m
559 3107 842 3161 Moscham
852 3123 914 3175 pa
922 3125 945 3159 r
961 3109 1120 3176 paulo
1133 3119 1258 3163 ante
1272 3118 1327 3164 et
1347 3123 1588 3166 cesserat
1608 3112 1783 3166 oﬂicio

222 3200 622 3265 etapatriarclta
644 3214 703 3253 se
721 3212 1045 3262 removerat,
1068 3202 1397 3270 quibusdam
1419 3203 1784 3258 olfensiuucu-

225 3290 280 3342 lis
301 3307 540 3356 aversus,
571 3302 886 3347 consortem
911 3308 1130 3362 quoque
1156 3293 1452 3350 simultatis
1477 3311 1662 3350 secum
1684 3299 1781 3351 ba-

224 3379 342 3435 lteus
358 3383 981 3453 quinquecclesienSeu-)
1004 3384 1156 3436 auxit
1175 3386 1461 3453 utriusque
1481 3386 1532 3437 in
1552 3387 1782 3454 patriar-

226 3473 365 3527 clum
391 3478 607 3531 odium.
649 3475 713 3529 Hi
741 3490 866 3529 cum
899 3490 958 3529 se
984 3475 1125 3528 haud
1161 3490 1319 3544 pares
1359 3489 1645 3530 cernerent
1681 3478 1781 3546 ipsi

228 3566 763 3637 palantoppuguando
781 3567 1124 3633 patriarchae,
1145 3566 1210 3619 ad
1235 3566 1364 3620 lomi
1381 3568 1779 3622 accusationem

227 3659 446 3714 animum
477 3661 762 3730 appulere,
791 3659 951 3730 116
983 3659 1058 3712 uti
1093 3659 1159 3712 ad
1197 3674 1310 3712 rem
1343 3674 1410 3711 eo
1480 3657 1780 3714 faciliorem

227 3761 273 3802 et
298 3767 582 3807 successus
637 3753 934 3820 pronioris,
987 3751 1130 3820 quod
1188 3751 1465 3821 plausibili
1518 3761 1782 3820 praetextu

226 3839 602 3896 obtendebatur
630 3840 814 3900 oilicii.
832 3856 941 3910 quo
967 3841 1146 3909 quivis
1162 3839 1529 3900 Christianus,
1558 3855 1788 3908 praeser-

229 3933 310 3985 tim
326 3935 752 3996 ecclesiasticus,
777 3944 993 3988 tenetur
1023 3947 1260 3997 summo,
1294 3933 1602 4002 quaerendae
1635 3935 1784 3988 omni

229 4027 417 4082 ratione
473 4028 794 4083 securitatis
826 4027 892 4096 ,in
939 4027 1212 4093 dogmate,
1269 4025 1687 4096 excutiendique
1734 4037 1788 4080 ct

227 4119 522 4188 explorandi
578 4120 635 4172 in
689 4132 754 4172 eo
801 4132 999 4185 genere
1047 4116 1464 4172 accuratissime
1516 4116 1784 4186 quidquid

230 4213 401 4279 quovis
422 4213 648 4266 nomine
675 4213 990 4279 ambiguum
1017 4209 1102 4262 Vel
1132 4208 1414 4261 minimam
1474 4208 1784 4262 dubitatio-

231 4316 334 4355 netu
352 4314 551 4368 movet,
589 4303 694 4356 hoc
727 4299 1044 4370 prwjudicio
1080 4301 1243 4368 vulgo
1278 4308 1513 4368 receptae
1571 4299 1786 4370 opinio-

231 4393 306 4450 nis
330 4394 465 4448 baud
499 4393 778 4449 immerito
805 4393 1490 4461 Speranteslucrifacturos
1519 4409 1577 4449 se
1603 4396 1785 4464 suspi-

231 4488 419 4540 cionem
455 4485 722 4542 iracunde
751 4488 1024 4540 ruentium
1056 4485 1108 4538 itt
1134 4486 1400 4540 ultionem
1447 4487 1596 4540 exosi
1639 4488 1782 4557 capi-

1878 2009 2068 2076 γενοῦς
2124 2011 2319 2078 Λόγου,
2359 2011 2523 2073 αὐτὸς
2555 2009 2917 2078 ὀμωνυμίσας
2965 2010 3058 2061 ἐπὶ
3116 2011 3216 2080 τῆς
3273 2011 3457 2073 ἁπλῶς

1881 2102 2204 2167 ὲκφάνσεως
2245 2101 2530 2165 ἐξελάϐετο
2583 2102 2675 2152 καὶ
2727 2103 2828 2152 ούκ
2884 2101 2976 2152 ἐπὶ
3005 2103 3106 2171 τῆς
3155 2102 3334 2164 αἰτίας
3367 2103 3460 2154 τοῦ

1884 2194 2024 2247 ηνεύ
2034 2211 2204 2264 ματος
2231 2195 2509 2265 καθαρῶς,
2534 2195 2600 2265 ἦν
2625 2195 2720 2247 καὶ
2749 2194 2976 2263 πρόοδον
2996 2193 3171 2260 λέγων
3198 2195 3294 2264 τὴν
3317 2193 3462 2258 λέξ;ν

1880 2288 2196 2356 ἀπέφασκε,
2236 2287 2386 2339 τοῦτ’
2414 2289 2514 2339 οὐκ
2539 2287 2734 2356 ὴφῖουν
2775 2288 3185 2348 ἀκαταιτίατον,
3229 2287 3326 2339 καὶ
3358 2306 3466 2341 πα-

1883 2378 2150 2448 ραὸασίας
2177 2380 2389 2432 ἐκεῖνον
2420 2378 2674 2430 ἐντεῦθεν
2705 2378 2993 2448 δογμάτων
3027 2379 3350 2450 ὲγράφοντο.
3391 2381 3464 2432 Τὸ

1881 2561 2012 2615 tiam
2047 2559 2356 2630 expendere
2385 2559 2662 2630 aggressis
2690 2573 2754 2614 ea
2810 2559 3034 2614 minime
3064 2561 3336 2630 placebat,
3362 2579 3463 2616 nec

1881 2652 2276 2707 admittendam
2314 2652 2630 2706 Damasccni
2667 2651 3064 2720 expositionem
3117 2654 3460 2722 judicabant.

1887 2743 2048 2800 Haud
2086 2756 2268 2799 tamen
2311 2744 2514 2813 alioqui
2560 2753 2992 2800 consentaneum
3059 2760 3124 2798 ac
3177 2745 3464 2814 plausibile

1883 2845 2146 2907 ptttarunt
2178 2835 2455 2890 criminari
2491 2850 2556 2888 eo
2590 2835 2810 2888 nomine
2829 2846 3107 2889 auctorem
3141 2836 3294 2901 totni,
3320 2841 3464 2905 quod

1885 2931 2026 2982 male
2058 2941 2282 2997 negaret
2313 2927 2454 2981 idem
2519 2927 2676 2995 plane
2706 2927 2887 2981 valere
2946 2929 3350 2995 processionem
3413 2941 3466 2984 et

1883 3019 2474 3089 exsplendescentiam.
2507 3034 2630 3073 cum
2663 3035 2726 3071 cx
2777 3019 2892 3087 ipsa
2924 3020 3042 3087 ejus
3079 3021 3329 3075 doctrina
3380 3026 3467 3074 sa;

1885 3116 1956 3169 tis
1991 3114 2136 3167 clare
2165 3124 2488 3182 sequeretur
2512 3127 2814 3183 synonyma
2864 3123 3090 3181 prorsus
3145 3131 3266 3168 esse
3306 3118 3467 3171 ambo

1887 3206 1990 3259 ista
2031 3205 2326 3269 vocabula;
2359 3207 2499 3258 unde
2526 3213 2709 3272 posset
2756 3204 3049 3258 efﬁcaciter
3109 3207 3309 3260 involvi
3368 3225 3464 3278 pa-

1889 3298 2126 3352 triarcha
2168 3297 2224 3350 in
2251 3298 2656 3350 datnuationem
2693 3294 2850 3349 νυοί-ἰ
2888 3297 3028 3350 idem
3085 3297 3263 3365 ipsum
3319 3315 3467 3355 asse-

1889 3391 2079 3454 remis,
2106 3406 2201 3444 nec
2221 3387 2404 3459 fugere
2431 3399 2612 3457 pOSSt't
2639 3391 2771 3457 quin
2824 3389 2868 3442 si
2937 3389 3215 3444 aberraret
3257 3393 3309 3444 iu
3366 3392 3469 3445 hoc

1889 3484 2094 3537 Veccus
2130 3498 2158 3537 a
2192 3494 2339 3538 recto
2371 3484 2648 3549 dogmate,
2700 3483 2848 3551 paris
2907 3492 2960 3536 et
2995 3484 3111 3552 ipse
3155 3496 3470 3553 compertus

1885 3576 2092 3627 erroris
2130 3585 2428 3628 teneretur.
2463 3571 2663 3626 Verum
2704 3590 2772 3627 ne
2806 3575 2906 3627 bac
2941 3574 3090 3626 illum
3125 3587 3278 3643 parte
3312 3593 3469 3646 urge-

1889 3673 2007 3716 rent
2040 3679 2102 3716 ea
2132 3663 2342 3717 ratione
2375 3665 2782 3727 avcrtcbantur,
2819 3663 2963 3733 quod
2994 3667 3470 3722 multisentiebatzt

1885 3750 2121 3807 Veccum
2169 3754 2458 3823 culparum
2491 3765 2679 3807 contra
2713 3755 3080 3823 disciplinam,
3129 3773 3234 3811 non
3287 3774 3466 3813 autem

1885 3845 2089 3912 erroris
2121 3846 2381 3897 adversus
2409 3844 2567 3897 fidem
2615 3853 2819 3897 rectam
2881 3858 3033 3897 reum
3067 3859 3207 3908 esse,
3269 3847 3470 3917 quippe

1887 3931 1980 4000 qui
2033 3932 2178 4000 quod
2234 3932 2542 3998 allirmaret,
2605 3933 2746 3985 idem
2814 3936 3126 3988 necessario
3179 3936 3468 3991 dicendum

1885 4030 2027 4076 esset
2058 4023 2232 4078 cuivis
2269 4025 2542 4093 theologo,
2600 4024 2888 4080 Trinitatis
2950 4027 3292 4097 mysterium,
3331 4030 3472 4084 sicut

1887 4121 2122 4180 oportet,
2177 4100 2514 4182 explican‘ti,
2565 4123 2727 4182 prout
2789 4115 3077 4170 manifeste
3127 4121 3472 4187 apparuisset

1885 4219 1951 4259 ex
2004 4221 2068 4260 eo
2130 4208 2274 4274 quod
2332 4205 2654 4275 quicunque
2704 4208 2855 4261 illum
2915 4210 3218 4278 pervicacia
3292 4213 3472 4280 potius

1885 4311 2049 4368 quam
2083 4297 2198 4353 zelo
2234 4297 2483 4353 veritatis
2517 4299 2674 4369 117
2699 4311 3138 4370 oppugnassent,
3172 4304 3262 4357 ubi
3302 4305 3469 4360 vicis-

1887 4393 1991 4448 sim
2025 4391 2410 4460 redigebantur
2434 4391 2500 4446 ad
2547 4393 2928 4447 necessitatem
2981 4395 3288 4463 explicandi
3337 4397 3470 4464 quid

1887 4484 1956 4539 de
1985 4485 2247 4555 mySteric
2286 4485 2476 4538 eodem
2532 4485 2646 4554 ipsi
2693 4486 2985 4548 sentirent,
3039 4486 3314 4540 declinare
3360 4502 3468 4540 non

233 4581 313 4647 tis,
340 4594 390 4638 et
420 4599 781 4654 persuasuros
802 4585 982 4637 studio
1005 4598 1064 4637 se
1092 4583 1272 4651 potius
1307 4581 1562 4652 religioso
1597 4582 1786 4637 ortbo-
1818 4599 1860 4654 ι)
1893 4566 2145 4647 ρόιοηιηι
2166 4578 2298 4646 quin
2336 4577 2520 4630 verbis
2549 4577 2828 4631 similibus
2858 4587 2912 4631 et
2941 4578 3186 4631 eamdem
3251 4588 3474 4633 senten-

235 4675 370 4729 doxa:
459 4674 722 4730 doctrinae
796 4673 1137 4728 declaranda:
1225 4673 1293 4725 ad
1384 4671 1786 4725 discessionem

237 4769 596 4822 commentarii
651 4767 890 4836 suspecti
951 4766 1230 4818 aeredere.
1278 4762 1566 4833 Flagrante
1624 4763 1790 4833 igitur

237 4857 395 4911 adhuc
420 4859 621 4912 invidia
675 4871 838 4927 quam
899 4871 1095 4910 recens
1149 4854 1319 4908 editio
1380 4852 1582 4922 passim
1639 4852 1790 4906 lecta:

235 4949 606 5004 roul'utationis
633 4949 790 5004 Vecci
849 4957 996 5002 tomo
1050 4943 1379 5016 patriarcha:
1439 4941 1790 5007 conﬂaverat,

237 5051 280 5090 et
313 5040 702 5107 trepidantibus
754 5053 878 5093 cum
938 5047 1177 5090 maxime
1225 5033 1406 5106 Cyprii
1457 5033 1791 5104 sequacibus

239 5130 283 5182 in
312 5132 444 5184 fama
471 5134 595 5200 ejus
627 5132 898 5184 titubante
939 5126 1282 5190 sustinenda,
1345 5124 1694 5193 insurgentes
1739 5133 1790 5178 et

239 5221 312 5274 isti
360 5226 597 5292 gladium
650 5231 942 5286 acuerunt,
1001 5218 1423 5286 vehementique
1477 5218 1792 5286 ingruentes

242 5313 419 5382 impetu
451 5323 900 5385 praeoccuparunt
935 5321 1327 5378 traxeruutque
1361 5308 1416 5362 in
1450 5318 1635 5378 partes
1658 5323 1793 5377 prae-

241 5409 411 5474 Cipuos
437 5425 683 5478 quosque
714 5407 1042 5461 antistitum.
1075 5404 1222 5467 Quos
1275 5404 1416 5456 inter
1477 5401 1795 5456 eminebant

243 5497 523 5567 Epttesiuus
550 5501 806 5560 Joannes.
832 5499 1010 5552 adhuc
1035 5499 1256 5574 absens,
1290 5495 1385 5549 sed
1422 5502 1790 5567 exspectatus

242 5591 711 5663 Constantinopoli,
739 5590 1040 5662 Cyzicet-us
1069 5588 1254 5642 Daniel
1289 5596 1342 5641 et
1355 5585 1794 5654 Philadelphien-

245 5683 308 5736 sis
328 5686 670 5756 Theoleptus,
701 5685 794 5753 qui
843 5694 896 5737 et
946 5681 1089 5751 apud
1142 5693 1402 5749 magnum
1457 5678 1787 5748 logotbetam

243 5789 433 5831 summa
465 5791 516 5835 et
537 5781 708 5848 gratia
730 5787 785 5833 et
817 5776 1141 5830 auctoritate
1173 5772 1427 5842 pollebat.
1458 5771 1556 5824 His
1578 5771 1792 5824 cunctis

244 5877 314 5918 sat
333 5872 491 5923 multa
513 5871 643 5927 tomi
669 5868 899 5924 lectione
929 5867 1322 5932 introspectant
1355 5862 1542 5931 Cyprii
1563 5870 1786 5916 senten-

1893 4672 2021 4724 tiam
2047 4669 2482 4738 exprimentibus
2519 4678 2822 4734 uterentur,
2881 4670 2952 4724 ita
3007 4682 3064 4724 ut
3125 4669 3270 4724 unde
3323 4672 3472 4740 ipsos

1892 4758 2155 4828 arguendi
2187 4757 2403 4827 prurigo
2426 4757 2766 4825 retraxisset,
2782 4761 2972 4813 eodem
3003 4760 3201 4815 veritas
3221 4762 3470 4828 compin-

1893 4861 2063 4920 geret.
2093 4852 2267 4904 Aliam
2309 4851 2474 4920 igitur
2503 4853 2638 4907 inire
2669 4853 2810 4905 viam
2881 4853 3239 4907 decreverunt
3298 4855 3474 4924 impu-

1895 4943 2092 5010 gnandi
2165 4942 2319 5004 tomi,
2367 4943 2655 5011 culpantes
2701 4943 2953 4999 videlicet
2988 4945 3134 5013 quod
3191 4959 3316 4997 cum
3370 4961 3471 4999 vox

1896 5033 2196 5103 προβολεύς
2225 5036 2524 5104 produc-tor
2557 5036 2778 5104 proprie
2826 5045 3188 5105 usurparetur
3232 5052 3261 5090 a
3299 5037 3477 5091 Patri-

1895 5127 1998 5182 bus
2045 5127 2112 5180 ad
2162 5127 2586 5196 significandum
2639 5127 2966 5197 principium
3018 5131 3259 5181 activum
3292 5130 3472 5182 sancti

1896 5218 2162 5288 Spiritus,
2194 5219 2337 5272 sicut
2370 5232 2472 5272 vox
2506 5216 2722 5285 genitor
2750 5219 2817 5272 ab
2860 5219 3054 5273 iisdem
3087 5219 3376 5272 adhibetur
3404 5218 3473 5273 ad

1900 5309 2302 5380 designandum
2343 5311 2673 5379 principium
2702 5309 2940 5365 activum
2979 5311 3242 5379 unigeniti
3274 5308 3474 5376 Verbi,

1901 5404 2082 5449 tamen
2120 5397 2357 5464 scriptor
2397 5400 2529 5450 tomi
2579 5400 2730 5452 vocis
2757 5399 3056 5467 προδολεύς
3103 5401 3476 5469 signiﬁcatum

1899 5488 2179 5543 retulisset
2229 5489 2297 5543 ad
2355 5489 2661 5558 simplicem
2715 5491 3310 5558 exsplendescentiant,
3366 5508 3476 5544 non

1899 5592 2082 5635 autem
2131 5582 2197 5636 ad
2251 5583 2659 5636 emanationetu
2724 5581 2968 5654 Spiritus
3034 5585 3210 5637 sancti
3269 5599 3297 5635 c
3348 5599 3480 5636 vero

1898 5673 2169 5742 principio
2194 5673 2392 5727 activo.
2426 5673 2600 5739 Quam
2630 5676 3038 5728 etnanationetn
3065 5673 3330 5726 vocabulo
3354 5689 3478 5740 pro-

1897 5763 2168 5820 cessionis
2191 5768 2542 5835 exprimens.
2590 5775 2643 5819 et
2677 5766 3082 5834 processionetn
3120 5767 3186 5817 ah
3220 5763 3479 5831 exsplen-

1897 5858 2169 5914 desccntia
2201 5857 2544 5930 distinguens
2571 5901 2587 5926 ,
2649 5859 2789 5913 haud
2833 5859 2997 5912 dubie
3045 5857 3309 5910 adimeret
3359 5858 3479 5909 voci
