3950 6572
498 402 595 470 ιιι

1697 406 2021 469 GEORGII
2078 401 2565 466 PACHYM-ERE

3669 395 3786 466 139.

502 534 603 590 μεν
633 516 726 572 οὖν
760 515 851 571 ὑπ’
886 516 1078 570 ὀδόντα
1112 516 1259 585 παρὰ
1303 515 1515 571 τούτων
1563 516 1658 570 καὶ
1706 517 1787 571 ἐτι
1822 519 2075 589 ὲφείρπε,
2106 525 2152 583 Α
2179 517 2468 586 δογμάτων
2499 515 2741 585 γράψας,
2766 513 2827 568 τὸ
2858 515 3069 585 γραφὲν
3103 512 3386 581 ἐνεφάνιζε
3412 517 3521 579 τοῖς
3549 518 3786 579 πολλοῖς

492 614 552 666 τὸ
582 612 641 664 δὲ
671 615 765 664 καὶ
792 610 1099 677 ἀναφανδὸν
1143 608 1325 676 λέγειν
1355 608 1491 678 πρὸς
1531 609 1743 673 πάντας
1771 612 1827 663 ai.
1854 612 1945 663 ἐπὶ
1998 610 2074 678 τῷ

493 704 651 772 τὸμῳ
683 700 1002 770 ὑπογραφαὶ
1037 697 1186 766 σφῶν
1212 697 1309 749 οὑκ
1340 697 1665 767 ἐπέτρεπον.
1702 697 1960 770 Ἐζήτουν
1985 698 2077 752 οὖν

495 793 749 864 εὐπρεπῆ
779 790 1122 858 καταστῆσαι
1151 790 1250 879 τῂν
1282 788 1639 860 κατηγορίαν.
1672 792 1765 845 καὶ
1788 791 1960 858 δεῖξαι
1985 791 2076 844 τὸν

496 884 704 936 Βὲκκον
727 882 938 935 Νέστον
963 880 1126 935 ἄλλον
1150 881 1438 950 ἄντικρυς,
1461 878 1521 944 ὃς
1545 880 1610 951 δὴ
1635 882 1731 935 καὶ
1752 884 1893 952 μετὰ
1916 882 2079 935 θάνα-

497 990 591 1025 τον
619 972 712 1025 τὸν
746 971 1005 1040 μέγιστον
1043 964 1320 1038 Ἠρακλέα
1347 971 1786 1041 κατηγωνίσατο.
1808 971 1917 1023 Κατ.
1939 973 2077 1042 ταχῦ

498 1062 775 1131 παρέσχεν
826 1062 1009 1115 αἰτίαν
1048 1062 1151 1114 οὐκ
1181 1059 1298 1115 οἶδα
1344 1063 1461 1115 εἴτε
1500 1062 1552 1129 γ’
1586 1064 1620 1133 ἡ
1654 1062 1793 1134 τύχη
1826 1065 1939 1117 εἴτε
1969 1065 2079 1135 μὴν

498 1153 562 1224 [Ρ
589 1151 680 1224 79]
711 1154 772 1204 τίι
798 1150 1081 1222 δαιμόνιον
1119 1153 1355 1222 μήνιμα.

494 1268 557 1322 δ’.
596 1265 677 1321 Τὰ
708 1268 859 1321 κατά
885 1269 1022 1340 .τόνῂ
1055 1267 1326 1340 Μάρκον,
1382 1269 1481 1340 καί
1529 1268 1694 1340 ὅπως
1726 1270 1972 1340 ἀνήφθη
2011 1272 2077 1326 τὸ

836 1335 957 1390 τῶν
993 1337 1317 1407 ἀρχιερέων
1348 1338 1730 1394 σκάνδαλον.

568 1429 819 1498 Μοναχὸς
873 1430 984 1499 γάρ
1040 1447 1124 1492 τις
1179 1430 1405 1501 Μάρκος
1462 1428 1740 1499 τοῦνομα,
1790 1433 1855 1486 ἑκ
1888 1433 2081 1501 γένους

498 1521 769 1591 ὲξωτέρου
815 1520 1107 1591 Ῥωμαίων
1157 1520 1233 1574 ὢν
1269 1522 1531 1593 καὶπρὸς
1563 1523 1721 1591 λόγον
1767 1524 2082 1594 φιλοτιμού-

504 1633 687 1685 μενος,
722 1618 1014 1684 συνήθειαν
1050 1602 1186 1685 ἔχων
1217 1618 1281 1669 ὲκ
1314 1616 1410 1669 τοῦ
1447 1616 1615 1670 πάλαι
1649 1616 1785 1686 πρδς
1810 1618 2082 1689 πατριάρ-

497 1724 601 1777 χην
632 1706 823 1774 φοιτᾷν
855 1705 1005 1775 αὐτῷ
1041 1712 1130 1760 καὶ
1153 1706 1528 1772 διδάσκεσθαι,
1576 1708 1699 1761 τότε
1733 1708 1896 1774 δόξαν
1933 1712 2081 1764 ὲκεί-

412 1841 417 1844 .
500 1816 597 1869 νῳ,
628 1798 727 1852 οὐκ
760 1792 877 1851 οἶδα
904 1798 1092 1861 πόθεν,
1123 1800 1380 1869 συνιστᾷν
1412 1799 1578 1851 αὑτὸν
1607 1800 1673 1852 ὲκ
1705 1802 2079 1871 λογογραφίας

2180 608 2548 679 θαρρούντως,
2583 609 2898 679 προστιθεὶς
2941 609 3017 670 ὡς
3055 612 3149 662 καὶ
3176 610 3494 680 πατριάρχῃ
3527 611 3785 679 ἐμίξανιο

2181 716 2293 752 σειε
2318 701 2478 753 τοῦτο
2507 702 2600 753 καὶ
2628 699 2839 762 ἐκεῖνός
2858 717 2979 754 τινα
3009 700 3380 770 διορθώσειεν,
3417 699 3784 769 ὲγκαθιστῶν

2180 791 2431 845 ἐντεῦθεν
2460 793 2529 845 τά
2560 791 2661 861 τῆς
2694 791 2979 856 ἐκδόσεως.
3006 791 3194 846 Ταῦτα
3228 791 3454 845 λαϐοῦσι
3498 809 3636 857 τισι,
3672 792 3785 844 καὶ

2183 882 2448 954 μαθοῦσιν
2479 882 2694 936 ὲκείθεν
2716 882 2794 947 ὡς
2818 884 2913 937 καὶ
2933 884 3097 946 αὐτὸς
3118 883 3465 953 ὀμωνυμίζει
3490 885 3590 953 τὴν
3620 881 3787 947 λέξιν

2178 976 2281 1046 τὴν
2313 974 2636 1045 προὸολεὺς,
2672 973 2920 1043 ἄφυκτον
2976 974 3123 1045 ἔχειν
3167 975 3262 1029 τὸν
3292 976 3645 1046 πατριάρχην
3680 976 3788 1028 ἐπὶ

2181 1068 2247 1135 τῇ
2298 1063 2605 1136 κατηγορίᾳ
2654 1064 2828 1119 ἐδόκει
2856 1081 2870 1095 ·
2927 1061 3075 1119 εἶναι
3114 1065 3226 1137 γὰρ
3280 1067 3536 1119 κάκεῖνον
3594 1065 3790 1121 ταῦτα

2185 1156 2508 1225 φρονοῦντα,
2541 1149 2623 1220 οἷς
2655 1157 2737 1209 ὅτι
2767 1155 2948 1210 λαϐὼν
2978 1159 3058 1219 είς
3112 1159 3304 1227 χεῖρας
3347 1157 3417 1210 τὰ
3463 1158 3791 1227 γράμματα

2184 1248 2277 1303 καὶ
2301 1248 2589 1316 διεξελθὼν
2609 1249 2747 1303 ἄλλα
2772 1249 2874 1319 μὲν
2898 1249 3204 1320 διωρθώκει
3225 1251 3321 1304 καὶ
3346 1251 3570 1313 οἰκείοις
3591 1248 3791 1318 γράμ·

2185 1358 2320 1413 μασι
2354 1342 2654 1413 διεσήμηνε
2704 1342 2805 1413 τὴν
2838 1342 3153 1411 διόρθωσιν,
3185 1342 3356 1414 αὐτὴν
3396 1343 3454 1396 δὲ
3480 1344 3583 1413 τὴν
3617 1341 3785 1407 λέξιν

2183 1433 2570 1485 ἁκαταιτίατον
2598 1433 2806 1497 εἴασεν,
2837 1433 2981 1487 ὥστε
3005 1435 3096 1488 τὸν
3125 1436 3185 1488 ὲν
3211 1434 3291 1505 τῷ
3337 1436 3494 1506 τόμῳ
3544 1437 3783 1505 γρῖφον,

2182 1516 2257 1582 ὡς
2290 1519 2355 1573 ἄν
2394 1535 2479 1583 τις
2511 1521 2669 1593 εἴπῃ,
2717 1521 2815 1577 καὶ
2851 1520 2914 1575 τὸ
2972 1524 3072 1593 τῆς
3124 1524 3354 1595 γνώμης
3382 1524 3669 1595 γλαφυρόν
3716 1538 3784 1575 τε

2184 1613 2279 1665 καὶ
2318 1611 2553 1666 ὓπουλον
2580 1615 2642 1667 ἓν
2678 1613 2758 1684 τῷ
2794 1612 2891 1668 τοῦ
2929 1615 3163 1686 Μάρκου
3200 1607 3643 1687 παραγυμνῶσαι
3676 1616 3785 1670 καὶ

2180 1703 2353 1769 δεῖξαι
2375 1705 2687 1774 γράμματι.
2722 1706 2872 1777 Ταχὺ
2902 1706 3035 1774 γοῦν
3059 1707 3119 1760 τδ
3144 1708 3239 1762 τοῦ
3270 1708 3500 1778 Μάρκου
3525 1709 3784 1779 γράμμα

2182 1793 2420 1853 λαϐὼν,δ
2450 1795 2779 1867 Θεόληπτος,
2831 1799 3060 1863 ἐπιστὰς
3083 1800 3163 1870 τῷ
3201 1800 3429 1871 μεγάλῳ
3471 1800 3781 1874 λογοθέτῃ,

496 1894 568 1947 τὰ
613 1892 887 1961 δόγματα,
928 1891 1147 1963 γράψας
1184 1892 1258 1955 ὡς
1310 1892 1472 1961 δῆθεν
1529 1894 1597 1946 τὰ
1630 1895 1711 1956 εις
1754 1896 2078 1966 ἀντίρρησιν
2112 1879 2154 1932 Β
2181 1886 2336 1957 ἀνδρὶ
2366 1885 2529 1958 λογίῳ
2556 1889 2650 1942 καὶ
2678 1891 2808 1961 περὶ
2830 1879 2928 1961 ἦν
2948 1891 3058 1945 τῶν
3078 1891 3369 1961 δογμάτων
3395 1893 3781 1962 ἑκκαιομένῳ,

497 1984 789 2054 ἐμφανίζει
824 1982 902 2051 τῷ
956 1986 1296 2055 πατριάρχῃ.
1348 1984 1405 2038 Ὀ
1435 1983 1478 2037 δ’
1511 1987 1615 2039 ἀνὰ
1666 1989 1858 2058 χεῖρας
1905 1986 2082 2040 λαόών

499 2096 559 2132 τε
594 2082 688 2131 καὶ
715 2077 941 2132 διελθὼν
972 2079 1065 2130 καί
1116 2096 1260 2131 τισιν
1310 2079 1637 2149 ἐπιστήσας,
1692 2080 1788 2132 καὶ
1818 2081 1893 2141 ὡς
1922 2079 2082 2133 εἴωθε

504 2174 674 2227 πάλαι
729 2177 926 2236 ποιεῖν,
979 2172 1304 2226 διδασκάλου
1361 2172 1565 2242 τρόπον
1612 2174 1803 2244 χερσὶν
1848 2173 2083 2237 οἰκείαις

499 2265 767 2320 τίν’ᾰττα
820 2263 1260 2334 διορθωσάμενος
1315 2264 1666 2320 ἀποδίδωσιν.
1735 2265 2021 2319 Ἐντεῦθεν
2054 2266 2083 2318 ὀ

499 2358 727 2429 Μάρκος
753 2355 935 2411 λαϐὼν
956 2357 1026 2409 τὰ
1054 2357 1224 2410 πιστὰ
1247 2355 1323 2419 ὥς
1348 2374 1431 2419 τις
1464 2353 1604 2410 εἶναι
1632 2358 1789 2424 δόξας
1822 2357 1918 2411 καὶ
1941 2359 2081 2428 ὑπὲρ

498 2540 797 2612 προσολεὺς
834 2538 1136 2610 productor
1188 2536 1472 2593 notionem
1510 2537 1614 2607 ipsi
1643 2537 1903 2593 tributam
1930 2553 1959 2592 a
1983 2537 2083 2592 Pa-

499 2632 709 2697 ttibus,
762 2631 1134 2686 emauationis
1180 2638 1238 2684 ut
1290 2645 1321 2684 e
1361 2628 1628 2699 principio
1668 2631 1870 2684 activo.
1925 2629 2080 2694 Quod

506 2722 645 2775 nihil
675 2721 856 2775 minus
891 2735 1017 2775 esse
1039 2718 1443 2774 contendebant
1470 2734 1632 2788 quam
1658 2718 2016 2774 defectionem
2049 2735 2079 2771 a

510 2813 613 2868 fide
641 2814 930 2868 catholica:
953 2811 1252 2877 doctrinae;
1288 2821 1342 2865 et
1368 2812 1439 2866 ob
1461 2812 1566 2865 boe
1593 2810 1775 2866 dicam
1795 2811 2082 2881 apostasia!

499 2905 629 2960 tonui
662 2904 874 2959 auctori
916 2905 1040 2973 jure
1094 2903 1321 2974 impingi
1352 2903 1671 2958 censebant.
1716 2904 1841 2959 llaec
1886 2919 2076 2959 eorum

497 3000 603 3054 sub
633 3001 797 3054 dente
831 3006 962 3052 tunc
1019 2995 1434 3052 mussitantium
1481 3010 1681 3050 arcana
1717 2995 2080 3051 murmuratio

502 3090 822 3161 aliquandiu
856 3089 996 3144 clam
1025 3101 1255 3157 serpens
1289 3085 1496 3140 timidis
1527 3085 1795 3139 duntaxat
1832 3095 2077 3155 grassata

2184 1979 2326 2032 ὥστε
2358 1979 2587 2043 πολλοὺς
2611 1983 2924 2049 πιστεύειν,
2959 1985 3264 2054 ἀσφάλειαν
3284 2026 3300 2049 ,
3330 1986 3642 2055 ὲκφανίζει,
3677 1987 3786 2039 καὶ

2186 2071 2305 2140 μεθ’
2339 2072 2471 2143 ὅσης
2505 2071 2667 2147 εἴπῃς
2691 2075 2792 2146 τῆς
2814 2077 3155 2141 ἐπιστάσεως
3195 2079 3536 2149 διεξήρχετο,
3565 2080 3663 2132 καί
3701 2094 3774 2148 γε

2185 2166 2797 2236 προοικονομησάμενος
2848 2169 2911 2221 τὸ
2955 2169 3255 2234 κακόδοξον
3310 2172 3375 2225 ἑκ
3424 2170 3640 2226 πολλῶν
3663 2213 3681 2237 ,
3725 2175 3783 2226 εί

2183 2253 2357 2319 οὕτως
2388 2255 2503 2327 ἔχοι
2535 2257 2630 2311 καὶ
2658 2256 2810 2330 αὐτῷ
2841 2258 3148 2332 ξυνδοκοίη,
3198 2261 3612 2317 διεπυνθάνετο.
3657 2262 3785 2315 Καὶ

2185 2346 2276 2399 τὸν
2306 2346 2594 2417 ὁμολογεῖν
2619 2351 2961 2421 παραυτίκα,
3004 2352 3100 2407 καὶ
3130 2356 3531 2427 καταῤῥιπτεῖν
3569 2372 3635 2411 τε
3674 2355 3785 2412 καὶ

2184 2535 2390 2590 ειτηοιο
2451 2536 2693 2593 editione
2737 2537 3022 2609 vulgavit;
3088 2540 3250 2610 eique
3316 2542 3783 2597 commendandae

2184 2629 2662 2698 prmfatiunculam
2718 2630 2931 2687 addidit
2974 2631 3263 2689 docentem
3316 2634 3498 2690 visum
3534 2651 3564 2691 a
3596 2637 3784 2706 patri-

2187 2720 2355 2775 archa
2412 2729 2468 2774 et
2501 2720 2590 2775 ubi
2623 2735 2799 2790 opus~
2830 2721 2937 2777 fuit
2986 2727 3340 2803 emendatum
3392 2726 3446 2781 id
3493 2729 3781 2799 scriptum

2183 2810 2357 2864 fuisse
2392 2812 2716 2881 priusquam
2753 2814 3034 2871 ederetur.
3073 2816 3246 2874 Eunte
3278 2833 3374 2889 per
3402 2834 3599 2877 manus
3625 2836 3783 2876 novo

2184 2901 2349 2969 libro,
2384 2903 2556 2959 movit
2578 2905 2850 2974 quosdam
2897 2908 3044 2977 quod
3073 2908 3127 2963 in
3161 2924 3226 2965 eo
3246 2921 3583 2967 annotarunt
3625 2910 3780 2968 tradi

2180 2996 2347 3048 etiam
2379 2995 2594 3052 clarius
2636 3013 2801 3066 quam
2835 2998 2891 3054 in
2922 3007 3075 3054 tomo
3102 3001 3438 3071 patriarcha:
3478 3003 3781 3061 damnabi-

2182 3085 2286 3139 lem
2319 3087 2462 3139 illam
2511 3088 2915 3145 restrictionetn
2949 3092 3190 3149 notionis
3215 3094 3272 3150 in
3301 3109 3439 3151 voce
3464 3096 3777 3167 προσολεύς

506 3182 751 3239 susurris
791 3192 875 3236 cst
910 3197 924 3233 :
962 3194 1088 3233 nam
1137 3179 1543 3232 accusationem
1601 3177 1848 3232 mendosi
1889 3178 2075 3248 scripti
2107 3218 2150 3276 ο
2183 3193 2290 3247 qua
2318 3179 2582 3248 principii
2617 3181 2785 3235 activi
2818 3182 3165 3253 significatus
3191 3194 3386 3243 contra
3415 3189 3779 3246 manifestam

499 3275 784 3342 suscipere
828 3271 1105 3339 publicam
1144 3268 1473 3338 prohibebat
1504 3269 1827 3323 verecundia
1857 3284 2079 3337 magno-

503 3381 622 3418 rum
665 3363 950 3418 nominum
992 3374 1141 3415 tomo
1174 3360 1227 3413 in
1257 3359 1629 3414 testimonium
1663 3359 2080 3429 approbatiunis

500 3457 967 3525 subscriptorum.
1026 3453 1401 3522 Exquirebant
1454 3468 1587 3523 ergo
1620 3469 1805 3508 secum
1855 3454 2077 3508 modum

500 3560 556 3602 ct
587 3547 1054 3618 opportunitatem
1093 3547 1411 3616 indagatum
1446 3544 1598 3599 ibant
1639 3554 1758 3598 tuto
1779 3545 2081 3615 plausibilis

500 3652 693 3711 terque
727 3639 1055 3710 defungendi
1097 3637 1367 3692 delatione
1391 3645 1472 3689 tot
1503 3637 1695 3692 muniti
1725 3637 2081 3694 auctoritati-

505 3736 607 3788 bus
632 3733 791 3798 tomi,
817 3729 1346 3798 demoustraudique
1383 3725 1646 3794 Veccum,
1678 3730 1907 3785 similem
1935 3729 2081 3785 illius

501 3842 531 3880 c
569 3802 768 3880 fabulis
809 3822 988 3885 Nessi,
1019 3838 1184 3891 quem
1223 3821 1408 3877 ferunt
1433 3838 1463 3876 a
1490 3830 1664 3875 moue
1698 3836 1794 3875 sua
1824 3836 2078 3891 magnum

514 3917 799 3972 Herculem
853 3916 1091 3982 viciSSe,
1150 3914 1267 3984 ipsa
1324 3914 1409 3969 sui
1456 3912 1811 3968 damnatione
1860 3928 2079 3966 causam

501 4011 656 4065 exitii
706 4024 806 4064 suo
842 4008 1015 4079 judici
1069 4022 1133 4061 ac
1176 4009 1395 4061 censori
1430 4006 1702 4060 attulisse.
1730 4003 1842 4060 Nec
1866 4006 1956 4059 diu
1985 4008 2080 4058 al)-

504 4103 612 4156 fuit
656 4101 788 4169 quin
822 4100 1173 4154 occasionem
1213 4098 1349 4168 ipsis
1382 4099 1435 4152 id
1470 4097 1662 4169 agendi
1696 4097 2081 4152 commodissi-

508 4208 653 4247 mam
693 4207 789 4246 scu
819 4206 983 4245 casus
1010 4205 1109 4245 seu
1144 4189 1329 4244 divina
1357 4199 1675 4258 suggereret
1711 4189 1867 4242 ultio.

501 4288 556 4340 4.
589 4285 662 4338 De
699 4284 903 4346 Marco,
954 4292 1083 4336 etut
1112 4282 1414 4337 antistitum
1459 4282 1712 4334 exarserit
1744 4279 2077 4335 scandalum.

576 4377 876 4432 Lionacltus
928 4377 1074 4430 enim
1116 4374 1359 4444 quidam.
1415 4374 1633 4429 Murrus
1664 4374 1909 4438 nomine,
1934 4375 2079 4431 haud

507 4485 707 4541 genere
747 4469 1058 4534 Romanus,
1092 4469 1257 4522 homo
1293 4466 1671 4520 doctrinarum
1705 4467 1902 4522 studiis
1932 4468 2081 4521 dedi-

2185 3270 2411 3325 Patrum
2452 3272 2839 3328 auctoritatem
2873 3275 2943 3328 ab
2992 3291 3056 3330 ea
3109 3278 3465 3346 excluditur;
3513 3296 3625 3350 quo
3647 3281 3776 3336 ani-

2187 3362 2477 3417 madverso
2502 3363 2821 3432 praeclaram
2854 3379 2914 3418 se
2943 3373 3135 3421 nactos
3182 3376 3313 3421 sunt
3346 3369 3523 3437 gavisi
3559 3385 3769 3440 oppor-

2184 3454 2479 3508 tunitatcm
2515 3455 2872 3523 oppugnandi
2912 3457 3125 3511 minore
3156 3457 3365 3513 invidia
3404 3459 3458 3514 in
3488 3461 3777 3530 discipulo

2186 3546 2481 3615 magistri,
2521 3547 2609 3600 cui
2646 3561 2848 3617 negare
2900 3547 3010 3617 jam
3048 3547 3321 3619 in'tegrum
3355 3567 3465 3606 non
3519 3560 3670 3609 esset
3704 3568 3777 3612 se

2184 3638 2347 3708 plane
2383 3639 2456 3693 ita
2490 3639 2722 3704 sentire,
2775 3640 2967 3710 utique
3005 3655 3130 3695 cum
3164 3643 3273 3696 alia
3306 3645 3557 3713 quaedam
3587 3645 3772 3700 corri-

2184 3745 2318 3801 gens
2349 3729 2405 3784 in
2454 3731 2660 3799 scripto
2710 3732 2963 3800 discipuli
3001 3733 3155 3798 illud,
3192 3743 3252 3788 ut
3281 3751 3398 3790 suae
3445 3751 3774 3803 congruens

2184 3822 2507 3886 sententiae,
2566 3823 2674 3877 ulla
2739 3824 3011 3893 contigere
3068 3824 3569 3882 animadversionis
3630 3835 3773 3881 nota

2183 3915 2483 3969 omisisset.
2525 3912 2707 3979 Quare
2758 3916 2904 3984 quod
2966 3916 3284 3986 perplexum
3315 3926 3371 3972 et
3402 3917 3774 3988 subterfugiis

2183 4014 2365 4059 astute
2402 4004 2608 4072 paratis
2640 4004 2985 4072 ambiguum,
3026 4006 3237 4074 griplti,
3265 4015 3325 4061 ut
3359 4007 3483 4076 quis
3517 4008 3725 4062 dixerit
3748 4049 3769 4075 ,

2186 4097 2292 4152 ritu
2318 4098 2628 4166 patriarcha
2692 4096 3039 4165 aenigmatice
3081 4100 3136 4152 in
3197 4109 3347 4154 torno
3401 4101 3772 4162 occultasset.

2185 4188 2432 4257 profecto
2469 4189 2582 4257 jam
2620 4189 2793 4242 teneri
2834 4188 3235 4258 deprehensum
3265 4190 3772 4262 palam,simplici~

2183 4289 2267 4335 ter
2313 4279 2443 4332 illud
2473 4280 2791 4347 disci-teque
2824 4280 3139 4335 declarante
3188 4283 3309 4336 fusa
3342 4283 3623 4350 liberaque
3663 4298 3777 4338 nec

2184 4373 2316 4428 ullis
2356 4372 2728 4441 allegabiliuttt
2761 4373 3184 4428 cxcusatiouum
3227 4374 3445 4430 olfuciis
3497 4376 3776 4432 insidiose

2186 4466 2398 4521 munita
2434 4466 2738 4534 scriptione
2789 4466 3059 4521 auditoris
3090 4469 3212 4536 ejus
3244 4467 3433 4533 Marci,
3461 4483 3627 4536 quam
3663 4482 3777 4538 ap-

504 4574 591 4615 tus
612 4602 629 4626 ,
672 4558 1131 4615 consuetudinem
1193 4574 1259 4612 ex
1303 4558 1472 4627 longo
1505 4556 1712 4611 liabcns
1756 4556 1821 4611 ad
1853 4557 2085 4626 patriar-
2108 4550 2163 4612 D
2189 4560 2432 4629 probans
2464 4557 2773 4626 patriarcha
2809 4559 2997 4625 paucis
3031 4559 3360 4623 immutatis,
3391 4560 3521 4629 quid
3556 4560 3627 4613 de
3659 4574 3773 4613 no-

501 4657 662 4710 cltam
710 4652 1011 4708 vcntitandi
1056 4652 1234 4705 danda
1277 4650 1382 4720 ipsi
1428 4649 1654 4706 docenti
1700 4664 1890 4719 Opera,
1930 4651 2076 4706 circa

507 4748 607 4802 hoc
653 4755 888 4814 tempus,
922 4743 1110 4798 nescio
1133 4758 1242 4813 quo
1266 4753 1358 4796 aut
1396 4743 1558 4813 118
1582 4743 1742 4811 cujus
1777 4743 2037 4798 instinctu
2058 4782 2075 4808 ,

504 4838 770 4908 applicuit
795 4838 1041 4892 animum
1074 4837 1139 4890 ad
1164 4838 1624 4891 commentarium
1648 4838 1716 4890 de
1756 4835 2077 4905 tlteologicis

503 4944 519 4984 ι
562 4948 629 4985 nc
677 4931 895 5000 agitatis
936 4929 1336 4984 controversiis
1382 4927 1760 4992 scribendum,
1792 4928 2079 4983 confutan-

506 5025 702 5077 tiorum
761 5021 974 5075 scilicet
1031 5034 1223 5073 eorum
1281 5019 1455 5088 gratia
1490 5033 1612 5086 qua
1638 5033 1667 5071 a
1700 5018 1786 5072 sui
1830 5017 2076 5088 magistri

503 5112 836 5167 adversariis
863 5111 1241 5179 iactabantur.
1285 5111 1345 5165 ld
1398 5125 1541 5179 opus
1584 5110 1672 5165 ubi
1709 5111 2076 5176 elucubravit,

503 5205 835 5277 patriarcha:
864 5205 1086 5267 obtulit,
1122 5204 1216 5272 qui
1248 5218 1603 5272 percurrens,
1644 5211 1702 5257 ut
1738 5213 1962 5258 caeteras
1990 5218 2079 5256 so-

506 5302 651 5353 :ebat
678 5296 934 5365 discipuli
964 5293 1425 5363 scriptiunculas,
1450 5293 1701 5361 quaedam
1734 5295 1784 5347 in
1816 5294 1920 5349 bac
1942 5308 2079 5363 quo-

503 5407 611 5458 que
645 5390 827 5443 minus
858 5387 962 5442 sibi
1002 5386 1234 5455 probata
1263 5401 1429 5438 manu
1467 5384 1688 5453 propria
1729 5383 1992 5447 correxit,
2022 5393 2077 5438 et

501 5486 583 5538 sic
628 5481 975 5536 emendatam
1019 5477 1283 5532 reddidit.
1336 5477 1557 5531 Marcus
1602 5475 1866 5545 quidquid
1935 5474 2078 5527 inta-

504 5586 653 5629 ctum
688 5573 739 5626 in
773 5573 855 5627 sic
888 5570 1160 5627 recensito
1193 5586 1294 5625 suo
1316 5571 1716 5629 commentario
1736 5568 1956 5643 reperit,
1977 5584 2076 5635 pro

504 5679 898 5735 usquequaque
931 5665 1165 5733 probato
1194 5665 1404 5718 habens
1432 5705 1446 5728 ,
1483 5672 1539 5715 et
1594 5662 1700 5716 sibi
1733 5678 1837 5716 non
1882 5677 2075 5730 parum

501 5758 787 5827 gratulans
819 5757 964 5827 quod
999 5766 1107 5810 tam
1162 5755 1332 5809 multa
1385 5754 1655 5809 inoti'cnse
1708 5754 2075 5807 commentari

502 5853 789 5922 potuisset,
827 5865 964 5921 opus
997 5866 1156 5906 suum
1207 5848 1275 5904 ad
1321 5858 1528 5905 certam
1567 5847 1753 5917 gloriae
1794 5862 1943 5915 spem
2000 5846 2078 5902 lc—

2181 4651 2332 4705 tioue
2365 4651 2515 4703 verbi
2550 4649 2845 4719 προϐολεύς
2876 4667 3003 4706 vere
3048 4653 3255 4707 sentiat
3284 4653 3432 4708 clare
3483 4662 3773 4709 monstra-

2181 4742 2343 4796 verit.
2384 4740 2596 4810 Cupide
2615 4742 2785 4810 igitur
2823 4753 3043 4812 arrepto
3077 4742 3410 4812 'l'hcoleptus
3440 4743 3608 4798 Marci
3640 4759 3772 4801 mo-

2181 4835 2340 4890 nachi
2385 4835 2784 4889 commentario
2817 4851 3077 4904 magnum
3123 4837 3236 4889 adit
3283 4836 3641 4904 logotltetam,
3681 4838 3771 4891 vi-

2180 4943 2299 4981 rum
2344 4939 2393 4980 et
2449 4932 2644 4980 cattera
2703 4928 3009 4991 eruditum,
3064 4936 3120 4981 et
3177 4927 3230 4981 in
3272 4926 3768 4997 disquisitiouibus

2179 5019 2611 5088 theologicorum
2649 5020 2965 5086 dogmatum
3002 5018 3164 5089 119
3190 5018 3397 5088 ingenti
3432 5035 3642 5073 secura:
3665 5035 3768 5074 ve-

2182 5113 2362 5167 ritatis
2401 5111 2724 5180 indagandae
2778 5112 2895 5164 zelo
2940 5126 3064 5165 cum
3101 5111 3308 5166 versari
3356 5111 3605 5174 solitum,
3639 5119 3763 5164 tum

2180 5206 2284 5260 hoc
2335 5206 2512 5274 ipsum
2539 5213 2819 5258 ostentare
2855 5201 3196 5257 multitudini
3230 5202 3580 5271 gaudentem.
3614 5198 3762 5256 lluic

2180 5295 2482 5351 ostendens
2522 5293 2985 5349 commentarium
3019 5292 3185 5348 Marci
3218 5293 3538 5347 mendosum
3572 5291 3761 5346 locum

2179 5387 2458 5454 indigitat,
2517 5394 2890 5453 accuratoque
2955 5398 3216 5439 sermone
3270 5382 3464 5437 vitium
3515 5382 3637 5451 ejus
3692 5395 3766 5437 ac

2180 5478 2480 5550 perniciem
2506 5476 2826 5532 orthodoxa:
2846 5476 3064 5530 veritati
3090 5474 3296 5530 nefarie
3328 5475 3634 5544 Oppositam
3659 5475 3766 5529 de-

2180 5581 2473 5625 monstrat.
2549 5568 2688 5625 Tum
2744 5559 2775 5623 ε
2830 5567 3106 5638 logotheta
3160 5577 3517 5637 percontatur
3555 5566 3763 5635 ecquid

2182 5664 2299 5733 ipse
2331 5680 2452 5718 cum
2486 5662 2669 5717 Marco
2696 5663 2916 5729 sentiat,
2939 5663 3312 5733 doctrinaeque
3342 5670 3453 5716 tam
3482 5668 3765 5729 corruptae

2180 5757 2516 5825 acquiescat.
2584 5752 2812 5825 Negavit
2875 5754 3156 5809 enimvero
3196 5755 3287 5810 ille
3335 5752 3546 5814 statim,
3593 5751 3768 5804 volu-

2184 5865 2418 5919 meuquc
2453 5848 2721 5919 abjiciens
2756 5849 2904 5904 clare
2933 5847 3215 5919 professus
3257 5858 3341 5905 est
3372 5863 3431 5904 se
3481 5846 3533 5902 id
3581 5830 3761 5900 totum
