4022 6630
471 414 572 477 1πῆ

1666 418 1991 479 osoncn
2033 415 2512 496 racemum

3616 416 3729 479 176

461 530 561 597 τὴν
592 526 701 581 τῶν
726 527 897 595 ἁγίων
931 529 1022 581 καὶ
1053 526 1579 599 καθημοξευμένην,
1610 531 1773 599 μηδὲν
1807 531 1866 581 τὸ
1892 530 2023 580 ἀσα-
2060 531 2101 588 Α
2133 527 2533 596 ξυμϐουλεύω).
2571 528 2661 595 (ς’)
2702 526 2978 579 ’Ᾰπειπὼν
3011 528 3215 590 ἐκεῖνος
3266 527 3358 580 κιὶ
3390 530 3734 597 ἁποναρκτς-

463 620 562 686 ips;
613 618 707 671 καὶ
739 620 1133 685 ὑπονοούμενον
1187 622 1435 690 ἔχουσαν.
1474 623 1740 690 Δεύτερον
1791 623 1851 672 τὸ
1888 621 2028 673 κατὰ

461 711 557 761 τὸν
604 711 933 780 Ἀντιοχείας
989 712 1300 781 Ἀρσένιον,
1360 712 1478 775 πῶς
1537 713 1696 783 μόνον
1762 713 2027 766 ἁκουσθὲν

465 802 754 864 συσταθεὶς
807 805 893 856 ἐπ’
924 802 1252 872 Ἐκκλησιας
1301 802 1380 873 τῷ
1437 805 1570 875 ρηγὶ
1629 804 1921 875 Ἀρμενίας
1964 803 2030 856 τὰ

466 895 670 963 ἔσχατα
702 892 1055 964 κατεγνώσθη
1092 896 1189 948 καὶ
1233 895 1342 948 τῶν
1386 895 1660 965 διπτύχων
1691 895 2029 963 ὲξεθάλλετο.

472 987 581 1039 Καὶ
615 984 878 1055 βασιλέως
906 987 989 1041 ὅτι
1027 1003 1086 1040 τε
1131 987 1223 1041 τὸν
1266 989 1483 1058 πατέρα
1510 988 1739 1052 δόξαντα
1767 990 1897 1058 περὶ
1933 986 2034 1058 τὴν

482 1077 809 1147 Ἐκκλησίαν
832 1078 1103 1147 ἁμαρτεῖν
1130 1077 1337 1146 ἄταφον
1366 1079 1549 1147 ἀφῆκε
1575 1079 1668 1132 καὶ
1694 1079 2035 1149 ἀμνημόνευο

468 1185 559 1221 τον
607 1169 701 1223 καὶ
755 1169 840 1222 ὅτι
883 1170 981 1240 τὴν
1034 1172 1310 1241 προτέραν
1363 1171 1593 1241 σύζυγον
1624 1171 1693 1225 τὰ
1712 1172 1874 1242 ὃμοια
1909 1174 2037 1242 περὶ

470 1264 567 1333 τὴν
592 1260 839 1333 εὔφημον
876 1261 1069 1333 μνείαν
1103 1262 1256 1333 ἕδρα,
1301 1266 1397 1316 καὶ
1439 1264 1624 1334 τρίτον
1669 1263 1770 1333 τὴν
1801 1264 2035 1334 μητέρα,

472 1357 554 1408 ὅτι
579 1357 628 1407 si
657 1353 732 1426 μὴ
762 1355 855 1406 καὶ
880 1353 1021 1425 αὐτὴ
1047 1356 1138 1407 τὸν
1161 1356 1259 1420 τῆς
1290 1356 1521 1419 πίστεως
1548 1355 1749 1409 δέδωκε
1773 1355 2035 1415 λίϐελλον,

471 1448 573 1499 οὐκ
602 1444 669 1500 ἂν
700 1448 781 1509 είς
807 1447 1089 1499 κοινωνίαν
1121 1444 1359 1512 ἑδέςατο.
1401 1448 1580 1518 Πολλή
1618 1465 1702 1511 τις
1735 1443 1859 1518 ἦνή
1899 1448 2042 1501 κατὰ

472 1537 569 1591 τοῦ
626 1537 972 1607 πατριάρχου
1009 1538 1236 1609 μέμψις,
1292 1540 1375 1593 ὅτι
1430 1540 1589 1607 δόξας
1640 1540 1912 1609 σφαλῆναι
1965 1540 2042 1611 μὴ

473 1627 757 1698 διορθῴτο,
783 1627 897 1681 ἀλλ’
929 1628 1436 1700 ἰσχυρογνωμονοίη
1490 1632 1583 1685 καὶ
1643 1633 1834 1702 μῶμον
1866 1648 2043 1702 προσ·

476 1717 760 1784 τρίϐεσθαι
791 1716 935 1771 θέλοι
960 1722 1025 1789 τῇ
1070 1720 1387 1790 Ἐκκλησία,
1418 1722 1675 1775 ἁπάντων
1730 1722 1921 1791 μῶμον
1954 1722 2046 1775 τὸν

395 1850 400 1857 .
478 1811 775 1881 χεῐριστον,
817 1809 1078 1881 ’Υπέρρει
1109 1810 1242 1879 γοῦν
1286 1813 1374 1866 διὰ
1403 1813 1575 1866 ταῦτα
1606 1816 1639 1884 ἡ
1674 1816 1810 1886 πρὸς
1841 1815 2047 1867 ἐκεῖνον

2140 636 2238 683 σας
2267 623 2377 681 τοῖς
2432 620 2595 681 ὅλοις,
2656 621 2714 672 ὲν
2766 620 2865 689 μιᾷ
2912 620 3021 670 τῶν
3058 619 3420 690 κυριωνύμων
3461 621 3731 689 ἡμερῶν,

2136 714 2355 783 ὁμιλίαν
2377 713 2616 783 λαλήσας
2648 713 2782 778 πρὸς
2802 713 2891 764 τὸν
2909 711 3035 763 λαὸν
3058 714 3133 774 ὡς
3155 711 3338 763 πολλοὶ
3355 712 3738 780 ὲπισυνέττει-

2140 820 2242 857 σαν
2269 805 2386 857 κατ’
2414 803 2581 856 αὑτοῦ
2637 806 2730 857 καὶ
2762 804 2837 867 ὠς
2871 803 2946 876 μὴ
2998 798 3109 866 οἷός
3142 806 3188 854 τ’
3220 804 3304 874 εἴη
3354 805 3610 874 ἀντέχειν
3646 799 3738 865 εἷς

2141 896 2281 964 πρὸς
2306 894 2554 962 πολλοὺς,
2600 895 2904 950 καὶταῦτα
2948 896 3043 948 καὶ
3093 895 3201 949 τῶν
3248 897 3625 967 ’Δρσενιατῶν
3658 897 3744 947 εἰ-

2146 986 2396 1057 ρηνεύειν
2430 985 2884 1058 ὑπισχνουμένων
2924 988 2973 1040 si
3025 987 3122 1042 καὶ
3158 987 3323 1051 αὐτὸς
3366 986 3597 1052 ὲξὲλθοι,
3633 986 3743 1039 sui.

2141 1079 2300 1141 τέλος
2327 1078 2403 1141 ὡς
2433 1079 2580 1132 κατὰ
2605 1078 2934 1149 δοκιμασίαν
2959 1079 3263 1150 ἐξέρχεται,
3298 1077 3545 1134 ἐπειπὼν
3569 1079 3658 1139 ὡς
3689 1074 3745 1129 εί

2149 1171 2224 1241 μή
2251 1171 2303 1238 γ’
2334 1169 2704 1240 είρηνεύσοιεν
2747 1173 2816 1241 τῇ
2867 1169 3034 1223 αὐτοῦ
3083 1170 3398 1240 ἀποστασία
3429 1168 3745 1237 ἐπιστησό-

2150 1278 2314 1331 μενος
2343 1260 2501 1323 αὖθις
2535 1261 2629 1313 καὶ
2665 1261 2740 1325 ὡς
2772 1260 2877 1333 θὴρ
2902 1262 3147 1324 ἐκείνους
3175 1259 3743 1330 καταδραμούμενος,

2150 1350 2321 1415 ἔξεισι
2356 1351 2453 1404 καὶ
2482 1353 2548 1420 τῇ
2597 1350 2708 1402 τῶν
2749 1349 2993 1421 Ὀδηγῶν
3026 1354 3163 1422 μονῇ
3212 1352 3391 1422 φέρων
3426 1350 3629 1403 ἑαυτὸν
3662 1348 3748 1401 δίο

2148 1445 2335 1506 δωσιν,
2370 1443 2432 1496 οὐ
2477 1443 2586 1511 μὴν
2624 1442 2681 1496 δὲ
2704 1442 2845 1496 ὥστε
2866 1444 2960 1497 καὶ
2993 1445 3302 1513 ἀπρακτεῖν
3334 1443 3558 1506 τελέως,
3593 1442 3755 1494 ἀλλὰ

2150 1536 2248 1590 καὶ
2299 1534 2793 1589 συνεισϐαλλόντων
2846 1535 2954 1589 τῶν
3004 1535 3134 1603 περὶ
3182 1537 3396 1589 ἐκεῖνον
3424 1535 3748 1606 ἀρχιερέων

2153 1626 2249 1679 καὶ
2306 1625 2582 1695 κληρικῶν
2646 1626 2899 1690 συνόδους
2951 1642 3011 1679 τι
3065 1627 3313 1694 γίνεσθαι
3366 1629 3459 1679 καὶ
3519 1625 3748 1696 κρίσεις

2155 1719 2631 1771 ἀποκαθίστασθαι
2705 1719 2800 1771 καὶ
2871 1719 2941 1771 τὰ
3006 1718 3151 1772 κατὰ
3223 1719 3324 1789 τὴν
3395 1718 3744 1788 Ἐκκλησία-ι

2156 1812 2252 1864 καὶ
2300 1806 2456 1874 αὖθις
2500 1810 2924 1881 οίκονομεῖσθρι,
2966 1814 3445 1881 μνημονευομένου
3492 1810 3590 1863 καὶ
3627 1811 3742 1863 ἔτι.

480 1874 579 1954 205'
628 1900 891 1971 βασιλέως
927 1874 1186 1968 διάθεσις,
1222 1904 1319 1957 καὶ
1348 1906 1398 1957 οὶ
1444 1906 1566 1958 κατ’
1612 1874 1825 1959 ἐκείνου
1867 1909 2050 1976 ισχυον
2086 1910 2126 1964 Β
2170 1900 2313 1953 Ἀλλ’
2337 1900 2456 1952 οὐδὲ
2490 1900 2582 1952 καὶ
2609 1874 2797 1953 τδ-ὲπ³
2824 1874 3019 1969 διείνηῳ
3061 1874 3382 1953 ’σκάνδαλον
3432 1901 3747 1954 κατεστέλ·

482 1999 646 2054 πλέον
676 1999 776 2064 ἔτι,
799 2001 995 2071 μέχρις
1021 2000 1088 2056 ἂν
1112 2002 1209 2057 καὶ
1233 2001 1329 2055 τοῦ
1360 2003 1692 2073 δηλωθέντος
1724 2003 2049 2057 Ἀθανασίου

487 2092 957 2160 παραγγείλαντος
978 2094 1073 2146 καὶ
1101 2093 1563 2163 συμϐουλεύοντος
1592 2095 1755 2166 δῆθεν
1790 2098 1888 2166 τὴν
1921 2098 2053 2150 ὕπο-

485 2182 727 2253 χὼρησιν
767 2182 1063 2253 (ἐκοινοῦτο
1096 2185 1206 2254 γὰρ
1234 2187 1330 2240 καὶ
1363 2187 1541 2257 τούτῳ
1612 2189 1710 2256 τὴν
1758 2188 1988 2257 γνώμην
2027 2188 2056 2241 6

488 2274 774 2344 βασιλεὺς,
805 2277 901 2331 καὶ
950 2276 1112 2341 αὐτὸς
1139 2277 1424 2332 ὲπευδόκει
1454 2280 1591 2350 πρὸς
1619 2278 1816 2343 ταῦτα,
1855 2278 1931 2341 ὼς
1961 2280 2057 2332 καὶ

487 2366 792 2439 ὑποστῆναι
851 2368 950 2438 τὴν
997 2369 1135 2439 πρὸς
1187 2371 1395 2423 ἐκεῖνον
1445 2370 1629 2439 ἄφιξιν
1681 2371 1766 2440 ἐφ’
1806 2365 1850 2440 ᾧ
1877 2369 2055 2443 [P82]

490 2545 887 2615 inexploratum
912 2561 1071 2603 nemo
1094 2540 1530 2613 sanus'deberet,
1554 2549 1843 2620 explorare
1873 2560 2057 2604 autem

490 2649 589 2692 aut
640 2646 904 2708 quantum
954 2654 1053 2708 par
1091 2652 1213 2694 erat
1258 2641 1569 2710 expendere
1619 2654 1730 2696 tam
1783 2643 1953 2697 multa
2004 2644 2058 2698 in

492 2742 645 2784 tomo
671 2730 875 2800 scripta
909 2731 1006 2786 otii
1040 2746 1105 2787 ac
1136 2732 1415 2789 facultatis
1442 2748 1550 2789 non
1589 2744 1737 2790 esset
1757 2751 1892 2799 sum,
1923 2752 2060 2805 quo-

494 2824 642 2876 niam
708 2823 837 2878 alibi
899 2822 1165 2881 educatus
1230 2842 1366 2881 usus
1426 2842 1491 2882 ac
1545 2844 1745 2883 sensus
1812 2829 2062 2898 praprios

493 2914 1120 2985 Constantinopolitanm
1188 2918 1448 2975 Ecclesia:
1499 2924 1681 2975 minus
1742 2932 2058 2992 perspectos

498 3007 720 3060 haberet
750 3007 904 3076 121
938 3024 1103 3078 quam
1128 3012 1197 3064 ad
1216 3011 1360 3066 istud
1389 3027 1616 3066 examen
1646 3010 1787 3066 foret
1816 3028 2060 3068 necesse.

495 3099 650 3166 Quod
676 3116 842 3155 unum
874 3112 1020 3155 recte
1055 3112 1256 3171 posset,
1289 3105 1544 3157 daturum
1566 3120 1626 3158 se
1649 3104 1905 3172 scriptam
1933 3119 2064 3171 pro-

500 3190 792 3245 fessionem
834 3206 948 3245 suze
992 3191 1140 3255 ﬁdei,
1186 3207 1349 3259 quam
1381 3201 1434 3246 et
1467 3192 1737 3256 exhibuit,
1784 3193 2065 3261 ediditque

501 3284 865 3352 subscriptam
895 3299 925 3338 a
947 3298 1028 3349 se,
1053 3293 1371 3338 sanctorum
1398 3285 1562 3339 dictis
1585 3294 1977 3353 congruentem
2001 3300 2066 3340 ac

504 3376 632 3427 trita
664 3374 1000 3443 gradientem
1040 3375 1123 3429 via
1163 3376 1407 3443 nihilque
1431 3375 1731 3430 obscurum
1767 3386 1858 3430 ant
1885 3375 2067 3444 suspi-

502 3467 649 3521 cioni
679 3467 977 3521 obnoxium
1015 3468 1327 3521 habentem.
1355 3466 1768 3538 Adjungebatur
1806 3484 1892 3533 eo,
1924 3469 2070 3539 quod

504 3561 621 3629 pari
652 3560 951 3615 acerbitate
979 3560 1291 3616 consultum
1325 3561 1590 3615 adversus
1630 3561 1920 3615 Arseninm
1957 3560 2072 3616 An-

504 3653 724 3708 tiochia:
778 3652 1147 3724 patriarcham
1202 3667 1375 3721 nuper
1435 3652 1630 3709 fuerat.
1691 3653 1795 3719 Qui
1853 3653 2072 3707 auditus

505 3749 684 3802 solum
732 3746 1080 3801 consensisse
1119 3746 1174 3800 in
1222 3747 1440 3817 negotio
1480 3745 1736 3801 Ecclesiae
1775 3761 1900 3800 cum
1950 3762 2076 3818 rege

505 3838 798 3902 Armeniae,
847 3839 1049 3893 ultimae
1093 3840 1277 3893 statim
1326 3840 1666 3894 damnationi
1709 3840 1995 3909 subjectus
2022 3849 2078 3894 et

507 3945 701 3986 erasus
735 3946 766 3985 e
808 3929 1081 4002 diptychis
1123 3930 1342 3998 inisset.
1379 3930 1627 3986 Tertium
1663 3932 1901 4002 denique
1932 3934 2078 3988 celev

510 4023 765 4077 brabatur
808 4023 1198 4079 ecclesiasticae
1253 4025 1577 4079 constantia:
1640 4024 1696 4079 in
1751 4025 1845 4080 tali
1911 4041 2078 4081 causa

508 4115 823 4170 domestica:
847 4117 1067 4183 pietatis
1103 4116 1346 4170 victricis
1373 4116 1710 4170 luculentum
1743 4118 2076 4186 exemplum,

511 4208 782 4277 siquidem
811 4207 1160 4261 Andronicus
1189 4208 1304 4278 ipse
1330 4208 1611 4279 Augustus
1641 4219 1922 4277 parentem
1955 4223 2083 4279 pro-

513 4300 693 4369 prium
738 4313 955 4353 errasse
1003 4299 1057 4353 in
1101 4299 1355 4354 Ecclesia:
1376 4314 1542 4355 causa
1584 4299 1884 4369 iudicatum
1934 4301 2083 4354 inse-

513 4389 724 4459 pultum
778 4396 836 4443 et
865 4387 1045 4443 oliicio
1108 4389 1386 4445 memoria:
1440 4391 1679 4446 mortuis
1725 4392 1877 4446 reddi
1909 4391 2083 4445 solitae

513 4484 801 4535 multatum
843 4480 1154 4536 dimiserat.
1199 4480 1340 4547 Quin
1375 4492 1429 4536 et
1461 4482 1699 4551 priorem
1750 4499 1907 4538 suam
1945 4498 2081 4539 con-

2153 1993 2296 2056 λετο,
2339 1992 2475 2045 ἀλλὰ
2522 1994 2615 2045 καὶ
2664 1993 2865 2061 μᾶλλον
2914 1992 3161 2055 ἐλθόντος
3208 1996 3303 2046 καὶ
3344 1992 3438 2046 τοῦ
3495 1994 3745 2062 Ἐφέσου

2167 2085 2440 2151 Ἰωάννου,
2469 2086 2528 2138 ὃν
2558 2086 2655 2138 καὶ⁸
2688 2086 2964 2155 μακρόθεν
2993 2088 3040 2139 οί
3071 2087 3191 2139 κατ’
3222 2085 3433 2139 ἐκείνου
3466 2102 3747 2155 προκατε·

2156 2177 2451 2245 λάμῆανον,
2486 2178 2672 2247 μεῖζον
2699 2178 2882 2248 ﬁge-:0,
2908 2179 3004 2231 καὶ
3041 2180 3071 2230 ὁ
3110 2179 3327 2249 κρατῶν
3354 2180 3413 2231 ὲν
3437 2178 3748 2247 διχονοίαις

2155 2265 2225 2341 ἢν
2249 2272 2300 2323 εί
2331 2271 2810 2343 μνημονευομένου
2856 2270 3067 2325 ἐκείνου
3096 2271 3259 2336 αὐτὸς
3286 2272 3570 2341 ἀγιάςοιτο
3614 2276 3749 2333 ταῖς

2159 2364 2394 2426 θυσίαις.
2444 2365 2544 2419 Διὰ
2573 2363 2732 2417 τοῦτο
2759 2366 2856 2418 καὶ
2886 2364 3103 2419 πολλῶν
3149 2366 3357 2436 μεταξὺ
3404 2365 3747 2432 συμϐάντων

2162 2544 2509 2612 imperatoris
2539 2559 2705 2599 suasu
2730 2546 2975 2615 suscepit
3003 2563 3018 2599 :
3046 2561 3171 2600 nam
3203 2545 3548 2600 Andronicus
3573 2561 3746 2600 suum

2164 2639 2237 2692 illi
2275 2639 2391 2706 cjtts
2425 2638 2505 2691 rei
2550 2637 2883 2692 desiderium
2921 2638 3448 2692 communicaverat.
3489 2634 3594 2692 Cui
3648 2637 3752 2691 ille

2164 2731 2217 2786 in
2253 2746 2309 2783 rc
2345 2730 2435 2784 tali
2484 2729 2900 2799 obsequendum
2950 2738 3125 2793 ratus,
3163 2730 3502 2785 sustinuerat
3535 2743 3751 2783 conve-

2166 2825 2284 2878 nire
2347 2824 2740 2893 patriarcham,
2793 2831 2847 2878 et
2894 2824 3042 2894 quod
3100 2824 3244 2878 haud
3294 2832 3508 2894 gratum
3572 2824 3753 2877 sciret

2165 2918 2306 2984 fore,
2347 2925 2540 2982 sponte
2582 2915 2877 2971 consilium
2931 2915 3251 2971 ohtrudere.
3305 2916 3609 2972 Aversatus
3658 2915 3753 2969 ille

2165 3011 2384 3081 quidem
2415 3018 2499 3063 est
2535 3008 2767 3062 invisam
2796 3005 3252 3078 propositionem,
3284 3025 3384 3065 nec
3417 3024 3476 3064 se
3502 3010 3749 3064 obsecuc

2169 3113 2351 3157 turum
2395 3104 2617 3171 recepit.
2673 3099 2830 3171 122
2883 3101 3151 3156 Caeterum
3207 3102 3414 3157 tractus
3460 3103 3652 3156 animo
3696 3111 3754 3155 et

2167 3194 2415 3250 difﬁdens
2443 3195 2605 3249 rebus
2630 3195 2767 3258 suis,
2792 3196 3024 3263 quadam
3055 3195 3145 3249 die
3174 3193 3482 3257 llontinica,
3517 3195 3752 3250 bomilia

2169 3288 2237 3341 ad
2282 3287 2539 3356 populum
2608 3296 2879 3355 perorata,
2941 3301 3060 3356 qua-
3108 3297 3337 3356 questus
3391 3295 3475 3340 est
3544 3284 3754 3340 multos

2171 3379 2539 3433 insnrrexisse
2578 3377 2868 3445 adversum
2913 3393 2993 3442 se,
3045 3392 3146 3431 nec
3201 3377 3510 3433 resistendo
3557 3391 3752 3447 parem

2171 3488 2315 3537 esse,
2374 3473 2562 3541 utique
2612 3486 2781 3525 unum
2832 3481 3208 3539 comparatum
3269 3471 3559 3541 plurimis;
3610 3471 3754 3523 velle

2175 3564 2343 3633 igitur
2374 3567 2588 3624 cedere,
2632 3577 2696 3614 ac
2739 3577 2866 3615 eum
2905 3561 3244 3616 Arsenianos
3277 3562 3489 3628 jactare
3532 3560 3757 3614 audiret

2175 3671 2362 3725 pacem
2422 3656 2572 3723 ipsos
2618 3654 2970 3724 amplexuros
3017 3654 3062 3710 si
3116 3663 3464 3710 amoveretur
3497 3668 3528 3707 ο
3566 3653 3753 3707 medio

2173 3747 2493 3816 Gregorius,
2520 3760 2725 3816 cupere
2765 3747 2998 3815 probare
3030 3761 3097 3801 an
3136 3761 3265 3800 vera
3294 3746 3564 3806 dicerent,
3593 3744 3754 3799 ideo-

2175 3856 2282 3910 que
2314 3841 2570 3896 secedere
2601 3840 2890 3909 tantisper,
2923 3840 3109 3894 animo
3137 3842 3403 3893 duntaxat
3425 3838 3751 3907 explorandi

2176 3933 2308 4003 quid
2328 3933 2431 3987 sint
2477 3932 2676 3995 acturi,
2713 3933 2825 4001 jam
2858 3945 3003 3986 nunc
3038 3932 3199 4000 plane
3240 3931 3603 3996 denuntians,
3643 3932 3751 3984 nisi

2180 4026 2255 4081 illi
2276 4025 2562 4096 promissis
2577 4022 2825 4080 steterint
2841 4033 2895 4078 et
2910 4022 3208 4079 Ecclesiam
3229 4024 3449 4078 turbare
3462 4023 3753 4087 desierim,

2181 4117 2481 4170 rediturum
2535 4129 2679 4179 sese,
2737 4123 2793 4169 et
2845 4114 3067 4184 quidem
3129 4113 3326 4168 iratum
3384 4124 3439 4169 et
3491 4114 3754 4171 ultorem.

2179 4206 2495 4261 feminstar
2517 4206 2583 4260 ad
2617 4221 2711 4260 eos
2735 4205 3097 4259 incursandos
3121 4204 3486 4275 erumpentis.
3512 4204 3753 4258 Tantum

2179 4299 2377 4355 elIatus
2406 4298 2561 4364 exiit,
2598 4305 2653 4350 et
2698 4312 2759 4351 se
2795 4297 3141 4366 llodegorum
3186 4295 3527 4350 monasterio
3558 4296 3756 4350 abiens

2180 4391 2445 4452 condidit,
2477 4403 2585 4442 non
2617 4397 2803 4442 tamen
2848 4398 2907 4441 ut
2942 4386 3324 4441 {unctionibus
3360 4398 3593 4454 prorsus
3627 4382 3757 4438 inde

2183 4480 2399 4534 cunctis
2427 4480 2728 4534 abstineret
2767 4478 3150 4548 patriarchalis
3184 4476 3467 4543 potestatis
3501 4476 3677 4545 :quin
3698 4483 3757 4529 et

507 4573 694 4643 jugem
722 4573 837 4642 pari
863 4571 1074 4627 funeris
1104 4582 1159 4627 et
1182 4574 1481 4631 mentionis
1515 4578 1567 4630 in
1604 4576 1801 4640 sacris,
1828 4574 1992 4631 simili
2013 4591 2078 4631 ex
2118 4592 2161 4647 ι)
2186 4572 2638 4629 convenientibus
2680 4573 2746 4625 ad
2778 4587 2903 4627 eum
2936 4571 3107 4640 partis
3142 4570 3262 4640 ejus
3298 4570 3642 4624 antistitibus
3692 4585 3756 4623 ac

513 4680 702 4728 causa,
747 4665 956 4719 honore
983 4666 1335 4735 privaverat;
1366 4667 1605 4736 denique
1635 4676 1865 4721 matrem
1904 4667 2080 4735 ipsam

513 4770 670 4810 snam
718 4756 937 4811 nonnisi
964 4758 1092 4812 dato
1123 4757 1194 4812 ab
1236 4757 1355 4828 ipsa
1387 4759 1569 4814 libello
1603 4759 1725 4814 lidei
1755 4761 1808 4812 in
1835 4774 2084 4814 commu-

517 4847 735 4901 nionem
788 4847 1103 4903 admiserat.
1158 4846 1309 4902 Talia
1363 4852 1747 4920 reputnntibus
1780 4862 1834 4906 et
1878 4852 2082 4921 passim

515 4940 853 5011 iactantibus
896 4939 1066 4994 multa
1114 4942 1328 4997 cunctis
1365 4943 1720 4996 oboriebatur
1757 4953 1946 4996 contra
1983 4958 2083 5012 pa-

516 5034 815 5087 triarcham
865 5032 1189 5103 indignatio,
1256 5032 1311 5086 in
1359 5048 1515 5088 acres
1563 5035 1737 5103 ipsius
1791 5035 2079 5104 reprehen-

517 5122 702 5175 siones
729 5135 1043 5189 erumpens.
1076 5120 1224 5189 quod
1257 5121 1303 5173 is
1334 5120 1510 5188 palam
1542 5138 1754 5178 errasse
1780 5124 2084 5192 deprehen-

518 5229 613 5268 sus
647 5211 928 5268 emendari
962 5220 1266 5275 recusaret,
1319 5228 1382 5267 ac
1419 5228 1517 5267 sua
1569 5215 1868 5283 pertinacia
1907 5216 2083 5270 labem

520 5300 763 5353 inureret
812 5297 1087 5361 Ecclesia,
1134 5298 1424 5368 labemque
1469 5303 1712 5355 oumium
1769 5303 2083 5371 pessimam.

527 5390 940 5455 liel't'igescebat
978 5389 1065 5442 bis
1102 5393 1171 5442 de
1212 5390 1396 5443 causis
1438 5392 1639 5447 ardens
1666 5391 1819 5460 prius
1847 5395 2085 5463 impera-

523 5483 658 5535 toris
686 5483 738 5533 in
769 5497 894 5535 eum
927 5481 1179 5544 allectus,
1204 5489 1259 5535 et
1288 5482 1732 5538 adversariorum
1760 5485 1880 5553 ejus
1913 5485 2087 5555 magis

520 5570 766 5641 quotidie
808 5572 1093 5638 magisque
1135 5569 1373 5637 potentia
1427 5572 1729 5636 crescebat,
1768 5588 1833 5625 eo
1869 5573 2086 5641 quidem

523 5679 695 5732 usque
718 5672 776 5714 ut
795 5663 955 5715 modo
983 5673 1316 5716 memoratus
1338 5663 1672 5717 Athanasius
1696 5666 1874 5731 ipsum
1899 5667 2091 5719 adiens

524 5766 715 5808 auctor
776 5753 878 5823 ipsi
947 5756 1098 5807 tietet
1161 5755 1546 5823 patriarchalis
1604 5755 1886 5824 dignitatis
1949 5759 2090 5810 ultro

522 5846 855 5901 abdicandae.
888 5846 942 5899 Id
968 5860 1131 5914 porro
1159 5848 1561 5913 Alegandrinus
1589 5864 1694 5901 non
1721 5862 1815 5917 per
1841 5865 1900 5903 se
1922 5865 2090 5905 ausus

2184 4665 2399 4722 clericis
2430 4666 2622 4735 synodi
2657 4666 2727 4719 ab
2753 4665 2819 4719 iis
2851 4664 3272 4718 celebrabantur
3294 4671 3349 4716 et
3371 4661 3577 4728 judicia
3598 4677 3758 4716 exer-

2185 4758 2468 4820 cebantur.
2501 4758 2639 4811 adeo
2677 4768 2733 4810 ut
2781 4759 3047 4827 paulatim
3082 4765 3253 4809 totam
3286 4753 3524 4825 Cyprius
3564 4753 3758 4810 Eccle-

2185 4852 2281 4906 sia:
2320 4851 2881 4913 administrationem,
2916 4859 2975 4903 ut
3015 4860 3162 4912 ante,
3198 4857 3522 4912 resumeret,
3554 4850 3757 4918 quippe

2185 4941 2279 5011 qui
2300 4958 2397 4996 nec
2423 4942 2826 5011 possessionem
2855 4942 3112 4996 amisisse
3141 4939 3432 5002 videretur,
3460 4940 3752 4993 memorari

2186 5033 2367 5086 adhuc
2421 5033 2562 5086 inter
2591 5047 2749 5087 sacra
2803 5035 3023 5088 solitus.
3056 5031 3325 5086 Cancrum
3362 5031 3593 5085 olTensio
3626 5047 3753 5100 erga

2184 5125 2338 5179 illum
2370 5125 2584 5193 publica
2614 5139 2710 5194 per
2741 5123 2881 5178 hanc
2915 5124 3277 5179 secessionem
3317 5124 3464 5176 nulla
3495 5138 3557 5176 ex
3602 5137 3755 5193 parte

2189 5217 2534 5271 minuebatur
2564 5234 2578 5271 :
2611 5218 2743 5286 quin
2779 5226 2954 5271 auctae
2992 5216 3174 5285 potius
3210 5215 3357 5269 brevi
3393 5214 3565 5269 turbae
3603 5224 3753 5278 sunt,

2188 5308 2420 5362 adventu
2452 5308 2505 5361 in
2531 5310 2716 5362 urbem
2737 5306 2966 5362 Joannis
2988 5306 3266 5377 Ephesini,
3289 5320 3449 5374 quem
3473 5308 3750 5361 absentem

2185 5401 2296 5469 jam
2347 5400 2516 5454 fuisse
2570 5408 3012 5469 praeoccupatum
3062 5408 3408 5468 tractumque
3465 5398 3517 5451 in
3575 5414 3753 5467 partes

2190 5492 2598 5544 adversantium
2649 5488 2910 5559 Gregorio
2943 5491 3207 5544 diximus.
3253 5490 3397 5544 Inter
3441 5492 3556 5545 hate
3599 5508 3767 5566 scrnj

2191 5580 2356 5647 polus
2381 5580 2604 5648 quidam
2631 5581 2861 5649 angebat
2883 5580 3289 5649 imperatorem,
3319 5580 3659 5636 dubitantem
3688 5600 3753 5635 an

2192 5685 2347 5724 sacra
2391 5685 2514 5740 qnte
2566 5672 2822 5738 adjuncta
2865 5669 3114 5741 Gregorii
3162 5674 3489 5741 patriarchae
3544 5674 3757 5741 publica

2193 5762 2721 5815 commemoratione
2783 5764 3211 5829 celebrarentur,
3271 5767 3377 5821 sibi
3424 5766 3491 5820 ad
3558 5767 3755 5820 sancti-

2197 5856 2505 5908 licationem
2543 5854 2865 5920 prodessent
2917 5854 3141 5927 Propter
3165 5860 3286 5923 hoc,
3321 5869 3373 5913 et
3407 5859 3510 5913 alia
3539 5858 3755 5918 insuper
