4022 6604
258 460 348 527 137
1118 451 1219 513 DE
1259 450 1703 517 ANDRONICO
1730 451 2217 514 PALAOLOGO.
2270 452 2422 514 LIB.
2465 452 2551 514 II.
3370 448 3474 522 138

265 574 426 645 χώραν
454 567 662 638 σχόντες
699 564 749 617 οί
777 563 897 617 κατ’
925 563 1132 619 ἐκείνου
1174 565 1234 618 τὸ
1279 566 1469 619 τούτου
1520 566 1692 633 δνομα
1735 564 1793 615 ἐν
1821 570 1873 626 Α
1899 564 2362 634 προσαφαιροῖντο
2406 563 2467 616 τὸ
2514 564 2607 615 ἐπὶ
2636 565 2699 633 τῇ
2726 562 3006 635 ὀρθοδοξίᾳ
3037 564 3329 636 σέμνωμα.
3364 570 3478 625 Καὶ

260 668 368 725 ταῖς
418 658 659 723 συνάξεσι
696 656 1054 723 κατεσίγαζον
1075 694 1091 719 ,
1143 657 1240 711 καὶ
1284 656 1617 727 παραίτησιν
1671 655 1796 722 ὲζη-
1900 656 1966 727 δὴ
1990 658 2087 711 καὶ
2121 659 2199 722 ὡς
2228 653 2343 730 εἶχε
2367 660 2594 728 γράφων
2620 660 2721 730 τὴν
2750 661 2841 714 ἐπὶ
2875 661 2950 732 τῷ
2979 663 3132 733 ὁτόμῳ
3161 663 3271 715 τῶν
3296 680 3476 736 κατη-

261 755 426 809 τοῦντο
450 752 532 819 ἐφ’
564 744 714 819 ᾧπερ
744 749 840 800 καὶ
868 748 957 801 τὸν
980 746 1130 811 ἄξιον
1160 747 1619 818 προχειρίσαιντο.
1656 745 1797 800 Ἀλλ’
1901 750 2256 819 γορουμένων
2312 751 2578 815 ἐπίλυσιν,
2621 753 2769 812 ὅπως
2808 753 3010 823 γράφοι
3034 755 3136 825 τὴν
3168 755 3342 826 ἀρχὴν
3383 759 3481 811 καὶ

262 850 313 902 ἐν
340 846 559 912 τοσούτῳ
602 842 699 894 καὶ
752 842 781 893 ὁ
823 842 902 903 είς
953 839 1299 908 πατριάρχην
1348 838 1680 906 Ἀντιοχείας
1710 837 1795 891 ἐπ’
1901 839 2050 900 ὅπως
2080 839 2329 909 φρονοίη,
2356 841 2449 894 καὶ
2470 841 2544 901 ὡς
2564 843 2612 894 εί
2638 841 2717 911 μὴ
2741 841 2916 906 οὕτως
2937 843 3237 914 ἑξηγοῖντο,
3264 847 3478 915 ἀνάγκη

280 935 548 1002 autem;
575 931 795 1001 ταχθεὶς
821 931 929 984 ἀπὸ
956 931 1132 1001 Τύρου
1158 931 1424 998 Κύριληλος
1460 926 1578 997 μετ’
1603 929 1800 999 Ἀρσέ-
1902 929 2054 982 πᾶσα
2084 929 2163 990 εἰς
2187 927 2284 996 τὴν
2312 928 2405 980 τοῦ
2439 929 2650 983 Βέκκου
2688 930 2918 1000 γνώμην
2946 932 3244 1002 ἐμπίπτειν
3262 972 3277 997 ,
3304 933 3482 988 ταῦτα

259 1045 378 1091 νιον,
407 1026 537 1095 ἀνὴρ
564 1023 795 1093 εὐλαϐὴς
843 1024 939 1075 καὶ
987 1023 1214 1091 ἡσυχίας
1243 1022 1398 1090 φίλος
1438 1022 1531 1074 καὶ
1584 1021 1801 1090 πλήρης
1902 1018 2077 1083 λέγων
2104 1019 2256 1085 ἠξίου
2294 1019 2539 1082 διδόντας
2573 1021 2769 1084 αὐτοὺς
2796 1021 2858 1075 ὼ
2897 1024 2990 1076 ἐπὶ
3018 1025 3097 1094 τῷ
3120 1025 3387 1096 ὀρθοδόξῳ
3429 1028 3502 1089 οἱ,

260 1114 693 1182 ικκλησιαστικῆς
767 1112 1198 1174 καταστάσεως,
1253 1113 1323 1181 τῇ
1385 1111 1797 1164 Κωνσταντίνου
1893 1109 2121 1179 ’βέϐαιον
2152 1114 2248 1166 καὶ
2272 1111 2666 1179 ὁμολογοῦντας
2698 1114 3125 1184 ἀντιλαμϐάνειν
3174 1116 3305 1186 παρ’
3339 1120 3484 1172 ὲκεί-

254 1207 507 1276 ἑπιφοιτᾷ,
542 1205 601 1257 ὂν
624 1204 729 1257 ἔδει
763 1203 983 1264 πάντως
1007 1201 1230 1255 ἐλθόντα.
1257 1204 1315 1254 τὸ
1349 1202 1516 1270 κῦρος
1546 1201 1800 1254 ἐντεῦθεν
1903 1220 1995 1256 νου
2025 1203 2120 1272 τὴν
2151 1202 2245 1255 τοῦ
2294 1205 2485 1274 θρόνου
2518 1205 2874 1275 παραίτησιν.
2909 1207 3081 1261 Τοῦτο
3111 1204 3206 1265 οὖν
3224 1210 3475 1275 ,ἐκείνοις

260 1297 419 1351 λαϐεῖν
453 1300 515 1347 ὲκ
542 1295 885 1363 μεταθέσεως
909 1290 1398 1362 ἀναϐιϐαζόμενον,
1432 1292 1538 1345 κᾶν
1561 1292 1681 1344 τότε
1725 1291 1800 1362 μὴ
1903 1294 2224 1365 λαϐύρινθος
2262 1296 2520 1366 ἄντικρυς
2552 1296 2896 1361 δυσδιέξιτος·
2936 1301 2985 1353 εί
3020 1301 3129 1371 γὰρ
3167 1301 3481 1372 ὁμολογοῖεν
3520 1346 3521 1349 η

260 1388 446 1457 δεχθεὶς
475 1385 698 1452 ὕστερον
731 1383 869 1453 μετὰ
892 1386 1113 1454 χρόνους
1146 1385 1291 1436 ὀκτὼ
1338 1384 1511 1452 μόλις,
1539 1382 1635 1437 καὶ
1667 1383 1801 1436 ὑπο·
1903 1388 2207 1457 ὀρθόὁοξον,
2242 1390 2274 1458 ἡ
2313 1391 2403 1442 ἐπὶ
2437 1392 2505 1459 τῇ
2559 1392 2897 1462 παραιτήσει
2943 1393 3167 1458 ἀξίωσις
3195 1395 3294 1465 οὐχ
3331 1397 3480 1459 ὅπως

264 1483 446 1549 σχέσεις
495 1477 618 1537 δοὺς
661 1471 699 1545 ἦ
731 1475 836 1544 μὴν
870 1474 944 1543 μὴ
975 1474 1113 1527 κατά
1164 1491 1216 1527 τι
1250 1474 1564 1544 ’Δρμενίοις
1616 1474 1805 1545 συνέρ-
1905 1478 2112 1543 ἄδοξος,
2139 1479 2278 1531 ἀλλὰ
2314 1480 2410 1532 καὶ
2438 1481 2735 1551 τυραννικὴ
2760 1485 3140 1550 κατεφαίνετο.
3169 1484 3482 1556 Ἀντηξίουν

261 1571 423 1641 χεσῧαι
448 1571 501 1622 ὲν
522 1572 588 1639 τῇ
616 1567 844 1621 ἐκείνων
882 1569 1134 1635 διάγοντα
1153 1607 1166 1629 ,
1193 1568 1316 1619 ἐπεὶ
1339 1570 1405 1618 τὰ
1434 1568 1576 1619 κατὰ
1601 1567 1803 1635 Συρίαν
1907 1571 2037 1639 γοῦν
2071 1571 2159 1624 διὰ
2187 1572 2357 1625 ταῦτα
2390 1575 2634 1626 κάκεῖνοι
2669 1574 3009 1644 τὸνβασιλέα
3038 1576 3221 1647 κρίσει
3254 1579 3485 1649 ὲπιτραυ

261 1665 516 1733 ἠφάνιστο,
543 1660 909 1730 προσεδέχθη,
941 1658 1221 1712 κάνταῦθα
1251 1660 1310 1710 τὸ
1343 1658 1493 1728 βιοῦν
1526 1658 1807 1730 ἁπήντλη-
1908 1663 2075 1731 πῆναι
2145 1664 2213 1716 τὰ
2291 1664 2411 1718 κατ’
2476 1666 2725 1729 ἐκεῖνον,
2785 1667 2881 1719 καὶ
2938 1669 2989 1719 εί
3055 1667 3155 1738 μὲν
3228 1669 3481 1741 εὑρεθείη

265 1770 365 1808 σιν.
409 1752 673 1818 Ὠς-γοῦν
708 1751 1055 1820 ἐπιδημήσας
1087 1744 1238 1812 οὗτος
1277 1751 1342 1818 τῇ
1394 1749 1804 1802 Κωνσταντίνου
1907 1755 2016 1806 ἀπὸ
2049 1756 2235 1823 κοινῆς
2285 1755 2535 1825 σκέψεως
2571 1757 2631 1810 τὸ
2685 1758 2923 1826 ἀσφαλὲς
2973 1760 3059 1829 ἐφ’
3110 1759 3193 1826 οἷς
3244 1762 3485 1834 ἔγραψεν

258 1849 327 1917 τῷ
346 1848 453 1899 τότε
486 1847 627 1916 ὑπὲρ
651 1844 844 1907 ἄλλους
873 1846 932 1895 ὲν
955 1845 1068 1907 τοῖς
1092 1844 1203 1895 τῶν
1244 1843 1485 1909 Ὀὃηγῶν
1526 1844 1806 1895 κατοικεῖν
1842 1913 1878 1925 ﬁ
1911 1846 2071 1916 ἔχων,
2123 1848 2300 1901 τελεῖν
2348 1850 2442 1901 καὶ
2475 1848 2632 1913 αὖθις
2680 1852 2760 1914 είς
2791 1852 3140 1925 πατριάρχην
3167 1857 3395 1923 ἐκεῖνον,
3432 1859 3484 1913 ei
3592 1883 3599 1887 -

262 1913 602 2009 πέιούτιμᾶτο,
620 1936 839 2005 ἀπάρας
857 1934 1068 1988 ἐκεῖθεν
1090 1936 1117 1986 ὁ
1139 1933 1486 2003 πατριάρχης
1508 1934 1545 1988 Γ
1553 1933 1808 2005 ρηγόριος
1842 1913 1881 1966 Β
1911 1913 1970 1993 δέ
2003 1941 2055 2006 γ’
2087 1939 2429 2012 ἐξελεγχθείη
2471 1943 2728 2012 ἐμπεσὼν
2772 1947 2854 2008 εἰς
3171 1913 3482 2017 semesi”.

256 2027 327 2097 τῷ
355 2028 438 2080 τοῦ
468 2028 628 2093 ἁγίου
688 2026 903 2078 Παύλου
948 2023 1043 2077 τοῦ
1084 2026 1141 2077 ὲν
1195 2024 1274 2094 τῷ
1328 2025 1528 2095 Λάτρῳ
1576 2023 1810 2095 μετοχίῳ

265 2119 612 2187 μετοικισθεὶς
644 2119 867 2171 δίδοται.

257 2234 314 2297 ζ’.
351 2233 421 2287 ’τὰ
445 2232 593 2287 κατὰ
630 2233 738 2285 τὸν
762 2234 1115 2314 Γρητςΐριον,
1153 2230 1315 2295 ὅπως
1352 2228 1634 2298 ἀπῃτεῖτο
1662 2243 1812 2299 πυρα

872 2316 1138 2365 aetnam.

319 2404 419 2456 Καὶ
446 2398 512 2472 ἦν
540 2402 664 2454 ἐκεῖ
706 2398 1124 2463 διαφιλονεικῶν
1156 2396 1220 2470 [Ρ
1245 2395 1338 2469 8'5]
1371 2397 1506 2468 πρὸς
1535 2397 1811 2467 ἀρχιερεῖς

260 2495 343 2547 καὶ
374 2492 586 2561 βασιλέα
627 2491 1084 2560 ἐπικαλούμενος,
1132 2492 1183 2543 εί
1213 2491 1471 2555 λαϐόντες
1519 2491 1685 2543 αὐτὸν
1726 2507 1814 2542 σο-

262 2585 345 2651 φόν
377 2600 432 2637 τε
485 2586 580 2637 καὶ
635 2582 855 2650 ἔντιμον
901 2580 1277 2651 νομιζόμενον,
1331 2582 1560 2650 προσέτι
1610 2580 1668 2633 δὲ
1717 2582 1815 2634 καὶ

255 2674 645 2741 όρθοδοξοῦντα,
667 2674 767 2742 οὐχ
796 2672 945 2735 ὃπως
977 2672 1223 2741 ἁτιμσῖεν
1269 2673 1501 2735 ἐκεῖνον,
1542 2670 1681 2726 ἀλλὰ
1717 2672 1814 2725 καὶ

262 2853 406 2906 multa
429 2854 531 2906 sub
554 2853 610 2908 id
652 2859 868 2921 tempus
893 2832 1245 2907 occurrentia
1279 2851 1499 2907 invidiae
1530 2851 1813 2922 inGrego-

258 2944 383 3000 rium
411 2946 811 2999 inﬂammando
839 2954 991 3013 apta,
1019 2951 1237 3012 captato
1267 2945 1389 3011 ejus
1422 2943 1631 2999 inimici
1669 2955 1807 2998 tem-

259 3052 375 3104 pore
409 3053 602 3092 nomen
656 3037 778 3104 ejus
822 3037 875 3089 in
933 3037 1228 3106 synaxibus
1266 3047 1608 3105 presserunt.
1655 3046 1709 3092 et
1744 3036 1813 3091 ab

258 3127 365 3195 ipso
382 3128 782 3183 abdicationem
804 3126 1109 3195 petierunt,
1136 3137 1193 3179 ut
1223 3126 1289 3179 ad
1321 3126 1469 3196 digni
1487 3127 1810 3181 electionem

1909 2033 2071 2085 αὐτὸν
2115 2034 2213 2102 μὲν
2267 2032 2454 2100 ζητεῖν
2510 2036 2569 2087 ὲν
2603 2035 2862 2107 μετανοίᾳ
2913 2039 3247 2110 συγγνώμην
3283 2043 3376 2097 καί
3416 2060 3483 2112 γε

1912 2122 2233 2191 λαμϐάνειν,
2262 2125 2460 2187 αὐτοὺς
2489 2124 2533 2176 δ’
2572 2127 2812 2194 ἀφέντας
2851 2128 3060 2183 ἐκεῖνον
3108 2130 3335 2196 δικαίως
3365 2133 3484 2204 (καὶ

1909 2211 1995 2271 τίς
2044 2210 2152 2279 γὰρ
2184 2211 2438 2264 ἐντεῦθεν
2497 2216 2879 2284 παραιτήσεως
2927 2217 3081 2287 χρεία
3103 2218 3143 2286 ς)
3176 2222 3360 2290 ζητεῖν
3392 2225 3484 2277 τὸν

1910 2299 2085 2363 ἄξιον.
2128 2299 2379 2366 Ἐδέξατο
2427 2302 2520 2354 τὸν
2555 2303 2713 2370 λόγον
2746 2308 2774 2358 ὁ
2804 2303 3080 2373 βασιλεὺς,
3113 2310 3206 2362 καί
3246 2327 3309 2379 γε
3345 2313 3488 2383 πέμ-

1911 2391 2017 2460 ψας
2050 2392 2353 2462 παρεδήλου
2404 2394 2481 2463 τῷ
2508 2396 2796 2466 Γρηγορίῳ
2828 2398 2897 2451 τὰ
2940 2401 3097 2468 παρὰ
3125 2402 3235 2453 τῶν
3281 2404 3483 2457 ἀντιδι-

1914 2483 2152 2537 κούντων
2181 2485 2471 2555 λεγόμενα.
2517 2488 2575 2540 Ὀ
2603 2488 2658 2541 δὲ
2690 2488 2943 2557 καθάπαξ
2972 2491 3144 2545 δεινὸν
3179 2495 3486 2566 ἡγούμενος

1912 2575 1961 2625 εί
1994 2574 2090 2626 καὶ
2116 2574 2277 2637 αὐτὸς
2303 2576 2330 2625 ὁ
2353 2575 2527 2629 δοκῶν
2559 2577 2701 2648 ὑπὲρ
2732 2578 2926 2642 ἄλλους
2950 2581 3044 2633 ἐπὶ
3071 2584 3136 2653 τῇ
3162 2584 3484 2657 παραϐασία

1913 2663 2187 2719 ἁλίσκοιτο
2205 2666 2496 2735 δόγματος,
2521 2669 2737 2741 ἐδέχετο
2767 2669 2867 2741 τὴν
2896 2669 3118 2735 ἀξίωσιν
3148 2674 3243 2727 καὶ
3269 2674 3486 2746 ἕτοιμος

1909 2844 2285 2914 'spologiarum
2323 2862 2463 2902 unus
2507 2856 2621 2902 erat
2663 2861 2863 2919 scopus
2906 2849 3283 2909 demonstrare
3318 2868 3484 2925 quam

1909 2937 2057 3003 justa
2084 2940 2391 2999 occasione.
2420 2953 2585 3008 quam
2618 2948 2769 2995 recto
2797 2941 2987 2996 animo
3018 2943 3132 3010 ipse
3158 2960 3188 2999 a
3218 2946 3487 3017 principio

1915 3026 2155 3079 scribere
2181 3042 2467 3096 aggressus
2514 3041 2681 3096 esset,
2724 3043 2836 3085 tum
2883 3032 3080 3090 docere
3121 3051 3282 3105 quam
3325 3038 3488 3092 inno-

1914 3132 2044 3170 rens
2067 3129 2119 3171 et
2141 3135 2207 3170 an
2233 3121 2381 3174 omni
2409 3123 2624 3176 macula
2660 3124 2920 3179 itnmunis
2950 3130 3222 3182 sententia
3261 3130 3487 3188 latuerit

264 3219 309 3271 in
355 3220 464 3288 ejus
517 3221 701 3274 locum
743 3219 848 3272 rite
896 3217 1022 3272 inde
1052 3217 1428 3287 procederent.
1466 3217 1579 3273 Hoc
1625 3233 1807 3272 rerum
1837 3244 1880 3301 (Ξ
1915 3212 2016 3262 sub
2046 3210 2368 3278 quibusdam
2402 3214 2454 3266 in
2490 3228 2591 3268 suo
2632 3223 2780 3269 tomo
2813 3214 3043 3273 obscure
3077 3219 3268 3289 positis
3298 3224 3485 3279 verbis

263 3312 468 3366 articulo
519 3311 764 3381 Cyrillus
816 3324 884 3364 ex
936 3310 1062 3380 'l‘yri
1119 3308 1435 3379 episeopatu
1468 3309 1522 3362 in
1576 3310 1809 3378 patriar-

265 3402 459 3456 chatuin
481 3404 642 3474 123
675 3401 996 3456 orientalem
1039 3402 1342 3456 Antiochiae
1380 3410 1499 3471 post
1524 3403 1808 3456 Arsenium

260 3494 561 3556 translatus,
617 3496 703 3547 vir
741 3493 1051 3563 religiosus,
1103 3492 1305 3559 quietis
1339 3494 1571 3555 amicus,
1617 3490 1810 3557 plenus

262 3586 609 3641 ecclesiastica
656 3585 944 3654 gravitate,
991 3582 1525 3651 ConstantinOpolim
1569 3580 1810 3646 advenit,

263 3680 387 3747 quod
415 3680 563 3732 illum
603 3688 662 3731 ut
694 3676 894 3730 Iaceret
923 3677 1155 3745 cogebat
1193 3677 1495 3731 necessitas
1527 3685 1658 3729 ratae
1690 3677 1812 3728 red-

261 3769 427 3822 denda:
456 3766 823 3837 promotionis
852 3781 986 3831 suae,
1014 3764 1155 3819 haud
1188 3766 1345 3819 aliter
1372 3766 1584 3820 ﬁrmam
1619 3779 1810 3822 aucto-

263 3857 455 3910 ritatem
491 3857 768 3911 habitura:
796 3867 1017 3924 prepter
1048 3857 1340 3909 transitum
1375 3870 1438 3909 ex
1470 3871 1583 3910 uno
1616 3855 1811 3908 throno

260 3949 308 4001 in
339 3949 518 4015 alium,
565 3948 728 4016 cujus
768 3948 893 4002 inde
926 3948 1153 4016 gratiam
1193 3945 1474 4014 impetrari
1509 3956 1813 4015 oporteret.

259 4038 560 4110 Quanquam
586 4051 720 4096 tunc
740 4055 846 4093 non
881 4039 1196 4109 impetravit
1222 4039 1311 4092 ille
1338 4040 1581 4108 quidem.
1609 4037 1809 4093 Verum

265 4143 369 4199 post
400 4150 570 4188 annos
598 4143 726 4186 octo
760 4132 997 4197 rediens,
1034 4132 1143 4195 vix,
1178 4130 1641 4201 prnmissionibus
1667 4132 1813 4186 datas

263 4240 314 4278 se
336 4227 649 4295 neutiquam
676 4224 731 4277 in
750 4222 862 4276 ulla
892 4237 948 4277 re
962 4236 1087 4277 cum
1110 4221 1363 4275 Armenia
1389 4231 1813 4286 conventurum,

258 4316 464 4383 quando
492 4317 546 4369 in
581 4304 778 4369 eorum
810 4313 1018 4367 ditione
1048 4315 1266 4382 degeret
1297 4313 1464 4367 rebus
1496 4310 1666 4383 Syriae
1697 4313 1813 4381 jam

259 4411 488 4476 perditis,
524 4409 765 4477 denique
791 4404 1064 4460 admissus
1089 4414 1193 4468 est,
1219 4412 1273 4458 et
1302 4404 1391 4459 hic
1416 4405 1582 4458 vitam
1606 4405 1814 4460 exhau-

256 4505 339 4557 sit.
371 4502 421 4556 Is
452 4503 619 4572 igitur
647 4503 793 4554 circa
832 4510 1043 4567 tempus
1074 4495 1232 4564 cujus
1261 4498 1423 4551 modo
1461 4507 1582 4551 acta
1611 4496 1815 4552 refere-

1915 3300 2272 3369 atnbigueque
2322 3304 2632 3372 perplexis;
2677 3320 2799 3375 quae
2845 3308 3064 3377 quidem
3098 3309 3243 3366 ultro
3274 3311 3485 3370 fateba-

1912 3397 2024 3453 tur,
2049 3392 2153 3445 nisi
2184 3407 2252 3446 eo
2295 3395 2453 3448 modo
2485 3411 2594 3463 quo
2629 3411 2774 3450 nunc
2797 3399 3109 3468 exponebat
3134 3401 3485 3462 declararent

1916 3488 2023 3547 tur,
2070 3484 2383 3539 necessario
2413 3488 2467 3539 in
2505 3485 2667 3540 Vecci
2704 3491 3038 3545 sententiam
3071 3492 3336 3552 incidere.
3364 3495 3489 3554 Haec

1916 3574 1987 3625 ita
2026 3573 2333 3643 disputans.
2380 3579 2598 3646 petebat
2644 3578 2762 3633 dari
2800 3581 2906 3635 sibi
2943 3583 3012 3637 ab
3043 3582 3115 3639 iis
3155 3601 3296 3654 quos
3337 3602 3489 3644 com-

1918 3664 2171 3729 pellebat,
2219 3665 2558 3720 antistitibus
2615 3668 2777 3740 124
2820 3671 3071 3727 videlicet
3115 3683 3171 3727 et
3214 3675 3485 3746 Augusto,

1912 3756 2289 3810 teSlitttonittttt
2336 3759 2488 3812 omni
2529 3763 2876 3817 auctoritatis
2923 3763 3178 3820 ﬁrmitate
3210 3768 3279 3823 ad
3323 3770 3486 3826 ﬁdem

1918 3846 2131 3908 plenam
2186 3850 2481 3915 tnunitum,
2524 3868 2632 3919 quo
2671 3853 2747 3906 illi
2787 3855 3179 3925 proﬁterentur
3216 3861 3378 3929 plane
3427 3880 3489 3919 se

1914 3940 2248 4008 comperisse
2294 3942 2617 4012 Gregorium
2664 3947 3030 4013 patriarcham
3069 3949 3214 4006 haud
3246 3969 3487 4023 unquam

1918 4036 1969 4085 in
2011 4033 2262 4103 dogmate
2309 4037 2619 4092 orthodoxe
2653 4040 2940 4102 titubasse.
2984 4041 3148 4111 hujus
3183 4045 3489 4103 testimonii

1916 4126 2210 4194 diplomate
2263 4137 2488 4197 accepto
2537 4145 2595 4184 se
2628 4129 2871 4186 vicissim
2914 4132 3172 4190 daturum
3223 4138 3488 4206 pollicens

1917 4216 2022 4268 rite
2055 4218 2422 4286 conscriptam
2477 4219 2655 4273 throni
2703 4221 3039 4278 cessionem.
3072 4223 3127 4279 Id
3170 4223 3308 4281 istos
3334 4226 3486 4299 labyg

1920 4308 2102 4363 rintho
2144 4310 2366 4369 inclusit
2420 4310 2816 4369 inextricabilis
2845 4314 3245 4384 perplexitatis,
3301 4333 3489 4376 secum

1921 4402 2109 4468 utique
2137 4412 2471 4471 reputantes.
2511 4414 2800 4475 postquam
2842 4421 2965 4460 eum
2994 4408 3115 4463 sine
3150 4409 3490 4467 dubitatione

1921 4492 2283 4547 orthodoxum
2306 4495 2697 4561 declarassem,
2720 4495 3108 4567 “agitationem
3129 4499 3490 4559 abdicationis

3930 1454 3938 1615 ί

262 4594 456 4657 bamus,
501 4590 1035 4660 Constantinopolim
1086 4589 1375 4658 appulsus,
1421 4604 1545 4643 cum
1592 4598 1811 4658 prapter
1844 4583 1888 4638 ι)
1921 4584 2101 4638 throni
2131 4586 2440 4654 pudendam
2474 4589 2606 4655 ipsis
2639 4597 2694 4642 et
2719 4589 3058 4659 tyrannicam
3090 4591 3488 4661 apparituram.

258 4687 572 4741 eminentem
596 4701 765 4754 super
788 4684 925 4737 alios
952 4681 1274 4751 dignitatern
1307 4680 1507 4734 eximie
1544 4681 1814 4737 honoran-
1918 4677 2101 4743 Quare
2158 4678 2318 4731 aliam
2367 4679 2758 4748 expeditiorem
2810 4679 2953 4735 viam
2996 4681 3102 4736 rati
3154 4685 3488 4753 sequendam

262 4780 352 4832 ilus
404 4781 559 4833 visus
615 4777 811 4833 fuisset
869 4774 1204 4842 assignando
1255 4772 1305 4826 ei
1360 4772 1502 4841 apud
1563 4771 1811 4843 llodegos
1917 4771 2191 4825 antistites
2243 4770 2632 4840 imperatorem
2679 4771 2915 4826 orabant
2964 4780 3024 4827 ut
3069 4772 3336 4843 judicium
3384 4778 3490 4832 rite

261 4872 570 4934 diversorio,
611 4869 872 4923 recedens
909 4868 1034 4922 inde
1064 4865 1377 4936 patriarcha
1417 4865 1722 4934 Gregorius
1757 4866 1809 4919 in
1918 4861 2129 4915 institui
2163 4862 2232 4915 de
2266 4875 2432 4915 causa
2476 4860 2688 4930 ﬁdeque
2707 4859 2957 4933 Gregorii
2999 4862 3224 4927 sineret.
3262 4867 3488 4934 permit-

262 4962 541 5032 bospitium
601 4960 789 5016 Sancti
838 4957 992 5013 Pauli
1042 4958 1099 5011 in
1148 4956 1322 5010 Latro
1379 4956 1810 5025 transmigravit,
1918 4955 2081 5007 ternio
2142 4969 2266 5008 eum
2324 4950 2512 5014 liberis
2564 4951 2761 5024 synodi
2814 4952 3124 5023 suﬁragiis;
3182 4955 3383 5024 quibus
3439 4959 3489 5013 si

259 5053 483 5125 illucque
504 5072 563 5109 se
583 5054 817 5109 abdidit.
1918 5048 2298 5116 absolveretur
2365 5055 2421 5100 et
2482 5053 2605 5116 post
2674 5055 2987 5100 accuratam
3053 5047 3489 5115 explorationem

356 5118 411 5201 7:
438 5147 514 5202 De
537 5145 814 5215 Gregorio,
850 5149 907 5197 ut
936 5141 1084 5196 abeo
1125 5141 1289 5210 petita
1325 5139 1589 5194 abdicatio
1615 5141 1705 5195 sit.
1914 5140 2119 5207 scripta
2170 5140 2291 5209 ejus
2325 5140 2392 5192 ab
2434 5137 2582 5192 omni
2631 5152 2811 5206 pravae
2858 5138 3125 5192 doctrinae
3175 5139 3493 5208 suspicione
3536 5118 3554 5199 ί

323 5239 393 5296 lbi
420 5250 541 5296 erat
577 5242 854 5295 altercans
886 5252 1013 5291 cum
1043 5234 1315 5303 episcopis
1345 5242 1399 5287 et
1429 5235 1809 5303 imperatorem
1916 5231 2092 5284 aliena
2128 5231 2520 5300 reperirentur,
2555 5230 2975 5284 conﬁrmaretur
3013 5243 3149 5285 sane
3180 5229 3234 5284 in
3266 5233 3492 5303 antiqua

261 5348 537 5399 accusans,
567 5331 713 5403 quod
754 5345 836 5394 se,
865 5343 1025 5400 quem
1052 5326 1480 5394 assumpsissent
1509 5326 1809 5394 sapientem
1914 5324 2261 5388 possessione
2290 5324 2673 5392 patriarchalis
2697 5325 3003 5393 dignitatis,
3032 5334 3088 5379 et
3121 5327 3326 5379 throno
3356 5325 3495 5393 insi-

259 5433 308 5477 et
349 5424 723 5479 bonorabilem
767 5420 1035 5475 creditum
1089 5432 1152 5472 ac
1192 5427 1454 5485 praeterea
1502 5415 1813 5471 orthodoxe
1914 5415 2066 5476 dere.
2097 5425 2155 5468 ut
2187 5414 2361 5483 prius,
2396 5424 2644 5483 pergeret
2694 5433 2709 5469 :
2752 5417 2835 5470 sin
2869 5416 3019 5470 clare
3070 5415 3491 5471 convinceretur

258 5518 589 5580 sentientem,
627 5527 773 5569 nunc
808 5527 916 5566 non
956 5509 1121 5565 modo
1168 5507 1471 5577 ignominia
1508 5508 1808 5572 aliicerent,
1918 5506 2177 5560 incidisse
2235 5506 2287 5558 in
2339 5520 2583 5561 errorem
2637 5507 2782 5561 circa
2826 5507 3103 5576 dogmata,
3132 5515 3247 5560 tum
3288 5507 3402 5575 ipse
3429 5505 3491 5560 in

256 5608 342 5665 sed
379 5618 431 5664 et
460 5610 562 5679 ipsi
615 5607 914 5676 pretiosum
961 5604 1131 5659 decus
1172 5602 1475 5657 orthodoxe
1520 5601 1810 5657 sentientis
1914 5598 2296 5669 penitentium
2324 5598 2571 5653 ordinem
2610 5599 2863 5652 redactus
2891 5601 3106 5652 veniam
3153 5605 3407 5668 posceret
3432 5605 3490 5651 et

256 5700 540 5756 auferrent.
569 5700 715 5755 Inter
753 5700 865 5753 haec
896 5693 1213 5767 quiritanda
1256 5702 1405 5762 totus
1458 5693 1812 5747 incumbebat
1915 5694 2260 5762 impetratam
2316 5694 2611 5761 acciperet,
2654 5692 2755 5760 ipsi
2813 5700 2994 5744 autem
3049 5690 3161 5759 jam
3201 5701 3314 5744 tum
3364 5687 3488 5752 ejus

256 5789 305 5845 in
337 5793 725 5862 scriptitandas
773 5789 1176 5845 confutationes
1233 5786 1644 5842 accusationum
1689 5800 1812 5854 quae
1915 5782 2223 5838 obedientia
2256 5784 2361 5838 rite
2389 5783 2552 5837 soluti
2583 5783 2729 5852 (nam
2761 5796 2884 5852 quae
2922 5781 3138 5869 tandem
3166 5780 3223 5835 in
3252 5794 3319 5835 eo
3348 5793 3485 5834 casu

254 5888 393 5940 toruo
438 5899 470 5941 a
524 5899 582 5942 se
631 5884 781 5939 edito
820 5882 1252 5937 intentabantur.
1285 5877 1519 5935 lstarum
1560 5877 1808 5934 omnium
1916 5877 2214 5934 necessitas
2277 5875 2639 5933 abdicationis
2702 5874 2904 5945 foret?)
2973 5871 3284 5943 quaererent
3348 5870 3480 5962 alibi

580 5981 850 6041 ΡΑτιιοι..
892 5978 1008 6039 Gn.
1039 5975 1300 6036 CXLIV.

3097 5967 3133 6028 5
