3950 6552
545 398 648 461 129

1736 394 2059 461 GEORGII
2103 394 2584 463 PACIIYMERE

3692 399 3802 465 1ιο

536 512 607 591 ἦν
661 517 908 588 άπαντᾷν
947 519 1027 582 εἰς
1080 517 1284 589 κρίσιν.
1317 516 1481 572 Ὅθεν
1521 518 1616 571 καὶ
1670 516 1874 590 ὥριστο
1924 518 2027 588 μὲν
2078 521 2111 589 ἡ
2142 522 2190 582 Α
2216 524 2315 593 τὴν
2346 522 2644 592 ὁμολογίαν
2680 521 2782 591 τῆς
2840 521 3075 591 φύσεως.
3109 520 3185 583 ὡς
3233 516 3418 591 ἔχουσι
3453 522 3802 591 φαινομένων

536 610 741 680 ἡμέρα,
774 610 977 681 ὥριστο
1003 612 1046 663 δ’
1084 613 1113 664 ὁ
1139 611 1327 674 τόπος⁸
1352 613 1382 664 ὀ
1413 611 1459 664 δ’
1481 607 1550 683 ἧν
1577 612 1639 665 τὸ
1667 612 1811 682 μέγα
1838 611 1936 665 τοῦ
1950 614 2115 683 βασι-

534 700 672 763 λέως
697 702 984 755 παλάτιον.
1036 700 1354 754 Ἐτάττοντο
1384 703 1433 754 οἱ
1471 703 1684 773 κριταὶ,
1716 704 1766 755 οἱ
1799 704 2115 773 κατηγορή-

532 805 719 853 σοντες
747 789 1128 859 ἡτοιμάζοντο·
1155 790 1204 842 oi
1230 788 1277 842 δ’
1300 784 1441 861 ἦσαν
1468 792 1516 843 οἱ
1544 791 1859 862 σχισθέντες
1876 792 2110 854 ἐκείνου,

529 884 643 936 ὅσοι
692 901 751 936 τε
803 883 912 935 τῶν
939 883 1247 952 ἀρχιερέων
1279 884 1374 935 καὶ
1405 884 1524 937 ὅσοι
1555 884 1667 938 τῶν
1699 883 2002 954 κληρικῶν.
2031 883 2114 937 Τὰ

531 978 696 1031 πάντ’
725 975 989 1046 εὐτρεπῆ,
1020 974 1130 1028 ἔδει
1154 975 1211 1029 δὲ
1240 976 1518 1030 συνελθεῖν
1546 977 1642 1029 καὶ
1672 975 1856 1047 μόνον.
1895 977 1981 1040 Ὠς
2004 978 2049 1030 δ’
2078 978 2111 1045 ἡ

532 1070 696 1139 κυρία
726 1070 978 1139 παρέστη
1009 1069 1105 1123 καὶ
1133 1070 1382 1140 ἀπαντᾷν
1409 1069 1517 1122 ἔδει
1551 1070 1631 1132 εἰς
1655 1068 1851 1122 ταυτὸν
1883 1068 2109 1132 πάντας,

527 1162 599 1235 [Ρ
622 1162 716 1235 84]
751 1163 913 1226 αὐτὸς
950 1162 1170 1231 σύναιμα
1211 1164 1326 1225 τοῖς
1369 1163 1507 1232 ἀμφ’
1539 1163 1702 1216 αὐτὸν
1742 1162 2110 1232 πρωῖαετερον

527 1254 877 1326 ὲτοιμασθεὶς
916 1254 1156 1323 ἔφιππος
1183 1254 1280 1307 σὺν
1311 1254 1571 1322 ὲφίπποις
1607 1254 1744 1325 πρὸς
1767 1254 1830 1307 τὸ
1851 1254 2111 1307 παλάτιον

522 1348 766 1419 ἀπαντᾷ,
805 1347 899 1401 καί
938 1363 1043 1400 που
1103 1346 1396 1417 ἱστάμενος
1446 1346 1551 1411 ἔξω
1581 1346 1657 1409 ὡς
1713 1345 1902 1416 ἔτυχεν
1947 1346 2107 1415 ἔχων,

462 1470 471 1477 -
522 1441 695 1511 δήλην
735 1438 812 1510 τῷ
875 1438 1091 1509 βασιλεί
1114 1437 1214 1508 τὴν
1249 1439 1519 1509 σφετέραν
1568 1437 1897 1507 ποιούμενος
1927 1436 2110 1504 ἄφιξιν

522 1535 775 1605 ἀπαντᾷν
804 1532 903 1599 τὴν
931 1532 1195 1602 ταχίστην
1246 1531 1344 1585 καὶ
1389 1529 1585 1602 κριτὰς
1630 1530 1725 1583 καὶ
1765 1531 2110 1599 κατηγόρους

523 1625 703 1695 ἠξίου.
758 1625 815 1678 '0
871 1624 1059 1693 μέντοι
1112 1639 1178 1692 γε
1236 1620 1490 1691 βασιλεὺς
1536 1620 1851 1690 σοφώτερον
1910 1638 1963 1674 τι
2015 1620 2113 1673 καὶ

524 1717 825 1790 βαθύτερον
861 1715 1085 1781 ὲννοῶν,
1118 1714 1194 1779 ὡς
1223 1716 1513 1783 γεγονυίας
1542 1713 1644 1783 τῆς
1681 1712 1967 1776 διαλέξεως
2016 1712 2112 1764 ού-

521 1811 612 1865 δὲν
639 1810 779 1872 ὅλως
806 1810 1048 1881 χωρήσει
1069 1806 1190 1861 κατ’
1213 1806 1377 1878 ὀρθὸν
1398 1807 1460 1858 τδ
1486 1807 1743 1876 πρᾶγμα,
1776 1804 1852 1867 ὡς
1881 1804 2111 1872 θάτερον

524 1901 731 1969 ἀμφοῖν
762 1898 1041 1966 γενέσθαι,
1071 1896 1104 1967 ἢ
1128 1897 1337 1949 ἐκεῖνον
1364 1895 1606 1964 φανέντα
1628 1892 1796 1947 κακὸν
1813 1892 2110 1964 ἡσυχάζειν

519 1994 555 2065 ἢ
611 1991 853 2055 ἐκείνους
900 1990 1171 2053 διαϐολεῖς
1208 1987 1521 2059 ὁμολογεῖν,
1574 1987 1713 2041 ἀλλὰ
1764 1989 2110 2056 παραμένειν

523 2087 618 2140 καὶ
643 2082 800 2149 αὖθις
831 2084 892 2137 τὸ
924 2082 1243 2149 σκάνδαλον,
1276 2080 1497 2150 φύσεως
1526 2081 1761 2152 ἑχόντων
1792 2081 1903 2134 τῶν
1937 2079 2111 2148 λόγων

519 2178 699 2249 λόγοις
758 2175 1050 2249 μάχεσθαι,
1105 2174 1180 2239 ὼς
1214 2175 1562 2246 πραγμάτων
1595 2176 1690 2228 καὶ
1739 2172 1918 2244 μόνων
1967 2169 2110 2227 εἶναι

516 2359 741 2429 dignum
775 2355 868 2427 qui
902 2355 1102 2409 throno
1153 2354 1573 2423 subrogarctur.
1624 2351 1863 2406 Admisit
1910 2365 2111 2421 propo-

516 2452 773 2505 sitionem
808 2449 1129 2517 imperator,
1170 2455 1225 2498 et
1258 2444 1446 2498 missis
1481 2443 1548 2498 ad
1588 2442 1914 2512 Gregorium
1944 2442 2110 2496 certis

521 2540 841 2596 hominibus
877 2540 926 2593 ei
961 2539 1293 2608 significavit
1337 2537 1469 2604 quid
1515 2536 1636 2605 ejus
1680 2535 1980 2590 adversarii
2015 2550 2112 2605 po—

518 2645 756 2691 scerent.
782 2633 897 2689 lloc
922 2632 1013 2687 ille
1034 2634 1275 2703 cognito,
1293 2630 1727 2700 qualemcunque
1741 2628 2107 2697 arripiendnm

514 2730 863 2784 occasionem
929 2735 1132 2798 putans
1184 2724 1520 2794 turpissima:
1563 2723 1762 2777 inusta:
1805 2736 1908 2777 suo
1954 2720 2109 2789 prius

515 2822 623 2875 late
658 2822 863 2891 inclyto
894 2818 1112 2874 nomini
1146 2818 1287 2872 labis
1324 2816 1496 2872 semel
1555 2815 1827 2878 eluenda},
1861 2824 2110 2883 prompte

514 2915 735 2970 admisit
759 2917 901 2984 quod
929 2912 1291 2974 offerebatur,
1320 2910 1844 2981 paratissrmumque
1873 2924 1932 2963 se
1957 2906 2110 2960 exhi-

515 3011 633 3064 buit
675 3008 991 3064 vadimonio
1028 3005 1297 3062 sistendo.
1345 3005 1466 3061 Dies
1521 3006 1648 3060 inde
1697 3005 1841 3059 dicta
1893 3000 2110 3073 judicio

514 3113 619 3167 cst,
654 3102 1082 3171 designatusque
1108 3099 1264 3154 locus
1291 3113 1550 3168 magnum
1575 3099 1839 3168 palatium
1869 3098 2110 3166 impera-

515 3195 670 3251 toris.
707 3194 1077 3249 Nominantur
1109 3192 1351 3262 judices,
1385 3201 1741 3246 accusatores
1775 3206 2106 3260 comparan-
2133 3228 2177 3283 ε

513 3300 623 3344 tur.
672 3289 843 3343 Erant
874 3287 929 3341 bi
967 3296 1244 3357 quotquot
1286 3301 1351 3340 ex
1385 3284 1665 3355 episcopis
1706 3294 1759 3339 et
1788 3283 2006 3339 clericis
2047 3299 2108 3339 se

511 3383 690 3453 palam
716 3397 747 3436 a
778 3378 1047 3450 Gregorio
1073 3378 1451 3433 absciderant.
1477 3378 1668 3432 Parata
1695 3388 1893 3432 cuncta
1919 3388 2105 3442 erant,

512 3475 569 3528 in
623 3473 910 3542 procinctu
967 3470 1221 3539 proximo
1279 3477 1608 3523 conventus.
1670 3468 1838 3524 Adest
1899 3480 2106 3525 statuta

511 3566 655 3630 dies,
685 3548 792 3633 qua
832 3561 1201 3633 congregandi
1236 3575 1429 3615 omnes
1455 3561 1510 3614 in
1546 3561 1668 3614 loco
1708 3561 2109 3630 exspectaban-

512 3670 619 3713 tnr.
655 3656 952 3711 Universos
978 3654 1257 3724 praevertit
1283 3655 1594 3722 patriarcha
1622 3669 1748 3707 cum
1777 3654 1920 3717 suis,
1950 3668 2110 3709 mane

514 3748 676 3821 125
703 3749 814 3820 jam
852 3756 968 3803 tum
1024 3746 1214 3817 primo
1255 3761 1427 3815 eques
1476 3746 1591 3815 ipse
1624 3761 1750 3801 cum
1784 3745 1946 3799 sociis
1980 3748 2107 3799 item

509 3841 795 3912 equitibus
841 3839 908 3893 ad
956 3852 1218 3907 magnum
1257 3836 1522 3906 palatium
1560 3838 1850 3906 expeditus
1899 3851 2096 3891 occur-

514 3944 664 3984 rens.
703 3928 781 3981 Ac
815 3928 906 3981 ubi
944 3926 1184 3995 primum
1235 3924 1509 3994 palatinos
1562 3925 1845 3979 ministros
1878 3924 2107 3993 reperit,

511 4020 848 4084 consistens,
874 4016 1313 4086 nuntiarejussit
1350 4018 1671 4087 imperatori
1712 4033 1873 4072 suum
1909 4018 2110 4071 adven-

514 4123 651 4178 tum,
713 4125 1012 4180 rogareque
1062 4124 1093 4163 a
1133 4125 1193 4164 se
1245 4116 1302 4162 ut
1342 4108 1558 4176 judices
1591 4109 2003 4177 quamprimum
2054 4117 2109 4163 et

513 4213 860 4259 accusatores
904 4202 1056 4256 coire
1091 4217 1221 4256 suos
1261 4201 1440 4256 vellet.
1476 4199 1674 4255 Verum
1711 4202 2010 4271 imperator
2050 4217 2109 4257 re

488 4304 491 4307 '
520 4295 788 4349 attentius
823 4291 1173 4348 considerata
1200 4302 1507 4346 mutaverat
1550 4293 1901 4347 sententiam.
1934 4293 2109 4362 llepe—

513 4398 638 4442 tcns
691 4384 838 4439 enim
899 4381 1166 4437 memoria
1223 4396 1543 4437 successum
1596 4382 1796 4437 similis
1845 4383 2106 4453 colloquii

512 4492 639 4533 cum
684 4472 864 4531 Vecco
922 4475 1117 4537 habiti,
1167 4489 1233 4527 ex
1279 4488 1390 4542 quo
1438 4474 1574 4527 nihil
1623 4475 1754 4529 utile
1800 4475 1864 4527 ad
1919 4491 2105 4545 pacem

2221 614 2426 685 καὶμὴ
2455 616 2531 677 ὡς
2570 613 2840 682 λέγονται,
2874 612 3050 666 ταῦτα
3090 614 3377 681 σκοπήσας
3399 651 3416 675 ,
3456 613 3555 666 καὶ
3590 615 3805 683 μᾶλλον

2218 707 2300 757 ὅτι
2329 707 2443 767 τοῖς
2474 704 2875 759 καταϐαλοῦσιν
2906 705 3006 758 οὐκ
3048 705 3130 767 εἰς
3156 705 3401 772 ἀσφαλὲς
3432 705 3610 775 πάντη
3642 723 3808 777 περι-

2220 796 2380 868 σταίη
2429 799 2498 851 av
2530 798 2591 851 τὸ
2624 796 2868 867 πραχθ-ὲν
2925 796 3002 859 ὡς
3053 798 3134 858 εἰς
3184 796 3476 867 ὀϐελισμδν
3509 800 3813 869 ἀγομένοις

2215 885 2304 939 διὰ
2356 885 2456 957 τὴν
2492 887 2589 940 τοῦ
2617 884 2997 958 χειροτονητοῦ
3030 886 3405 954 παραδασίαν,
3442 888 3542 940 καὶ
3598 886 3812 956 μᾶλλον

2216 983 2299 1035 ὅτι
2331 982 2427 1035 καὶ
2459 980 2521 1032 τὸ
2550 980 2855 1050 ἐπισφαλὲς
2887 978 3285 1048 ὁμολογοῦντες
3320 979 3670 1049 ὑπέγραψαν,
3704 980 3813 1033 οὐκ

2216 1073 2431 1144 ἔκρινεν
2475 1076 2556 1137 εἰς
2591 1074 2869 1143 συμφέρον
2921 1073 3179 1142 γενέσθαι
3225 1074 3325 1141 τὴν
3379 1074 3586 1143 κρίσιν.
3639 1074 3817 1126 Ὅθεν

2216 1166 2313 1218 καὶ
2365 1164 2590 1234 πέμψας
2627 1166 2854 1235 άπήρτα
2884 1164 2985 1235 τὴν
3013 1164 3373 1217 διαδικασίαν.
3406 1165 3515 1217 Καὶ
3548 1164 3661 1233 γὰρ
3711 1166 3816 1216 καὶ

2214 1257 2262 1307 οἱ
2292 1255 2563 1310 ἀντίθετοι
2592 1255 2768 1327 τούτῳ
2803 1256 3021 1325 εὐφυῶς
3047 1254 3426 1324 ἀπεκρούοντο
3453 1254 3522 1307 τὰ
3548 1256 3648 1324 τῆς
3677 1255 3817 1322 κρι-

2217 1364 2374 1412 σεως,
2400 1348 2500 1401 οὐκ
2526 1348 2608 1410 εξς
2644 1348 2924 1418 συμφέρον
2954 1347 3175 1399 ἔσεσθαι
3208 1349 3341 1404 τοὺς
3370 1346 3561 1414 λόγους
3593 1346 3821 1398 πολλῶν

2217 1440 2552 1509 κινηθέντων
2605 1439 3121 1509 διαϐεϐαιούμενοι,
3180 1438 3400 1491 ἔπειθον
3456 1439 3512 1492 δὲ
3574 1439 3819 1509 βασιλέα

2217 1531 2461 1601 πέμπειν
2488 1533 2582 1584 καὶ
2607 1530 2793 1595 ἀξιοῦν
2828 1532 3087 1602 παρέχειν
3115 1529 3360 1583 λίὸελλον
3385 1531 3815 1600 παραιτήσεως.

2215 1623 2367 1693 Μηδὲ
2398 1624 2509 1693 γὰρ
2544 1625 2624 1686 εις
2658 1623 2940 1695 συμφέρον
2973 1621 3197 1677 ἔσεσθαι
3237 1623 3337 1693 τὴν
3371 1622 3645 1689 ἐξέτασιν,
3702 1623 3819 1675 αὖ-

2215 1718 2342 1779 τοὺς
2367 1715 2411 1768 δ’
2445 1715 2699 1770 ἐντεῦθεν
2728 1717 3015 1784 ὁμολογεῖν
3068 1716 3293 1785 εὐσεϐῆ,
3330 1716 3425 1768 καὶ
3471 1714 3676 1784 μηδένα
3712 1714 3821 1767 τὸν

2216 1807 2512 1877 δισταγμὸν
2557 1807 2651 1860 ἐπὶ
2686 1809 2806 1870 ταῖς
2839 1810 2981 1871 σαῖς,
3020 1808 3175 1877 φησὶ,
3213 1806 3406 1876 φέρειν
3443 1805 3650 1869 δόξαις,
3712 1806 3825 1875 μό-

2142 1883 2183 1937 3
2214 1917 2303 1953 νον
2342 1899 2398 1953 δὲ
2430 1898 2889 1969 σκανδαλισθῆναι
2913 1899 3002 1953 διά
3041 1899 3105 1951 τὸ
3130 1897 3225 1952 τοῦ
3255 1898 3488 1969 Μάρκου
3531 1896 3818 1966 γράμμα,

2212 1991 2242 2044 ὃ
2263 1993 2356 2045 καὶ
2382 1991 2544 2054 αύτδς
2579 1993 2644 2045 σὺ
2674 1990 2888 2060 φθάσας
2924 1991 3187 2053 πολλάκις
3220 1992 3341 2052 ταῖς
3380 1989 3679 2050 ἀπώολατς
3715 1989 3821 2040 δέ-

2211 2081 2389 2143 δωκας
2414 2081 2489 2145 ὡς
2518 2083 2672 2152 παρὰ
2710 2083 2770 2135 τὸ
2805 2082 2965 2150 ὀρθὸν
3003 2081 3259 2134 συντεθὲν
3287 2080 3387 2147 τῆς
3416 2078 3608 2149 κοινῆς
3633 2075 3823 2145 δόξης

2210 2175 2311 2245 τῆς
2357 2175 2707 2246 Ἐκκλησξας,
2735 2176 2829 2229 καὶ
2853 2174 2944 2227 διὰ
2970 2173 3144 2229 ταῦτα
3166 2173 3382 2227 δίκαιον
3413 2166 3555 2227 εἶναι
3583 2170 3826 2242 βασιλεῖ

2212 2359 2521 2429 loquacitas
2579 2357 2971 2428 scaturiginem
3025 2371 3243 2428 semper
3282 2362 3545 2427 suggeret
3588 2362 3830 2410 aeterno

2212 2451 2478 2520 proﬂuvio
2512 2450 3025 2515 sull‘ecturam,'una
3056 2450 3195 2513 sola,
3222 2450 3319 2505 sed
3352 2450 3559 2504 dudum
3593 2448 3826 2516 ubique

2211 2544 2497 2611 desperata
2553 2542 2869 2595 conditione
2917 2550 3083 2595 certae
3133 2540 3287 2611 pacis
3341 2541 3486 2594 inter
3544 2538 3827 2592 homines

2212 2635 2512 2723 proposita,
2550 2632 2594 2687 si
2629 2642 2817 2702 posset
2847 2633 2984 2687 ellici
3016 2642 3077 2687 ut
3116 2635 3183 2688 de
3211 2634 3378 2687 rebus
3409 2641 3574 2702 prout
3606 2645 3824 2685 revera

2211 2738 2360 2789 sunt,
2401 2741 2510 2779 non
2544 2734 2708 2796 prout
2759 2726 3067 2794 pinguntur
3124 2725 3376 2789 dicendo,
3427 2723 3825 2792 judicaretur.

2211 2819 2457 2887 Denique
2511 2798 2955 2871 adversariorum
3017 2815 3295 2885 Gregorii,
3348 2815 3637 2869 hominum
3696 2813 3825 2868 sibi

2211 2910 2529 2975 cltarorum,
2576 2923 2746 2964 causa
2800 2916 2855 2962 et
2907 2908 3155 2977 periculo
3211 2908 3453 2962 maxime
3495 2907 3828 2975 imperator

2212 3003 2535 3057 movebatur
2581 3003 2648 3057 ad
2679 3000 2958 3055 vitandatn
3001 3001 3175 3054 aleam
3220 2999 3415 3071 judicii
3460 2999 3528 3053 de
3572 2998 3828 3053 nomine

2210 3112 2373 3165 quem
2405 3093 2512 3165 ipsi
2544 3094 2916 3164 patriarcham
2954 3092 3238 3157 fecissent,
3281 3093 3445 3164 cujus
3475 3100 3629 3147 tomo
3660 3091 3824 3147 sub-

2212 3190 2587 3258 scripsissent,
2620 3188 2964 3243 instituendi.
2995 3185 3133 3242 Nam
3157 3189 3263 3243 hoc
3286 3192 3591 3242 secundum
3632 3201 3827 3240 accuo

2212 3283 2455 3337 santium
2500 3295 2627 3349 spes
2672 3293 2738 3333 ac
2768 3288 2898 3332 vota
2936 3279 3214 3343 damnato,
3262 3277 3448 3332 statim
3499 3275 3831 3346 apparebat

2211 3385 2428 3427 errasse
2463 3371 2587 3425 illos
2614 3378 2668 3425 et
2717 3371 2958 3439 pessime
2996 3368 3264 3424 Ecclesiae
3294 3368 3669 3432 consuluisse,
3711 3368 3830 3438 qui

2211 3468 2327 3522 suis
2359 3472 2566 3521 temere
2597 3464 2878 3535 suﬂ‘ragiis
2917 3475 3192 3536 suspectat
3226 3465 3495 3521 doctrina:
3528 3466 3726 3517 virum
3764 3464 3829 3517 iu

2214 3562 2469 3615 thronum
2495 3560 2827 3624 evertissent,
2861 3561 3005 3614 unde
3029 3571 3218 3630 postea
3247 3558 3591 3629 deprehensa
3624 3557 3770 3626 ejus
3796 3573 3834 3611 a

2212 3653 2316 3708 fide
2352 3663 2497 3707 recta
2526 3653 2831 3708 defectione
2856 3652 3201 3722 dejiciendus
3230 3650 3547 3706 necessario
3573 3651 3833 3705 fuisset.

2210 3746 2524 3816 Apparebat
2578 3752 2634 3800 et
2681 3745 2888 3800 erroris
2925 3746 2995 3798 ob
3028 3760 3191 3814 quem
3241 3745 3287 3798 is
3318 3744 3619 3798 damnatus
3652 3753 3835 3797 esset

2212 3837 2356 3890 haud
2388 3834 2559 3890 fuisse
2591 3836 2863 3890 immunes
2895 3836 3141 3900 eosdem,
3169 3843 3356 3904 utpote
3389 3835 3483 3905 qui
3514 3834 3691 3889 verba
3724 3835 3837 3891 illa

2210 3938 2491 3998 suspecta,
2528 3926 2632 3983 sub
2654 3927 2858 3996 quibus
2892 3925 3118 3981 latuisse
3149 3926 3400 3981 haeresim
3432 3926 3833 3996 postmodum

2210 4024 2313 4093 ipsi
2348 4024 2739 4092 agnovissent,
2790 4021 2951 4091 126
2998 4035 3097 4074 sua
3140 4020 3498 4076 festinassent
3543 4023 3837 4077 subscri-

2211 4117 2398 4185 ptione
2417 4115 2888 4171 inconsultissimc
2905 4115 3141 4167 firmare.
3166 4112 3287 4180 Quo
3311 4124 3549 4183 utroque
3572 4116 3839 4171 nomine

2209 4209 2341 4279 quin
2370 4224 2557 4277 pmnas
2595 4207 2856 4263 Ecclesia:
2876 4207 3158 4267 deberent,
3192 4222 3302 4260 non
3331 4207 3613 4260 videretur
3637 4222 3840 4277 posse

2209 4301 2472 4355 dubitari.
2535 4299 2634 4355 His
2691 4298 2951 4355 secundis
3000 4299 3433 4369 cogitationibus
3486 4299 3554 4353 de
3624 4301 3836 4368 priori

2211 4402 2342 4448 tunc
2387 4391 2620 4446 consilio
2665 4392 2947 4446 detractus
2984 4390 3359 4455 Andronicus,
3388 4405 3512 4445 cum
3555 4392 3840 4449 misisset

2210 4484 2303 4556 qui
2340 4483 2535 4553 judicii
2572 4493 2898 4553 apparatum
2930 4481 3275 4551 disjicerent,
3310 4482 3453 4536 haud
3488 4481 3750 4536 multum
3796 4487 3838 4540 ii

512 4569 772 4624 Ecclesia:
803 4567 1169 4638 provenisset,
1204 4563 1726 4635 lacileintelligebat
1749 4568 1892 4620 haud
1932 4567 2099 4635 majo-
2136 4583 2184 4643 D
2212 4586 2579 4643 repugnantes
2633 4572 2962 4626 invenerunt
3026 4584 3377 4627 accusatores
3435 4573 3834 4640 patrial-cum,

512 4676 627 4717 rem
668 4659 976 4731 exspectari
1031 4659 1233 4713 debere
1266 4669 1570 4713 conventus
1616 4661 1782 4724 hujus
1836 4658 2106 4714 fructum.

511 4756 757 4810 Alterum
792 4753 939 4808 enim
972 4750 1283 4807 necessario
1308 4761 1652 4813 secuturum,
1687 4760 1745 4804 ut
1774 4762 1870 4804 aut
1899 4750 2105 4820 Grego-

512 4850 627 4902 rius
663 4858 923 4914 peccasse
960 4844 1243 4913 judicatus
1273 4842 1509 4912 indeque
1550 4843 1808 4898 redactus
1862 4843 1913 4896 in
1953 4846 2104 4897 orali-

512 4956 640 4993 nem
671 4937 922 5009 privatus
956 4936 1187 4998 viveret,
1219 4941 1316 4988 aut
1353 4933 1525 5004 ipsius
1559 4934 1741 5003 palam
1785 4935 2099 4989 innocentia

511 5038 800 5101 perspecta
823 5029 947 5098 ejus
972 5026 1276 5082 adversarii
1304 5024 1551 5080 infamiae
1585 5040 1650 5080 ac
1675 5027 1855 5095 poenis
1886 5026 2099 5081 calum-

510 5125 795 5177 niatorum
865 5120 1239 5188 subjacerent.
1296 5115 1582 5172 Utrumvis
1639 5126 1822 5171 autem
1881 5118 2099 5172 contin-

509 5225 685 5287 geret,
719 5228 1041 5269 mansurum
1079 5209 1443 5266 nihilominus
1476 5207 1734 5264 Ecclesia:
1756 5193 2099 5275 scandalum,

510 5325 611 5363 nec
646 5305 937 5362 remissius
966 5302 1225 5359 smvitura
1263 5302 1563 5354 rixantium
1590 5299 1796 5369 jurgia,
1826 5315 1952 5354 cum
1976 5316 2097 5355 ser-

511 5415 705 5455 moLcs
740 5411 1018 5467 opponere
1050 5392 1422 5455 sermonibus,
1459 5403 1513 5446 et
1546 5405 1745 5446 natura
1779 5402 2093 5462 promptum

506 5500 560 5541 et
602 5504 702 5541 usu
746 5504 811 5541 ac
854 5485 1077 5539 licentia
1116 5482 1388 5537 infinitum
1435 5482 1527 5545 sit,
1575 5481 1850 5551 siquidem
1888 5483 1979 5536 tibi
2008 5499 2095 5537 res

508 5580 664 5647 ipsae,
714 5592 835 5646 quae
881 5575 1289 5631 controversias
1327 5575 1507 5643 palam
1556 5574 1814 5629 exhibita:
1854 5575 2093 5639 finirent,

510 5690 617 5727 non
665 5672 1023 5741 proferuntur
1074 5669 1178 5723 nisi
1233 5668 1456 5721 larvam:
1496 5665 1712 5732 formis,
1764 5666 1963 5737 quibus
2001 5683 2095 5722 eas

508 5763 899 5819 disserentium
928 5760 1107 5815 oratio
1133 5758 1362 5823 fucavit,
1395 5757 1544 5812 nulla
1570 5772 1698 5827 spes
1723 5765 1893 5812 restat
1915 5758 2089 5812 litium

509 5858 898 5922 bnienlatum,
952 5855 1155 5924 quibus
1204 5853 1536 5909 inexhausta
1591 5850 1846 5907 humanae
1897 5851 2093 5922 lingua:

2208 4663 2272 4718 lli
2302 4664 2448 4718 enim
2485 4678 2648 4718 suum
2681 4677 2903 4733 quoque
2941 4664 3183 4733 ipsorum
3225 4664 3281 4717 in
3321 4662 3415 4717 tali
3448 4678 3622 4717 causa
3659 4667 3834 4720 verti

2206 4755 2515 4824 periculum
2548 4754 2960 4818 intellexerant,
2995 4753 3153 4807 veriti
3189 4768 3257 4807 ne
3300 4754 3485 4816 motis,
3518 4762 3580 4807 ut
3624 4753 3723 4821 ﬁt,
3757 4774 3837 4812 ca

2204 4845 2501 4901 occasione
2543 4845 2735 4900 multis
2773 4845 2976 4914 aliquid
3007 4845 3379 4916 detegeretur,
3432 4845 3578 4916 quod
3632 4863 3836 4916 grave

2199 4939 2339 5008 ipsis
2371 4940 2631 4991 damnum
2678 4946 3010 4993 accerseret.
3044 4936 3461 4993 Conlirmarunt
3509 4954 3647 5008 ergo
3710 4960 3830 4996 cu-

2200 5030 2324 5100 pide
2358 5030 2749 5099 imperatorem
2791 5030 2847 5082 in
2888 5043 3029 5083 nova
3076 5029 3358 5083 sententia
3391 5029 3587 5098 judicii
3630 5037 3833 5089 omit-

2199 5122 2373 5185 tendi,
2409 5120 2866 5192 anctoresqueilli
2896 5120 3053 5175 fuere
3082 5121 3338 5176 mittendi
3361 5123 3434 5175 ad
3461 5119 3830 5193 Gregorium

2198 5211 2292 5282 qui
2333 5210 2581 5265 libellum
2618 5212 2988 5267 abdicationis
3039 5213 3188 5267 sedis
3236 5212 3308 5267 ab
3352 5228 3421 5267 eo
3468 5227 3828 5283 pasccrcnt,

2200 5310 2466 5375 praetextu
2505 5303 2685 5372 ipsius
2736 5302 2894 5357 fama:
2929 5303 3273 5358 consulendi.
3318 5303 3456 5357 Cum
3494 5305 3648 5358 enim
3692 5310 3832 5364 sint

2198 5398 2463 5466 ancipites
2493 5396 2827 5465 judiciorum
2857 5398 3058 5460 exitus.
3095 5397 3281 5451 videre
3322 5395 3572 5465 profecto
3606 5398 3826 5466 ipsum

2197 5505 2361 5558 quam
2417 5488 2557 5543 foret
2611 5489 2714 5543 sibi
2763 5499 2921 5558 turpe
2964 5489 3240 5543 damnari.
3299 5486 3559 5543 Victoria:
3599 5502 3826 5549 autem

2193 5583 2416 5635 incerte:
2446 5567 2687 5636 fructum
2717 5592 2930 5635 certum
2966 5580 3081 5651 jam
3126 5596 3275 5636 nunc
3310 5581 3449 5637 citra
3497 5592 3825 5643 certamen

2193 5674 2377 5728 otl'erri
2405 5692 2420 5727 :
2459 5674 2853 5743 promittebant
2876 5660 3103 5744 quippe,
3132 5676 3299 5729 simul
3329 5679 3400 5731 ab
3436 5690 3503 5730 eo
3539 5680 3833 5748 θεωρίδ-

2193 5775 2316 5821 ssnt
2352 5766 2622 5819 cessionis
2665 5766 3061 5835 syngrapham,
3100 5780 3160 5821 se
3212 5766 3461 5821 vicissim
3500 5766 3581 5821 illi
3636 5773 3835 5825 testi-

2193 5858 2441 5913 monium
2473 5861 2853 5933 authenticum
2895 5860 3146 5927 daturos,
3182 5876 3293 5930 quo
3326 5861 3372 5916 is
3403 5860 3566 5931 plane
3599 5863 3827 5921 ortho-
