4022 6572
238 387 320 452 ut
1100 364 1196 447 ne
1227 379 1669 450 ANDRONICO
1692 366 2155 448 carentem
2194 364 2342 446 Lm.
2386 352 2471 446 1i.

3350 360 3449 454 ita

229 530 279 566 τε
329 508 595 581 πεξοεσθαι
626 507 690 560 τὰ
726 508 937 578 χρηστὰ
974 509 1401 578 συμὸουλεύοντι
1430 510 1522 561 καὶ
1557 510 1760 579 εἰρηνῑ-
1798 518 1841 569 Α.
1866 503 1982 572 ἅμα
2024 507 2312 576 συγκλήτῳ
2341 500 2434 561 καὶ
2461 506 2692 577 βασιλεῖ,
2729 506 2865 580 μηδὲ
2898 486 3009 561 τῶν
3040 493 3316 576 ὲάκρίτων
3352 504 3448 583 μο-

230 602 324 665 κῶς
354 599 727 654 ἀπαλλάττειν.
766 598 950 652 Ταῦτα
984 597 1251 661 πολλάκιέ
1277 598 1620 669 διεμηνύετο,
1650 600 1771 651 ἀλλ’

229 693 316 745 οὐκ
348 690 572 743 ἔπειθεν.
606 690 715 742 Καὶ
747 689 798 759 γ’
826 691 921 743 ἐπὶ
955 691 1166 745 πολλοῖς
1204 692 1298 744 καὶ
1328 692 1419 744 τὶν
1450 693 1568 746 τότε
1595 693 1739 745 testati
1759 724 1772 733 -

230 800 371 852 στορα
396 779 638 850 Χοῧμνον
670 783 779 855 και
805 782 897 834 τὸν
949 784 1335 854 συγγράφοντα
1371 784 1586 854 σύναιμα
1630 786 1770 854 πέμ-

227 873 375 928 πωνὸ
412 872 659 940 βασιλεὺς
708 877 1040 941 προσέταττε
1093 875 1273 942 λέγειν
1323 878 1417 939 καὶ
1474 875 1661 943 ἀξιοῦν
1700 879 1767 928 τὰ

250 964 349 1018 ,ὖτὰ
384 966 507 1036 παρ’
539 964 730 1019 αὐτοῦ.
759 965 1161 1035 Τυραὴννεῖςθαι
1198 968 1308 1035 γὰρ
1350 970 1413 1040 τῇ
1444 971 1525 1031 εἰς
1562 972 1771 1020 ἐκεῖνον

256 1059 384 1125 γάπῃ
418 1058 504 1108 ἐπὶ
533 1056 613 1127 τῷ
648 1056 811 1126 μέχρι
861 1057 1020 1110 τόσου
1060 1058 1157 1126 τὴν
1204 1057 1772 1127 Ἐκκλησίαιϊκυμαι-

235 1150 427 1218 δομένην
478 1148 775 1218 περιορᾷν,
836 1150 930 1202 καὶ
988 1148 1154 1217 μηδὲν
1210 1151 1422 1217 ἐφεῖναι
1481 1152 1593 1213 τοῖς
1647 1150 1773 1230 καί

230 1242 406 1293 ἑκείνου
439 1237 575 1293 ὥστε
610 1242 706 1292 καὶ
741 1242 904 1294 πλέον
950 1258 1003 1293 τι
1040 1243 1189 1311 παρὰ
1222 1244 1283 1294 τὸ
1319 1244 1468 1305 εἰκὸς
1500 1241 1742 1312 ὲκκηρύτ

228 1349 336 1397 tm,
382 1331 489 1385 ἀλλ’
519 1331 805 1401 ὁρθόδοξον
838 1333 1089 1403 ἡγεῖσθαι
1124 1334 1339 1387 πείθειν
1384 1335 1477 1387 καὶ
1534 1334 1771 1404 ἑτοίμως

230 1423 511 1477 σπένδεσθαι
564 1423 660 1477 τοῦ
714 1427 1016 1480 σκανδάλου
1075 1425 1553 1497 παραιρεθέντοςο
1611 1427 1668 1479 τὸ
1724 1425 1769 1477 δ’

228 1517 354 1569 ἔσται
381 1517 626 1580 πάντως,
678 1519 726 1569 εἰ
782 1518 903 1587 μετ’
933 1520 1158 1589 εἰρήνης
1205 1520 1554 1587 παραιτοίτο.
1598 1519 1767 1572 Ταῦτ’

227 1610 352 1672 ἔλεγε
380 1608 654 1677 βασιλεὺς,
687 1610 1007 1680 ἀπειρηκὼς
1036 1614 1135 1682 ἤδη
1162 1615 1299 1683 πρὸς
1328 1614 1390 1665 τὸ
1420 1612 1525 1665 τῶν
1555 1611 1769 1666 πολλῶν

228 1700 514 1754 σκάνδαλον.
577 1700 717 1753 Ἀλλ’
767 1701 985 1755 ἁκούων
1040 1705 1245 1767 ἐκεῖνος
1296 1704 1418 1756 τότε
1473 1703 1640 1764 πολὺς
1700 1698 1770 1767 ἦν

227 1794 396 1859 ἀλύων,
426 1795 579 1863 εἴπερ
602 1794 885 1861 ἀναφανδὰ
919 1796 1014 1865 μὲν
1039 1798 1121 1864 ἐφ’
1141 1796 1348 1867 αἱρέσει
1367 1796 1554 1849 τοῦτον
1579 1785 1770 1849 διεκω-

229 1886 471 1957 μῴδησαν,
495 1885 681 1958 κρύφα
708 1886 764 1939 δὲ
792 1887 867 1949 ὡς
888 1889 1271 1954 ὀρθοδοξοῦντα
1294 1888 1359 1960 |P
1383 1889 1473 1961 85]
1500 1889 1764 1958 δέχονται.

227 1981 313 2030 Διά
344 1977 492 2030 τοῦτο
536 1980 634 2031 καὶ
685 1981 785 2050 τὴν
834 1979 1125 2050 ὁμολογίαν
1155 1982 1342 2050 ἐζήτει
1376 1983 1581 2050 ταύτην
1612 1981 1767 2050 κοινῇ

230 2068 334 2138 παρ’
363 2068 534 2121 αὐτῶν
586 2069 863 2135 γενὲεθαι,
924 2070 1289 2142 συναχθείσης
1342 2072 1440 2141 τῆς
1491 2070 1768 2132 πολιτείας

227 2253 374 2311 dorus
431 2264 483 2311 et
544 2258 616 2311 ab
675 2257 825 2311 omni
889 2271 1068 2325 prava:
1132 2253 1396 2310 doctrinm
1457 2254 1770 2324 suspicione

227 2347 408 2402 alienus
441 2348 841 2414 declararetnr,
866 2350 1040 2416 culpa
1086 2347 1208 2416 ejus
1246 2348 1467 2401 demum
1509 2346 1659 2400 omni
1692 2362 1770 2399 re-

227 2437 357 2492 dacta
387 2440 436 2493 in
464 2457 571 2494 non
606 2442 762 2494 valde
787 2440 1091 2510 pudendam
1129 2439 1515 2508 negligentiam
1543 2438 1767 2507 permit-

229 2532 371 2585 tetnlat
392 2531 649 2586 editionis
673 2531 1056 2585 commentarii
1083 2529 1252 2584 Marci
1277 2528 1551 2595 monachi,
1586 2530 1639 2581 itt
1659 2541 1770 2597 quo

228 2638 329 2676 sero
355 2625 589 2688 tandem,
632 2625 779 2694 quod
820 2634 872 2678 et
908 2626 1088 2693 ipsum
1143 2622 1434 2693 aliquoties
1481 2623 1771 2677 constabat

228 2714 419 2777 lassum,
450 2719 909 2785 deprehendisset
943 2718 1191 2786 quasdam
1230 2732 1339 2768 non
1372 2727 1770 2784 usquequaque

227 2807 280 2859 ad
307 2809 683 2862 ecclesiastica:
720 2808 1060 2862 rectitudinis
1096 2823 1343 2862 normam
1375 2815 1588 2860 exacta.
1619 2805 1771 2859 Dele—

226 2898 314 2966 gati
348 2900 412 2952 ab
442 2900 694 2968 Augusto
735 2901 834 2968 qui
874 2900 990 2952 htee
1035 2897 1301 2965 Gregorio
1349 2906 1595 2963 agerent,
1628 2907 1771 2964 saepe

226 2991 352 3042 illum
398 2991 448 3043 in
513 2991 681 3045 istam
741 2990 1069 3044 sententiam
1130 2998 1259 3042 sunt
1314 2987 1563 3047 allocuti,
1627 2999 1771 3054 saepe

227 3074 463 3134 adhortati
489 3084 554 3135 ad
584 3080 1002 3149 obsequendum
1028 3078 1345 3146 imperatori
1372 3076 1636 3132 salutaria
1666 3073 1769 3145 Ipsi

225 3172 463 3234 suadenti,
506 3184 812 3241 pacateque
846 3187 908 3225 ac
946 3186 1141 3226 secure
1180 3170 1585 3235 defungendum
1630 3168 1770 3220 invi-
1798 3191 1841 3248 ε
1874 3195 1926 3249 8.
1974 3194 2042 3251 υι
2068 3199 2624 3269 congregatum-“0p,-

224 3263 353 3319 dioso
399 3277 450 3320 et
511 3265 784 3335 prmcipiti
848 3265 1086 3334 negotio.
1145 3261 1252 3317 Sed
1311 3262 1483 3317 surdo
1549 3276 1766 3331 semper

226 3358 530 3427 cecinerunt,
571 3359 755 3430 quoad
789 3360 1060 3413 coniicere
1105 3355 1606 3426 quomodocunque
1652 3367 1765 3407 rem

225 3454 756 3525 Augustusyolens,
814 3463 938 3525 post
997 3454 1199 3508 multos
1254 3452 1395 3506 alios
1452 3450 1505 3504 id
1565 3450 1767 3503 frustra

226 3556 442 3609 conatos,
501 3546 649 3600 duos
702 3546 768 3598 ad
829 3556 1141 3599 extremum
1206 3542 1387 3606 misit,
1449 3540 1766 3596 Cbumnum

227 3644 481 3709 quaestoris
513 3652 651 3697 tunc
682 3639 858 3695 oﬂieio
892 3640 1228 3709 fungentem,
1260 3646 1310 3692 et
1346 3652 1471 3692 cum
1505 3652 1569 3691 eo
1605 3635 1769 3705 hujus

228 3735 437 3790 historia:
472 3737 826 3804 scriptorem.
866 3732 977 3787 llos
1000 3732 1167 3802 jussit
1198 3741 1252 3785 et
1284 3732 1554 3786 disserere
1591 3730 1770 3783 denuo

226 3833 271 3880 et
295 3840 438 3880 orare
491 3843 519 3880 a
552 3842 615 3881 se
653 3826 950 3880 instantius
997 3823 1189 3878 eadem
1228 3809 1317 3876 illa
1362 3822 1617 3891 superius
1652 3837 1770 3875 me.

227 3929 432 3982 morata,
463 3930 842 3988 praetereaque
875 3918 942 3971 de
974 3931 1116 3971 novo
1149 3906 1375 3975 addere,
1422 3915 1684 3967 hactenus
1712 3926 1771 3966 se

229 4011 482 4079 tyrannica
543 4010 783 4080 quadam
838 4008 888 4060 vi
946 4009 1153 4062 amoris
1207 4008 1261 4060 in
1319 4006 1640 4075 Gregorium
1682 4006 1767 4060 sui

226 4098 530 4164 prohibitum
568 4115 599 4153 a
633 4099 941 4155 necessario
970 4099 1046 4153 rei
1087 4096 1319 4165 publica:
1352 4097 1637 4167 pacandae,
1670 4094 1767 4149 sed

216 4190 290 4254 illi
332 4182 513 4260 partim
567 4191 798 4256 decoro,
848 4189 1088 4243 remedio
1134 4188 1465 4248 adhibendo,
1494 4195 1545 4238 et
1592 4186 1772 4254 potius

228 4296 421 4350 passum
459 4298 585 4339 esse
615 4282 812 4352 jactari
841 4281 1140 4337 Ecclesiam
1173 4279 1473 4334 factionum
1514 4278 1771 4333 ﬂuctibus

227 4392 365 4444 quam
396 4381 655 4441 inducere
694 4377 932 4448 potuerit
964 4376 1209 4430 animum
1245 4374 1313 4429 ad
1349 4360 1769 4444 permittendam

226 4469 526 4527 adversariis
592 4469 842 4539 Gregorii
909 4467 1307 4521 traductiOuem
1374 4465 1545 4535 ipsius
1604 4465 1769 4518 nimis

1876 597 2054 666 ναχῶν
2087 598 2335 653 ἀπόντων

1872 713 1944 782 η’.
1998 714 2191 789 "(latae
2245 718 2653 789 συναχθέντες
2712 723 2765 774 οι
2814 723 3116 789 ἀρχιερεῖς
3170 726 3323 783 κατὰ
3377 726 3447 780 to

1946 783 2243 866 ίταβάτιον
2289 783 2692 857 ὡμοὰόγησαν
2739 783 3230 862 τὸνΤρῆτόριον
3276 797 3450 866 ὀίθόσ

1944 854 2147 917 δοξον.

1946 966 2134 1022 Ταῦτα
2184 967 2474 1039 ζητοῦντος
2528 969 2741 1026 ἐκείνου
2809 975 2883 1040 ὡς
2935 962 3135 1033 αὺτῖκα
3194 973 3289 1034 διαὶ
3339 984 3441 1053 τὴν

1877 1060 2209 1130 παραίτησιν
2256 1059 2541 1125 δώσοντος.
2574 1064 2764 1133 σκέψις
2797 1063 2864 1135 ἦν
2900 1070 3162 1142 μεγίστη.
3206 1073 3302 1127 καὶ
3332 1076 3448 1146 σχίο

1877 1167 1989 1219 σμα
2027 1153 2170 1221 μέγα
2205 1153 2411 1220 μεταξὺ
2446 1155 2553 1207 τῶν
2584 1155 2678 1209 ἀπ’
2718 1159 2932 1211 ἐκείνου
2966 1162 3301 1235 σχιζομένων
3325 1166 3446 1236 ὲγὲο

1875 1259 2017 1304 vero,
2049 1242 2156 1294 τῶν
2211 1243 2311 1311 μὲν
2356 1244 2480 1314 μηδ’
2519 1248 2865 1316 ἀνεχομένων
2909 1253 3195 1322 ὁμολογεῖν
3234 1257 3443 1310 ἐκεῖνον

1873 1333 2162 1403 ὁρθοσεόῆ,
2211 1335 2365 1398 ὡςεί
2417 1338 2750 1408 ὁμολογοῖεν,
2785 1344 3063 1412 παρευθὺς
3112 1347 3444 1421 ὲγκαθιστᾷν

1873 1426 2149 1497 τῴθρόνῳ
2179 1428 2276 1482 καὶ
2300 1429 2554 1494 ἄκοντας,
2591 1436 2681 1486 καὶ
2716 1436 2813 1488 τοῦ
2843 1438 3019 1490 αἰτίου
3059 1437 3316 1506 λυθέντος
3350 1445 3448 1497 etii-

1872 1520 1965 1572 τὸν
1994 1520 2143 1591 ἔχειν
2172 1523 2233 1575 τὸ
2261 1525 2370 1576 ἀπὸ
2404 1525 2558 1578 τοῦδε
2587 1529 2680 1579 καὶ
2706 1508 2967 1600 ἐτιιτιμᾷν
2992 1529 3058 1600 [Ρ
3081 1532 3170 1605 86]
3199 1534 3447 1589 ἀδικοῦσι

1874 1612 1968 1665 καὶ
2003 1613 2105 1683 τῆς
2148 1613 2309 1680 ἁξέας
2362 1616 2858 1687 ἐπιλαμϐάνεσθαι.
2893 1618 3075 1677 Ἦσαν
3123 1625 3168 1679 δ’
3202 1622 3350 1681 οὗτοι
3398 1631 3447 1684 oi

1874 1705 2003 1774 περί
2038 1722 2097 1759 τε
2127 1706 2218 1759 τὸν
2255 1709 2484 1776 Ἐφέσου
2546 1714 2639 1765 καὶ
2702 1717 2793 1766 τὸν
2857 1716 3121 1781 Κυζίκου,
3167 1722 3218 1774 οἵ
3246 1723 3310 1790 δὴ
3353 1726 3450 1777 καὶ

1794 1847 1842 1903 Β
1878 1797 2081 1866 μᾶλλον
2131 1797 2241 1851 δεῖν
2290 1800 2478 1867 ἔλεγον
2531 1804 2819 1873 κρίνεσθαι
2853 1809 2945 1860 τὸν
2992 1810 3032 1861 Γ
3036 1810 3319 1881 ρηγὸριον,
3352 1813 3450 1866 καὶ

1873 1890 2015 1955 σφᾶς
2048 1888 2110 1941 τὸ
2144 1890 2862 1966 ἀποϐησόμενονὸἐχεσθαι,
2902 1901 3026 1968 μηδ’
3052 1903 3325 1956 ἐπειλύειν
3349 1906 3449 1975 τὴν

1872 1977 2071 2048 κάκην.
2111 1981 2236 2050 μηδ’
2269 1981 2406 2034 ἄλλα
2464 1984 2763 2050 κεύθοντας
2811 1988 2945 2042 ἄλλα
2999 1990 3207 2061 βάζειν,
3243 1994 3451 2051 elatave.

1873 2069 2130 2138 μοῦντας.
2169 2072 2291 2125 Τῶν
2328 2073 2384 2128 δὲ
2415 2076 2642 2146 τρόποις
2676 2080 2990 2151 οἰκονομίας
3022 2087 3291 2142 νευόντων
3322 2092 3451 2159 ὁμοι-

1869 2256 2258 2311 communione
2314 2258 2590 2327 amplecti.
2651 2256 2788 2315 Tum
2839 2262 2920 2318 sic
2970 2267 3271 2322 orationem
3320 2271 3452 2325 com

1872 2346 2056 2410 clusit,
2088 2356 2144 2401 ut
2174 2350 2399 2403 omnino
2428 2365 2488 2404 se
2523 2352 2679 2418 velle,
2715 2368 2887 2423 caque
2921 2364 3136 2412 tantum
3173 2360 3289 2431 lege
3320 2377 3451 2417 cou-

1869 2445 2159 2490 vcnturnm
2219 2438 2359 2492 bona
2424 2441 2528 2495 lide
2577 2442 2629 2496 in
2678 2447 3026 2502 concordiam
3076 2450 3254 2506 danda
3306 2456 3450 2509 sedis

1872 2528 2225 2584 abdicatione
2251 2531 2578 2600 aliirmaret;
2608 2536 2653 2590 si
2686 2537 2840 2606 prius
2871 2551 3197 2612 congregata
3230 2545 3452 2602 civitate

1874 2622 2153 2684 universa,
2187 2631 2377 2677 senatu
2415 2640 2537 2678 cum
2566 2627 2899 2696 imperatore
2930 2635 3312 2703 prresentibus,
3347 2654 3451 2693 nec

1872 2711 1997 2765 inde
2032 2712 2351 2769 absentibus
2377 2716 2602 2773 delectis
2640 2735 2704 2774 ex
2751 2722 3009 2780 universo
3052 2729 3449 2785 monachorum

1872 2802 2084 2866 ordine,
2139 2805 2509 2861 testimonium
2552 2813 3015 2879 conscriberetur,
3062 2833 3172 2887 quo
3208 2821 3450 2877 universi

1876 2895 2120 2947 unanimi
2186 2911 2460 2953 consensu
2529 2904 2870 2960 declararent
2935 2922 3057 2963 esse
3124 2908 3450 2982 Gregorium

1871 2986 2028 3055 plane
2075 2988 2374 3043 immunem
2410 3007 2440 3045 a
2482 2992 2602 3047 labe
2645 2999 2793 3052 omni
2833 3014 2895 3053 ac
2930 3002 3240 3072 suspicione
3270 3020 3451 3076 pravae

1874 3080 2159 3135 doctrintc.

2660 3206 2802 3272 apud
2839 3206 3101 3278 palatium
3129 3210 3310 3278 palam
3353 3213 3450 3268 de-

2076 3269 2337 3322 clararint
2381 3269 2733 3327 orlhodoxuin
2762 3269 2873 3331 esse
2909 3269 3245 3349 Gregorium.

1942 3356 2150 3411 ld'cum
2176 3359 2274 3423 ille
2304 3361 2375 3413 ita
2404 3373 2675 3430 quaerere:
2704 3373 2761 3419 ut
2786 3367 2856 3423 ab
2887 3368 2990 3425 hoc
3017 3372 3146 3426 dato
3176 3376 3357 3429 statim
3390 3392 3450 3432 se

1874 3449 2271 3504 abdicationem
2321 3452 2424 3507 rite
2471 3455 2842 3524 conscriptam
2892 3459 3135 3515 vicissim
3189 3462 3448 3522 daturum

1873 3542 2249 3610 polliceretur,
2278 3559 2473 3614 magna
2500 3555 2585 3601 est
2611 3557 2667 3602 et
2695 3550 2948 3619 perplexa
2978 3553 3224 3610 instituta
3250 3556 3452 3613 delibe-

1878 3632 2033 3710 ratio
2066 3634 2490 3704 disqnirentium
2539 3639 2735 3708 ecquid
2780 3641 3064 3710 expediret
3113 3660 3320 3700 morem
3369 3646 3449 3702 illi

1874 3706 2080 3795 gerere.
2116 3725 2188 3781 Ea
2226 3727 2517 3783 occasione
2553 3730 2647 3797 qui
2684 3734 2852 3786 semel
2890 3749 2918 3787 a
2954 3732 3218 3805 Gregorio
3249 3751 3312 3794 se
3345 3738 3446 3794 ab.

1874 3818 2170 3879 sciderant,
2210 3834 2402 3873 rursus
2435 3820 2505 3874 ab
2543 3820 2774 3875 invicem
2812 3823 2973 3880 scissi
3012 3834 3164 3890 sunt,
3196 3825 3448 3883 divertiis

1874 3909 2082 3978 abrepti
2132 3908 2465 3971 factiOnum,
2508 3911 2835 3979 qttiImsd.tm
2890 3930 2996 3969 non
3047 3918 3447 3975 sustinentibus

1876 4003 2141 4057 tleclarari
2185 4017 2309 4056 eum
2354 4006 2755 4067 orthodoxum,
2796 4008 2937 4073 quod
2978 4008 3039 4061 id
3087 4010 3221 4065 nihil
3265 4011 3447 4067 minus

1875 4107 1997 4147 esse
2055 4093 2303 4147 dicerent
2361 4109 2523 4161 quam
2583 4095 2915 4150 conﬁrmare
2974 4099 3028 4151 in
3094 4101 3448 4169 patriareltali

1878 4185 2076 4239 throno
2118 4200 2278 4252 quem
2323 4186 2594 4255 dejectum
2640 4187 2766 4243 inde
2810 4204 3005 4245 omnes
3050 4190 3269 4246 vellent.
3312 4189 3450 4260 Quis

1877 4278 2021 4332 enim
2058 4293 2166 4331 non
2197 4277 2426 4342 videret,
2477 4280 2641 4333 simul
2677 4290 2903 4352 purgata
2939 4292 3086 4336 esset
3121 4297 3315 4350 pravas
3350 4283 3450 4339 do—

1876 4369 2067 4424 ctrina:
2089 4369 2259 4430 labes.
2297 4384 2420 4438 qua:
2456 4371 2574 4425 sola
2616 4372 2942 4441 allegaretur
2977 4373 3115 4426 ratio
3152 4372 3450 4444 depositio-

1876 4463 1965 4514 nis
2012 4459 2153 4529 ejus,
2192 4461 2549 4529 perstiturum
2593 4461 2743 4517 illum
2777 4474 2950 4531 quam
2990 4463 3195 4531 optimo
3231 4464 3356 4533 jure
3395 4464 3449 4519 in

228 4557 661 4627 ignominiosam;
705 4526 866 4637 127
913 4567 964 4612 el
1006 4557 1173 4611 llxum
1202 4526 1419 4625 semper
1457 4556 1510 4609 in
1540 4570 1606 4607 eo
1643 4567 1767 4622 per-
1799 4526 1851 4584 D
1880 4526 2083 4607 dedunt
2113 4526 2333 4621 accepta
2366 4562 2659 4621 potestate,
2687 4555 3121 4624 suifragantibus
3147 4555 3227 4610 vel
3260 4554 3449 4611 invitis

227 4651 409 4706 stitisse
451 4661 513 4707 ut
544 4651 701 4707 salvo
729 4650 1054 4720 patriarcha:
1085 4649 1295 4703 honore
1341 4646 1573 4716 publicae
1603 4643 1774 4698 clien-

226 4740 344 4797 sioni
374 4744 682 4809 satisﬁeret,
705 4756 769 4797 ac
796 4756 905 4795 non
930 4741 1089 4796 aliter
1117 4755 1282 4810 quam
1314 4739 1408 4793 illo
1427 4752 1553 4792 vere
1586 4734 1775 4790 ortho-

227 4834 350 4889 doxo
380 4837 659 4891 declarato
689 4834 1007 4890 scandalum
1038 4834 1323 4888 tolleretur
1349 4832 1590 4885 rixarum
1628 4843 1773 4883 nunc

228 4921 541 4994 ﬂagrantium
578 4941 768 4983 causa.
813 4926 1081 4993 Quocirca
1114 4925 1274 4980 enixe
1324 4938 1471 4976 nunc
1519 4920 1771 4974 ultimum

229 5030 394 5086 rogare
417 5027 476 5073 ut
500 5018 681 5073 foedus
710 5017 850 5071 inire
886 5017 943 5073 itt
972 5032 1091 5070 eam
1123 5014 1494 5070 conditionem
1533 5012 1677 5067 velit.
1714 5009 1772 5064 ld

228 5109 426 5164 omnino
472 5111 741 5175 futurum,
787 5109 833 5162 si
875 5111 1019 5163 ultro
1067 5123 1133 5162 ac.
1178 5106 1492 5161 voluntarie
1543 5103 1776 5172 patriar-

229 5196 369 5254 chattt
416 5201 591 5256 cedat.
645 5199 973 5269 Hujusmodi
1036 5198 1135 5253 fuit
1193 5206 1465 5267 postrema
1512 5194 1775 5262 Gregorio

230 5292 409 5354 Pellam
451 5294 792 5349 denuntiatio
840 5290 1215 5360 imperatoris,
1253 5290 1368 5358 jam
1412 5286 1627 5357 pertaesi
1663 5294 1771 5339 tam

232 5395 421 5450 grawnt
454 5394 675 5454 tamque
714 5383 1032 5461 diuturnam
1065 5380 1531 5452 perturbationem
1576 5377 1777 5432 multo-

232 5484 355 5525 rtun.
398 5472 595 5530 Verum
629 5479 742 5529 haec
775 5475 865 5528 ille
910 5483 1042 5528 tunc
1086 5472 1317 5527 audiens
1349 5470 1553 5523 multus
1583 5468 1687 5522 fuit
1718 5468 1772 5521 in

232 5561 537 5632 deploranda
560 5582 660 5622 sua
691 5576 863 5629 sorte,
887 5565 1176 5635 periniquo
1199 5577 1386 5618 secum
1414 5560 1501 5630 agi
1529 5574 1775 5629 conque-

233 5668 358 5720 rens,
386 5674 544 5728 quem
570 5661 657 5714 sui
698 5658 999 5715 adversarii
1040 5656 1257 5727 publice
1284 5653 1506 5725 quidem
1539 5651 1773 5707 infama-

233 5756 337 5801 rent
396 5760 454 5804 ut
518 5749 803 5806 manifeste
861 5760 1209 5820 compertum
1274 5747 1566 5811 haereseos.
1630 5744 1773 5801 clam

233 5847 390 5895 autem
444 5853 503 5898 ut
544 5844 914 5901 orthodoxum
974 5856 1273 5913 agnoscere
1320 5854 1380 5896 se
1430 5839 1676 5895 dicerent
1721 5846 1775 5893 et

1879 4643 2000 4709 ejus
2030 4645 2383 4707 adversariis,
2409 4653 2463 4698 et
2492 4660 2681 4714 poenas
2709 4647 2789 4702 sic
2819 4647 3038 4704 luituris
3072 4646 3450 4718 imprudentia:

1876 4750 1982 4804 qna
2020 4734 2141 4802 ejus
2181 4736 2570 4789 exauctorandi
2608 4737 2749 4791 viam
2790 4738 2938 4792 illam
2981 4738 3297 4805 inivisseut,
3331 4754 3450 4807 qnzu

1876 4829 1943 4884 ad
1975 4830 2153 4899 ipsum
2186 4831 2236 4884 in
2266 4831 2412 4886 sedis
2441 4832 2785 4900 possessione
2815 4833 3234 4890 ineluctabiliter
3261 4847 3448 4890 corro.

1878 4922 2181 4976 horandum
2234 4937 2340 4976 una
2393 4931 2538 4978 esset
2588 4926 2835 4979 omnium
2889 4924 3209 4994 aptissima?
3262 4925 3449 4996 Itaque

1880 5012 2032 5066 illum
2075 5011 2217 5066 haud
2259 5013 2421 5067 dubie
2454 5002 2712 5083 deinceps
2753 5015 3118 5083 patriarcltam
3163 5024 3314 5072 tanta
3355 5017 3446 5073 illa

1879 5116 2108 5157 usurum
2149 5110 2416 5170 potestate
2446 5104 2515 5157 ad
2549 5117 2646 5158 eos
2681 5103 3024 5160 uleiscendos
3059 5105 3151 5175 qui
3186 5122 3247 5160 se
3280 5121 3449 5162 accu-

1879 5202 2129 5255 sassent;
2172 5209 2310 5262 quos
2354 5195 2585 5250 miseros
2622 5209 2653 5250 e
2692 5196 2813 5251 loco
2852 5196 3118 5267 superiori
3156 5211 3256 5266 pro
3291 5197 3448 5255 libitu

1882 5284 2220 5345 incursaret,
2263 5285 2358 5339 ira
2396 5286 2708 5355 obsequens
2749 5294 2805 5341 et
2847 5287 2916 5342 iis
2956 5288 3105 5357 ipsos
3149 5287 3448 5358 subiiciens

1881 5377 2181 5444 suppliciis,
2217 5377 2380 5447 128
2407 5394 2528 5447 quae
2558 5380 2809 5449 proprius
2840 5379 2915 5435 illi
2948 5382 3122 5443 dolor,
3156 5381 3210 5435 in
3244 5396 3446 5437 memo-
3524 5403 3530 5410 ·

1880 5469 1960 5522 ria
1996 5469 2199 5524 recenti
2235 5472 2595 5526 traductionis
2629 5488 2742 5528 sua
2765 5511 2779 5535 ,
2811 5473 2958 5541 jnste
2989 5472 3214 5543 iniustis
3245 5472 3444 5539 delato-

1877 5562 2030 5615 ribus
2069 5577 2230 5632 posse
2270 5564 2474 5632 imponi
2516 5566 2791 5619 suaderet.
2823 5562 3090 5621 Adctores
3129 5564 3289 5634 hujus
3324 5580 3442 5619 sen-

1878 5652 2064 5707 tentize
2111 5652 2415 5722 Ephesinus
2458 5662 2514 5710 et
2561 5654 2863 5725 Cyzicenus
2908 5656 3201 5721 antistites,
3247 5655 3443 5712 multos

1880 5744 2115 5815 quisque
2143 5746 2249 5801 sibi
2280 5745 2622 5804 adhaerentes
2647 5750 2894 5805 trahens.
2922 5748 3165 5816 Quorum
3192 5748 3443 5803 audieba-

1880 5844 1971 5891 tur
2001 5835 2248 5894 omniunt
2283 5837 2556 5892 unanimis
2591 5838 2791 5905 oratio,
2820 5836 3072 5895 ventilari
3105 5836 3331 5892 omnino
3363 5848 3437 5894 ee
