4022 6568
516 369 627 478 ξω

1705 401 2030 470 GEORGII
2058 400 2535 474 PACHYMERE

3664 399 3774 464 144

518 527 700 597 λογεῖν
729 526 930 597 εὐσεϐῆ
965 526 1053 579 τὸν
1076 524 1402 597 Γρηγόριον,
1432 524 1507 587 ὡς
1537 524 1663 594 μηδ’
1688 524 1753 577 ὲκ
1780 522 1874 578 τοῦ
1920 522 2090 593 τόμου
2122 525 2165 583 Α
2193 525 2480 596 προφορᾶς
2519 522 2817 589 παύεσθαι,
2869 523 2970 596 μιᾷ
3026 524 3235 579 νυκτῶν
3295 520 3635 599 συγκαλέσας
3674 522 3778 577 καὶ

517 622 677 674 τόσον
730 617 1229 679 σκανδαλισθὼτας
1268 617 1391 668 ὅσον
1431 616 1496 668 ὲκ
1551 613 1649 668 τοῦ
1698 613 1797 667 τοῦ
1845 611 2085 684 μοναχοῦ

519 712 752 781 Μάρκου
807 709 1155 778 γράμματος,
1213 706 1372 777 μόνον
1420 707 1629 758 ἐκεῖνον
1679 703 1900 773 ετοιμον
1947 698 2087 757 εἶναι

521 800 712 871 ἠξίουν
741 801 1005 870 παρέχειν
1033 798 1125 850 τὸν
1148 797 1248 866 τῆς
1273 797 1665 866 παραιτήσεως
1684 794 1950 850 λίϐελλον.
1978 795 2089 848 Καὶ

519 892 713 963 ἧθελον
740 889 921 955 τοῦτο,
960 891 1008 942 εί
1036 884 1148 943 οἷόν
1175 886 1224 941 τ’
1254 882 1343 957 ἦν,
1376 887 1744 958 πληροφορεῖν
1783 888 1878 942 καὶ
1905 888 2089 959 γράμ-

522 999 656 1053 μασι
688 982 780 1034 τὸν
806 981 1129 1052 Γρηγόριον.
1164 981 1226 1037 Ὀ
1257 981 1314 1035 δὲ
1353 982 1665 1051 πέμψαντος
1690 979 1785 1033 τοῦ
1821 979 2090 1051 βασιλέως

519 1075 699 1141 λόγοις
731 1070 1100 1143 ὲπληροιρόρει
1143 1071 1280 1125 Θεοῦ
1327 1072 1595 1138 ἐναντίον,
1647 1071 1723 1134 ὡς
1778 1070 1956 1140 ἔλεγε,
2015 1072 2092 1142 μὴ

519 1164 723 1234 φθάσαι
755 1162 981 1227 τούτους
1010 1164 1296 1235 ὁμολογεῖν
1322 1163 1509 1234 ἐκείνῳ
1538 1164 1600 1216 τὸ
1626 1163 1807 1228 σέδας,
1835 1166 2091 1218 κάκεῖνον

517 1256 720 1310 διδόναι
758 1257 819 1308 τὸ
855 1255 953 1325 τῆς
985 1255 1375 1325 παραιτήσεως
1417 1254 1716 1325 ἔγγραφον.
1767 1256 1832 1307 Οἱ
1867 1259 1965 1325 μὶν
1998 1255 2092 1310 οὖν

522 1364 587 1399 πε
599 1348 653 1417 pi.
690 1346 783 1399 τὸν
818 1345 1046 1414 Ἑφέσου
1074 1345 1185 1400 οὐδ’
1216 1347 1351 1409 ὅλως
1376 1344 1498 1399 οὔτε
1531 1346 1621 1399 τὸν
1652 1344 1809 1415 λόγον
1848 1347 2094 1417 ἐδέχοντο

519 1440 642 1492 οὐδὲ
673 1439 733 1492 τὸ
769 1440 1002 1508 πρᾶγμα
1039 1437 1318 1509 εὔσχημον
1363 1439 1610 1506 ἔκρινον·
1645 1440 1693 1494 oi
1726 1438 1784 1493 δὲ
1828 1440 1957 1509 περὶ⁸
2003 1441 2093 1493 τὸν

518 1528 915 1598 Φιλαδελφείας
940 1529 1034 1582 καὶ
1077 1531 1224 1599 μάλα
1254 1528 1345 1583 τὸν
1387 1528 1544 1595 λόγον
1569 1526 1795 1599 ἔνορκον
1845 1523 1993 1597 εἶχον
2019 1527 2094 1591 ὡς

520 1621 764 1674 ἐναντίον
797 1620 1046 1690 γίνεσθαι
1076 1620 1373 1690 λεγόμενον
1404 1620 1502 1674 τοῦ
1522 1618 1682 1686 Θεοῦ,
1715 1619 1819 1675 κᾶν
1855 1620 2097 1689 μεταϐά-

520 1713 605 1765 λοι
639 1714 740 1782 τὴν
776 1714 1009 1783 γνώμην
1057 1715 1285 1777 ἐκεῖνος,
1331 1712 1530 1775 αὐτοὺς
1582 1712 1730 1783 ἔχειν
1772 1712 2117 1766 τούντεῦθεν

2191 617 2322 687 περὶ
2356 616 2466 669 τῶν
2499 617 2879 688 προκειμένων
2918 617 3019 671 οὐκ
3062 616 3220 685 ὀλίγα
3267 614 3579 682 διεξελθὼν,
3610 615 3774 678 τέλος

2194 710 2269 779 μὴ
2315 708 2667 779 πειθομένοις
2702 709 3005 781 ὀργίζεται,
3032 706 3386 779 σκληρότητα
3418 705 3604 775 σφίσιν
3630 705 3782 758 ὀνει-

2190 803 2354 867 δίζων
2389 803 2485 858 καὶ
2513 806 2975 873 ἀνοικονομησίαν
2999 802 3075 866 ὡς
3111 802 3516 872 ἀναταράσσειν
3555 800 3645 853 ἀεὶ
3672 797 3781 868 τὴν

2206 895 2543 967 Ἐκκλησίαν
2596 896 2952 967 ὀρεγομένοις
2995 897 3090 948 καὶ
3138 894 3446 963 ἀνεγείρειν
3496 891 3782 954 κλύδωνας

2198 986 2368 1056 μήπω
2406 986 2889 1051 κατευνασθέντας
2920 985 3134 1040 τέλεον.
3180 985 3490 1048 Κάκείνους
3546 984 3647 1054 μὲν
3681 983 3785 1037 καὶ

2194 1075 2364 1147 ἄμφω
2419 1079 2529 1131 ἀπὸ
2582 1078 2879 1148 προσώπου
2936 1079 3197 1140 ποιεῖται,
3252 1076 3569 1147 ἐπισκήψας
3621 1076 3782 1143 σφίσι

2198 1170 2314 1237 μετ’
2361 1168 2685 1240 ὲμόριθείας
2719 1170 3113 1242 ὲγκλεισθῆναί
3162 1185 3223 1222 τε
3261 1170 3382 1231 ταῖς
3434 1167 3783 1237 καταμοναῐς

2194 1261 2291 1313 καὶ
2326 1262 2624 1332 ἀπροῖτους
2654 1261 2863 1330 μένειν,
2898 1252 3007 1325 ἕως
3047 1256 3111 1316 οὗ
3145 1259 3629 1322 ἀποκαταστάντος
3669 1273 3787 1309 πα-

2193 1351 2454 1422 τριάρχου
2480 1355 2550 1423 τῇ
2600 1352 2901 1425 Ἐκκλησία
2934 1352 3006 1406 τὰ
3056 1353 3179 1407 κατ’
3230 1353 3433 1415 αὐτοὺς
3482 1349 3787 1419 ἐξετασθὴ-

2197 1460 2406 1504 σονται.
2447 1444 2544 1498 καὶ
2584 1445 2787 1515 μᾶλλον
2834 1444 2906 1499 τὰ
2939 1446 3085 1500 κατὰ
3126 1444 3220 1499 τὸν
3259 1428 3512 1513 Ἐφέσου,
3555 1441 3680 1495 ἐπεί
3712 1457 3786 1509 γε

2197 1536 2290 1591 καὶ
2322 1534 2525 1605 ἔφθασε
2585 1535 2807 1606 γράψας
2851 1535 3127 1600 Ἀσιανοῖς
3175 1536 3320 1589 κατὰ
3366 1534 3679 1605 Γρηγορίου
3708 1532 3791 1587 τὰ

2197 1628 2470 1697 χείριστα.
2528 1627 2640 1680 Καὶ
2671 1628 2801 1691 τοὺς
2857 1626 2957 1696 μὲν
3008 1625 3183 1690 οὕτως
3228 1626 3701 1697 ἀποπεμψάμενος
3751 1625 3793 1678 ὁ

2198 1719 2440 1788 κρατῶν,
2480 1720 2595 1781 τοῖς
2635 1718 2735 1772 σὺν
2779 1718 3013 1783 ἐκείνοις
3053 1719 3378 1790 μονωθεῖσιν
3422 1717 3795 1789 ἐμϐριθέστε-

521 1802 758 1872 δύναμιν
790 1803 1075 1874 καθαιρεῖν
1101 1804 1176 1867 ὡς
1204 1804 1489 1873 ἐπιορκίας
1510 1804 1710 1857 ἁλόντα
1733 1803 2093 1857 διεϐεόαίουν.
2130 1854 2173 1909 Β
2204 1825 2298 1877 ρον
2349 1809 2802 1881 προσφερόμενος
2847 1809 3166 1880 πειθηνίους
3210 1811 3269 1863 τε
3317 1809 3633 1880 παραυτίκα
3666 1790 3795 1860 δεέ-

520 1893 644 1946 Τῶν
673 1893 803 1962 γοῦν
837 1896 971 1967 περὶ
1018 1896 1110 1949 τὸν
1152 1895 1383 1964 Ἐφέσου
1414 1912 1476 1948 τε
1522 1896 1617 1948 καὶ
1664 1893 1911 1958 Κυζίκου
1964 1895 2085 1965 μηδ’

520 1985 659 2047 ὅλως
695 1986 1145 2056 καταδεχομένων
1176 1987 1275 2053 τὴν
1320 1986 1614 2040 κοινωνίαν
1663 1986 1902 2053 ἐκείνην,
1951 1987 2089 2041 ἀλλὰ

518 2076 729 2145 κρίνειν
764 2077 1030 2130 θελόντων
1078 2076 1139 2130 ὃν
1184 2076 1382 2131 εἰδέναι
1416 2077 1606 2144 ἔλεγον
1636 2074 2020 2148 ἁλισκόμενον,
2061 2079 2091 2131 ὀ

520 2168 778 2236 βασιλεὺς
812 2169 951 2239 πρὸς
986 2170 1229 2231 ἐκείνους
1256 2170 1433 2238 λέγων
1460 2167 1556 2223 καὶ
1597 2169 1672 2239 μὴ
1704 2170 1932 2236 πείθων,
1965 2173 2087 2223 ἐπεὶ

517 2261 667 2331 ἑώρα
696 2262 1142 2333 ἀνασοϐουμένην
1181 2262 1282 2333 τὴν
1319 2259 1496 2332 θήραν
1540 2262 1633 2314 ἰπὶ
1675 2260 1752 2333 τῷ
1790 2262 1958 2333 μηδὲν
1992 2261 2092 2326 τὰς

518 2440 827 2495 clesiastico
856 2440 1052 2496 debere
1080 2441 1293 2510 judicio
1316 2455 1540 2497 causam
1570 2438 1838 2510 Gregorii,
1872 2442 2095 2509 permit;

519 2533 670 2601 tique
718 2532 991 2601 sutl'ragiis
1039 2533 1340 2602 peritorum
1392 2543 1540 2587 recte
1587 2532 1677 2586 ille
1729 2548 1901 2587 necne
1950 2534 2095 2589 circa

520 2628 716 2696 dogma
758 2627 1016 2689 sentiret,
1059 2642 1159 2682 nec
1204 2626 1666 2682 reformidattdum
1712 2626 1823 2683 litis
1865 2628 2091 2682 exitum.

521 2717 654 2773 Sese
684 2719 831 2773 enim
867 2727 1090 2774 eventus
1121 2719 1518 2790 qualiscunque
1540 2720 1651 2786 jam
1686 2735 1830 2773 nunc
1863 2721 1966 2775 sibi
2005 2730 2097 2789 pe-

522 2812 757 2864 riculum
810 2811 1126 2880 deposcere.
1182 2810 1447 2865 Praestare
1499 2810 1702 2879 quippe
1754 2809 1887 2864 illttd
1939 2811 2097 2880 longe

518 2918 683 2971 quam
712 2901 1142 2977 dissolutissima
1171 2903 1382 2957 ratione
1410 2902 1624 2971 plagam
1660 2902 1962 2956 incuratam
1994 2901 2103 2957 fas-

520 2997 622 3051 ciis
653 2996 886 3059 solvere,
922 2995 1028 3050 alia
1060 2996 1283 3050 conscie
1314 2996 1557 3051 celantes
1590 2993 1693 3048 alia
1722 2992 1973 3061 ell'utire;
2010 2993 2104 3048 de-

522 3087 686 3156 nique
725 3086 910 3141 fucum
949 3101 1212 3140 vanarum
1258 3088 1677 3141 excusationum
1720 3085 2106 3140 inexcusabili-

2206 1917 2370 1954 κνυσι
2400 1902 2498 1954 καὶ
2526 1903 2739 1955 συνενοϊ
2769 1903 2884 1965 τοῖς
2925 1902 3157 1966 λοιποῖς.
3203 1901 3267 1954 Οἳ
3308 1901 3373 1973 δὴ
3406 1900 3502 1955 καὶ
3541 1898 3685 1954 κατὰ
3721 1899 3797 1952 τδ

2197 1992 2348 2062 μέγα
2387 1992 2656 2049 παλάτιον
2710 1993 3105 2065 συναχθέντες,
3160 1992 3436 2063 παρόντος
3491 1990 3589 2061 μὲν
3629 1990 3793 2055 βασι-

2195 2085 2356 2149 λέως,
2397 2086 2688 2158 παρούσης
2729 2085 2774 2139 δ’
2821 2084 3041 2154 ἁπάσης
3084 2085 3391 2154 συγκλήτου
3440 2085 3535 2138 καὶ
3572 2083 3800 2152 κλήρ’·›

2202 2178 2299 2232 καὶ
2330 2179 2585 2249 μοναχῶν
2623 2178 2812 2248 σχεδὸν
2850 2178 3110 2233 ἁπάντων
3140 2178 3237 2231 καὶ
3269 2177 3509 2241 λαώδους
3549 2176 3648 2229 οὐκ
3675 2175 3798 2228 ὀλί-

2203 2285 2307 2339 γης
2345 2271 2565 2341 μοίρας,
2607 2271 2875 2323 συνόντων
2902 2269 2997 2323 καὶ
3028 2268 3207 2325 αὐτῶν
3236 2268 3300 2341 δὴ
3327 2268 3436 2323 τῶν
3478 2266 3617 2323 κατὰ
3643 2267 3805 2339 Γρη-

2198 2441 2498 2513 Gregorius
2536 2451 2792 2511 tentaret,
2827 2446 3037 2513 statim,
3069 2445 3147 2501 uti
3182 2443 3405 2516 periurii
3437 2452 3785 2514 compertus,

2198 2532 2442 2605 legitime
2468 2535 2630 2607 dejici
2656 2539 3032 2607 patriarchatu
3059 2547 3112 2593 et
3136 2536 3402 2593 canonice
3428 2535 3626 2604 deponi
3655 2552 3796 2605 pos-

2199 2636 2302 2681 set.
2330 2625 2653 2684 Perstahant
2681 2630 3041 2686 nihilominus
3071 2629 3377 2700 Epltesinus
3402 2637 3455 2683 et
3479 2627 3799 2700 Cyziccnus

2199 2717 2254 2771 in
2290 2721 2571 2775 contraria
2606 2722 2877 2776 sententia
2901 2761 2917 2786 ,
2950 2723 3349 2778 contendentes
3382 2721 3529 2776 nulla
3567 2721 3794 2776 ratione

2201 2812 2309 2864 tam
2346 2812 2544 2867 merito
2579 2811 2852 2871 hzereseos
2885 2822 3202 2884 suspectum
3241 2815 3516 2868 hominem
3550 2813 3801 2869 crimine

2202 2904 2443 2957 nondum
2488 2913 2722 2973 purgato
2766 2906 2819 2960 in
2866 2908 3306 2976 qualemcunque
3346 2904 3795 2960 communionem

2203 2993 2405 3049 debere
2431 2994 2667 3061 admitti,
2694 2999 3182 3069 necessariumque
3207 2998 3433 3053 omnino
3459 2998 3798 3069 pertenden-

2206 3095 2287 3142 tes
2316 3101 2539 3141 causam
2572 3088 2687 3157 ejus
2717 3090 2996 3160 cognosci,
3027 3104 3093 3144 ac
3123 3089 3263 3144 nihil
3292 3104 3352 3145 se
3384 3090 3628 3160 praeverti
3659 3105 3797 3159 pas-

523 3180 625 3233 bus
665 3178 803 3232 actis
844 3187 898 3231 et
937 3177 1158 3246 scriptis
1203 3177 1517 3246 appingere.
1563 3174 1701 3231 lluic
1744 3175 1989 3245 oppositu
2033 3190 2098 3229 ex
2128 3197 2171 3254 ο
2205 3192 2366 3231 suros
2392 3177 2623 3246 judicio,
2648 3191 2759 3247 quo
2787 3188 2999 3234 certum
3026 3178 3137 3250 jam
3168 3179 3433 3235 haberent
3458 3195 3584 3235 eum
3612 3195 3805 3251 prava:

523 3268 756 3323 adverso
786 3267 1156 3322 invalescebat
1184 3268 1370 3337 opinio
1401 3267 1717 3329 multorum,
1745 3266 2098 3334 compositio-

526 3363 613 3416 nis
637 3360 776 3413 viam
809 3360 976 3427 quaeri
1004 3367 1256 3429 oportere
1281 3358 1754 3422 contendentium,
1786 3373 1882 3411 uec
1911 3373 2096 3428 asper-

525 3452 762 3506 nandam
803 3450 969 3504 videri
1012 3450 1378 3504 conditionem
1421 3448 1680 3501 oblatam.
1719 3446 1910 3503 Caveri
1955 3451 2101 3501 enim

526 3548 661 3598 satis
691 3559 849 3614 posse
875 3542 1190 3599 certitudiui
1224 3538 1508 3609 promissa:
1535 3541 1804 3595 cessionis
1834 3557 1848 3593 :
1876 3555 1985 3611 qua
2015 3555 2106 3595 sa-

529 3644 597 3687 tis
644 3634 964 3697 constituta,
1010 3633 1141 3701 quid
1195 3631 1411 3685 tandem
1465 3631 1591 3684 tuali
1638 3641 1785 3686 esset
1828 3632 2101 3687 consolari

528 3723 851 3793 Gregorium
881 3725 1068 3777 dando
1092 3723 1165 3777 illi
1196 3725 1338 3793 quod
1368 3722 1585 3791 petebat
1613 3722 1951 3789 testimonio,
1979 3739 2100 3776 cum

529 3818 666 3871 satis
710 3825 983 3870 constaret
1023 3830 1131 3869 non
1178 3825 1286 3870 tam
1328 3830 1392 3868 ex
1433 3816 1554 3883 eius
1594 3822 1743 3869 tonio
1786 3816 2101 3870 scandalum

531 3908 826 3961 multorum
860 3918 1043 3963 ortum
1077 3922 1239 3976 quam
1273 3921 1337 3961 ex
1371 3906 1577 3975 scripto
1612 3905 1776 3960 Marci
1814 3905 2115 3959 monachi?

534 4001 829 4055 Exltiberet
861 4016 919 4055 se
950 3999 1111 4054 modo
1134 3998 1429 4068 Gregorius
1461 4009 1706 4067 paratum
1739 3996 1919 4050 dando
1951 3998 2105 4051 abdi-

533 4094 767 4148 cationis
812 4091 994 4146 libello
1043 4089 1132 4144 ubi
1188 4090 1562 4143 testimonium
1615 4088 1916 4157 acceperit;
1962 4100 2015 4143 et
2059 4089 2108 4143 si

529 4195 701 4255 queat
736 4184 804 4236 ab
838 4181 957 4250 ipso
990 4179 1301 4249 impetrari,
1336 4178 1496 4246 ﬁdem
1536 4178 1586 4230 in
1623 4177 1677 4230 id
1713 4192 1867 4232 suam
1903 4179 2112 4247 scripto

537 4276 641 4331 rite
669 4273 991 4342 consignato
1016 4272 1143 4340 jam-
1163 4284 1308 4324 nunc
1333 4270 1553 4338 obliget.
1581 4266 1720 4321 Tum
1751 4283 1884 4323 sane
1915 4285 2112 4324 consu-

536 4367 682 4421 latur
706 4363 827 4434 eius
854 4356 1045 4424 famae,
1079 4360 1476 4414 conscriheudo
1506 4359 1669 4429 quale
1697 4358 1937 4440 postulat
1967 4376 2114 4415 sana:

2204 3269 2469 3323 doctrinm
2514 3268 2808 3324 manifeste
2851 3271 3315 3326 convincendum.
3362 3270 3482 3341 Egit
3529 3286 3652 3326 cum
3703 3272 3803 3328 his

2205 3359 2525 3430 imperator,
2552 3370 2606 3415 et
2636 3375 2891 3416 sermone
2916 3371 3179 3416 accurato
3204 3370 3291 3417 est
3317 3370 3548 3417 conatus
3576 3362 3697 3416 illos
3724 3365 3797 3419 ab

2205 3448 2309 3504 hac
2348 3449 2652 3519 pertinacia
2685 3449 2956 3506 deducere
2990 3468 3005 3505 :
3042 3452 3136 3507 sed
3170 3450 3402 3522 profecit
3438 3452 3597 3509 nihil.
3635 3451 3799 3509 Unde

2205 3541 2507 3611 augebatur
2535 3543 2760 3610 animo,
2790 3541 2959 3597 feram
2990 3542 3049 3597 in
3078 3556 3265 3598 casses
3299 3557 3423 3597 mox
3457 3543 3795 3599 induendatl

2207 3632 2605 3703 intempestivis
2637 3634 2779 3689 male
2813 3642 3098 3690 cantorum
3133 3643 3473 3690 venatorum.
3499 3636 3644 3706 abigi
3676 3636 3802 3691 cla-

2207 3725 2456 3780 moribus
2498 3724 2717 3792 dolens,
2762 3726 3150 3795 inﬁnitumque
3191 3727 3314 3783 duci
3363 3729 3801 3784 tumultuosissi-

2210 3831 2420 3870 marum
2469 3817 2714 3871 rixarum
2760 3817 2945 3872 funem
2988 3818 3167 3873 ferens
3205 3819 3508 3890 aegerrime.
3563 3819 3673 3876 liae
3713 3822 3802 3874 io-

2205 3910 2441 3964 stiuctus
2476 3908 2849 3964 sollicitudine
2880 3909 2948 3963 arl
2981 3910 3175 3966 ambos
3209 3911 3312 3966 hos
3341 3912 3598 3980 praesules
3633 3921 3799 3968 nocte

2207 4001 2446 4071 quadam
2484 4011 2712 4057 vocatos
2757 4001 3143 4069 copiosissime
3186 4002 3687 4073 instantissimeque
3727 4007 3801 4059 de

2208 4102 2323 4149 t0to
2358 4094 2575 4164 negotio
2609 4092 2910 4159 disseruit,
2947 4093 3245 4150 ostendens
3278 4109 3442 4164 quam
3478 4095 3804 4150 conveniret

2212 4186 2430 4240 unicam
2458 4185 2617 4240 istam
2644 4185 2881 4240 oblatam
2909 4186 3153 4255 arripere
3178 4187 3557 4243 conventionis
3580 4202 3798 4243 ansam.

2212 4280 2289 4331 Ac
2316 4291 2444 4332 cum
2476 4276 2611 4331 nihil
2639 4277 2709 4331 ab
2740 4277 2851 4332 illis
2882 4278 3235 4347 impetraret,
3264 4278 3673 4333 excandescens
3700 4293 3804 4333 ex-

2211 4368 2492 4438 probravit
2532 4368 2884 4425 durissimam
2930 4369 3152 4439 utrique
3192 4371 3576 4439 pervicaciam,
3619 4372 3802 4426 incre-

538 4468 651 4510 suae
668 4452 932 4509 doctrinae
952 4450 1292 4507 testimonio.
1312 4449 1680 4519 Gompellatus
1697 4452 1909 4520 igitura
1931 4451 2113 4508 missis
2216 4473 2351 4527 pans
2373 4474 2495 4515 esse
2522 4460 2645 4515 illos
2669 4459 3086 4529 compositionis
3111 4460 3384 4527 inimicos,
3413 4463 3560 4531 pacis
3584 4461 3799 4529 hostes,

540 4546 610 4601 ab
660 4547 989 4615 imperatore
1034 4542 1102 4598 ad
1149 4542 1255 4596 hoc
1305 4541 1485 4611 ipsum
1538 4539 1833 4611 Gregorius
1876 4544 1941 4597 de
1984 4558 2111 4613 pro-
2144 4535 2189 4589 ὓ
2216 4566 2418 4622 cupere
2460 4551 2657 4622 jactari
2702 4554 2918 4608 aeternis
2964 4552 3414 4608 contentionibus
3462 4552 3800 4619 Ecclesiam,

543 4638 713 4693 misso
744 4636 1108 4692 abdicationis
1140 4633 1342 4700 dando,
1376 4633 1465 4689 ille
1496 4634 1562 4687 ad
1600 4633 1653 4687 id
1686 4634 1891 4705 scripto
1923 4636 2108 4689 conci-

541 4727 799 4797 piendum
833 4726 976 4793 haud
1011 4734 1296 4794 promptus
1324 4724 1473 4781 omni
1507 4724 1795 4783 verborum
1827 4740 2111 4780 assevera-

547 4819 692 4872 tione
721 4830 907 4872 coram
937 4811 1071 4879 Deo,
1102 4814 1182 4870 sic
1208 4814 1353 4868 enim
1386 4823 1471 4868 est
1500 4814 1735 4878 locutus,
1768 4813 2113 4871 continuavit

547 4924 655 4963 non
697 4908 850 4978 prius
891 4907 1040 4977 ipsos
1080 4905 1327 4961 edituros
1360 4905 1628 4972 scriptum
1659 4919 1769 4974 quo
1803 4906 1907 4959 sibi
1947 4910 2114 4963 decus

548 5003 876 5071 incorrupta!
906 4999 959 5053 in
992 4997 1245 5068 dogmate
1275 4996 1395 5051 ﬁdei
1428 5005 1770 5062 assererem,
1803 5011 1968 5067 quam
2002 4999 2117 5069 ipse

550 5092 789 5148 vicissim
833 5090 935 5145 rite
972 5088 1342 5157 conscriptum
1384 5085 1745 5149 abdicationis
1785 5089 2120 5157 patriarcha-

550 5192 638 5235 tus
668 5178 911 5234 libellum
941 5177 1113 5232 daret.
1143 5175 1259 5230 Hoc
1288 5173 1463 5230 relato
1491 5189 1756 5245 responso
1784 5177 2114 5247 Ephesinus,

550 5273 719 5341 etqui
748 5274 798 5325 ei
828 5270 1196 5335 adhaerebant,
1224 5266 1369 5323 haud
1398 5267 1855 5337 acquiescendum
1883 5271 2125 5325 arbitra-

552 5370 767 5427 bantur,
799 5365 1082 5433 multaque
1105 5361 1416 5431 allegabant
1441 5360 1510 5416 ob
1535 5375 1658 5430 qua
1684 5375 1785 5416 nec
1811 5370 1990 5417 tutum
2020 5379 2123 5419 nec

555 5461 841 5512 honestum
894 5457 947 5511 id
996 5464 1117 5510 ease
1165 5453 1581 5509 contenderent.
1632 5450 2123 5523 Philadelphiensis

549 5560 740 5606 contra
773 5564 895 5603 cum
927 5546 1063 5611 suis,
1094 5546 1237 5600 illam
1268 5545 1645 5614 interpositam
1672 5560 1702 5600 a
1730 5547 1996 5616 Gregorio
2028 5545 2121 5601 Dei

554 5644 883 5715 mentionem
915 5640 969 5693 in
1001 5637 1306 5708 pollicendo
1332 5652 1430 5707 pro
1462 5651 1589 5691 vero
1611 5638 1927 5707 iuramento
1958 5636 2130 5691 inter-

553 5744 861 5804 pretantes,
903 5733 1037 5786 satis
1082 5745 1200 5784 eam
1247 5728 1668 5799 promissionem
1713 5729 1883 5784 videri
1929 5729 2129 5785 debere

556 5825 910 5889 athrmatiaut,
951 5819 1111 5893 129
1144 5821 1343 5893 quippe
1382 5838 1410 5877 a
1452 5835 1561 5892 qua
1600 5820 1649 5878 si
1694 5820 1902 5878 resilire
1939 5833 2129 5891 postea

2222 4657 2504 4713 novasque
2527 4643 2674 4699 ciere
2698 4651 3052 4715 tempestates
3072 4644 3348 4699 veteribus
3370 4646 3611 4699 nondum
3636 4645 3801 4715 plane

2222 4734 2560 4803 compositis.
2613 4732 2707 4787 Sic
2757 4732 3023 4788 iracunde
3076 4734 3398 4804 obiurgatus
3448 4733 3717 4790 facessere
3768 4751 3803 4789 a

2223 4832 2520 4891 conspectu
2556 4837 2658 4878 suo
2685 4822 2890 4892 jussit,
2927 4822 3300 4899 minacissime
3333 4823 3451 4878 suis
3485 4825 3801 4893 imperans,

2224 4913 2390 4976 irent,
2425 4913 2761 4969 abducerent
2789 4924 3165 4982 contumaces,
3195 4915 3564 4985 abderentque
3593 4918 3805 4985 disjun-

2227 5012 2345 5058 ctos
2372 5004 2605 5060 invicem
2637 5006 2691 5060 in
2723 5018 3007 5076 separatas
3032 5007 3336 5074 custodias,
3362 5002 3635 5076 prohibito
3661 5024 3807 5077 quo-

2226 5095 2435 5150 rumvis
2484 5096 2554 5149 ad
2601 5110 2698 5151 eos
2746 5111 2996 5152 accessu.
3050 5094 3127 5151 lta
3180 5106 3476 5168 utrumque
3521 5100 3808 5155 servarent

2227 5186 2408 5256 quoad
2454 5189 2745 5256 pra-posito
2793 5187 3046 5248 Ecclgsite
3090 5188 3397 5258 patriarcha
3440 5204 3582 5245 novo
3622 5205 3807 5246 causa:

2228 5278 2473 5348 ipsorum
2528 5278 2777 5349 legitimo
2829 5280 3040 5349 judicio
3092 5279 3516 5348 subjicerentur,
3567 5286 3807 5340 maxime

2233 5376 2411 5421 autem
2444 5367 2702 5437 Ephesini
2723 5412 2738 5434 ,
2769 5371 2865 5441 qui
2894 5371 3006 5439 jam
3037 5370 3248 5425 litteras
3281 5369 3595 5427 fmdissimat
3619 5375 3805 5429 obtre-

2230 5459 2489 5513 Ctationis
2537 5464 2589 5513 in
2638 5459 2961 5532 Gregorium
3010 5460 3200 5530 plenas
3241 5461 3464 5516 Asianis
3512 5464 3808 5533 inscriptas

2233 5550 2514 5604 edidisset.
2547 5550 2643 5606 llis
2679 5554 2734 5604 in
2772 5553 2916 5605 hunc
2949 5550 3171 5605 modum
3208 5564 3239 5604 a
3272 5565 3332 5606 se
3362 5551 3603 5607 dimissis
3637 5553 3813 5623 impe.

2235 5656 2405 5708 rator,
2436 5657 2699 5713 sequaces
2726 5644 2964 5713 ipsorum
2991 5641 3297 5696 vehementi
3326 5642 3552 5698 adortus
3580 5643 3809 5714 impetu,

2237 5735 2485 5790 absentia
2528 5736 2640 5804 jam
2686 5735 2889 5790 ducum
2936 5734 3269 5789 infirmiores
3312 5733 3472 5791 facile
3514 5737 3810 5806 deterruit,

2239 5837 2653 5899 pertractosque
2684 5829 2740 5884 iu
2771 5829 3097 5886 sententiam
3126 5827 3345 5888 emeris
3374 5830 3651 5903 adiunxit;
3685 5834 3814 5906 qui-
