4022 6554
224 429 325 495 245

1102 438 1205 498 ΒΕ
1243 439 1690 503 ΑΝΒΗΟΝῘΕΟ
1730 443 2200 505 ιυωιοωοο
2244 445 2389 505 LIB.
2433 443 2512 504 ΙῘ.

3370 438 3474 505 liG

220 542 403 612 γορίου
431 539 529 615 τὴν
551 541 732 625 ἀρχὴν
758 544 1143 618 ὁρμησάντων,
1176 548 1242 621 [Ρ
1269 549 1362 624 87]
1391 553 1609 618 σταθεὶς
1642 556 1672 607 ὁ
1699 557 1791 608 Qt-
1820 559 1862 612 Α
1893 556 1973 617 εἰς
2003 556 2316 611 τούναντίον
2348 557 2380 626 ἣ
2436 556 2546 625 ἐγὼ
2598 552 2904 624 ἐϐουλόμην
2948 552 3294 623 προέϐαινεν,
3330 550 3474 605 ὥστε
3514 620 3517 623 Α

219 634 536 705 λαδελφείας
558 635 876 709 Θεόληπτος
918 639 1131 695 πολλῶν
1164 641 1279 696 τῶν
1306 645 1450 699 κατά
1480 646 1792 718 Γρέηγορὶου

220 726 503 796 στομάτων
555 728 656 797 μία
719 730 944 798 γλῶσσα
995 730 1231 800 γίνεται,
1282 736 1379 789 καὶ
1425 737 1796 806 ἀνακηρύττει

222 821 463 891 παρόντα
491 821 587 875 τὸν
620 824 979 894 πατριάρχην
1009 825 1316 895 ὀρθόδοξον,
1348 828 1498 883 ἀπαν
1538 830 1586 885 δ’
1615 833 1796 886 ἐκεῖνο

228 915 524 968 σκάνδαλον
571 919 667 970 καὶ
704 919 888 971 πᾶσαν
925 919 1026 990 τὴν
1073 921 1173 975 ἀπ’
1202 924 1415 977 ἐκείνου
1455 924 1796 981 ἀποστασίαν

223 1004 295 1073 τῷ
316 1005 409 1059 τοῦ
445 1007 682 1077 Μάρκου
715 1010 1009 1080 γράμματι
1045 1013 1279 1068 ἀνετίθει
1323 1015 1400 1079 ὡς
1425 1016 1640 1071 ἐκεῖθεν
1672 1020 1797 1077 dvas

222 1103 580 1169 γηγερμένων
600 1102 710 1154 τῶν
736 1104 1015 1174 ταραχῶν,
1050 1102 1111 1161 οὗ
1134 1106 1198 1174 δὴ
1224 1108 1319 1161 καὶ
1346 1110 1479 1180 παρ’
1507 1111 1672 1163 αὐτοῦ
1699 1113 1794 1165 τοῦ

225 1193 565 1263 πατριάρχου
597 1195 1003 1266 ἀποϐληθέντος
1030 1199 1273 1265 ἐκείνους
1307 1202 1512 1272 μηδένα
1534 1203 1679 1274 ἔχειν
1704 1207 1796 1260 τὸν

221 1283 512 1352 δισταγμὸν
549 1283 638 1337 ἐπ’
662 1285 812 1355 αὐτῷ
860 1289 955 1342 τοῦ
989 1290 1064 1360 μὴ
1094 1291 1379 1361 ὀρθόδοξον
1417 1293 1561 1365 ἔχειν
1587 1296 1794 1365 διωμο-

220 1372 377 1441 λόγει.
408 1375 604 1432 Ταῦτα
630 1378 792 1443 λέξας
836 1398 898 1435 τε
948 1383 1040 1437 καὶ
1082 1384 1361 1448 πλατύνας
1398 1387 1656 1454 ἐπίτηδες
1683 1386 1795 1442 τῶν

220 1464 383 1517 ἄλλων
412 1466 680 1528 ἑστώτων,
699 1473 758 1524 ἐν
786 1476 968 1547 σιωπῇ
998 1476 1311 1531 καταπαύει
1340 1478 1433 1533 τὸν
1464 1479 1644 1549 λόγον.

222 1575 279 1630 0'.
332 1578 634 1648 Λίϐελλος
685 1585 1104 1663 παραξήσεως
1164 1589 1263 1644 ἐπὶ
1311 1589 1394 1658 τῷ
1448 1593 1637 1663 θρόνῳ
1686 1595 1796 1649 τοῦ

835 1658 1191 1726 Γρηγορίου.
1256 1706 1260 1710 Α

290 1739 350 1793 '0
370 1739 431 1793 δέ
464 1759 524 1808 γε
556 1743 859 1817 Γρηγόριος
893 1748 1107 1818 βασιλεῖ
1132 1753 1537 1825 συνταξάμενος
1565 1758 1659 1811 καὶ
1685 1761 1797 1823 τοῖς

221 1834 679 1905 συνειλεγμένοις,
715 1841 807 1893 καὶ
853 1841 922 1895 ’τά
952 1842 1142 1898 εἰκότα
1179 1845 1613 1919 δεξιωσάμενος.
1654 1854 1796 1906 ἐκεῖ·

219 1926 301 1979 θεν
329 1929 582 1998 ἀπαίρει.
610 1933 706 1985 καὶ
738 1933 831 1986 ἐπὶ
868 1935 1066 2005 σχολῆς
1096 1939 1162 2008 τῇ
1207 1939 1472 2012 ὑστεραίᾳ
1510 1946 1794 2000 συντάττει

216 2019 301 2073 τὸν
337 2022 442 2090 τῆς
486 2022 657 2075 αὑτοῦ
691 2028 1088 2097 παραιτήσεως
1130 2029 1403 2098 λίϐελλον,
1461 2033 1656 2105 ἔχοντα
1702 2037 1797 2091 ἐπὶ

218 2106 403 2175 λέξεως
448 2110 658 2177 οὕτως’
699 2134 718 2166 ι
773 2116 905 2185 Ἐμὲ
938 2119 1323 2188 προύϐίϐασαν
1352 2125 1435 2186 εἰς
1476 2126 1569 2179 τὸν
1608 2127 1797 2198 Θρόνον

218 2203 300 2257 τον
331 2207 746 2277 πατριαρχικίιν
773 2211 869 2261 καὶ
900 2211 980 2273 εἰς
1005 2214 1067 2265 τὸ
1094 2212 1198 2283 τῆς
1222 2214 1439 2286 ὑψηλῆς
1471 2220 1681 2291 ταύτης
1703 2222 1800 2292 ἀρ·

217 2298 555 2376 χιερωσῠνης
583 2299 805 2371 ἀξίωμα
839 2300 965 2357 οὔτε
1016 2306 1070 2358 αἰ
1101 2306 1343 2375 ἐμαυτοῦ
1397 2311 1631 2365 σπουδαὶ
1669 2312 1797 2368 οὔτε

218 2387 317 2440 τῶν
339 2389 493 2458 ὲμῶν
526 2390 699 2457 φίλων
732 2393 1047 2463 συνάρσεις,
1072 2396 1190 2450 ἀλλ’
1225 2398 1417 2470 ἀνῄειν
1442 2401 1519 2466 ὡς
1560 2398 1681 2456 οἵδε.Δ
1702 2404 1801 2473 μό-

219 2497 297 2544 νος
328 2481 485 2545 Θεός.
506 2481 592 2553 [ἓ.
614 2482 705 2555 88]
734 2485 883 2538 Ἐπεὶ
911 2487 969 2540 δὲ
1000 2488 1162 2542 τοῦτο
1179 2490 1371 2561 γέγονε
1400 2495 1497 2549 καὶ
1521 2495 1801 2553 διετέλεσα

218 2574 327 2637 ἔτος
355 2575 517 2628 ἕκτον
560 2577 660 2647 ἢδη
711 2579 983 2661 καὶὲπρὸς
1018 2583 1098 2644 εἰς
1130 2583 1251 2637 τόδε
1296 2586 1355 2639 τὸ
1395 2589 1796 2661 λειτούργημα.

220 2669 389 2720 πάντα
409 2667 632 2720 ἐποίουν
649 2669 742 2721 καὶ
766 2652 955 2739 ἔῖεγιον
983 2672 1123 2726 ὥστε
1141 2675 1237 2728 καὶ
1253 2652 1798 2751 τοὺςεσδκανδαλιξομέ

223 2778 338 2824 νους
366 2763 465 2815 καὶ
492 2762 592 2830 τῆς
610 2763 942 2834 Ἑκκλησίας
963 2767 1455 2840 ἀποδιισταμένους
1473 2775 1552 2837 εἰς
1573 2778 1800 2848 εἰρήνην

219 2853 440 2922 ἀγαγεῖν
465 2854 561 2907 καὶ
583 2854 787 2909 ὲνῶσαι
810 2856 972 2929 αὐτῇ.
1004 2856 1170 2914 Ἀλλά
1195 2860 1257 2913 τὸ
1285 2864 1612 2937 σπούδασμα
1636 2867 1806 2939 τοῦτο

216 3031 314 3088 bus
338 3032 481 3105 apud
513 3049 768 3109 magnum
795 3033 1004 3101 coactis
1031 3036 1320 3106 palatium,
1350 3039 1509 3110 130
1533 3052 1799 3109 praesente

217 3128 578 3200 imperatore,
607 3138 874 3199 prasente
907 3129 1166 3186 universo
1198 3138 1428 3195 senatu,
1461 3131 1609 3184 clero
1640 3131 1795 3188 insu-

1899 649 1996 700 καὶ
2027 649 2197 701 ἐϐόων
2234 649 2379 712 τινὲς
2406 647 2479 706 ὡς
2509 648 2613 701 οὐκ
2653 648 2720 701 ἂν
2751 650 2783 717 ἡ
2821 646 3057 701 ειτκταία
3094 645 3236 715 αὕτη
3280 647 3472 715 εἰρήνη

1902 738 2132 802 γένοιτο,
2167 740 2216 792 εἰ
2251 740 2328 810 μὴ
2370 738 2482 807 ἐγὼ
2524 738 2585 791 τὸ
2630 740 3024 809 πατριαρχεῖον
3056 735 3375 791 καταλιπὼν
3411 737 3476 794 ὲκ

1898 829 1991 881 τοῦ
2019 832 2189 898 μέσον
2222 830 2513 901 γενοίμην.
2548 830 3012 901 Οὐκιὴνεσχόμην
3043 828 3135 883 ἐπὶ
3165 827 3350 899 χώρας
3376 826 3476 896 μὲ-

1898 941 2031 988 νειν,
2056 923 2229 987 οὕτως
2250 925 2509 987 ἐναντίως
2524 924 2667 994 ὁρῶν
2688 924 2758 978 τὰ
2782 925 2879 993 τῆς
2908 923 3236 995 Ἐκκλησίας
3255 921 3470 991 ἔχοντα.

1898 1016 2016 1069 ἀλλ’
2047 1017 2316 1085 ἠγάπησα
2370 1019 2572 1087 μᾶλλον
2605 1016 3005 1086 σπενδομένους
3059 1018 3120 1087 τῇ
3175 1011 3478 1082 Ἐκκλησία

1899 1107 1994 1160 καὶ
2029 1106 2284 1175 ἀλλήλοις
2315 1108 2444 1169 τοὺς
2476 1104 3002 1177 σκανδαλιζομένους
3030 1105 3162 1176 ὀρᾷν
3189 1103 3221 1173 ἢ
3251 1100 3476 1171 ἐμαυτῷ

1897 1197 1996 1268 τὴν
2016 1197 2277 1269 τοιαύτην
2305 1199 2559 1269 κατέχειν
2587 1200 2784 1270 ἀρχὴν.
2819 1197 3014 1251 Ἔνθεν
3039 1216 3120 1252 τοι
3144 1200 3237 1250 καὶ
3258 1195 3347 1251 διὰ
3376 1194 3475 1266 τὴν

1899 1291 2081 1344 αὐτῶν
2136 1290 2343 1361 τούτων
2376 1293 2434 1346 ἐν
2467 1291 2587 1362 Θεῷ
2617 1292 2848 1362 εἰρήνην
2877 1290 2974 1344 καὶ
3020 1290 3118 1358 τὴν
3166 1289 3275 1342 τῶν
3309 1288 3475 1359 ψυχοο

1900 1382 2119 1436 ϐλαϐῶν
2150 1385 2467 1441 σκανδάλων
2497 1385 2700 1457 ἀργίαν
2725 1383 3064 1454 παραίτησιν
3095 1380 3356 1451 ποιοῦμαι
3380 1378 3473 1432 τοῦ

1900 1476 2094 1547 θρόνου
2129 1477 2222 1532 τοῦ
2279 1477 2690 1551 πατριαρχικοῦ
2726 1478 2825 1533 καὶ
2874 1477 2974 1548 τῆς
3006 1476 3182 1546 ἀρχῆς
3220 1478 3319 1546 τῆς
3374 1492 3482 1528 πα·-

1898 1572 2232 1642 τριαρκικῆς
2263 1571 2474 1634 καὶτοῦ
2505 1570 2842 1641 ἀξιώματος,
2864 1571 2926 1624 οὐ
2955 1570 3137 1640 μέντοι
3164 1585 3227 1637 γε
3258 1568 3351 1621 καὶ
3378 1566 3478 1635 τῆς
3521 1568 3525 1571 ’

1902 1663 2235 1732 ἱερωσύνης,
2258 1664 2382 1717 ἐπεὶ
2423 1663 2632 1735 ταύτην
2663 1662 2941 1726 ἐλεοῦντος
2976 1679 3042 1730 με
3077 1661 3170 1714 τοῦ
3212 1659 3345 1713 Θεοῦ
3378 1677 3481 1729 φυ-

1898 1753 2046 1819 λάξω
2070 1756 2314 1826 ἐμαυτοῦ
2338 1756 2428 1810 διὰ
2457 1756 2574 1825 βίου
2600 1756 2821 1820 παντὸς,
2845 1756 2925 1808 ὅτι
2950 1756 3045 1809 καὶ
3067 1754 3152 1807 διά
3177 1755 3347 1823 μόνην
3371 1753 3480 1805 τῶν

1903 1849 2118 1902 πολλῶν
2170 1850 2399 1920 εἰρήνην
2437 1849 2530 1902 καὶ
2565 1850 2702 1919 πρὸς
2755 1847 2854 1918 τὴν
2914 1847 3250 1916 Ἐκκλησίαν
3299 1843 3482 1897 αὐτῶν

1900 1941 2099 1996 ἕνωσιν
2136 1941 2400 2011 ποιοῦμαι
2433 1942 2536 2010 τὴν
2569 1940 2835 2011 τοιαύτην
2874 1938 3233 2009 παραίτησιν,
3273 1940 3333 1992 οὐ
3374 1937 3483 2006 μὴν

1898 2034 1982 2087 ὅτι
2012 2034 2245 2106 ἐμαυτῷ
2272 2034 2491 2089 σύνοιδά
2514 2051 2566 2088 τι
2596 2032 2868 2106 πράξαντι
2899 2033 3162 2101 ἀπεῖργον
3185 2031 3282 2100 τῆς
3318 2032 3483 2093 ἱερω-

1903 2129 2071 2195 σύνης
2122 2128 2245 2196 ἐμέ.
2289 2125 2484 2181 Ἔνθεν
2540 2144 2624 2180 τοι
2675 2128 2770 2181 καλ⁹
2820 2124 3000 2188 ἔξεστι
3034 2122 3129 2176 τοῦ
3168 2120 3358 2175 λοιποῦ
3389 2121 3484 2174 σὺν

1898 2220 2120 2289 εὐδοκία
2149 2218 2287 2274 Θεοῦ
2322 2220 2481 2274 ἄλλον
2512 2219 2839 2284 ἐκλέξασθαι
2878 2216 3229 2286 πατριάρχην
3266 2216 3360 2269 καὶ
3403 2215 3484 2278 εἰς

1899 2313 1995 2368 τὸν
2035 2312 2229 2385 Θρόνον
2258 2313 2350 2367 τὸν
2379 2313 2785 2385 πατριαρκικδν
2816 2312 2911 2366 καί
2941 2296 3486 2380 τὴνάρχιερωσὺνην

1898 2406 2110 2476 ταύτην
2163 2406 2521 2471 ἀναϐιϐάσαι,
2572 2406 2631 2469 ὃς
2663 2405 2729 2460 ἂν
2783 2405 2878 2463 καὶ
2910 2404 3015 2457 ὑπὸ
3047 2401 3165 2473 Θεῷ
3212 2402 3485 2472 συμμάχῳ

1900 2499 1998 2552 καὶ
2028 2497 2235 2570 βοηθῷ,
2263 2499 2366 2554 ὅσα
2405 2500 2501 2553 καὶ
2536 2498 2825 2562 κανονικδς
2856 2497 3205 2569 πατριάρχης
3235 2495 3329 2549 καί
3353 2497 3489 2562 γνήο

1903 2608 2017 2655 σιος
2041 2592 2360 2662 ἀρχιερεὺς,
2396 2592 2478 2655 εἰς
2518 2591 2578 2646 ἓν
2610 2591 2681 2645 τὰ
2713 2590 2983 2646 διεστῶτα
3017 2592 3115 2659 τῆς
3157 2585 3488 2658 Ἐκκλησίας

1904 2684 2049 2754 μέρη
2099 2686 2356 2753 συνάγειν
2395 2683 2495 2738 καὶ
2543 2682 2945 2737 ἐπισυνάπτειν
2998 2681 3311 2750 δυνήσεται.
3374 2678 3489 2733 Καὶ

1901 2776 2113 2845 γένοιτο
2137 2775 2301 2831 τοῦτο
2328 2776 2639 2845 οἰκτιρμοϊς
2668 2773 2765 2828 τοῦ
2799 2772 3041 2844 μεγάλου
3081 2771 3219 2827 Θεοῦ
3249 2773 3343 2826 καὶ
3372 2772 3488 2823 Σωο

1899 2867 2068 2936 τῆρος
2123 2866 2284 2938 ἡμῶν
2345 2865 2525 2936 Ἰησοῦ
2566 2852 2828 2937 Χριστοῦ,
2884 2865 3312 2935 δυσωπουμένου
3366 2866 3487 2926 ταῖς

1901 3058 2021 3098 sum
2055 3057 2217 3099 sacro
2248 3043 2559 3104 ministerio
2584 3053 2853 3104 versatus.
2885 3043 3071 3096 omnia
3101 3056 3166 3095 eo
3198 3055 3314 3094 mea
3349 3039 3486 3094 facta

1902 3134 2159 3206 dictaque
2192 3135 2355 3190 retuli
2388 3143 2447 3193 ut
2481 3133 2802 3190 scandalum
2838 3147 3030 3204 passos
3063 3141 3115 3188 et
3147 3132 3217 3188 ab
3249 3131 3487 3186 Ecclesia

218 3235 309 3289 per
335 3231 387 3276 et
422 3221 715 3309 monachis
748 3220 861 3276 fere
895 3221 1153 3277 omnibus
1186 3221 1453 3291 laicaeque
1486 3223 1797 3278 multitudi-
1826 3240 1870 3297 ε
1903 3228 2149 3283 divulsos
2191 3228 2257 3283 ad
2300 3242 2491 3299 pacem
2537 3226 2690 3307 131
2736 3225 3056 3309 reducerem
3105 3225 3320 3295 ipsique
3366 3223 3489 3278 uni-

225 3312 300 3368 nis
336 3330 441 3369 non
485 3305 684 3385 exigua
726 3324 900 3384 parte,
938 3330 1036 3370 nec
1076 3330 1186 3369 non
1224 3315 1293 3370 iis
1332 3316 1469 3386 ipsis
1504 3317 1596 3387 qui
1633 3318 1798 3387 primi

224 3417 397 3460 contra
434 3404 757 3471 Gregorium
795 3422 934 3462 saeve
968 3409 1142 3461 coorti
1179 3407 1424 3474 inierant,
1464 3425 1569 3463 una
1607 3410 1795 3464 consi-

218 3496 488 3561 dentibus,
519 3506 600 3553 tot
628 3500 784 3568 prius
815 3510 1126 3569 apertarum
1160 3501 1213 3554 in
1245 3500 1573 3572 Gregorium
1601 3502 1801 3565 bucca-

228 3605 334 3642 rum
378 3605 541 3645 unam
588 3605 647 3646 se
687 3588 869 3647 ferens
917 3592 1158 3661 linguam
1200 3590 1534 3662 Theoleptus
1578 3595 1800 3647 nomine

220 3681 456 3735 omnium
497 3683 820 3748 declaravit,
865 3697 1028 3752 quem
1075 3682 1329 3737 viderent
1375 3699 1560 3738 coram
1605 3683 1800 3739 adesse

227 3774 579 3840 patriareham
600 3813 615 3837 ,
649 3788 775 3828 eum
814 3774 970 3843 plane
1002 3772 1336 3840 inculpatum
1369 3774 1517 3829 circa
1553 3774 1710 3829 [idem
1745 3783 1800 3830 et

227 3865 575 3920 orthodoxam
611 3881 758 3931 esse,
789 3865 1053 3936 quidquid
1087 3874 1264 3921 autem
1296 3868 1443 3921 circa
1474 3882 1597 3922 eum
1631 3866 1802 3922 offen-

229 3958 389 4014 sionis
419 3959 722 4014 exstitisset
759 3958 989 4030 publica:
1022 3968 1334 4028 secutaque
1366 3973 1430 4014 ex
1472 3959 1575 4013 hac
1607 3959 1675 4013 ab
1708 3959 1802 4015 illo

230 4049 571 4116 secessionis,
610 4059 785 4103 totum
826 4066 948 4105 esse
983 4051 1363 4121 imputandum
1399 4053 1810 4118 commentario,

231 4140 385 4194 Marci
406 4184 420 4204 ,
451 4144 540 4209 qui
575 4143 942 4212 procellarum
975 4157 1037 4196 ea
1073 4142 1365 4196 occasione
1395 4145 1803 4206 concitatarum

235 4236 383 4288 unica
431 4235 605 4304 origo,
652 4250 820 4288 causa
866 4233 1125 4304 primaria
1169 4232 1385 4289 fuisset.
1428 4234 1601 4301 Quem
1651 4251 1801 4293 com-

232 4329 539 4382 Inrnlarium
569 4344 690 4381 cum
720 4328 831 4395 jam
866 4326 1041 4397 palam
1072 4326 1187 4397 ipse
1228 4310 1541 4397 patriarcha
1572 4327 1798 4397 reiecis-

234 4429 327 4480 set.
363 4421 555 4473 nullam
594 4429 803 4473 restare
837 4419 903 4472 de
941 4429 1083 4478 recta
1121 4418 1241 4489 ejus
1278 4418 1382 4473 [ide
1418 4419 1800 4492 inoll‘ensaque

235 4514 470 4567 doctrina
515 4511 798 4565 dubitandi
847 4509 1137 4564 rationem.
1179 4509 1361 4575 Quare
1407 4511 1561 4566 illum
1606 4529 1798 4569 onmes

232 4621 328 4674 pro
367 4614 507 4660 recte
543 4606 813 4659 sentiente
854 4604 1126 4672 pleneque
1159 4602 1468 4658 orthodoxe
1502 4621 1562 4659 se
1596 4604 1798 4671 habere

238 4697 484 4766 proﬁteri.
530 4696 605 4752 Ea
653 4713 778 4751 cum
825 4696 1055 4750 dixisset
1093 4704 1149 4749 et
1191 4698 1259 4750 de
1302 4696 1573 4751 industria
1619 4698 1799 4754 fusius

239 4789 568 4857 explicasset,
604 4787 819 4843 cunctis
854 4786 908 4841 in
945 4787 1167 4843 silentio
1204 4788 1598 4858 perstantibus,
1638 4789 1798 4851 linem

240 4880 480 4948 loquendi
518 4880 667 4935 fecit.
1124 4937 1128 4941 _

271 4971 318 5025 9.
350 4971 573 5027 Libellus
606 4973 964 5026 abdicationis
1015 4974 1190 5028 throni
1220 4990 1253 5027 a
1290 4972 1555 5043 Cregorio
1586 4975 1766 5030 datus.

306 5065 367 5117 At
402 5064 691 5135 Gregorius
726 5066 919 5135 gratiis
957 5065 1275 5136 imperatori
1312 5078 1364 5121 ct
1401 5068 1672 5123 universis
1708 5069 1803 5138 qui

244 5168 591 5211 COIthIIEIaIIl
627 5158 834 5227 prolixe
869 5160 1031 5221 aetis,
1061 5159 1276 5215 cunctis
1312 5160 1652 5229 perotliciose
1689 5162 1807 5215 vale

244 5246 407 5311 dicto,
450 5250 571 5305 inde
620 5252 813 5305 abiens
856 5251 1000 5304 diem
1051 5260 1327 5319 posteram
1379 5249 1667 5305 [ormando
1712 5266 1807 5321 per

246 5340 402 5393 03iqu
441 5342 725 5411 promissa:
758 5342 1028 5397 cessionis
1064 5343 1250 5397 libello
1286 5342 1589 5412 impendit,
1628 5344 1705 5398 sic
1742 5344 1808 5398 ad

248 5434 452 5487 verbum
484 5452 539 5490 se
563 5436 787 5489 babenti
816 5455 829 5490 :
863 5454 881 5487 ι
910 5434 993 5488 Me
1019 5436 1074 5489 in
1105 5431 1359 5489 lhronuni
1390 5435 1809 5503 patriarchalem

252 5529 297 5575 et
336 5524 385 5577 iu
420 5526 554 5581 hanc
586 5527 858 5581 excelsam
897 5526 1220 5596 principalis
1256 5527 1546 5580 sacerdOtii
1578 5528 1815 5598 dignita-

255 5623 355 5667 tem
382 5632 482 5671 non
515 5635 632 5672 mea
666 5618 839 5688 ipsius
872 5629 1266 5688 promoverunt
1295 5618 1499 5683 studia,
1532 5634 1632 5674 nec
1663 5635 1815 5674 tneo-

250 5715 362 5756 rum
410 5706 825 5777 sullragationes
877 5709 1207 5772 a.uicorum,
1258 5710 1352 5762 sed
1409 5710 1708 5763 conscendi
1757 5721 1818 5766 ut

252 5792 381 5851 Deus
407 5798 550 5853 solus
581 5800 753 5853 novit.
783 5799 1081 5870 Postquam
1111 5810 1293 5855 autem
1323 5808 1409 5855 est
1440 5800 1545 5856 hoc
1572 5800 1774 5856 factum
1798 5841 1813 5864 ,

256 5896 401 5956 altae
433 5906 630 5947 οιιιιυιιι
670 5892 782 5963 jam
822 5902 1035 5949 sextum
1071 5902 1122 5950 et
1159 5893 1303 5964 quod
1340 5894 1585 5949 excurrit
1622 5895 1676 5949 in
1715 5894 1820 5950 hoc

1904 3334 2042 3374 rem.
2079 3317 2187 3374 Sed
2218 3320 2463 3375 studium
2490 3318 2597 3374 hoc
2623 3331 2804 3373 meum
2838 3316 2891 3372 in
2923 3314 3256 3377 contrariam
3291 3330 3354 3368 ac
3384 3329 3488 3384 ego

1901 3406 2181 3470 volueram
2216 3416 2429 3477 partem
2455 3416 2740 3478 acceptum
2773 3414 2878 3472 est,
2907 3406 2981 3462 ita
3011 3413 3068 3462 ut
3095 3407 3263 3476 aliqui
3290 3405 3492 3460 clama-

1902 3507 2025 3553 rent
2056 3515 2337 3568 nunquam
2372 3514 2760 3558 successuram
2796 3499 2957 3554 istam
2992 3507 3230 3567 optatam
3269 3512 3484 3567 pacem,

1898 3589 2008 3646 nisi
2044 3604 2145 3661 ego
2170 3591 2555 3660 epatriarchatu
2593 3590 2786 3647 relicto
2821 3607 2853 3645 e
2890 3590 3068 3646 medio
3102 3590 3335 3645 abirem.
3369 3587 3487 3642 Non

1902 3681 2140 3737 sustinui
2192 3683 2400 3738 han-ere
2449 3683 2504 3736 in
2556 3681 2700 3749 loco,
2743 3681 2823 3737 sic
2871 3681 3221 3737 commissam
3274 3678 3490 3735 infestis

1903 3773 2237 3828 factionibus
2284 3786 2519 3829 cernens
2568 3771 2896 3835 Ecclesiam,
2942 3772 3037 3828 sed
3089 3771 3388 3841 optabilius
3437 3771 3489 3825 id

1902 3866 2132 3929 ducens.
2161 3864 2331 3920 malui
2357 3864 2657 3920 fmderatos
2682 3863 2944 3920 Ecclesia:
2968 3872 3022 3920 et
3048 3864 3279 3919 invicem
3308 3864 3493 3919 videre
3589 3863 3599 3879 '

1904 3959 2029 4015 illus
2063 3958 2157 4029 qui
2196 3958 2354 4028 prius
2393 3957 2588 4014 offensi
2632 3943 2998 4023 dissidebant,
3039 3972 3204 4028 quam
3248 3966 3493 4027 perstare

1903 4050 1968 4110 in,
1985 4050 2331 4119 possessione
2352 4048 2700 4127 gaudereque
2721 4048 2930 4103 honore
2957 4056 3064 4102 tam
3091 4046 3322 4102 illustris
3342 4047 3495 4117 priu-

1903 4145 2141 4211 cipatus.
2178 4142 2365 4213 Itaque
2396 4142 2462 4198 ad
2494 4141 2895 4211 assequendam
2928 4138 3125 4196 horum
3159 4141 3405 4211 ipsorum
3438 4140 3492 4193 in

1908 4235 2019 4290 Deo
2068 4250 2259 4303 pacem
2306 4243 2364 4291 et
2415 4234 2710 4291 animabus
2762 4235 3077 4297 nocentium
3130 4234 3494 4297 cessationem

1903 4326 2316 4394 scandalorum,
2345 4327 2655 4383 cessionem
2684 4324 2828 4385 facio
2855 4327 3042 4381 throni
3073 4335 3126 4381 et
3157 4326 3494 4395 principatus

1902 4418 2293 4489 patriarchalis
2331 4418 2755 4488 dignitatisque,
2798 4432 2905 4473 non
2952 4426 3133 4479 tamen
3178 4417 3495 4472 sacerdotii.

1904 4509 2041 4566 Nam
2094 4512 2221 4577 hoc,
2268 4511 2571 4573 miserante
2620 4527 2708 4564 me
2760 4510 2891 4573 Deo,
2933 4511 3168 4565 servabo
3219 4509 3349 4563 mihi
3398 4501 3497 4580 per

1906 4611 2177 4670 quantum
2217 4609 2471 4670 superest
2508 4601 2635 4654 vita:
2673 4599 2935 4668 spatium,
2978 4599 3233 4668 quoniam
3276 4608 3499 4670 propter

1905 4693 2079 4749 solam
2117 4691 2414 4748 multorum
2448 4705 2636 4758 pacem
2670 4700 2724 4745 et
2759 4693 2955 4746 horum
2991 4692 3494 4748 reconciliationem

1904 4801 2029 4851 cum
2052 4784 2307 4842 Ecclesia
2339 4785 2481 4840 facio
2511 4784 2672 4841 talem
2706 4783 3012 4841 cessionem
3033 4824 3048 4850 ,
3081 4801 3182 4839 nec
3214 4786 3347 4840 mihi
3374 4802 3497 4842 sum

1897 4876 2164 4932 conscius
2190 4874 2386 4932 iecisse
2412 4875 2715 4945 quidquam
2740 4874 2886 4939 quod
2917 4890 3003 4930 me
3034 4887 3218 4931 arceat
3247 4877 3503 4931 srcerdo-

1910 4971 2005 5024 tio.
2034 4967 2305 5035 Quocirca
2336 4967 2404 5023 de
2433 4967 2648 5036 reliquo
2676 4966 2824 5033 licet,
2852 4982 2977 5022 cum
3009 4965 3101 5022 Dei
3135 4967 3498 5037 beueplacito,

1910 5060 2078 5115 alium
2114 5061 2239 5132 eligi
2277 5060 2682 5129 patriarcham,
2717 5058 2813 5128 qui
2847 5058 3104 5113 thronum
3141 5059 3193 5112 in
3228 5059 3375 5115 hunc
3411 5076 3505 5129 pa-

1913 5154 2271 5209 triarchicum
2297 5163 2350 5207 et
2367 5152 2741 5222 principatum
2766 5151 3060 5206 sacerdotii
3085 5152 3379 5218 eVebatnr;
3407 5154 3503 5223 qui

1912 5246 2023 5302 Deo
2055 5246 2371 5316 adiuvante,
2404 5254 2463 5299 ut
2495 5246 2597 5299 rite
2622 5243 2782 5315 juxta
2816 5259 3061 5301 canones
3087 5246 3373 5317 ordinatus
3407 5263 3503 5316 pa-

1916 5339 2154 5397 triarcha
2189 5348 2242 5393 et
2271 5338 2551 5410 legitimus
2580 5338 2931 5401 sacerdotum
2967 5340 3257 5410 princeps,
3285 5341 3503 5411 disiun-

1917 5442 2038 5489 ctas
2065 5430 2325 5491 Ecclesia:
2351 5442 2536 5502 partes
2564 5433 2808 5501 redigere
2838 5433 2901 5489 in,
2920 5448 3091 5488 unum
3118 5448 3181 5487 ac
3210 5449 3504 5504 coagmen-
3572 5427 3597 5439 ⁵

1918 5535 2036 5581 tare
2059 5526 2284 5595 poterit.
2304 5524 2532 5580 Eveniat
2549 5528 2599 5578 id
2618 5526 2831 5580 utinam
2854 5526 3297 5581 miserationibus
3322 5527 3504 5594 magni

1922 5619 2015 5673 Dei
2047 5627 2104 5673 et
2133 5617 2436 5674 Salvatoris
2465 5617 2637 5673 nostri
2664 5616 2797 5672 .lesu
2823 5616 3051 5681 Christi,
3079 5623 3291 5672 exornet
3327 5618 3506 5684 puris-

1922 5712 2076 5767 sima:
2114 5709 2356 5765 Dominae
2392 5719 2591 5765 nostr-te
2625 5709 2863 5778 Virginis
2896 5720 2947 5765 et
2984 5708 3075 5765 Dei
3118 5707 3275 5778 132
3313 5707 3507 5763 Matris

1925 5818 1989 5859 ac
2025 5803 2271 5858 omnium
2310 5811 2626 5857 sanctorum
2664 5802 2935 5871 precibus.
2985 5821 3002 5852 ι
3046 5802 3143 5856 His
3187 5803 3345 5870 plane
3382 5815 3508 5855 vcr-

1925 5895 2008 5951 bis
2045 5906 2369 5966 conceptum
2408 5895 2511 5950 hoc
2549 5895 2852 5964 scriptum,
2892 5893 3053 5964 idque
3092 5894 3241 5952 nu'la
3279 5908 3508 5965 prorsus
