3922 6558
265 437 360 505 161

1167 432 1266 493 DE
1300 426 1747 492 ANDitONlCO
1763 427 2252 527 ‘PALJBOLOGO
2303 432 2455 493 LIB.
2480 431 2567 494 ΙΙ.

3434 427 3540 496 162

256 560 397 613 θεῖεν
419 556 601 628 ἀληθῆ
633 554 867 621 τάγαθὰ,
909 550 1124 621 ἀνάγκη
1163 552 1313 604 πᾶσα
1375 546 1835 615 συναφανίζεσθαι
1865 555 1910 609 Α
1939 549 2132 617 ἐκείνῳ
2158 550 2251 603 τὸν
2286 550 2474 614 κόπον,
2502 550 2559 603 ἐν
2591 547 2668 619 τῷ
2701 546 2958 619 ’μεγίστῳ
2986 548 3232 618 παλατῖῳ
3267 545 3409 599 κατὰ
3445 547 3539 601 τὶν

252 651 510 713 τάκακᾶ,
550 645 991 717 παρυποστάσεις
1017 643 1146 696 ὄντα
1188 643 1254 695 ἑκ
1307 644 1408 710 τῆς
1451 639 1559 691 τῶν
1612 636 1834 705 ἀγαθῶν

255 740 543 804 ἀπουσίας,
605 738 680 802 ὡς
737 738 811 807 μὴ
864 737 981 804 ἅμα
1013 733 1077 807 [Ρ
1106 731 1202 803 9η
1233 731 1326 785 τοῦ
1370 730 1535 783 αὐτοῦ
1562 729 1714 796 οίκου
1743 728 1839 781 καὶ

256 835 366 904 φῶς
396 832 495 886 καὶ
525 832 715 894 σκότος
748 827 1075 900 χωροῦντος,
1106 824 1356 890 συνάξεις
1385 823 1703 885 ἐπιτελέσας
1725 839 1840 875 κοι-

255 926 367 990 νάς,
401 924 584 995 εὕρὼν
607 922 735 985 τοὺς
765 919 979 989 τάγαθά
1018 919 1276 987 λέγοντας
1311 917 1408 969 καὶ
1433 917 1502 969 τὰ
1538 915 1718 971 ,πιστὰ
1747 913 1842 966 λα-

255 1017 361 1070 ϐὼν
392 1016 528 1086 παρ’
566 1016 791 1068 ἐκείνων
818 1012 893 1075 ὡς
925 1008 1387 1080 μαρτυρησάντων
1418 1006 1678 1077 ἐνόρκως,
1741 1006 1841 1058 οὐ·

255 1110 374 1161 τίκα
404 1107 654 1160 διαλαλεί
671 1106 749 1176 τῷ
770 1104 888 1176 λαῷ
918 1102 1113 1166 κοινῶς
1137 1100 1268 1172 περὶ
1294 1098 1523 1164 τούτων,
1555 1100 1652 1152 καὶ
1687 1096 1841 1166 πρῶ-

256 1201 478 1270 τονμὲν
506 1199 609 1271 τὴν
636 1198 834 1253 κακίαν
865 1197 939 1259 ὡς
972 1198 1036 1249 ἐκ
1065 1195 1157 1248 τοῦ
1182 1191 1423 1263 πονηροῦ
1456 1191 1720 1271 δείκνυσι,
1748 1190 1844 1243 καὶ

256 1295 340 1344 τὸν
368 1266 546 1343 κακὸν
565 1266 854 1361 θησαυρὸν
889 1287 1012 1341 ὅθεν
1046 1287 1105 1340 αί
1137 1286 1280 1340 κατὰ
1329 1285 1427 1337 ἀνθ
1438 1266 1636 1353 ρῶπων
1662 1282 1843 1336 διαϐο-

257 1384 338 1435 λαὶ
365 1381 703 1451 θριαμϐεύει
724 1396 738 1410 ·
766 1382 958 1435 ἔπειτα
977 1379 1034 1432 δὲ
1076 1378 1173 1431 καὶ
1198 1378 1329 1447 παρ’
1371 1377 1608 1447 ἑκάτερα
1644 1378 1845 1445 στήσας

259 1476 323 1527 τά
349 1473 541 1541 ἀγαθὰ
572 1474 1046 1545 μαρτυρήσοντας,
1090 1473 1425 1539 προσέταττε
1475 1469 1658 1539 λέγειν
1703 1467 1847 1520 ὲκεί-

259 1584 374 1629 νους
407 1564 446 1619 ἃ.
477 1566 545 1637 δὴ
565 1567 662 1620 καὶ
685 1564 961 1618 συνοίδασι
987 1564 1117 1633 περὶ
1138 1561 1364 1632 τάνδρὸς
1410 1562 1646 1625 ἑαυτοῖς.
1692 1561 1757 1613 Οἱ
1790 1560 1847 1613 δὲ

259 1657 508 1713 τοσοῦτον
545 1656 794 1720 πιθανῶς
820 1657 1029 1724 ἔλεγον,
1079 1652 1462 1726 προστιθέντες
1505 1654 1598 1706 καὶ
1654 1654 1850 1722 ὅρκους

261 1751 379 1812 τοὺς
415 1748 513 1801 ἐπὶ
548 1750 733 1801 πίστει
768 1748 860 1801 τοῦ
892 1746 1157 1818 βασιλέως
1186 1746 1285 1798 καὶ
1313 1745 1376 1814 δὴ
1408 1746 1508 1799 καὶ
1530 1744 1657 1808 τοὺς
1689 1745 1850 1813 συνή-

264 1842 370 1904 θεις
398 1841 617 1905 ἄλλους,
650 1840 792 1895 ὥστε
823 1839 1102 1910 θαυμάσαι
1130 1838 1230 1909 μὲν
1283 1838 1515 1901 πάντας,
1550 1841 1641 1890 τὸν
1691 1837 1747 1890 δέ
1782 1854 1847 1905 γε

1953 641 2383 696 Ἰουστινιάνειον
2440 641 2735 712 τρίκλινον,
2784 642 2843 695 ὃν
2886 643 2914 694 ό
2969 641 3092 703 νέος
3158 639 3538 703 ’1ουστινιανδς

1941 732 2242 805 ὲδομήσατο
2275 735 2489 801 ἔξαιτον
2517 734 2647 788 ὄντα
2673 735 2768 787 καὶ
2820 735 2994 806 μέγαν
3057 735 3152 789 καὶ
3200 734 3537 803 θαυμαστὸν.

1939 828 2153 895 λέχριον
2181 827 2311 881 ὄντα
2335 829 2447 890 τοῖς
2478 827 2619 880 κατὰ
2656 828 2830 890 πύλας
2873 827 3101 879 εἰσιοῦσι
3161 826 3391 897 πρώτως
3445 836 3539 887 καὶ

1940 919 2149 973 ἄνωθεν
2183 918 2289 981 ἕως
2325 919 2474 973 κάτω
2518 920 2794 988 διήκοντα,
2857 920 3109 989 λαμπρὸν
3165 919 3265 987 μὲν
3316 935 3536 988 τοιχοις,

1940 1009 2192 1079 λαμπρὸν
2221 1010 2266 1063 δ’
2306 1010 2513 1078 ἐδάφει,
2550 1010 2643 1062 καὶ
2677 1011 2932 1079 περιττὸν
2969 1011 3031 1062 τὸ
3075 1013 3293 1075 κάλλος,
3349 1011 3407 1073 ὃς
3461 1011 3538 1080 τῷ

1943 1102 2121 1173 χρόνῳ
2143 1102 2533 1171 παρεγκλιθεὶς
2563 1104 2655 1157 ἐπὶ
2685 1102 2886 1174 θάτερα
2921 1106 3074 1156 νότου
3133 1104 3308 1173 βιαίου
3365 1104 3541 1156 πνεύ-
3641 1134 3646 1139 -

1946 1208 2138 1253 σαντος
2200 1191 2426 1263 ὕστερον
2472 1193 2826 1256 καταπίπτει,
2876 1193 2952 1255 ὡς
3004 1194 3138 1261 μηδὲ
3173 1195 3220 1246 εί
3278 1188 3345 1264 ἦν
3388 1189 3539 1257 οἶκος

1945 1284 2124 1337 ὲχεῖσε
2154 1286 2321 1338 πάλαι
2353 1285 2582 1349 καὶτοῖς
2634 1285 2802 1337 ίδοῦσι
2852 1284 3240 1356 γνωρίζεσθαι,
3277 1310 3348 1324 -ο
3395 1288 3539 1340 κατὰ

1945 1375 2134 1428 τοῦτον
2170 1376 2352 1429 τοίνυν
2386 1376 2477 1429 τὸν
2534 1376 2830 1447 τρίκλινον,
2894 1378 3180 1436 ἱστάμενον
3241 1379 3383 1442 τότε,
3439 1380 3537 1447 τῆς

1946 1467 2153 1532 τάξεως
2188 1470 2473 1537 γεγονυίας
2502 1470 2935 1541 μεγαλοπρεπῶς
2968 1473 3061 1523 καὶ
3093 1471 3167 1532 ὡς
3194 1471 3299 1524 ἔδει
3343 1488 3540 1538 πατρι-

1948 1561 2125 1631 άρχην
2179 1563 2560 1631 προϐάλλεται.
2624 1564 2799 1627 Εὑθύς
2849 1581 2910 1617 τε
2964 1564 3153 1628 κλόνος
3205 1561 3317 1617 οἷον
3346 1568 3541 1634 ἐπιση-

1952 1655 2134 1723 μαίνει
2186 1658 2249 1727 τῇ
2300 1658 2395 1726 γῇ,
2433 1655 2496 1728 [Ρ
2536 1655 2634 1729 98]
2679 1657 2774 1710 καὶ
2809 1662 2935 1721 παῖς
2963 1676 3044 1720 τις
3072 1659 3211 1710 κατὰ
3245 1658 3339 1727 τὴν
3394 1659 3539 1711 Νέαν

1950 1748 2133 1801 πεσὼν
2170 1750 2470 1803 κινδυνεύει
2500 1751 2578 1820 τῷ
2616 1750 2890 1821 πτώματι.
2922 1751 3173 1822 Τετάρτῃ
3220 1750 3277 1802 δὲ
3329 1751 3425 1803 καὶ
3449 1751 3536 1802 δε-

1954 1844 2095 1915 κάτῃ
2121 1844 2287 1911 μηνὸς
2324 1843 2791 1913 Ἑλαφηὸολιῶνος
2811 1845 2838 1897 ὁ
2866 1843 3190 1912 προόληθεὶς
3207 1844 3345 1913 πεζῇ
3372 1861 3540 1897 κατα-

267 1933 432 2003 μὲγαν
472 1931 774 2001 λογοθῶτην
817 1930 911 1984 καὶ
952 1932 1141 2001 γραφῇ
1176 1929 1365 1984 δοῦναι
1397 1931 1577 1982 ταῦτα
1627 1928 1856 1999 πεισθῆ·
1891 1924 1931 1979 Β
1958 1933 2226 2004 λαμϐάνει
2271 1933 2335 1986 τδ
2384 1934 2528 1986 θεῖον
2556 1936 2808 2003 τέμενος,
2866 1934 3063 2003 μικρὸν
3104 1933 3149 1986 δ’
3184 1933 3410 2003 ὕστερον
3445 1936 3541 1988 καὶ

265 2042 369 2168 ΞΤ.
397 2113 542 2183 Περί
601 2110 715 2181 τῆς
773 2110 1186 2191 προσλήσεως.
1224 2109 1590 2164 Ἀθαγασίου
1644 2112 1733 2174 είς
1782 2109 1853 2164 τὸ

829 2196 1281 2250 πατριαρχειον.

334 2294 489 2349 Οὕτω
523 2294 594 2366 δὴ
641 2294 739 2348 καὶ
768 2292 917 2361 ἅπαξ
970 2293 1065 2346 καὶ
1098 2293 1178 2356 δἰς
1208 2293 1302 2345 ἐπὶ
1335 2291 1534 2346 κοινῶν
1579 2290 1853 2355 συνάξεων

266 2386 605 2456 λαληθέντων
631 2384 742 2439 τῶν
762 2383 884 2438 κατ’
913 2385 1145 2451 ἐκεῖνον,
1181 2384 1369 2455 ιπειδὴ
1417 2381 1524 2436 ἔδει
1569 2383 1665 2435 καὶ
1704 2384 1855 2453 παρὰ

270 2478 529 2550 βασιλέως
588 2476 1014 2549 προδάλλεσθαι,
1076 2477 1516 2548 ὑποτεμνόμενος
1566 2478 1597 2528 δ
1637 2475 1855 2547 κρατῶν

265 2658 546 2730 iudicavit,
601 2657 647 2713 si
677 2671 804 2728 quae
855 2655 1176 2711 ferebantur
1207 2654 1274 2711 de
1302 2654 1398 2709 illo
1432 2654 1575 2710 bona
1610 2669 1737 2708 vera
1771 2669 1856 2709 re-

270 2750 600 2818 perirentur,
635 2748 951 2803 necessario
975 2761 1206 2817 prorsus
1231 2747 1301 2801 ab
1324 2761 1392 2802 eo
1432 2747 1627 2803 abesse
1666 2747 1858 2815 depre—

271 2840 550 2897 hendenda
589 2855 712 2911 qua
738 2841 1149 2911 imputarentur
1172 2839 1251 2893 illi
1301 2838 1467 2902 tnala,
1491 2840 1693 2908 quippe
1728 2854 1853 2891 cum

248 2932 381 2991 .bac
410 2948 603 2987 veram
653 2932 1075 2989 subsistentiam
1117 2947 1224 2986 non
1269 2930 1525 2993 habeant,
1556 2933 1649 2985 sed
1687 2931 1860 2984 hono-

273 3038 388 3078 rum
441 3025 654 3095 quibus
726 3034 1083 3094 opponuntur
1130 3023 1434 3078 absentiam
1502 3026 1855 3091 exprimant,

273 3114 440 3169 lanna
474 3116 735 3186 loquendi
782 3117 1101 3186 negationes
1154 3115 1329 3171 instar
1374 3116 1856 3171 subsistentiarum

1953 2027 2368 2094 χειροτονεῖται.
2401 2026 2614 2078 Γίνεται
2640 2026 2696 2079 δὲ
2726 2026 2819 2079 καὶ
2846 2027 2968 2078 τότε
2997 2028 3223 2094 σημεῖον
3273 2025 3502 2091 σύνηθες
3522 2038 3540 2056 ο

1953 2115 2217 2183 νηνεμίας
2255 2114 2361 2184 γὰρ
2396 2112 2564 2182 οῢσης
2606 2117 2706 2177 τὰς
2764 2116 2899 2185 πρὸς
2928 2114 3004 2183 τῷ
3035 2114 3322 2184 στασειδὶῳ
3362 2132 3542 2182 φωτα-

1953 2205 2167 2273 γωγοὺς
2193 2205 2355 2274 μέσον
2382 2207 2445 2258 ἐκ
2472 2205 2579 2257 τῶν
2612 2206 2755 2257 κατὰ
2788 2205 2986 2257 κύκλον
3005 2205 3448 2274 ἀπῃωρημένων,
3470 2204 3539 2269 ἃς

1954 2297 2063 2357 πᾶς
2092 2313 2175 2359 τις
2209 2297 2316 2348 τῶν
2362 2297 2421 2349 ὲν
2447 2295 2636 2365 κλήρῳ
2696 2295 2783 2350 ἐπ’
2819 2296 3014 2367 ὲκὸολῇ
3051 2298 3391 2367 πατριάρχου
3442 2316 3539 2368 ση-

1959 2389 2110 2455 μείον
2147 2382 2291 2457 εῖχεν
2320 2388 2459 2457 (ἅμα
2489 2388 2599 2457 γάρ
2624 2391 2827 2440 ἐκεῖναι
2853 2389 3192 2457 τελουμένων
3216 2389 3324 2441 τῶν
3352 2388 3538 2459 ὕμνων

1955 2477 2211 2544 ἐσείοντο,
2262 2479 2357 2531 καὶ
2385 2483 2412 2532 ὁ
2448 2479 2661 2550 βλέπω-ι
2704 2481 2933 2549 ὲκόολὴν
2978 2481 3225 2534 κατενόει
3267 2480 3359 2535 τοῦ
3416 2482 3539 2535 τότε

1958 2653 2176 2710 lestiam
2208 2656 2262 2710 in
2300 2655 2484 2710 locum
2512 2657 2563 2711 ei
2600 2656 2868 2712 functioni
2899 2658 3123 2713 solitum
3154 2658 3344 2721 eundi.
3373 2671 3542 2712 cmre-

1961 2751 2202 2803 muniam
2243 2750 2402 2802 istam
2431 2751 2549 2804 ﬁeri
2581 2751 2752 2804 voluit
2777 2751 2919 2819 apud
2962 2766 3219 2818 magnum
3275 2750 3540 2819 palatium

1960 2841 2012 2897 in
2046 2840 2288 2894 triclinio
2322 2840 2698 2902 Justinianeo.
2753 2842 2898 2911 quod
2953 2841 3307 2897 Justinianus
3351 2842 3545 2911 junior

1957 2942 2333 2987 exstruxerat.
2372 2935 2507 2989 Aula
2544 2937 2657 2989 haec
2706 2946 2789 2989 cst
2823 2936 3076 3004 insignis,
3131 2940 3309 3004 ampla
3351 2936 3548 2990 miriti-

1957 3039 2129 3094 eequc
2162 3035 2380 3088 ornata,
2441 3028 2662 3093 oblique
2708 3043 2977 3095 apparens
3030 3029 3237 3095 primas
3292 3031 3542 3097 protinus

1960 3119 2146 3169 Valvas
2178 3116 2572 3180 subeuntibus,
2615 3132 2642 3167 a
2676 3131 2894 3170 summo
2946 3117 3189 3184 fastigio,
3254 3118 3374 3169 sine
3431 3118 3543 3172 ulla

274 3221 630 3278 proponente,
663 3210 740 3263 uti
787 3225 888 3264 nec
924 3212 1120 3265 domus
1170 3210 1362 3265 eadem
1399 3210 1577 3265 lucem
1608 3226 1673 3265 ac
1715 3222 1863 3266 tene-
1962 3195 2383 3271 interpositione
2419 3209 2610 3261 mediae
2637 3208 3088 3275 contignationis,
3124 3209 3189 3260 ad
3224 3208 3395 3261 imum
3433 3223 3547 3263 uno

279 3302 394 3357 bras
422 3303 593 3356 simul
630 3312 830 3356 teneat.
870 3301 1015 3373 Ergo
1042 3317 1169 3357 cum
1212 3316 1279 3357 es
1316 3303 1384 3358 iis
1413 3306 1733 3359 convocatis
1764 3307 1857 3374 qui
1887 3291 1931 3348 C
1963 3301 2129 3354 ductu
2188 3302 2492 3369 pertinens,
2554 3303 2729 3355 muris
2778 3301 2901 3354 hine
2936 3302 3061 3353 inde
3132 3302 3544 3368 speciosissime

275 3392 635 3448 Athanasium
687 3395 986 3449 laudabant
1019 3397 1163 3449 bona
1211 3396 1478 3464 reperiret
1512 3396 1682 3452 ei‘ab
1723 3398 1858 3467 ipsis

279 3485 459 3550 tribui,
495 3488 662 3540 etiam
697 3483 1021 3540 amt-mando
1056 3501 1181 3541 cum
1209 3485 1526 3555 iuramento
1552 3502 1612 3542 se
1641 3503 1769 3541 vere
1803 3497 1858 3543 et

278 3589 337 3628 ex
365 3588 519 3630 certa
543 3579 770 3631 scientia
802 3578 975 3647 loqui,
1010 3593 1307 3647 persuasus
1330 3578 1476 3646 quod
1521 3578 1759 3644 volebat,
1790 3583 1855 3632 ad

278 3670 535 3737 populum
595 3669 662 3723 de
715 3669 819 3724 hoc
884 3682 1211 3739 argumento
1269 3670 1548 3733 disseruit,
1618 3673 1856 3738 prinnnn

275 3764 569 3817 ostendens
613 3763 877 3816 malitiam
924 3760 1103 3831 aﬂingi
1152 3762 1334 3816 exosis
1378 3777 1443 3816 ex
1490 3764 1634 3816 malo
1678 3765 1861 3818 obtre-

275 3860 538 3912 ctantium
564 3863 784 3922 animo;
817 3858 1034 3925 lateque
1071 3858 1123 3909 in
1153 3855 1259 3911 huc
1287 3871 1482 3927 campo
1519 3858 1640 3927 ejus
1681 3868 1858 3911 oratio

276 3952 591 4013 exsultavit,
626 3951 912 4018 magn-lica
958 3949 1361 4003 declamatione
1407 3951 1701 4003 traducens
1748 3965 1861 4001 me-

282 4056 552 4097 moratum
628 4042 923 4113 Evangelia
986 4042 1307 4096 thesaurum
1360 4040 1563 4093 malum
1629 4040 1855 4093 humani

281 4139 479 4200 cordis,
514 4138 658 4190 utnle
692 4135 844 4190 falsa:
878 4151 943 4191 ac
973 4135 1330 4189 caluntniost'e
1363 4135 1418 4188 in
1462 4134 1713 4187 homines
1752 4134 1859 4188 cri-

284 4230 608 4280 minationes
654 4226 1026 4294 prol‘erantnr.
1091 4224 1295 4279 Deinde
1334 4224 1619 4293 productis
1671 4234 1728 4279 et
1789 4241 1855 4279 ex

283 4321 506 4372 adverso
532 4317 847 4373 constitutis
882 4315 1039 4388 145
1076 4318 1143 4371 iis
1178 4315 1275 4385 qui
1308 4314 1451 4370 bona
1474 4317 1541 4370 de
1558 4316 1858 4371 Athanasio

286 4412 643 4473 testabantur,
674 4409 841 4478 jussit
880 4410 1005 4462 illus
1045 4423 1168 4477 quae
1203 4419 1487 4478 comperta
1522 4407 1587 4461 de
1617 4408 1712 4461 illo
1763 4408 1859 4461 ha-

286 4500 469 4555 berent
507 4504 713 4555 dicere.
740 4498 803 4553 Hi
841 4508 951 4552 tam
975 4503 1198 4569 copiose
1222 4515 1284 4554 ac
1308 4500 1681 4555 verisimiliter
1702 4499 1855 4554 illum

286 4600 665 4659 prelicarunt,
716 4592 961 4661 repetitis
1019 4593 1208 4655 etiam,
1274 4592 1477 4661 quibus
1521 4591 1633 4660 jam
1694 4590 1854 4645 [idem

287 4687 467 4739 talium
515 4688 763 4755 Augusto
807 4682 1074 4749 fecerant,
1105 4683 1458 4753 iuramentis,
1505 4695 1559 4738 et
1600 4685 1860 4738 adhibitis

289 4778 400 4831 alus
423 4779 640 4841 endem,
676 4776 877 4845 quibus
929 4777 1090 4845 vulgo
1121 4778 1199 4829 uti
1238 4789 1578 4831 consuevere
1608 4776 1703 4845 qui
1747 4787 1862 4831 stu-

286 4872 431 4925 diose
458 4872 652 4923 dicunt
677 4869 744 4922 ad
776 4869 1213 4938 persuasionem,
1245 4866 1558 4923 eincacibus
1582 4868 1858 4942 formulis,

292 4966 356 5014 ita
385 4974 614 5017 cunctos
649 4963 702 5014 in
729 4962 1053 5015 sententiam
1082 4970 1392 5025 traxerunt,
1417 4971 1478 5014 ut
1497 4961 1858 5019 Athanasium

292 5058 374 5121 qui
405 5062 634 5109 aderant
662 5068 759 5123 pro
793 5054 911 5107 viro
944 5052 1104 5122 plane
1138 5052 1369 5108 miriﬁco
1406 5053 1770 5123 suspicerent,
1810 5062 1863 5109 et

295 5162 513 5217 magnus
544 5147 822 5216 logotheta
860 5146 1047 5200 induci
1094 5159 1156 5200 se
1185 5148 1391 5202 sineret
1418 5148 1487 5200 ad
1519 5161 1583 5201 ea
1631 5163 1753 5216 qua:
1792 5146 1861 5202 de

295 5239 379 5292 illo
405 5242 695 5309 splendide
731 5239 1054 5292 ferebantur
1090 5238 1301 5309 scripto
1335 5239 1773 5309 complectenda.

361 5335 444 5387 15.
482 5333 556 5386 De
585 5334 915 5402 promotioue
945 5329 1227 5386 Athanasii
1261 5333 1316 5386 in
1337 5332 1781 5401 patrima/ratum.

360 5426 413 5480 ln
442 5429 588 5481 hunc
618 5433 835 5479 modum
867 5441 994 5480 cum
1058 5426 1227 5481 semel
1280 5438 1335 5481 et
1395 5428 1592 5481 iterum
1623 5426 1676 5481 in
1724 5441 1858 5482 con-

294 5520 536 5574 ventibus
582 5520 752 5573 locuti
810 5521 878 5572 de
926 5517 1230 5575 Athanasio
1270 5519 1505 5577 fuissent
1548 5520 1640 5590 qui
1664 5520 1714 5575 ei
1775 5519 1858 5575 ia-

297 5613 504 5675 vehant,
544 5625 646 5665 nec
695 5611 991 5680 quidquam
1049 5612 1160 5682 jam
1220 5613 1525 5667 desiderari
1581 5612 1858 5667 videretur

296 5701 388 5754 nisi
421 5714 477 5756 ut
507 5710 619 5755 tam
655 5704 857 5770 dignus
886 5706 1033 5757 omni
1073 5706 1282 5759 honore
1311 5707 1397 5760 vir
1428 5706 1481 5759 in
1518 5706 1852 5761 destinatum

293 5791 335 5843 ei
359 5792 615 5846 thronum
650 5793 720 5847 ab
751 5793 1085 5864 imperatore
1115 5805 1550 5865 promoveretur,
1585 5811 1849 5866 compen-

289 5881 519 5943 diiacere
547 5884 628 5941 illi
663 5884 948 5957 Augustus
982 5887 1124 5945 idem
1151 5890 1378 5948 studens
1401 5904 1611 5946 tuorum
1638 5902 1692 5947 ct
1724 5907 1844 5950 mo-
1896 5882 1913 5893 “’

1961 3390 2303 3455 incrustatis,
2331 3403 2505 3447 strato
2532 3408 2753 3463 quoque
2786 3393 2904 3461 pari
2949 3394 3356 3462 magniﬁcentia
3393 3394 3546 3462 pavi-

1964 3496 2147 3538 mento
2171 3486 2482 3552 splendida,
2535 3486 2816 3555 elegantia:
2848 3488 3008 3552 plane
3048 3485 3540 3555 incomparabilis;

1961 3580 2105 3647 quod
2179 3585 2368 3648 postea
2421 3576 2714 3633 aedilicium
2777 3588 3043 3634 vetustate
3110 3579 3431 3632 inclinatum
3487 3580 3545 3632 in

1962 3671 2201 3735 ruinam,
2259 3672 2722 3740 superingruente
2775 3674 3010 3741 denique
3039 3673 3093 3725 in
3150 3687 3376 3741 pronam
3440 3672 3545 3726 aevi

1961 3780 2167 3835 quassu
2210 3776 2347 3834 parti
2368 3780 2418 3818 in
2444 3774 2635 3822 austro
2666 3769 2998 3832 vehementi,
3036 3766 3333 3833 procubuit
3361 3774 3548 3835 strage

1963 3859 2171 3926 ingenti
2204 3860 2524 3923 concidens,
2562 3858 2634 3911 ita
2668 3869 2725 3912 ut
2762 3860 2922 3912 hodie
2974 3859 3314 3913 intuentibus
3360 3860 3539 3910 locum

1962 3968 2030 4006 ne
2059 3953 2285 4022 Vesugia
2316 3954 2534 4021 quidem
2574 3961 2667 4006 aut
2715 3954 3342 4021 reliquimcsupcrstites
3375 3952 3545 4005 ullius

1964 4043 2015 4096 in
2049 4058 2115 4097 eo
2180 4043 2321 4105 solo,
2384 4044 2584 4096 nedum
2651 4053 2758 4095 tam
2801 4043 3027 4094 illustris
3083 4051 3374 4095 structurae
3429 4042 3545 4095 illic

1962 4136 2092 4189 olim
2144 4146 2340 4189 erecta:
2392 4135 2655 4189 indicium
2716 4135 2940 4188 faciant.
2978 4132 3036 4187 in
3091 4135 3195 4186 hoc
3227 4149 3357 4201 ergo
3414 4143 3547 4188 tunc

1962 4237 2144 4282 stante
2196 4227 2435 4282 triclinio
2493 4243 2735 4298 congrua
2793 4227 2883 4281 tali
2945 4226 3213 4280 functioni
3292 4224 3545 4293 magniﬁ-

1961 4322 2139 4374 centia
2160 4321 2557 4390 promotionem
2593 4321 2646 4374 in
2676 4319 3102 4395 patriarehatu’um
3128 4318 3411 4400 Athanasii
3433 4316 3549 4370 Au-

1963 4424 2158 4481 gustus
2183 4415 2498 4468 celebravit.
2551 4415 2703 4478 Quod
2748 4412 2865 4466 ﬁeri
2916 4414 3045 4465 dum
3093 4411 3384 4480 inciperet,
3435 4424 3539 4463 au-

1963 4503 2136 4572 Spicio
2165 4506 2350 4557 statim
2387 4505 2528 4557 haud
2568 4520 2831 4574 prospero
2864 4513 3006 4556 terra
3040 4518 3146 4556 non
3180 4504 3298 4556 sine
3323 4502 3543 4573 fragore

1893 4628 1938 4685 υ
1965 4597 2318 4658 contremuit,
2344 4605 2397 4648 et
2429 4611 2565 4664 puer
2624 4596 2844 4664 quidam
2876 4594 3022 4647 circa
3080 4592 3248 4647 Neam
3301 4609 3543 4650 excuSsu

1970 4701 2235 4743 corruens
2259 4688 2498 4754 graviter
2536 4703 2603 4740 ex
2651 4686 2812 4757 146
2864 4701 2996 4740 casu
3043 4695 3121 4740 est
3178 4687 3543 4753 periclitatus.

1965 4777 2169 4844 Quarta
2206 4794 2369 4847 pnrro
2419 4788 2473 4832 et
2502 4780 2715 4833 decima
2743 4782 2830 4832 die
2867 4778 3073 4832 mensis
3126 4773 3380 4832 Octobris
3413 4792 3544 4847 pro-

1965 4880 2150 4925 motus
2181 4870 2293 4940 jam
2326 4871 2637 4940 patriarcha
2695 4871 2859 4939 pedes
2895 4885 2953 4924 se
3010 4871 3244 4925 contulit
3280 4871 3347 4923 ad
3404 4870 3545 4923 divi-

1965 4975 2097 5014 num
2134 4962 2420 5029 templum.
2454 4975 2518 5014 ac
2548 4961 2710 5028 paulo
2747 4970 2871 5029 post
2906 4969 2988 5014 est
3026 4962 3335 5015 ordinatus.
3384 4962 3444 5014 lu
3477 4975 3544 5015 ea

1966 5052 2247 5108 iunctione
2300 5054 2701 5123 deprehensum
2759 5054 2979 5108 solitum
3026 5053 3241 5123 signum
3282 5062 3385 5116 est,
3431 5067 3547 5121 quo

1964 5148 2339 5203 declararetur
2363 5148 2509 5201 hunc
2535 5148 2902 5217 patriarcham
2929 5154 3057 5199 ante
3081 5152 3310 5197 mortem
3341 5145 3548 5200 throno

1964 5222 2397 5313 deturbandum,
2427 5240 2641 5295 Etenim
2669 5243 2850 5309 quieto
2877 5239 3017 5293 cmlo
3045 5240 3321 5308 nullisque
3361 5253 3543 5294 aerem

1963 5335 2141 5389 ventis
2175 5330 2475 5397 cientibus,
2513 5334 2763 5389 fenestris
2804 5348 2925 5401 quae
2970 5347 3035 5385 cx
3072 5334 3280 5386 circum
3309 5347 3404 5401 per
3444 5347 3541 5402 gy-

1967 5444 2087 5482 rum
2122 5428 2230 5482 alte
2261 5428 2546 5497 dispositis
2590 5427 2762 5481 sedile
2803 5425 3117 5494 inaugurati
3164 5440 3394 5493 superne
3421 5439 3547 5493 spe-

1962 5522 2202 5581 ctabant,
2233 5521 2364 5574 dum
2420 5523 2606 5591 hymni
2665 5521 2810 5575 sacri
2863 5521 3296 5588 complerentur,
3347 5526 3548 5583 sponte

1961 5628 2250 5668 concussa:
2313 5628 2463 5669 sunt.
2512 5615 2890 5669 Observabam
2931 5614 3148 5667 curiose
3201 5613 3306 5665 hoc
3356 5609 3541 5679 ipsum

1958 5722 2026 5760 an
2066 5708 2219 5761 lierct
2251 5708 2435 5762 clerici
2484 5723 2720 5771 ontnes;
2754 5720 3023 5775 quorum,
3075 5705 3166 5757 ubi
3216 5717 3405 5756 revera
3454 5703 3535 5756 sic

1958 5801 2165 5855 factum
2194 5801 2721 5862 attitttatlverterunl,
2760 5813 2921 5852 nemo
2958 5796 3253 5861 dubitavit,
3307 5794 3442 5867 quin
3485 5804 3543 5850 et

1957 5895 2045 5951 hic
2064 5894 2400 5951 Athanasius
2428 5893 2764 5963 de-jicicudus
2793 5892 2921 5950 sede
2945 5890 3087 5948 foret
3112 5890 3296 5949 adhuc
3325 5891 3542 5959 vivens.
