3922 6556
1710 277 1811 291 αντ.
1862 277 1871 283 .

362 413 479 479 165

1264 419 1359 478 DE
1391 415 1840 479 ANDRONICO
1883 407 2354 473 PALIEOLOGO
2386 407 2516 468 LIB
2563 406 2646 467 Il.

3528 405 3633 478 165

360 531 587 596 τὰς’τῆς
617 528 913 599 ἑϐδομάδος
937 527 1229 599 νηστίμους
1257 529 1584 605 καταλύουσι
1614 530 1715 600 μὲν
1755 528 1835 591 είς
1867 526 1942 577 δι·
1976 535 2016 586 Α
2044 520 2375 576 λελεύκωται
2400 520 2460 573 τὸ
2488 519 2910 590 χειρόμακτρον,
2941 516 3005 588 [Ρ
3046 516 3167 590 100]
3213 517 3287 580 ὡς
3313 517 3507 588 ἐλούοη
3534 515 3629 573 οὒ-

362 617 587 684 ςαγίαν,
647 617 977 671 καταλύουσι
1023 617 1077 670 δὲ
1109 617 1200 670 καὶ
1227 620 1306 681 είς
1350 613 1490 671 οἶνον
1537 616 1793 678 πολλάκις
1850 615 1943 667 καὶ

363 708 570 779 ἔλαιον,
602 711 703 766 ,καὶ
731 707 1127 778 ⁸παραρτὺμεισι
1161 709 1421 779 χρῶνται,
1472 709 1570 763 καὶ
1616 708 1765 778 παρὰ
1819 707 1944 768 τοὺς

363 798 597 863 πολλοὺς
650 800 962 870 τρέφονται,
1006 801 1100 855 καὶ
1154 801 1227 864 ὡς
1275 801 1534 872 χρήματά
1579 818 1723 864 τινες
1754 799 1943 868 ἔχοιεν.

364 890 482 943 Καὶ
508 890 759 943 τοσοῦτον
791 891 1170 961 ἐφιλοκρίνουν
1225 892 1397 944 ταῦτα
1442 895 1533 945 καὶ
1595 894 1805 953 ποιναῖς
1861 890 1948 955 ἐξ·-

364 978 648 1043 εκόὶαςον,
674 979 749 1043 ὡς
783 978 858 1049 μὴ
889 981 1047 1048 μόνον
1072 982 1196 1043 τοὺς
1247 980 1670 1050 ἀδιαφοροῦντας
1718 980 1947 1033 δεδιέναι

366 1071 467 1122 καὶ
488 1070 712 1141 τρέμειν
742 1071 841 1139 τὴν
877 1073 1099 1125 ἐκείνων
1151 1073 1492 1138 ἐπιστασίαν,
1536 1072 1610 1134 ὡς
1681 1073 1726 1124 εί
1787 1071 1946 1141 μόνον

364 1161 828 1232 πίνοσαγγελοεῖεν
858 1163 1357 1234 κολασθησομένους
1390 1166 1458 1217 τὰ
1491 1164 1747 1233 μέγιστα,
1812 1160 1947 1214 ἀλλὰ

363 1254 574 1305 καὶτὸν
601 1252 860 1305 δοκοῦντα
904 1255 1427 1322 προσεκτικὼτατον.
1495 1256 1604 1308 Καὶ.
1667 1254 1801 1323 ὅπερ
1856 1252 1948 1304 ἐπὶ

362 1344 466 1397 τοῦ
497 1345 758 1414 σκορπίου
788 1346 973 1414 φασὶν.
994 1347 1057 1399 ἐκ
1087 1346 1184 1416 τῆς
1230 1348 1372 1415 ὀπῆς
1411 1348 1621 1412 ἐξιόντα
1678 1346 1842 1416 μηδὲν
1874 1344 1949 1397 εί-

362 1434 521 1487 δέναι
551 1436 657 1505 ὅπη
688 1435 749 1489 τὸ
778 1437 998 1507 κέντρον
1029 1438 1347 1509 προσϐάλοι,
1380 1438 1493 1491 ἀλλ’
1533 1439 1690 1500 εὐθὺς
1748 1435 1948 1489 ἐνιέναι

369 1533 533 1593 πᾶσι,
564 1531 656 1582 καὶ
681 1532 868 1596 φυτοῖς
898 1532 990 1581 καὶ
1013 1532 1239 1599 πέτραις
1271 1533 1363 1583 καὶ
1402 1531 1565 1595 ζώοις
1610 1532 1701 1583 καὶ
1738 1533 1832 1602 γῇ,
1880 1531 1949 1583 τὰ

355 1619 541 1686 ,αὑτοῦ
570 1620 898 1690 πράττοντα,
930 1618 1071 1672 οὕτω
1097 1622 1367 1684 κάκείνοις
1420 1622 1677 1691 ἄντικρυς
1705 1617 1772 1691 ἦν
1822 1622 1948 1674 τοὺ-

366 1712 710 1781 πιτήδευμα,
771 1712 963 1764 ἐνιείσι
1009 1716 1233 1781 πικρίαν
1294 1710 1374 1776 οἷς
1414 1715 1696 1767 ἐπισταῐεν
1737 1713 1824 1766 διὰ
1851 1713 1949 1785 τὴν

363 1799 467 1852 τοῦ
501 1799 969 1871 πατριαρχοῦντος
999 1803 1092 1854 ἐπὶ
1114 1804 1298 1867 πᾶσιν,
1319 1802 1392 1865 ὡς
1417 1804 1608 1871 ἐδόκει,
1641 1806 1946 1875 ἀκρίϐειαν.

2047 630 2160 679 τος,
2184 613 2257 674 ὡς
2282 615 2489 675 ἐκεῖνος
2516 609 3008 683 ὰπερῤᾳῦύμησεν,
3039 608 3112 673 ὡς
3147 610 3319 678 φίλοις
3342 613 3631 679 ἐχρήσατο,

2045 705 2122 768 ὡς
2146 704 2451 774 ἀσθενήσας
2485 705 2650 773 ἰατρῷ
2678 703 2977 773 προσῆλθε.
3014 704 3121 755 Καὶ
3148 706 3228 765 τίς
3265 704 3328 755 ἂν
3362 706 3426 756 τὰ
3449 702 3629 758 αἰτιά-

2052 814 2194 866 ματα
2260 798 2639 863 ἀριθμήσειεν,
2704 794 2739 847 ἃ
2806 795 2868 864 δὴ
2901 795 2995 847 καὶ
3043 794 3119 856 ὡς
3175 795 3265 846 ἐπὶ
3303 799 3505 865 σκηνῆς
3538 795 3630 848 τοῦ

2050 889 2164 958 βίον
2185 889 2293 941 τῶν
2322 890 2683 957 ταλαιπώρων
2719 888 3023 958 ἀνθρώπων
3062 891 3094 956 ἡ
3150 888 3437 958 ﬁnita-9i};
3469 889 3629 956 φύσις

2046 980 2123 1041 ὡς
2171 980 2399 1049 ἐφόλκια
2458 979 2821 1046 ἐπισύρεταις
2899 976 2993 1043 Οἷς
3042 984 3237 1034 ἐκεῖνοι
3278 984 3629 1049 ἐπιφυόμενοι

2048 1072 2432 1134 κατωνείδιζον
2485 1074 2577 1123 καὶ
2618 1072 2843 1142 ἡτίμουν
2878 1075 2967 1125 καὶ
2993 1076 3312 1143 περιέσυρον
3340 1075 3433 1127 καὶ
3461 1075 3632 1141 φυλα-

2051 1164 2169 1226 καῖς
2199 1163 2604 1233 ἀπαρακλήτοις
2628 1164 2870 1216 δικαιοῦν
2901 1166 3000 1217 οὐκ
3032 1166 3245 1233 ἔληγον.
3291 1161 3396 1219 Ἦν
3431 1168 3492 1236 δή
3526 1183 3628 1218 που

2052 1259 2146 1310 καὶ
2175 1257 2281 1310 ἀπὸ
2313 1257 2491 1327 μονῶν
2520 1258 2763 1326 ἐξέλεγον
2812 1259 3091 1329 χρήματα,
3127 1259 3201 1321 ὡς
3265 1252 3398 1328 ὖλίην
3440 1259 3628 1311 παθῶν

2052 1350 2407 1413 ὑποσπῶντες
2434 1348 2603 1401 ταῦτα
2638 1351 2729 1402 καὶ
2783 1350 2843 1401 τὸ
2874 1350 2981 1419 πῦρ
3025 1349 3124 1419 τῆς
3172 1350 3476 1419 ἐμπαοείας
3539 1354 3627 1402 ἐν-

2049 1438 2239 1492 τεῦθεν
2300 1440 2700 1510 ἁπομαραίνειν
2752 1439 3128 1504 δικαιοῦντες-
3172 1442 3220 1493 εί
3271 1442 3326 1493 δὲ
3384 1444 3473 1494 ml.
3505 1445 3627 1505 ταῖς

2050 1530 2235 1597 χερσὶν
2257 1529 2479 1581 ἐκείνων
2503 1530 2553 1580 οί
2592 1527 2908 1598 σπινθῆρες,
2943 1528 3019 1592 ὡς
3053 1529 3258 1594 ἔδοξαν,
3310 1531 3628 1584 ἐνεσποδιι-

2052 1619 2224 1683 ζοντο,
2260 1618 2573 1689 Ἡράκλεις,
2605 1622 2713 1681 τοῖς
2752 1620 2945 1684 ἄλλων,
3022 1622 3050 1674 ὃ
3092 1639 3272 1688 φασιν,
3328 1623 3544 1693 ἰατροῖς,
3581 1624 3630 1675 εί

2050 1709 2266 1762 ἕλκεσιν
2290 1710 2501 1779 ἔϐρυον.
2533 1710 2724 1778 Ὅμως
2752 1711 2932 1780 μέντοι
2965 1715 3118 1781 μῖσος
3170 1714 3270 1767 οὐκ
3313 1714 3492 1783 ὀλίγον
3545 1718 3604 1767 ἐν

2051 1800 2240 1852 τεῦοεν
2274 1800 2423 1870 σφίσι
2457 1803 2605 1866 παρᾶ
2637 1801 2847 1854 πολλῶν
2875 1804 3160 1874 ἐντὲτροφε
3213 1808 3306 1859 καὶ
3367 1805 3629 1870 domno“;

379 1892 611 1961 Ἐκείνῳ
645 1892 702 1944 τὸ
734 1893 956 1962 εὑρεθὲν
984 1895 1204 1963 χρυσίον
1263 1881 1625 1962 κατάγνωσις,
1669 1898 1845 1967 τούτῳ
1890 1898 1951 1949 τὸ
1983 1897 2024 1950 Β
2057 1893 2235 1961 μῆνις,
2269 1894 2749 1959 aestimasset-670w
2783 1896 3048 1958 ἅπαντες,
3078 1898 3301 1951 ἐκείνων
3333 1900 3630 1969 σπενδομέ-

366 1982 483 2035 τῶν
520 1983 747 2052 ἱματίων
774 1984 981 2046 καινὸν,
1013 1984 1156 2055 ἄλλῳ
1180 1988 1241 2037 τὸ
1266 1986 1386 2039 δνσὶ
1425 1990 1763 2058 χιτωνίσκοις
1796 1989 1828 2060 ἢ
1856 1989 1948 2041 καὶ

367 2076 525 2144 τρισὶ
556 2075 813 2145 χρῆσθαι,
848 2075 992 2145 ἄλλῳ
1014 2077 1095 2128 ὅτι
1161 2077 1189 2128 6
1240 2080 1471 2148 σταυρὸς
1515 2079 1573 2143 ἐξ
1625 2081 1863 2151 ἀργύρου
1913 2080 1946 2151 ἢ

372 2164 485 2233 μὴν
515 2165 610 2215 καὶ
640 2165 883 2234 χρυσίου,
910 2165 1004 2217 καὶ
1035 2165 1114 2217 ὅτι
1162 2167 1459 2237 πο>.ντελὴς
1491 2171 1944 2235 κατεσκεύασται,

369 2253 612 2325 ἅλλῳὼς
638 2256 695 2308 τὸ
723 2256 1063 2329 μαχαιρίδων
1120 2254 1180 2313 εὖ
1231 2260 1486 2331 ἤσκηται,
1535 2261 1625 2314 καὶ
1673 2262 1815 2333 ἄλλῳ
1873 2263 1948 2326 ὡς

371 2450 738 2496 causarentur
769 2441 984 2496 licentia
1024 2443 1297 2497 relaxasse
1326 2442 1672 2515 disciplinam
1704 2461 1803 2499 nec
1830 2444 1944 2514 jam

373 2550 536 2589 more
572 2535 963 2589 monachorum
996 2537 1220 2605 antiquo
1253 2536 1454 2591 viVere.
1504 2536 1717 2591 Etenim
1749 2540 1947 2608 quibus

370 2631 575 2701 quavis
604 2630 941 2685 hebdomade
971 2630 1165 2685 diebus
1200 2630 1464 2685 indictum
1496 2631 1623 2684 olim
1677 2631 1747 2685 sit
1801 2631 1947 2699 jeju-

371 2722 555 2784 nium,
588 2720 653 2772 iis
680 2720 779 2773 hos
809 2719 983 2772 nihilo
1022 2720 1204 2774 secius
1264 2719 1347 2774 bis
1378 2720 1689 2784 comedere,
1713 2727 1767 2773 et
1823 2720 1948 2789 qui-

371 2814 499 2867 dem
532 2825 676 2881 saepe
708 2812 837 2865 vino
868 2820 921 2865 et
959 2812 1081 2865 oleo
1130 2810 1432 2877 adhibitis;
1491 2822 1753 2880 praeterea
1809 2825 1946 2864 con-

364 2905 639 2960 dimentis
662 2905 736 2957 uti
795 2919 859 2958 ac
894 2906 999 2958 ritu
1051 2904 1198 2959 vesci
1247 2904 1631 2968 saecularium;
1681 2905 1944 2972 quosdam

371 3001 540 3052 etiam
570 3015 638 3054 es
668 2998 799 3067 ipsis
832 2998 1096 3067 pecunias
1123 2998 1347 3053 habere.
1383 2999 1439 3052 In
1468 3002 1580 3051 lucc
1626 3008 1732 3049 tam
1761 3010 1948 3049 severe

370 3087 758 3143 odiusissimas
814 3085 1197 3156 inquisitiones
1241 3096 1295 3141 et
1343 3087 1517 3156 rigida
1553 3086 1758 3157 judicia
1793 3100 1950 3139 scru-

373 3183 563 3237 tandis
589 3183 868 3236 inhianter
902 3197 966 3235 ac
1006 3180 1201 3251 cupide
1253 3181 1449 3237 libellis
1482 3181 1813 3251 iudiciisque
1853 3182 1947 3235 de-

370 3274 614 3329 latorum
646 3272 993 3337 exercebant,
1015 3282 1073 3324 ut
1101 3286 1212 3324 non
1232 3276 1446 3324 tantum
1476 3270 1570 3338 qui
1595 3284 1784 3323 revera
1812 3264 1951 3321 mtil-

368 3365 535 3420 lioris
587 3379 750 3435 quam
779 3372 957 3418 status
982 3370 1232 3433 posceret
1262 3362 1597 3437 monasdcus
1632 3361 1735 3414 sibi
1767 3370 1954 3415 essent

370 3459 551 3513 diattte
581 3455 813 3519 conscii,
847 3456 1101 3509 timerent
1131 3455 1527 3523 horrerentqne
1571 3453 1787 3506 illorum
1833 3453 1955 3505 ani-

372 3552 840 3614 madversionem,
881 3548 1064 3612 certi,
1116 3549 1163 3601 si
1227 3555 1403 3603 solum
1462 3547 1952 3615 quomodocunque

370 3645 832 3701 insimularentur
885 3659 915 3695 a
965 3656 1281 3710 quoquam,
1334 3641 1401 3694 ab
1451 3640 1538 3693 his
1598 3642 1783 3694 statim
1834 3653 1955 3694 sese

369 3736 615 3808 pessime
641 3732 980 3796 multandos,
1029 3733 1123 3789 sed
1163 3746 1262 3785 nec
1293 3733 1339 3785 si
1401 3732 1525 3800 quis
1563 3732 1839 3785 videretur
1894 3732 1951 3785 in

369 3844 444 3884 eo
469 3841 665 3895 genere
702 3826 781 3879 vel
800 3823 1358 3893 circumspectissime
1382 3837 1439 3877 se
1464 3838 1671 3890 gerere,
1697 3839 1951 3878 securum

373 3938 442 3978 se
482 3929 722 3990 putaret,
748 3920 941 3973 horum
969 3916 1243 3987 siquidem
1309 3916 1789 3969 indiscritninatim
1833 3931 1951 3970 om-

376 4014 549 4069 nibus
604 4010 952 4080 intemperies
1005 4008 1203 4063 infesta
1277 4007 1624 4071 minabatur,
1677 4008 1833 4076 plane
1895 4018 1955 4061 ut

375 4104 655 4172 scorpium
686 4102 843 4156 aiunt
863 4116 893 4155 e
909 4116 1043 4155 cavo
1071 4099 1449 4170 prodeuntem,
1470 4106 1745 4152 exsertum
1768 4096 1952 4150 caudte

374 4198 598 4251 lethahs
635 4195 886 4249 aculeum
913 4209 1064 4262 teque
1127 4193 1342 4245 cunctis
1367 4190 1634 4263 intentare
1660 4188 1821 4241 rebus
1855 4190 1953 4242 ob-

374 4289 504 4351 viis,
539 4286 763 4355 plantis,
794 4283 966 4348 saxis,
997 4281 1391 4346 animantibus,
1437 4281 1585 4334 nullo
1624 4279 1828 4353 delectu
1868 4294 1952 4331 re-

372 4390 656 4449 spectare,
689 4376 833 4445 quod
866 4391 1027 4429 sumn
1062 4384 1145 4429 est
1175 4382 1449 4455 agentem,
1482 4373 1586 4425 hoc
1619 4381 1724 4436 est,
1752 4370 1951 4425 innatae

370 4473 772 4539 obsequentem
830 4467 1491 4537 libidiniquibuscunque
1556 4481 1718 4535 quam
1777 4472 1951 4534 potest

2049 1998 2154 2034 νων
2187 1983 2361 2051 μόνων
2387 1978 2466 2042 οἷς
2496 1984 2558 2053 δὴ
2597 1989 2689 2037 καὶ
2719 1984 2793 2047 ὡς
2824 1987 2973 2048 ἰδίοις
2999 1988 3258 2058 ἐχρῶντο.
3321 1990 3537 2053 Πολλοῖς
3571 1991 3629 2043 δὲ

2051 2074 2143 2124 καὶ
2169 2072 2385 2141 πληγὰς
2410 2075 2671 2128 ἐνέτεινον
2696 2076 2917 2145 βαρείας
2949 2080 3216 2151 ἁμαρτεῖν
3262 2082 3496 2147 δόξασιν,
3521 2085 3630 2137 ἀπὸ

2050 2162 2214 2232 ζήλου
2250 2165 2407 2233 δῆθεν
2437 2166 2528 2217 καὶ
2546 2168 2852 2236 ἀκριϐείας,
2879 2169 2938 2221 τὸ
2965 2173 3341 2243 ἀπαραίτητον
3394 2175 3489 2226 ἐπὶ
3521 2178 3629 2228 πᾶ-

2049 2270 2133 2306 σιν
2161 2254 2500 2325 δεικνύμενοι
2525 2260 2617 2310 καὶ
2635 2261 3115 2329 ἀσυγκατάϐατον,
3152 2262 3241 2333 ὡς,
3272 2263 3478 2329 πάντας
3528 2265 3627 2336 μὲν

2052 2444 2242 2505 pluose
2276 2439 2590 2508 splendidus
2626 2442 2933 2496 notabatur.
2980 2442 3085 2497 Sed
3124 2454 3177 2498 et
3209 2460 3383 2513 usque
3418 2446 3484 2500 ad
3529 2448 3629 2502 has

2053 2528 2306 2582 minutias
2336 2533 2706 2584 morosissima
2734 2549 2964 2587 censura
2990 2535 3353 2589 descendebat
3383 2553 3397 2589 :
3425 2535 3502 2589 Er.
3537 2537 3627 2590 hic

2051 2633 2213 2686 quam
2246 2620 2525 2673 elaborato
2556 2622 2761 2675 alLthre
2813 2625 3036 2678 cultello
3090 2627 3295 2680 utitur!
3343 2628 3493 2681 Alter
3536 2628 3630 2682 ille

2051 2711 2260 2763 mantili
2289 2728 2450 2779 quam
2485 2715 2718 2766 candido
2747 2730 2940 2768 manus
2974 2719 3171 2785 tergit!
3209 2715 3278 2771 Ut
3314 2720 3414 2771 iste
3438 2720 3624 2774 lautus

2051 2807 2216 2859 nitet!
2258 2806 2325 2861 Ut
2362 2807 2535 2861 fracto
2563 2810 2702 2863 alius
2731 2821 2783 2862 et
2811 2812 2997 2882 deside
3028 2813 3340 2883 languescit
3390 2815 3577 2869 habitu
3604 2816 3619 2870 l

2052 2897 2122 2951 Ut
2151 2898 2342 2952 amicis
2371 2897 2602 2953 sollicite
2639 2903 2961 2970 obsequitur
2988 2904 3000 2956 !
3035 2903 3123 2967 Ut,
3158 2924 3279 2959 cum
3309 2917 3623 2975 :egrotaret,

2051 2986 2321 3039 medicum
2354 2989 2481 3039 adiit
2511 2990 2523 3041 !
2568 2999 2620 3042 et
2674 2991 2795 3057 quis
2828 2993 3134 3047 istiusmodi
3167 2996 3618 3052 criminationum

2008 3084 2015 3093 '
2054 3078 2523 3147 ineptissiuntrnm
2563 3083 2706 3136 ineat
2737 3086 3068 3139 numerum?
3100 3088 3235 3140 Nam
3271 3090 3321 3141 in
3358 3090 3421 3144 iis
3446 3093 3628 3145 enmi-

2055 3172 2157 3225 bus
2180 3189 2341 3240 quas,
2380 3176 2523 3228 \(‘lul
2552 3177 2602 3228 in
2628 3194 2808 3240 scena,
2845 3180 3143 3234 infelicium
3176 3181 3456 3236 hominum
3486 3200 3628 3238 reru-

2058 3279 2247 3319 mnosa
2283 3277 2473 3320 natura
2503 3271 2699 3324 solatio
2732 3273 3040 3342 urgentium
3082 3276 3471 3343 necessitatum
3503 3292 3626 3331 sar-

2058 3357 2212 3411 cinas
2241 3358 2360 3411 vitta
2391 3359 2760 3414 subsidinrum
2814 3362 3001 3427 trahit,
3056 3363 3287 3419 insidias
3338 3367 3626 3422 inhumani

2058 3449 2317 3503 satellites
2346 3451 2687 3505 collocabant
2734 3454 3051 3507 odiosarum
3088 3456 3524 3524 explet-alienum
3554 3475 3568 3524 ;
3594 3472 3628 3512 ε

2056 3540 2255 3608 quibus
2305 3553 2658 3610 exsurgentes
2711 3543 2761 3595 iu
2810 3545 3178 3611 deprehensos
3203 3549 3630 3601 stomachaban-

2059 3641 2164 3693 tur,
2195 3633 2575 3701 oltjurgahant,
2624 3637 2946 3702 multabnnt,
3000 3638 3396 3705 preltendentes
3442 3640 3626 3694 inimi-

2057 3724 2423 3789 sericorditer,
2481 3728 2778 3793 prehensos
2835 3729 3197 3797 ignominioso
3254 3731 3535 3787 trahentes
3568 3733 3622 3787 in

2056 3816 2335 3873 custodias
2393 3819 2758 3881 tristissimas,
2822 3820 2911 3873 ubi
2969 3820 3089 3875 sine
3141 3839 3237 3892 spe
3298 3825 3623 3893 impetrandi

2055 3910 2368 3973 laxamenti,
2398 3911 2517 3965 sine
2545 3913 2651 3965 ullo
2682 3922 3109 3982 temperamento
3147 3918 3368 3972 indulta:
3419 3896 3625 3973 conso-

2056 4001 2367 4056 latium:qu
2428 4003 2509 4056 vel
2561 4004 2840 4069 minimas,
2901 4007 3087 4061 miseri
3137 4010 3624 4078 contabescerent,

2056 4094 2202 4147 nulla
2237 4078 2587 4164 quantumvis
2634 4097 2789 4165 longa
2836 4100 3118 4152 tolerantia
3184 4102 3450 4156 malorum
3499 4118 3627 4158 eru-

2056 4187 2258 4241 deliutn
2335 4188 2567 4241 istorum
2626 4191 2984 4244 insatiabilem
3035 4192 3282 4261 explente
3332 4195 3621 4251 feritatem.

2052 4274 2163 4331 Nec
2195 4277 2437 4346 singulos
2487 4292 2710 4332 vexasse
2766 4284 3067 4335 monachos
3121 4283 3384 4345 contenti,
3431 4299 3625 4338 mona-

2053 4369 2217 4422 steria
2261 4369 2374 4437 ipsa
2399 4369 2597 4437 Opibus
2642 4379 2697 4423 et
2744 4374 2974 4439 pecunia
3027 4374 3280 4427 tollendis
3326 4374 3623 4429 exhaurie-

2054 4462 2224 4515 bant:
2289 4461 2575 4514 materiam
2631 4464 2986 4530 cupiditatum
3022 4479 3269 4518 everrere
3324 4480 3445 4519 sese
3496 4467 3625 4523 inde

376 4564 617 4619 maxime
646 4560 901 4616 ηοεθηιιί,
933 4560 1027 4614 δίο
1058 4560 1176 4614 istis
1211 4560 1312 4614 hoc
1339 4558 1607 4621 studium,
1642 4558 1753 4611 ιιωε
1784 4572 1944 4610 οςςυ-
1979 4562 2029 4623 ι)
2065 4550 2180 4604 zelo
2206 4549 2503 4618 disciplinae
2536 4552 2872 4615 dictitantes,
2904 4568 3011 4621 quo
3045 4553 3231 4608 fomite
3284 4555 3495 4610 scilicet
3524 4556 3623 4611 de-

375 4655 528 4724 patio
563 4669 625 4707 ac
650 4652 807 4722 quasi
834 4652 1104 4721 professio
1135 4667 1240 4703 una
1275 4658 1416 4715 erat,
1447 4651 1745 4703 immittere
1799 4664 1952 4702 acer-

377 4746 565 4799 bitatis
605 4759 715 4798 suae
766 4746 917 4797 virus
973 4743 1025 4794 in
1065 4755 1255 4795 oumes
1301 4741 1499 4810 quibus
1542 4747 1806 4808 praeerant
1858 4751 1952 4806 po—

377 4848 574 4893 testate
612 4852 774 4907 quam
806 4835 941 4905 ipsis
962 4832 1755 4901 communicabatpatriarcha,
1785 4844 1947 4901 quem

378 4945 507 4984 cum
540 4934 829 4997 appareret
868 4940 1136 4979 summam
1167 4924 1351 4978 omnis
1412 4921 1573 4975 otticii
1607 4922 1946 4989 diligentiam

378 4945 507 4984 cum
540 4899 829 4997 appareret
868 4940 1136 4979 summam
1167 4924 1351 4978 omnis
1412 4921 1573 4975 otticii
1607 4922 1946 4989 diligentiam

373 5020 518 5076 velle
550 5021 625 5073 ab
659 5033 989 5087 unoquoque
1015 5016 1177 5085 exigi,
1220 5030 1286 5070 eo
1316 5014 1437 5084 plus
1485 5030 1543 5067 se
1582 5014 1650 5067 ab
1686 5014 1779 5065 illo
1814 5012 1949 5066 inire

373 5114 566 5183 gratia:
596 5110 882 5179 putabunt,
917 5123 1025 5177 quo
1056 5106 1325 5160 immitius
1376 5106 1729 5159 desawissent
1766 5105 1817 5155 in
1860 5106 1952 5156 dc-

374 5209 524 5261 Iatos
579 5211 676 5256 aut
733 5200 1095 5255 mediocrium
1157 5198 1438 5267 culparum
1496 5208 1588 5250 aut
1642 5212 1848 5258 rerum,
1902 5196 1947 5248 si

375 5297 628 5352 clementi
671 5293 900 5349 arbitrio
947 5300 1325 5353 censerentur,
1389 5304 1457 5343 ne
1506 5289 1677 5357 culpa:
1726 5288 1945 5357 quidem

372 5389 645 5445 aﬂi.ium.
695 5385 1154 5452 Quotidianarum
1200 5388 1281 5437 hee
1344 5382 1664 5436 ferebantur
1713 5382 1947 5434 damna-

375 5485 583 5538 tionum
617 5494 821 5542 cause,
868 5493 1070 5532 aureus
1118 5477 1171 5530 in
1226 5477 1388 5544 hujus
1437 5474 1686 5528 monachi
1737 5476 1948 5544 peculio

375 5582 646 5644 repertus,
682 5588 885 5627 novum
919 5571 1067 5625 alter
1114 5569 1488 5639 deprehensus
1545 5569 1787 5621 induisse
1827 5569 1946 5636 pal-

370 5668 529 5730 lium,
564 5664 779 5720 duabus
811 5664 955 5717 alius
989 5664 1230 5717 tribusve
1262 5661 1340 5714 uti
1374 5660 1575 5715 tunicis
1602 5670 1943 5728 compertus.

370 5760 592 5826 Quith
623 5758 672 5814 si
703 5758 1093 5819 observaretur
1141 5765 1359 5827 gestare
1410 5754 1687 5825 quispiam
1744 5770 1947 5821 argen-

371 5864 516 5907 team
554 5846 718 5921 149
742 5846 1087 5903 aureolamre
1121 5846 1474 5910 cruciculam,
1501 5845 1679 5898 statim
1722 5851 1777 5897 ut
1801 5857 1945 5895 sum-

2052 4650 2223 4695 tractu
2270 4643 2654 4711 avaritite(sic
2685 4648 2827 4697 enim
2865 4645 3271 4719 loquebantur)
3307 4649 3428 4718 plus
3455 4651 3624 4706 nimio

2050 4733 2329 4804 ﬂagrantis
2352 4732 2601 4787 ardorem
2647 4735 2993 4798 minuerent;
3024 4738 3182 4806 cujus
3243 4748 3420 4794 tamen
3480 4742 3624 4811 ignis

2052 4826 2246 4881 favilla:
2282 4826 2334 4879 in
2374 4827 2626 4880 manilius
2680 4828 2948 4897 ipsorum,
3011 4830 3266 4887 scintillis
3318 4832 3623 4890 luculenter

2049 4918 2549 4983 intermicautibus,
2582 4923 2967 4987 cernebantur,
3016 4932 3074 4976 ut
3100 4923 3283 4978 liceret
3307 4927 3622 4982 exclamare

2049 5011 2236 5064 tritum
2273 5011 2438 5064 illud:
2475 5028 2492 5060 t
2534 5010 2679 5066 llens
2705 5027 2820 5075 vos,
2857 5014 3088 5068 aliorum
3146 5017 3362 5080 medici,
3401 5020 3623 5073 scatetis

2050 5103 2362 5157 ulceribus!
2422 5121 2441 5154 ι
2493 5101 2608 5166 His,
2681 5114 2843 5173 prout
2890 5116 3007 5158 erat
3063 5107 3378 5169 Verisimile,
3428 5109 3622 5178 ingens

2048 5198 2311 5249 adiersus
2344 5197 2478 5249 istos
2514 5197 2698 5248 odium
2730 5196 2781 5248 in
2827 5197 3026 5251 animis
3059 5202 3303 5253 omnium
3332 5202 3617 5263 a'stuabat.

2050 5288 2238 5356 iraque
2293 5287 2545 5370 fervebat
2591 5290 2974 5358 implacabilis.
3027 5291 3417 5346 detestantium
3479 5309 3617 5347 cun-

2048 5392 2258 5435 ctorum
2290 5390 2399 5433 tum
2433 5381 2606 5433 diram
2637 5382 3022 5447 acerbitatem,
3059 5385 3182 5437 unis
3218 5385 3480 5438 duntaxat
3511 5386 3618 5439 illis

2050 5477 2100 5528 in
2136 5474 2238 5526 tide
2273 5473 2417 5526 velut
2452 5473 2677 5528 hederis
2714 5489 2837 5526 cum
2872 5474 2956 5527 his
2983 5477 3375 5543 perstantibus,
3416 5476 3619 5546 quibus

2047 5567 2206 5635 quasi
2237 5567 2552 5619 domesticis
2598 5574 2651 5618 et
2700 5564 2944 5618 interiori
2996 5566 3402 5619 necessitudine
3452 5562 3618 5618 {amt-

2046 5660 2274 5714 liatibus
2303 5658 2403 5726 ipsi
2434 5658 2742 5712 utebantur.
2779 5655 3144 5710 Cumulahaut
3171 5657 3349 5710 oleum
3378 5657 3430 5709 in
3463 5658 3617 5711 tiatu-

2047 5768 2189 5804 mam
2233 5750 2470 5814 invida,
2497 5750 2637 5820 quod
2675 5763 2741 5801 ne
2781 5747 3159 5816 temperabant
3222 5747 3439 5814 quidem
3501 5762 3611 5801 ma.

2048 5843 2209 5895 nibus
2244 5851 2297 5894 et
2338 5839 2503 5903 iuste,
2538 5826 3019 5907 t-lagisinterdum
3056 5836 3454 5894 contundentes
3479 5852 3621 5909 quos
