3922 6568
384 439 487 505 167

1572 441 1907 503 GEORGII
1932 443 2431 505 PACHYMERIE

3548 444 3659 512 158

382 555 526 613 εἶναι
551 558 608 611 ὲν
637 555 790 627 φόϐῳ
811 542 903 611 καὶ
929 555 1161 627 ἀγωνίᾳ,
1185 554 1310 619 τοὺς
1342 554 1631 620 πὶεὶστους
1677 557 1734 611 δὲ
1786 557 1880 611 καὶ
1908 559 1964 610 ὲν
1990 562 2039 621 Α
2073 575 2194 627 μαι,
2232 558 2308 622 ὼς
2371 559 2539 629 μέσον
2582 559 2753 613 κακοῦ
2805 576 2866 612 τι
2899 558 2988 613 καὶ
3016 558 3223 629 ἀγαθοῦ
3255 558 3315 613 τὸ
3363 559 3661 632 ἀδιάφορον

380 650 725 719 καταγνώσει
778 648 1113 718 λογίζεσθαι.
1178 649 1361 703 Πάντα
1414 649 1460 701 δ’
1520 651 1818 721 ἀνέτρεπον
1876 653 1970 704 καὶ

383 742 635 811 συνέχεον
686 742 773 796 διὰ
813 740 911 813 τὴν
959 739 1321 811 νομιζομένην
1362 741 1655 811 ἀκρίϐειαν
1706 743 1849 795 κατὰ
1899 743 1971 796 τὰ

394 833 778 904 Ἀναξαγόρειοι
851 834 1128 904 χρήματα.
1178 836 1241 886 0i
1286 833 1340 885 δέ
1389 850 1453 900 γε
1510 837 1607 903 τῆς
1647 834 1969 907 Ἑκκὶησίας

382 926 616 995 δρῶντες
654 925 722 977 τὰ
747 924 971 977 πλεῖστα
1008 925 1106 995 μὲν
1126 925 1248 977 καθ’
1276 925 1502 987 ἑαυτοὺς
1531 928 1969 996 κατεμέμφοντο,

386 1016 895 1085 ὑπομιμνήσκοντες
921 1016 977 1067 δὲ
1032 1018 1129 1068 καί¹
1152 1015 1228 1086 τῷ
1268 1017 1584 1087 πατριάρχῃ
1624 1020 1971 1088 προσαναφέο

384 1123 576 1177 ροντες
610 1107 691 1158 ὅτι
715 1106 901 1159 πολλοὶ
938 1107 1091 1177 παρὰ
1116 1107 1226 1159 τῶν
1276 1107 1482 1177 ἀγρίων
1520 1109 1805 1179 ὑπηρετιῦν
1837 1108 1973 1179 πλη-

384 1200 485 1266 γὰς
514 1198 755 1266 ἀνηλεῶς
782 1197 1114 1267 ἐλάμϐανον,
1174 1199 1249 1261 ὡς
1297 1198 1462 1266 δῆθεν
1494 1196 1564 1251 τὰ
1618 1198 1789 1251 πολλὰ
1848 1199 1971 1270 μηδ’

385 1290 571 1351 εἰδότι,
606 1287 1079 1356 κατεγινώσκοντο
1136 1289 1212 1351 ὡς
1243 1289 1705 1361 ἀταλαιπωρήτως
1758 1289 1972 1361 ἔχοντες

386 1382 512 1450 περὶ
547 1380 607 1432 τὸ
637 1380 822 1441 καλὸν,
848 1378 989 1432 ὥστε
1014 1379 1091 1449 τῷ
1145 1380 1305 1450 μὴτὸ
1361 1381 1533 1434 κακὸν
1587 1382 1832 1446 ἐκτόπως
1888 1401 1975 1453 μι-

386 1476 501 1524 σεῖν
538 1473 673 1544 μηδὲ
704 1474 764 1525 τὸ
798 1471 962 1525 καλὸν
993 1476 1104 1535 τοίς
1131 1474 1314 1538 αὐτοῖς
1343 1474 1706 1545 ὑποδέχεσθαι
1729 1475 1970 1547 μέτροις.

383 1560 492 1618 Ἦν
531 1565 660 1635 γὰρ,
685 1565 761 1628 ὡς
789 1564 973 1636 ἐῴκει,
1006 1567 1033 1617 ὁ
1061 1567 1263 1629 σκοπὸς
1285 1567 1362 1635 τῷ
1420 1568 1878 1639 πατριαρχεύοντι
1910 1570 1974 1621 ὲκ

389 1658 556 1725 μέσου
580 1657 753 1709 θεῖναι
779 1656 840 1707 τὸ
863 1655 1177 1727 ἀδιάφορον,
1203 1657 1311 1709 εἴτε
1328 1657 1394 1711 ὃν
1416 1658 1527 1711 εἴτε
1563 1658 1775 1723 δοκοῦν,
1792 1661 1854 1713 ὲκ
1872 1676 1974 1712 πα·

387 1750 541 1802 λαιοῦ
567 1751 943 1819 ὲπεισφρῆσαν
960 1749 1045 1801 διὰ
1068 1748 1165 1818 τὴν
1198 1751 1307 1802 τῶν
1329 1750 1720 1820 πνευματικῶν
1739 1768 1977 1820 προστα-

387 1844 516 1905 τὼν,
532 1840 606 1904 ὡς
636 1840 795 1912 ᾤετο,
816 1841 1240 1912 ἀτημελησίανῆ
1263 1843 1357 1895 καὶ
1383 1842 1977 1912 συνήθειαν.”0οενκά-

390 1937 561 1988 κεῖνοι
591 1936 987 2006 ἐπειλημμένοι
1011 1936 1341 2006 προφάσεως
1372 1935 1732 2006 εὐπροσώπου
1766 1936 1969 1991 τοιαῦτ’
2004 1932 2051 1991 Β

373 2031 670 2102 ἑδρωνλήν
689 2032 790 2086 πού
810 2049 891 2094 τις
919 2033 1105 2086 αἰτίαν
1122 2032 1448 2102 ἀδιαφορίας
1482 2033 1602 2100 είλή
1614 2050 1725 2102 (pst.
1751 2035 1899 2097 Τέως
1917 2034 1972 2087 δὲ

389 2122 523 2192 περὶ
549 2123 645 2192 τὴν
681 2123 940 2191 τοιαύτην
969 2123 1150 2175 αἰτίαν
1168 2124 1270 2176 οὐκ
1303 2121 1511 2190 ὀλίγοις
1542 2125 1636 2175 καὶ
1668 2122 1834 2186 αὐτὸς
1856 2126 1975 2176 ἐνε-

388 2214 710 2284 πικραίνετο
737 2215 796 2267 τὸ
825 2215 1120 2285 ἀδιάφορον
1153 2216 1451 2282 ὀνειδίζων,
1495 2213 1572 2285 μὴ
1610 2215 1832 2285 κρίνων,
1892 2212 1975 2269 υἷ-

389 2376 826 2443 doprebendisse
851 2376 905 2428 in
940 2376 1097 2446 etdpa
1133 2375 1239 2429 sibi
1277 2374 1627 2442 videbantur,
1657 2377 1761 2432 hoc
1795 2375 1974 2446 ipsum

389 2477 668 2522 ostentare
734 2456 798 2521 ad
853 2468 936 2521 sui
996 2452 1224 2539 gloriam
1264 2468 1585 2540 gaudentes.
1641 2469 1795 2535 Quod
1852 2469 1979 2522 inde

397 2559 774 2612 intellecturos
799 2575 994 2614 onmes
1032 2560 1375 2614 conﬁderent
1404 2569 1609 2630 quanta
1646 2562 1698 2613 in
1727 2560 1976 2629 ipsorum

391 2653 593 2708 animis
626 2655 1009 2707 exardesceret
1040 2653 1122 2706 vis
1171 2653 1341 2706 divini
1375 2652 1498 2714 zeli,
1534 2669 1659 2722 quae
1718 2653 1978 2708 cohibere

393 2747 526 2800 istas
560 2745 721 2814 150
752 2745 1005 2815 nequiret
1032 2745 1355 2814 eruptiones
1394 2745 1446 2798 in
1502 2746 1715 2800 subitas
1746 2755 1799 2799 et
1828 2745 1980 2798 nullo

393 2848 649 2907 respectu
678 2838 922 2890 tnt‘datas
956 2835 1348 2907 castigationes
1376 2850 1665 2905 perperam
1698 2845 1978 2890 actorum.

393 2931 586 2985 Moesta
618 2930 745 2983 hinc
777 2931 960 2982 omnia
995 2939 1139 2984 metu
1171 2929 1427 2994 sollicito,
1479 2937 1617 2985 aestu
1667 2932 1979 2985 animorum

393 3022 821 3091 inquit-tissime,
855 3023 1094 3086 videres,
1118 3024 1425 3094 plerisque,
1467 3022 1598 3078 dum
1628 3032 1683 3078 et
1742 3023 1982 3094 indigni-

398 3124 561 3165 tatem
603 3115 953 3182 prtesentium
981 3123 1035 3168 et
1057 3113 1361 3183 perniciem
1419 3112 1826 3169 imminentium
1856 3128 1983 3188 cum

395 3206 629 3260 horrore
686 3214 978 3274 reputant,
1032 3221 1209 3274 usque
1255 3205 1324 3260 ad
1372 3204 1812 3274 desperationem
1854 3205 1986 3259 οσο-

2076 650 2330 720 κείμενον
2358 651 2493 721 πρὸς
2520 652 2785 721 ἑκάτερον
2821 652 3160 705 ἐναντιοῦται
3186 651 3296 703 τῶν
3318 651 3526 722 ἄκρων,
3561 654 3659 706 καὶ

2074 741 2188 809 εῐγε
2216 742 2351 812 πρὸς
2373 742 2607 811 τάγαθὸν
2630 744 2796 798 κακὸν
2823 742 3123 815 νομίζεται,
3154 741 3376 797 ἀλλὀὗν
3393 745 3489 797 καὶ
3524 747 3661 814 πρὸς

2075 834 2136 887 τὸ
2165 836 2333 890 κακὸν
2365 835 2592 904 ἀγαθὸν,
2631 838 2723 890 καὶ
2748 837 3034 909 ἀγαπητὸν
3068 836 3132 889 ἂν
3168 838 3657 906 μετριοπαθοῖμεν,

2078 928 2155 999 μὴ
2184 929 2275 981 τοῦ
2306 928 2551 991 ἀπαθοῦς
2578 929 2980 1000 ἐφικνούμενοι.
3023 930 3196 993 Αὐτὸς
3245 930 3287 981 δ’
3329 931 3429 983 ὑπο
3470 933 3663 985 κανὲνι

2073 1025 2139 1091 τῇ
2170 1023 2474 1094 φαινομένῃ
2542 1022 2647 1093 [δία
2696 1022 2827 1090 ἕξει,
2878 1023 2985 1076 εἴτε
3012 1024 3105 1077 καὶ
3134 1023 3395 1093 γνώμονι,
3436 1026 3502 1078 τὰ
3553 1028 3662 1079 τῶν
3756 1052 3761 1057 ~

2074 1112 2252 1167 ἄλλων
2286 1115 2478 1184 ἤθελεν
2522 1115 2871 1169 ἀπευθύνειν.
2908 1116 3219 1169 Κάντεῦθεν
3247 1116 3337 1169 καὶ
3376 1119 3425 1171 οἱ
3474 1119 3663 1173 πολλοὶ

2072 1209 2415 1268 διυπνίζοντο
2450 1210 2544 1262 καὶ
2600 1212 2656 1261 ἐν
2710 1209 2988 1272 ὑποκοίαις
3046 1204 3178 1277 ἦγον
3244 1213 3530 1279 μεγίσταις
3567 1214 3662 1263 τὸν

2074 1300 2466 1356 ἀπευθύνοντα.
2500 1300 2563 1373 [P
2592 1299 2713 1369 IOI]
2757 1297 2867 1353 'llv
2906 1301 2949 1353 δ’
2978 1301 3221 1365 ἐκείνους
3278 1302 3337 1353 τὸ
3385 1304 3663 1373 ἐφορμοῦν

2076 1392 2294 1463 πρῶτον
2348 1394 2446 1463 μὲν
2487 1394 2545 1446 τδ
2603 1394 2697 1447 ἀπ’
2733 1393 2942 1447 ἐκείνου
2974 1394 3175 1465 ἀτηρὸν
3212 1396 3303 1448 καὶ
3342 1378 3477 1464 πρὶς
3513 1397 3665 1450 ἅπαν

2074 1487 2483 1552 δυσέντευκτον,
2510 1491 2620 1552 τοῖς
2659 1489 2758 1557 μὲν
2786 1488 2844 1552 ἐξ
2872 1489 3075 1558 ἀρετῆς
3105 1488 3321 1552 δοκοῦν,
3350 1492 3463 1552 τοῖς
3521 1490 3563 1540 δ’
3600 1493 3666 1542 ὲκ

2076 1581 2303 1651 γνώμης
2336 1581 2603 1651 ἐμφύτου,
2637 1584 2747 1646 τοῖς
2782 1580 2839 1635 δὲ
2866 1583 2957 1633 καὶ
2983 1583 3049 1633 ἐκ
3082 1580 3369 1650 συνηθείας
3403 1583 3499 1649 τῆς
3526 1583 3667 1653 πρὸς

2076 1676 2173 1743 τὴν
2201 1675 2432 1743 ἄσκησιν
2460 1676 2552 1728 καὶ
2580 1673 2871 1743 μονώσεως
2908 1672 3075 1742 (ἀπαν
3125 1674 3235 1741 γὰρ
3273 1673 3555 1727 δύσοιστον
3605 1676 3668 1727 τὸ

2083 1766 2158 1839 μὴ
2217 1766 2515 1838 σύνηθες),
2570 1763 2697 1820 εἶτα
2753 1767 2809 1819 δέ
2853 1782 2918 1831 γε
2984 1765 3078 1818 καὶ
3135 1765 3196 1817 τὸ
3235 1764 3325 1816 ἐπὶ
3365 1768 3477 1826 τοῖς
3522 1766 3673 1828 ὅλοις

2080 1859 2322 1928 κρυπτάν
2367 1876 2427 1912 τε
2458 1859 2551 1912 καὶ
2581 1858 2786 1927 ἀφανὲς
2830 1858 2924 1910 καὶ
2950 1856 3246 1923 ψάλλοντος
3293 1856 3389 1908 καὶ
3453 1856 3606 1909 ἐσθῐο
3640 1885 3674 1901 ..

2079 1968 2168 2014 τος
2231 1951 2325 2004 καὶ
2400 1952 2538 2005 κατά
2604 1951 2767 2019 μόνας
2834 1948 3134 2017 διάγοντος,
3203 1946 3393 2016 ὥσπερ
3454 1946 3673 2016 ἤσκητο

2079 2060 2136 2096 τε
2181 2042 2276 2096 καὶ
2306 2043 2530 2097 εἴθιστο.
2581 2042 2772 2112 Ὅμως
2818 2041 2901 2110 (τὸ
2929 2042 3039 2111 γὰρ
3081 2041 3179 2110 τῆς
3231 2041 3480 2110 ἀνάγκης
3520 2041 3681 2090 ἐστὶν

2080 2132 2356 2203 ἀδήριτον)
2399 2132 2496 2202 τὴν
2548 2131 2790 2200 σκληρὰν
2828 2129 3045 2197 ἐκείνην
3082 2129 3177 2182 καὶ
3228 2128 3304 2191 ὡς
3356 2130 3418 2179 ἐν
3471 2127 3677 2195 σιδηρᾷ

2078 2226 2263 2298 ῥάεδῳ
2323 2226 2569 2295 διέφερον
2639 2221 2969 2293 ποίμανσιν,
3028 2220 3078 2272 οἱ
3150 2218 3251 2290 μὲν
3322 2219 3677 2285 εὐγνωμονέ-

2081 2384 2365 2439 suratione
2392 2397 2516 2438 cum
2560 2388 2792 2451 peccato
2825 2379 2972 2449 quod
3000 2380 3173 2449 punit,
3197 2379 3408 2447 justum
3461 2394 3588 2432 esse
3610 2393 3679 2432 ae

2083 2478 2423 2530 moderatum
2468 2484 2612 2527 recte
2636 2471 2993 2526 censentibus
3049 2471 3403 2541 intelligitur.
3449 2468 3546 2523 liis
3581 2484 3680 2538 pa-

2083 2568 2321 2621 triarcha
2376 2565 2851 2635 objurgationihus
2900 2563 3346 2633 insperatissimis
3385 2564 3523 2615 istos
3569 2565 3677 2615 tc—

2084 2659 2264 2713 tlesiae
2290 2658 2563 2727 primores
2597 2658 2687 2725 qui
2715 2670 2840 2711 eum
2890 2655 3219 2709 adinonituri
3272 2656 3680 2709 conveniebant

2085 2764 2113 2801 a
2141 2763 2201 2802 se
2232 2749 2478 2817 abigens,
2513 2761 2730 2799 omnem
2783 2746 2896 2815 jam
2928 2747 3028 2800 sibi
3061 2745 3203 2812 apud
3264 2758 3360 2799 eos
3414 2746 3679 2798 demebat

2085 2840 2497 2894 excusationem
2536 2840 2605 2892 ab
2647 2840 2903 2907 Opinione
2958 2837 3282 2907 ignorantiae
3333 2853 3517 2890 rerum
3553 2853 3606 2905 qi
3633 2852 3681 2891 te

2087 2932 2311 2997 ﬁebant,
2338 2942 2392 2986 et
2425 2941 2592 2986 totam
2648 2934 2701 2986 in
2739 2947 2899 2985 suum
2960 2942 3122 2999 caput
3171 2929 3479 2984 attrabebat
3530 2931 3684 2983 invi-

2089 3024 2262 3091 dia'n,
2304 3023 2439 3077 nihil
2472 3025 2622 3093 pensi
2649 3023 2948 3093 quidquam
3006 3022 3237 3083 habens,
3300 3022 3430 3073 dum
3488 3023 3678 3089 palam

2086 3125 2387 3171 ostentaret
2416 3131 2482 3169 eo
2512 3115 2672 3184 plane
2707 3131 2766 3170 se
2795 3123 3044 3184 spectare
3076 3129 3141 3167 ac
3172 3123 3317 3167 recta
3356 3113 3512 3172 ferri,
3559 3124 3619 3165 ut
3650 3126 3683 3165 e

2091 3209 2275 3263 medio
2340 3208 2558 3261 tolleret
2623 3206 2995 3275 radicitusqne
3062 3207 3389 3274 exstirparet
3445 3206 3681 3258 omnino

398 3301 557 3352 ratis.
610 3298 1017 3365 Crescebatque
1072 3296 1126 3351 in
1181 3297 1299 3352 dies
1330 3297 1565 3362 malum,
1624 3297 1757 3351 dum
1813 3276 2058 3350 nibiloc
2092 3299 2564 3369 qualemcunque,
2594 3312 2688 3351 seu
2751 3311 2934 3350 veram
2971 3312 3065 3349 seu
3101 3304 3455 3364 apparentem
3510 3295 3682 3348 disci-

397 3392 582 3446 seeius
656 3388 913 3443 monachi
979 3402 1089 3457 quo
1149 3404 1248 3458 per
1307 3402 1550 3458 praeceps
1626 3387 1989 3443 incubuerant

2096 3390 2257 3461 plina:
2288 3390 2692 3452 remissionem,
2728 3389 2892 3458 vulgo
2916 3388 3335 3442 indiﬂ‘erentiam
3396 3399 3680 3451 vei-alam,

402 3489 650 3544 ruentes,
687 3482 843 3535 novis
869 3480 1104 3534 subinde
1135 3480 1576 3551 frequentandis,
1640 3479 1994 3536 simulatione
2092 3496 2259 3550 quam
2287 3496 2353 3534 ex
2394 3481 2553 3550 longo
2584 3480 2809 3550 putabat
2862 3481 3172 3550 Obrepsisse
3224 3491 3450 3549 propter
3508 3482 3682 3550 Spiri-

398 3584 494 3627 aut
529 3582 797 3643 praetextu
825 3582 1032 3629 exacta
1056 3573 1358 3643 religionis,
1409 3573 1727 3627 inhumana:
1774 3572 1991 3627 acerbi-

399 3668 528 3720 tatis
553 3665 842 3730 exemplis,
878 3664 1263 3733 pervertebant
1300 3663 1831 3736 contundebantque
1865 3680 1992 3734 pas-

398 3758 503 3809 sim
551 3755 781 3820 omnia,
836 3763 894 3807 ut
944 3763 1093 3808 esset
1144 3753 1256 3824 jam
1307 3754 1420 3810 illic
1478 3770 1719 3824 praesens
1780 3757 1993 3827 species

403 3844 665 3901 Ecclesiae
699 3857 753 3900 et
793 3847 946 3900 urbis
987 3846 1149 3916 plane
1180 3848 1404 3916 qualem
1463 3848 1826 3917 Anaxagoras
1879 3849 1995 3903 ori-

400 3942 556 4009 gines
615 3939 806 3995 mundi
837 3940 1157 3996 describens
1202 3940 1371 4010 tuisse
1419 3940 1725 3996 atﬁrmabat
1786 3949 1998 3996 natura:

400 4034 638 4103 partium
692 4033 898 4088 mistim
959 4047 1025 4088 ac
1084 4043 1291 4087 temere
1343 4042 1820 4101 coacervatarum,
1868 4042 1996 4088 ante

402 4128 625 4192 mentis,
651 4144 774 4196 qua:
809 4127 1059 4181 ordinem
1095 4126 1303 4191 intulit,
1362 4141 1672 4182 accessum.
1707 4125 1862 4181 Talia
1909 4142 1998 4182 ee-

402 4219 700 4274 elesiastici
734 4235 860 4273 eum
899 4227 1212 4283 cernerent,
1246 4218 1508 4286 pleraque
1536 4217 1757 4287 quidem
1790 4218 1998 4287 impro-

405 4315 609 4368 babant
638 4313 813 4377 taciti,
846 4322 902 4366 et
931 4326 1121 4366 secum
1152 4312 1488 4364 aestimantes
1522 4317 1583 4363 ut
1618 4310 1788 4363 nimia
1818 4318 1871 4364 et
1896 4312 1999 4365 im-

403 4406 586 4460 mania
646 4405 1005 4459 dantnabant.
1037 4402 1117 4456 Ac
1167 4416 1323 4465 cum,
1378 4401 1631 4455 arbitrati
1685 4402 1998 4470 patriarcha

403 4499 571 4553 multa
609 4498 802 4551 horum
827 4496 1003 4550 inscio
1048 4493 1188 4557 ﬁeri,
1240 4509 1364 4548 eum
1393 4494 1661 4548 adeuntes
1693 4494 2002 4548 indicarent

403 4606 528 4660 quae
554 4591 792 4644 maxime
824 4587 1197 4643 intolerabilia
1226 4584 1544 4649 credebant,
1581 4601 1776 4654 nempe
1808 4595 2000 4641 contra

402 4684 835 4739 ecclesiasticam
866 4682 1149 4735 lenitatem
1206 4680 1369 4732 etiam
1399 4680 1506 4731 vim
1546 4692 1610 4730 ac
1642 4679 1870 4733 verbera
1899 4693 1996 4747 per

2093 3572 2323 3627 tualium
2378 3573 2669 3643 prmsidutn
2724 3572 3016 3636 incuriam,
3087 3571 3332 3626 inolitatn
3385 3587 3517 3625 vero
3559 3589 3686 3627 sese

2089 3664 2203 3736 jam
2232 3664 2369 3718 tueri
2406 3664 2642 3733 quadam
2677 3666 3006 3719 auctoritate
3061 3680 3127 3718 ex
3162 3664 3488 3734 prasjndieio
3545 3682 3685 3719 eon-

2094 3753 2419 3816 suetudinis,
2453 3763 2645 3806 contra
2676 3754 2822 3821 quod
2858 3753 2960 3806 rite
3009 3763 3173 3823 atque
3211 3754 3403 3808 ordine
3449 3756 3539 3808 sui
3578 3757 3683 3809 nd-

2097 3847 2258 3900 nistri
2288 3845 2444 3915 151
2473 3847 2783 3909 tenderent,
2830 3846 3103 3916 plausibili
3138 3849 3221 3902 usi
3255 3858 3545 3916 prattextn,
3584 3864 3687 3918 pu-

2096 3937 2311 3992 niendis
2338 3939 2771 4003 inexorabiliter,
2806 3954 3146 4008 quaecunque
3207 3941 3561 3995 deterrentur
3585 3951 3687 3995 aut

2097 4043 2158 4083 se
2189 4031 2333 4083 ultro
2364 4028 2417 4083 in
2455 4031 2990 4085 animadversionem
3021 4031 3305 4098 offerrent,
3358 4043 3686 4105 transgres-

2098 4121 2349 4177 sionibus
2380 4124 2622 4192 antiquae
2653 4124 2975 4190 disciplinae,
3024 4139 3258 4192 quarum
3302 4129 3513 4179 mentio
3544 4130 3689 4181 sole-

2099 4220 2185 4267 ret
2227 4212 2604 4269 indiﬂerentia:
2641 4214 2910 4269 vocabulo
2945 4214 3161 4269 molliri.
3203 4216 3282 4270 Ac
3317 4232 3441 4270 esse
3475 4217 3532 4270 in
3577 4221 3690 4273 isto

2096 4306 2303 4378 judicio
2331 4311 2634 4382 concordes
2668 4312 3036 4380 patriarcham
3067 4320 3120 4365 et
3151 4310 3272 4380 ejus
3308 4313 3575 4367 satellites
3618 4330 3690 4368 ex

2100 4415 2165 4454 eo
2190 4402 2366 4468 palam
2400 4404 2672 4468 exstabat,
2701 4403 2846 4469 quod
2905 4402 3023 4472 ipse
3071 4417 3293 4472 quoque
3324 4418 3420 4471 per
3471 4419 3532 4458 se
3570 4421 3689 4460 non

2102 4507 2303 4561 paucos
2340 4494 2538 4548 obvios
2568 4497 2930 4549 contristabat
2964 4498 3169 4550 amaris
3236 4496 3418 4561 dictis,
3456 4496 3687 4552 indiffe-

2030 4580 2337 4680 D'rcntiam
2361 4585 2493 4652 ipsis
2520 4586 2884 4654 exprobrans,
2913 4602 3022 4640 non
3047 4586 3377 4655 intelligens,
3410 4600 3689 4656 quanti-tn

403 4777 554 4831 feros
588 4775 712 4845 ejus
753 4773 1040 4827 ministros
1095 4770 1353 4842 plurimis
1415 4768 1712 4824 crudeliter
1779 4769 1992 4833 inferri,
2024 4826 2037 4835 κ

404 4866 551 4937 quod
585 4879 683 4932 pro
726 4865 811 4919 sui
845 4862 1133 4917 atrocitate
1162 4874 1356 4914 omnes
1380 4861 1761 4916 existimarent
1799 4870 1997 4930 przeter

404 4967 644 5012 mentem
673 4965 727 5010 et
754 4956 891 5009 citra
923 4953 1176 5009 notitiam
1220 4953 1393 5022 ipsius
1445 4952 1515 5005 ab
1547 4952 1668 5007 istis
1714 4954 1993 5017 attentari,

405 5050 499 5105 ille
548 5044 1078 5117 inexspectatissitne
1111 5059 1226 5100 rem
1259 5044 1629 5110 comprobatus
1658 5045 1820 5098 etiam
1856 5046 1999 5102 ultro

404 5144 710 5197 munitores
740 5141 1061 5210 increpabat
1093 5146 1155 5192 nt
1189 5137 1367 5193 hebeti
1399 5136 1467 5190 ad
1504 5138 1630 5191 mali
1671 5152 1896 5192 sensum
1944 5148 1999 5193 et

403 5236 829 5299 detestationem
866 5234 1075 5299 animo,
1109 5245 1377 5300 apparere
1407 5228 1491 5283 vel
1532 5228 1659 5284 inde
1689 5230 1844 5284 aiens
1878 5231 1997 5285 cal-

404 5331 517 5385 lum
572 5329 871 5383 obductum
941 5323 1191 5396 religioni
1259 5337 1324 5378 ac
1377 5321 1500 5377 zelo
1560 5320 1849 5392 ipsorum,
1904 5322 1999 5393 qtti

404 5431 631 5494 aspectu
669 5419 1029 5490 culpabilium
1065 5414 1384 5472 defectuum
1415 5421 1526 5469 tam
1574 5428 1771 5484 parum
1826 5412 2001 5468 olen-

403 5516 689 5572 derentnr.
724 5514 780 5567 Si
808 5512 954 5566 enim
987 5512 1219 5565 horrore
1249 5520 1362 5579 quo
1420 5520 1519 5576 par
1541 5504 1725 5560 fuerat
1785 5505 1852 5559 ad
1903 5519 2000 5560 oc-

403 5621 627 5662 cursum
653 5618 818 5675 prave
847 5613 1101 5657 actorum
1129 5604 1639 5664 commoverentur,
1669 5596 1789 5666 ipso
1812 5596 2002 5667 utique

403 5684 533 5751 mali
569 5696 693 5749 odio
722 5694 788 5748 ad
814 5692 942 5747 boni
992 5690 1098 5761 ipsi
1129 5688 1390 5760 oppositi,
1431 5697 1646 5756 .netnpe
1687 5684 2004 5754 castigatio-

404 5791 491 5844 nis
518 5803 627 5859 qua
659 5785 1007 5852 emendatur,
1040 5783 1384 5838 honestatem
1442 5776 1845 5847 agnoscendam
1876 5791 2005 5846 per-

2104 4673 2366 4737 arbitror,
2401 4674 2719 4730 inditierens
2745 4676 2797 4728 in
2831 4675 2955 4729 boni
2992 4684 3046 4729 et
3076 4677 3205 4729 mali
3225 4680 3415 4730 medio
3445 4679 3691 4746 positnnt

2099 4782 2129 4820 e
2174 4767 2322 4820 varia
2371 4768 2455 4821 sui
2514 4767 2923 4836 comparatione
2972 4784 3097 4823 cum
3148 4771 3410 4825 extremis
3464 4781 3693 4826 contra-

2103 4856 2214 4910 rias
2272 4856 2530 4925 utrinque
2559 4856 2760 4911 ducere
2802 4857 3114 4925 qualitates,
3156 4868 3217 4912 ut
3274 4859 3480 4913 malum
3547 4878 3692 4916 cen-

2099 4956 2286 5003 seatur
2311 4948 2569 5002 collatum
2626 4946 2795 5011 bono,
2849 4948 3093 5003 vicissim
3154 4956 3361 5012 autem,
3404 4950 3500 5004 ubi
3557 4966 3693 5006 cum

2103 5043 2247 5096 malo
2277 5052 2655 5110 componatur,
2701 5041 2963 5095 bonitatis
3020 5041 3258 5110 aliquam
3317 5043 3514 5097 induat
3560 5060 3697 5114 spe-

2099 5136 2261 5188 ciem.
2298 5131 2450 5187 Unde
2491 5133 2582 5188 ille
2608 5134 2888 5188 moderate
2928 5134 3258 5201 sapientium
3294 5136 3459 5207 vulgo
3483 5140 3697 5207 proba-

2100 5227 2227 5281 hilis
2256 5240 2451 5280 sensus
2487 5234 2593 5288 est,
2664 5226 2924 5295 prazclare
2977 5226 3063 5296 agi
3109 5226 3425 5292 nobiscum,
3481 5229 3543 5283 in
3586 5232 3695 5287 hoe

2101 5319 2225 5373 vitae
2252 5317 2431 5371 labilis
2497 5325 2642 5370 statu
2703 5316 2848 5371 haud
2894 5317 3208 5387 pertingere
3255 5320 3574 5378 valentibus
3627 5325 3696 5378 ad

2103 5415 2264 5480 plane
2292 5408 2801 5477 imperturbabilem
2837 5410 3313 5478 tranquillitatem,
3377 5413 3423 5466 si
3478 5415 3699 5469 medio-

2103 5504 2291 5558 cribus
2322 5502 2593 5556 duntaxat
2632 5501 3141 5572 perturbationibus
3190 5506 3490 5572 agitentur.
3520 5506 3701 5561 Porto

2102 5595 2193 5651 ille
2227 5593 2446 5663 propria
2481 5592 2580 5646 illa
2616 5608 2740 5659 sua,
2776 5607 2942 5662 quam
2975 5608 3086 5663 pra:
3123 5608 3185 5648 se
3215 5610 3494 5666 nusquam
3526 5580 3702 5653 dissi-

2104 5689 2322 5743 mulans
2373 5684 2603 5753 ferebat,
2662 5686 2993 5741 rectitudine
3049 5686 3239 5756 rigida:
3315 5691 3543 5746 virtutis
3598 5706 3704 5762 pro

2105 5795 2293 5837 norma
2324 5780 2604 5845 utebatur,
2667 5779 2735 5834 ad
2766 5793 2931 5851 quam
2985 5780 3215 5835 omnino
3279 5782 3496 5838 volebat
3549 5765 3703 5841 exae-

407 5854 644 5937 ducendi
678 5881 917 5945 fuerant,
950 5893 1051 5935 nec
1089 5888 1298 5933 temere
1328 5882 1387 5929 ut
1441 5870 1676 5927 nimium
1726 5869 2002 5939 eulpaturi
2063 5854 2070 5860 ’
2106 5886 2279 5942 quare
2306 5885 2491 5927 mores
2520 5870 2793 5934 omnium,
2831 5879 2886 5926 et
2917 5870 3183 5942 quidquid
3213 5872 3272 5927 in
3307 5875 3506 5945 quovis
3535 5877 3607 5933 ab
3636 5892 3702 5933 ea

401 5971 758 6045 supplicium,
796 5969 945 6041 quod
998 5984 1066 6028 ex
1128 5965 1546 6040 comparatione
1594 5978 1658 6021 ac
1707 5975 1991 6022 commen-

2008 6070 2013 6074 .
2028 6046 2062 6076 ἰ

2114 5964 2448 6034 declinaret,
2499 5963 2756 6038 dirigere.
2799 5961 2920 6023 Non
2974 5972 3187 6036 poterat
3237 5966 3320 6025 sic
3369 5982 3542 6039 agens
3590 5985 3701 6033 non
