3922 6578
216 487 307 551 169

1104 482 1198 543 DE
1227 478 1673 542 ANDRONICO
1710 474 2198 540 PALIEOLOGO.
2237 476 2392 538 LIB.
2428 473 2512 534 II.

3336 468 3435 538 170

210 616 365 669 στεροι
398 598 573 666 σφίσιν
597 595 805 657 ἑαυτοῖς
822 597 918 666 τὴν
943 595 1122 648 αἰτίαν
1152 596 1588 665 προστριϐοντες,
1609 594 1757 655 ὅσοις
1785 596 1835 654 Α
1860 593 1935 657 ὡς
1958 592 2241 664 ἀρχιερέα,
2274 591 2463 661 ὥσπερ
2499 587 2563 659 δὴ
2586 589 2836 652 κάκεῖνος
2864 585 3000 659 ᾤετο
3046 584 3149 657 τὴν
3200 585 3441 655 ἱερωσύ-

208 691 384 761 δηλαδὴ
412 692 484 760 μὴ
507 684 576 759 ἦν
603 689 659 740 ὲν
684 687 760 757 νῷ
790 690 855 741 τὰ
877 686 984 741 τῶν
1015 687 1192 741 ἄλλων
1245 687 1474 756 κρίνειν,
1515 685 1631 740 ἀλλ’
1679 688 1758 749 εἰς

209 783 405 845 ἑαυτοὺς
426 781 623 844 νεύειν.
655 781 747 833 καὶ
779 781 1004 843 ἑαυτοὺς
1032 781 1174 832 κατὰ
1195 780 1255 833 τὸ
1284 780 1559 851 προσῆκον
1590 796 1758 833 κατα-

208 878 345 938 νοεῖν,
368 876 413 927 εί
445 875 502 927 δὲ
533 874 626 926 καὶ
648 872 910 945 ἀλλήλους
949 873 1257 935 κατανοεῖν,
1287 873 1368 935 εἰς
1410 871 1758 943 παροξυσμὸν

209 966 402 1034 ἀγάπης
426 964 515 1017 καὶ
547 965 731 1032 μόνον,
763 961 1106 1034 συγχωροῦσι
1157 962 1293 1026 τέως
1325 964 1436 1025 τοῖς
1493 960 1757 1029 γιγνομέ-

208 1077 325 1122 νοις,
349 1057 455 1111 ἀλλ’
481 1056 542 1109 οὐ
579 1054 1103 1127 περιεργαζομένοις
1161 1055 1287 1116 τοὺς
1332 1052 1757 1125 ἐργαζομένους,

210 1151 297 1205 κᾶν
321 1150 348 1203 ὅ
380 1166 430 1202 τι
453 1150 678 1202 ποιοῖεν.
710 1146 837 1210 Τοῖς
867 1146 924 1199 δὲ
969 1146 1063 1201 καὶ
1106 1146 1580 1215 πολυπραγμονεῖν
1600 1143 1761 1215 ἐπῄει

212 1246 288 1297 καὶ
339 1238 737 1314 ἀπαμύνεσθαι
799 1240 1067 1310 πάσχουσι
1097 1239 1190 1292 καὶ
1234 1237 1534 1307 λαμϐάνειν
1566 1237 1762 1304 λόγους

212 1333 261 1398 ἐξ
310 1332 506 1397 ἄλλων,
573 1331 837 1393 πιθανοὺς
895 1331 1069 1394 ἄλλως
1139 1331 1204 1383 ἐκ
1258 1331 1367 1382 τῶν
1420 1331 1645 1383 εἰκότων
1686 1331 1762 1393 ὡς

211 1423 420 1490 ἀγνῶτος
450 1420 662 1485 πολλοῖς
682 1421 838 1484 ὄντος
873 1422 1085 1474 ἐκείνου
1114 1419 1204 1473 διὰ
1225 1418 1323 1490 τὴν
1351 1420 1444 1471 ἐπὶ
1483 1422 1549 1490 τῇ
1583 1420 1763 1489 ἀσκή-

215 1534 281 1571 σει
300 1518 542 1588 μόνωσιν.

215 1626 291 1692 ις’.
329 1626 589 1690 Θάνατος
640 1626 749 1682 τοῦ
790 1626 1386 1696 πατριαρχεύσαντος
1428 1626 1762 1696 Γρηγορίου

760 1696 869 1751 τοῦ
898 1700 1194 1764 Κυπρίου.

270 1790 329 1864 [Ρ
351 1790 467 1863 102]
499 1789 720 1844 Τούτων
746 1788 916 1852 οὕτως
939 1789 1169 1859 ἐχόντων
1196 1789 1225 1842 ὁ
1262 1789 1362 1859 μὲν
1392 1789 1764 1861 πατριαρχεύ-

215 1902 297 1949 σας
324 1884 619 1959 Γρηγὸριος
647 1883 789 1952 νόσῳ
838 1880 1170 1953 πολυημέρῳ
1220 1881 1639 1952 κατεργασθεὶς,
1687 1882 1763 1945 ὡς

210 1976 258 2032 δέ
280 1945 649 2044 τινες-ελεγον,
683 1945 774 2027 καί
799 1973 887 2027 διὰ
1094 1945 1417 2042 ᾐπαρόρασίν.
1458 1974 1521 2026 ὲκ
1563 1945 1760 2043 μι-κρο-
1790 1945 1836 2002 Β

213 2070 404 2141 ψνχιας,
439 2068 565 2140 μετ’
585 2070 646 2123 οὐ
689 2068 825 2122 πολὺ
851 2067 1081 2137 τελευτᾷ
1107 2066 1196 2119 τὸν
1225 2065 1363 2137 βίον.
1404 2066 1513 2119 Καὶ
1555 2066 1615 2119 re
1666 2067 1767 2136 μὲν

214 2161 262 2214 ἂν
282 2158 612 2231 ψαλμῳδίαις
653 2158 881 2212 θάπτειν
903 2155 1045 2214 κατὰ
1071 2156 1130 2210 τὸ
1167 2157 1311 2222 εἰκὸς
1334 2156 1577 2224 ,ὲδίδουη
1634 2156 1696 2210 τὸ
1721 2156 1766 2212 δ’

215 2353 424 2409 pungere
454 2338 654 2393 crebro
718 2336 1006 2406 plurimos,
1052 2336 1143 2406 qui
1176 2352 1343 2393 sensu
1393 2337 1615 2392 excitati
1651 2338 1768 2392 evi-

218 2430 433 2500 gilabant
464 2431 519 2484 in
555 2431 871 2500 suspicaces
935 2428 1237 2499 importuni
1299 2432 1544 2484 censoris
1581 2430 1770 2484 obser-

216 2522 451 2587 Vationes,
493 2522 857 2592 explorantes
915 2520 1114 2589 ecquid
1171 2520 1224 2573 in
1270 2534 1338 2575 eo
1394 2520 1772 2589 deprehende-

217 2623 318 2667 rent
346 2616 482 2684 quod
512 2614 643 2684 jure
692 2614 937 2668 vicissim
969 2621 1309 2681 carperetur,
1372 2621 1427 2666 et
1473 2611 1627 2665 valde
1676 2626 1773 2667 su-

218 2713 494 2772 spectantes
561 2719 669 2758 non
726 2703 929 2758 frustra
993 2702 1044 2756 id
1109 2718 1168 2758 se
1218 2702 1568 2772 quaesituros.
1626 2700 1771 2758 ﬂuit:

216 2807 368 2865 coepto
390 2808 446 2851 ut
470 2798 765 2859 instarent,
826 2795 999 2864 magis
1045 2808 1140 2850 eos
1194 2795 1248 2847 in
1300 2795 1417 2848 dies
1486 2795 1771 2862 magisque

218 2886 539 2956 itnpellthaut
571 2902 709 2941 nova
747 2887 988 2942 subinde
1014 2884 1248 2939 feritatis
1302 2884 1422 2953 ejus
1456 2892 1511 2937 et
1571 2884 1773 2938 admis—

216 2977 407 3030 sionum
439 2976 1025 3031 inhumanissimarum
1072 2975 1321 3045 exempla
1358 2977 1633 3031 exstantia
1688 2992 1773 3030 re-

220 3070 416 3136 lataque
444 3070 691 3139 vulgata.
723 3067 855 3134 Quae
895 3068 1021 3121 licet
1053 3066 1221 3122 altoui
1254 3066 1643 3121 moderatiores
1677 3081 1772 3120 ex-

218 3171 468 3219 cusarent.
501 3161 699 3231 partim
737 3162 923 3215 virtuti
977 3160 1297 3223 tribuentes,
1339 3162 1536 3231 partim
1569 3161 1772 3215 innata:

220 3252 534 3307 inelinationi
559 3268 625 3307 ac
655 3252 816 3319 genio
855 3262 1087 3307 austerae
1128 3252 1351 3317 indolis,
1401 3254 1640 3322 denique
1675 3254 1768 3307 alii
1793 3287 1839 3347 ε

221 3354 367 3399 totam
392 3347 511 3414 ejus
537 3346 859 3400 acerbitatis
887 3345 1101 3413 culpam
1133 3345 1467 3415 imputarent
1493 3346 1767 3400 diuturna

222 3439 542 3493 assuetudiui
579 3439 817 3492 hominis
846 3453 873 3490 a
902 3452 1073 3506 puero
1131 3436 1183 3489 in
1220 3451 1442 3491 secessu
1477 3453 1541 3491 ac
1573 3439 1769 3492 solitu-

220 3531 328 3586 dine
354 3531 575 3595 versati,
598 3545 662 3584 ac
690 3546 756 3584 ne
813 3545 958 3583 nunc
990 3528 1211 3599 quidem
1248 3530 1300 3582 in
1354 3530 1465 3583 vita
1520 3534 1767 3598 exposita

220 3621 607 3690 congressibus,
630 3619 773 3690 quod
798 3633 958 3673 omne
988 3619 1269 3673 insolitum
1315 3633 1459 3689 aegre
1485 3620 1765 3683 toleretur,

223 3725 249 3764 a
272 3713 481 3766 latebris
508 3728 571 3767 ac
595 3712 816 3766 silentio
844 3711 1149 3781 repetendis
1174 3712 1405 3765 subinde
1444 3713 1768 3779 temperanti

225 3805 783 3873 (animadvertebatur
804 3805 949 3858 enim
976 3820 1125 3858 nunc
1179 3819 1396 3874 quoque
1426 3805 1684 3881 ali‘ectat'e
1712 3808 1765 3859 in

222 3898 456 3952 omnibus
517 3906 810 3957 secretum,
858 3898 1170 3964 vitareque,
1207 3905 1476 3966 quantum
1533 3905 1764 3966 poterat,

223 3988 527 4043 arbitrorum
559 3989 973 4052 conscientiam,
993 3989 1143 4044 solus
1166 3990 1416 4059 psallere.
1447 3991 1597 4045 solus
1622 4007 1770 4045 com-

222 4082 385 4144 edere,
445 4083 603 4152 152
659 4083 798 4136 clam
828 4092 1128 4147 ctareano,
1190 4093 1350 4152 prout
1380 4085 1553 4138 ascesi
1612 4086 1770 4156 longa

224 4172 537 4237 insueverat,
566 4186 761 4227 cuncta
793 4173 916 4227 vitae
948 4173 1121 4227 ollicia
1169 4174 1471 4243 transigere
1502 4175 1544 4243 ),
1591 4188 1769 4230 tamen

227 4268 425 4319 nonnisi
460 4267 636 4319 adacti
699 4281 892 4333 magna
922 4266 970 4317 vi
1008 4267 1372 4331 necessitatis,
1410 4283 1573 4336 quam
1612 4284 1773 4323 nemo

240 4356 356 4410 'alet
378 4359 624 4417 eluctari.
656 4358 852 4410 durum
876 4358 1022 4411 istud
1054 4368 1106 4410 et
1140 4359 1291 4425 velut
1322 4359 1374 4412 in
1416 4362 1562 4429 virga
1598 4360 1773 4416 ferrea

231 4451 454 4519 regimen
485 4450 751 4503 ferebant.
797 4448 997 4515 Quoin
1053 4450 1327 4504 communi
1379 4467 1545 4507 sensu
1593 4455 1774 4523 gravis

229 4541 466 4592 omnibus
509 4539 841 4592 incommodi
868 4540 1115 4593 elucebat
1170 4542 1494 4608 exquisitior
1547 4542 1776 4611 aequitas

1864 701 1961 753 νην
2011 684 2436 753 παρακατέχων,
2461 681 2693 753 συχνοὺς
2741 682 2771 735 ὁ
2806 680 3026 751 κρατῶν
3093 677 3441 733 ἀποστέλλων

1861 776 2120 845 ἀπέλεγε,
2147 776 2241 830 καὶ
2272 779 2340 846 τῇ
2374 773 2677 845 αὐτανεψίᾳ
2733 773 3082 843 ἐπέσκηπτεν
3134 770 3440 824 ἐπιτάττων

1861 870 1983 941 ἥτις
2015 865 2081 940 ἦν
2120 868 2464 933 Ῥαούλαινα,
2491 868 2563 939 μή
2593 882 2648 920 τι
2674 865 2936 939 ᾓοιοῦτον
2968 863 3257 928 ἐπιτελεῖν,
3307 862 3338 917 ὂ
3374 861 3440 934 δὴ

1865 961 1958 1014 καὶ
1987 961 2216 1028 γίνεται.

1902 1062 1992 1125 ιη’.
2020 1054 2366 1120 Ἐξέλευσις
2400 1050 2509 1105 τοῦ
2541 1049 2851 1116 ,βασιλέως
2885 1048 3036 1116 πρὸς
3064 1050 3401 1117 Νύμφαιον.

1933 1145 2108 1207 Αὐτὸς
2135 1146 2192 1198 δὶ
2221 1143 2434 1216 φθὰσας
2458 1144 2547 1197 ἐπ’
2580 1143 2843 1212 ἀνατολῆς
2863 1181 2877 1206 ,
2924 1142 3016 1194 τον
3059 1141 3443 1211 πορρυρογέν-

1864 1255 2024 1308 νητον
2049 1236 2376 1300 ἀποστείλας
2407 1235 2601 1307 ἔχοντα
2620 1236 2712 1288 καὶ
2732 1235 2832 1304 τὴν
2865 1232 3222 1286 συνοικοῦσαν
3248 1235 3313 1285 ἐκ
3331 1231 3444 1287 τῶν

1865 1328 1960 1383 τοῦ
1999 1331 2194 1383 Ῥαοὺλ
2245 1329 2383 1382 κατὰ
2422 1328 2599 1396 γένος,
2647 1323 2990 1395 ἐξεληλακὼς
3044 1324 3132 1378 ἐπ’
3174 1324 3445 1395 ἀνατολῆς

1865 1420 2050 1492 ὥρμα.
2089 1422 2199 1476 Καὶ
2238 1420 2462 1474 διελθὼν
2491 1420 2559 1473 τὰ
2592 1421 2692 1489 τῆς
2741 1416 2991 1480 Βιθυνίας
3027 1418 3188 1486 μέρη,
3221 1417 3316 1469 καὶ
3342 1416 3446 1470 ὅσα

1866 1513 1975 1584 πρὸ
2004 1512 2203 1584 μικροῦ
2232 1513 2432 1586 ἐρρέθη
2454 1511 2545 1564 ἐπί
2571 1527 2631 1563 τε
2656 1509 2735 1579 τῷ
2761 1509 2955 1579 Βέκκιρ
2979 1508 3204 1571 καὶτοῖς
3232 1507 3445 1571 λοιποῖς

1867 1605 2248 1673 εἰργασμένος,
2286 1602 2362 1673 τῷ
2388 1601 2668 1671 Νυμφαίῳ
2693 1599 3011 1668 ἐφίσταται,
3030 1599 3212 1670 φέρων
3234 1599 3445 1654 καὶτὸν

1867 1692 2205 1757 Μουζάλωνα
2235 1692 2370 1763 πρὸς
2392 1691 2470 1763 τῷ
2498 1690 2590 1744 τοῦ
2621 1691 2862 1760 μεγάλου
2908 1688 3193 1759 λογοθέτου
3231 1688 3446 1761 σεμνώ-

1872 1801 2004 1856 ματι
2034 1785 2128 1838 καὶ
2178 1783 2680 1853 πρωτοϐεστιάριον
2731 1781 3102 1853 κλεῖζόμενον.
3153 1776 3229 1837 Οὗ
3260 1783 3324 1853 δὴ
3353 1783 3451 1837 καὶ

1846 1879 2167 1949 σκηνήσας,
2212 1876 2425 1929 ἐκεῖθεν
2479 1875 2546 1930 τὰ
2590 1876 2708 1929 κατ’
2764 1875 3028 1947 ἀνατολὴν
3055 1875 3446 1945 διοικούμενος,

1867 1966 1952 2040 [Ρ.
1972 1965 2095 2039 105]
2113 1966 2410 2022 ἐσκέπτετο
2431 1967 2526 2021 καὶ
2553 1967 2685 2040 περὶ
2708 1967 2801 2021 τοῦ
2832 1967 2950 2023 υἱοῦ
2977 1967 3217 2040 Μιχαὴλ,
3239 1971 3451 2038 ἐπαγα-

1867 2066 1984 2133 γεῖν
2014 2065 2211 2135 ἐκείνῳ
2234 2065 2299 2117 ὲκ
2341 2063 2433 2118 τοῦ
2481 2063 2647 2135 ῥηγδς
2703 2063 2938 2127 Πουλίας
2973 2064 3072 2133 τὴν
3095 2066 3452 2137 συνοικήσουο

1868 2172 1990 2225 σαν,
2018 2158 2139 2230 ήὲκ
2166 2156 2262 2212 τοῦ
2290 2157 2408 2211 υίοῦ
2432 2155 2528 2211 τοῦ
2564 2156 2883 2213 Βαλδουϊνου
2909 2159 3004 2213 καὶ
3045 2161 3144 2231 τῆς
3170 2159 3449 2232 θυγατρὸς

1871 2346 2087 2403 rentur,
2113 2347 2168 2394 et
2198 2353 2305 2409 qua
2334 2354 2520 2396 serere
2562 2340 2731 2411 ipsos,
2780 2355 2889 2411 qua
2943 2356 3167 2410 sparsos
3214 2342 3283 2396 ab
3323 2342 3448 2397 aliis

1870 2431 2120 2500 accipere
2154 2433 2358 2489 liberos
2392 2432 2460 2488 de
2501 2434 2586 2488 his
2609 2450 2895 2490 sermones
2925 2445 2980 2490 et
3012 2435 3220 2506 judicia
3255 2436 3449 2491 verisi-

1871 2523 2090 2579 milibus
2117 2525 2301 2581 innixa
2328 2527 2686 2596 conjecturis,
2758 2528 3019 2598 pleraque
3080 2528 3443 2585 Athanasium

1872 2616 2206 2674 traducentia
2232 2634 2333 2688 pro
2357 2620 2604 2675 funditus
2637 2621 2830 2691 ignaro
2879 2623 3017 2677 artis
3043 2623 3326 2677 hominum
3358 2638 3449 2677 re-

1870 2709 2192 2780 gendorum,
2244 2727 2409 2782 quam
2467 2713 2519 2767 in
2575 2714 2873 2769 solitudine
2928 2715 3155 2770 ascetiei
3191 2729 3447 2771 secessus

1871 2800 2084 2856 discere
2111 2802 2259 2857 haud
2289 2804 2576 2870 potuisset.

2052 2916 2140 2970 17.
2173 2914 2321 2971 Mors
2360 2920 2749 2991 expatriarcha:
2778 2918 3017 2991 Gregorii
3063 2921 3268 2993 Cyprii.

1948 3026 2043 3084 His
2082 3028 2156 3083 ita
2188 3044 2245 3084 se
2308 3030 2655 3097 habentibus,
2714 3035 3100 3103 expatriarcha
3147 3036 3445 3106 Gregorius

1872 3120 2135 3191 languore
2163 3122 2376 3178 dierum
2424 3124 2724 3180 multorum
2785 3127 3107 3190 exhaustus,
3144 3139 3203 3184 ut
3261 3139 3446 3185 autem

1874 3213 2095 3283 quidam
2128 3215 2368 3279 aiebant,
2416 3215 2738 3287 aegritudine
2785 3218 2955 3273 animi
2993 3220 3279 3278 confectus
3321 3223 3450 3279 inde

1875 3316 2000 3359 nata
2029 3308 2170 3376 quod
2202 3322 2269 3362 ex
2302 3309 2431 3363 olim
2457 3316 2569 3362 tam
2596 3308 2868 3364 honorato
2901 3319 3009 3365 tam
3036 3326 3096 3366 se
3126 3313 3286 3367 hodie
3311 3329 3447 3369 con-

1874 3410 2138 3468 temptutn
2171 3409 2441 3466 cerneret,
2467 3402 2635 3471 paulo
2662 3410 2789 3471 post
2855 3402 3036 3457 vivere
3086 3404 3271 3459 desiit.
3314 3408 3449 3477 Ejus

1870 3492 2163 3563 exsequias
2195 3493 2527 3562 psahnomtn
2563 3503 2725 3548 cantu
2749 3495 2816 3550 de
2843 3510 2996 3550 more
3019 3498 3281 3554 celebrari
3314 3514 3452 3555 cono

1869 3601 2083 3640 cessum
2114 3595 2230 3641 est:
2263 3594 2318 3640 at
2347 3601 2471 3640 eum
2505 3587 2724 3656 sepeliri
2762 3597 2821 3642 ut
2871 3590 3264 3659 patriarcham.
3297 3595 3447 3663 quod

1871 3688 2121 3743 sperasse
2154 3677 2270 3745 ipse
2300 3676 2585 3731 videbatur
2618 3679 2745 3732 dum
2797 3679 2852 3733 in
2880 3681 3133 3735 cessione
3186 3687 3449 3743 sacerdo-

1875 3766 2008 3819 tium
2042 3765 2280 3822 retinere
2309 3770 2501 3834 voluit,
2540 3770 2768 3824 omnino
2792 3782 2977 3827 vetare
3016 3788 3074 3828 se
3097 3790 3193 3844 per
3221 3778 3446 3832 crebros

1874 3857 1939 3910 ad
1973 3856 2023 3910 id
2049 3858 2247 3913 missos
2278 3861 2500 3915 nuntios
2523 3862 2856 3930 signiﬁcavit
2885 3863 3216 3935 imperator;
3243 3878 3297 3923 et
3329 3886 3444 3926 sine

1876 3951 2217 4007 consobriuae
2251 3952 2493 4009 defuncti
2533 3956 3196 4025 perstudiosasRaﬁlaente
3246 3964 3448 4020 diserte

1877 4043 2158 4097 interdixit
2189 4062 2254 4099 ne
2277 4047 2406 4116 quid
2440 4047 2544 4102 tale
2573 4055 2886 4104 attentarct.
2916 4049 3138 4107 Privato
3172 4069 3301 4125 ergo
3335 4056 3449 4111 ela-

1879 4142 1965 4189 tus
1995 4143 2078 4189 est
2103 4135 2315 4207 funere.

2056 4253 2142 4308 18.
2176 4253 2447 4324 Profectio
2493 4259 2830 4329 imperatam:
2880 4262 3263 4334 Nympharum.

1954 4368 2110 4440 153
2136 4368 2254 4440 Ιρεθ
2282 4388 2449 4442 porro
2478 4376 2780 4445 Augustus,
2801 4380 2975 4432 misso
3002 4379 3153 4448 prius
3174 4380 3227 4432 in
3254 4380 3453 4434 Orien-

1880 4467 1989 4510 tem
2032 4456 2504 4529 Porphyrogeni'o
2539 4478 2727 4518 secum
2760 4480 2986 4519 uxorem
3034 4466 3292 4530 ducente,
3325 4483 3448 4535 quae

1880 4554 1937 4598 et
1967 4545 2082 4612 ipsa
2116 4557 2237 4599 erat
2268 4563 2332 4601 et
2359 4548 2548 4605 Raiills
2581 4553 2774 4621 stirpe,
2810 4564 3034 4609 secutus
3067 4555 3183 4624 ipse
3233 4572 3449 4627 quoque

227 4633 566 4699 quorumdam
599 4631 705 4685 sibi
746 4631 868 4684 unis
901 4631 1026 4684 mali
1074 4647 1296 4685 causam
1361 4635 1769 4702 imputantium.
1800 4644 1854 4704 υ
1884 4648 2078 4689 versus
2107 4634 2301 4689 Ortum
2340 4639 2534 4693 movit.
2581 4640 3093 4714 Ttattsgreesusqtte
3129 4656 3311 4715 partes
3360 4649 3450 4701 lii-

226 4720 416 4791 Nempe
443 4724 520 4776 sic
575 4722 779 4776 dudum
825 4730 1155 4787 statuerant,
1211 4740 1318 4779 non
1372 4741 1623 4793 arrogare
1672 4727 1773 4781 sibi

225 4812 474 4885 judicium
509 4828 692 4867 rerum
729 4814 793 4866 ad
820 4815 958 4866 alios
1009 4816 1398 4880 spectantium,
1463 4819 1557 4871 sed
1605 4820 1657 4872 in
1715 4834 1776 4873 se

229 4905 363 4972 ipsos
386 4888 736 4959 attentio-nem
773 4906 974 4958 mentis
1005 4920 1226 4959 omnem
1276 4918 1503 4969 vertere,
1547 4910 1647 4961 sibi
1679 4924 1777 4962 ca-

230 5013 344 5051 rere
366 5008 519 5067 atque
548 4997 834 5067 invigilare
864 4999 1251 5065 promovendis
1273 4998 1337 5051 ad
1364 5010 1594 5061 rectum.
1618 5002 1778 5056 unice

229 5104 440 5144 securos
466 5092 724 5153 aliorum,
764 5091 866 5144 nisi
905 5100 1201 5158 quatenus,
1247 5072 1511 5147 suadente
1542 5095 1621 5149 sic
1650 5109 1779 5149 con-

230 5180 420 5233 ditione
443 5196 627 5234 eorum
652 5196 775 5249 qua:
805 5181 1158 5249 gerebantur,
1191 5182 1483 5236 observare
1541 5200 1599 5238 se
1639 5186 1779 5238 invi-

229 5284 336 5321 cem
367 5271 608 5337 proderat
635 5271 703 5324 ad
740 5270 1182 5339 provocationem
1214 5272 1518 5337 charitatis,
1554 5275 1777 5330 minime

233 5376 349 5413 veto
378 5363 462 5417 ubi
490 5379 595 5417 non
651 5374 941 5431 appareret
973 5362 1184 5417 fructus
1235 5364 1355 5433 ejus
1420 5367 1779 5435 inspectionis

232 5455 361 5507 alzus
411 5471 565 5523 quam
635 5455 891 5507 solatium
966 5456 1308 5510 curiositatis
1367 5459 1669 5527 prurientis
1723 5461 1776 5514 in

233 5547 443 5599 otiosam
476 5558 527 5601 et
563 5545 759 5615 ligendi
796 5546 973 5598 locum
1003 5548 1176 5600 aculei
1205 5558 1538 5615 quaerentem
1590 5550 1780 5619 explo-

234 5639 476 5692 rationem
503 5638 770 5692 factorum
819 5639 1148 5701 alienorum,
1221 5638 1496 5710 plerisque
1554 5642 1775 5697 interim

237 5727 369 5782 haud
393 5746 447 5784 se
473 5731 614 5782 intra
651 5730 785 5783 lines
816 5729 964 5797 paris
1010 5731 1289 5784 modestia:
1345 5732 1774 5801 continentibus,

234 5831 410 5871 verum
432 5830 482 5873 et
496 5821 717 5874 curiose
744 5806 1127 5887 indagantibus
1159 5834 1276 5887 qua
1304 5833 1777 5891 suspectaverant,

236 5920 284 5963 et
308 5913 484 5967 ulcisci
507 5912 832 5967 conantibus
861 5913 905 5965 si
930 5926 1092 5966 secus
1136 5927 1294 5979 quam
1343 5916 1541 5972 vellent
1570 5926 1775 5975 tracta-

573 6011 844 6070 I‘A'rnoe.
872 6009 988 6072 Gtt.
1029 6008 1287 6074 CXLIV.

1882 4727 2102 4793 thynite,
2145 4744 2208 4782 ae
2250 4730 2316 4785 iis
2358 4731 2556 4797 obiter,
2591 4750 2712 4803 quae
2753 4738 2914 4804 paulo
2964 4748 3090 4792 ante
3144 4754 3448 4796 memorata

1880 4822 2030 4880 sunt,
2103 4832 2229 4870 eum
2280 4818 2459 4876 Yecco
2515 4823 2850 4893 reliquisque
2913 4830 3225 4893 transactis,
3286 4829 3451 4902 Nym-

1880 4906 2092 4976 phaeum
2128 4912 2371 4975 pervenit
2402 4912 2657 4967 comitem
2711 4915 2923 4973 habens
2959 4918 3322 4987 Muzaloncm,
3355 4940 3448 4977 su-

1880 5012 1977 5067 per
2008 5000 2295 5068 autiquum
2332 5004 2591 5058 honorem
2624 5008 2803 5076 magni
2834 5009 3123 5078 logothetm
3153 5028 3290 5067 nova
3327 5031 3450 5085 pro-

1882 5090 2184 5143 tovestiarii
2216 5092 2481 5160 dignitate
2517 5096 2858 5154 decoratum.
2890 5102 2989 5155 Hic
3012 5104 3308 5172 imperator
3345 5108 3451 5161 lixo

1880 5181 2165 5251 Augustali
2221 5188 2505 5241 attendere
2549 5189 2676 5243 inde
2726 5192 3050 5249 ovdinandis
3100 5200 3445 5255 orientalium

1882 5276 2048 5327 rebus
2075 5285 2344 5330 tractuum
2378 5280 2612 5347 institit;
2645 5282 2920 5352 simulque
2957 5288 3202 5342 incubuit
3252 5292 3304 5344 itt
3353 5307 3454 5347 cu-

1885 5381 1996 5419 ram
2032 5368 2503 5425 conﬁciendarum
2539 5375 2857 5444 nuptiarum
2890 5376 3171 5435 Michaelis
3201 5384 3320 5447 ﬁlii,
3358 5387 3449 5439 eui

1882 5474 2141 5528 sponsam
2200 5462 2406 5531 legerat
2458 5465 2602 5535 regis
2645 5468 2854 5536 Apulia:
2889 5469 3077 5536 filiam,
3105 5490 3171 5527 ex
3200 5474 3448 5530 Balduiui

1882 5551 1993 5605 ﬁlio
2015 5563 2070 5605 et
2105 5553 2211 5606 lilia
2242 5555 2423 5609 Caroli
2472 5567 2676 5613 natam.
2715 5560 2839 5616 [hec
2875 5563 3190 5621 Aicatcrina
3230 5583 3449 5625 nuncu-

1880 5651 2007 5712 pata
2046 5659 2140 5713 per
2166 5649 2508 5728 avunculum
2529 5650 2698 5704 lilium
2741 5652 2928 5708 Caroli
2956 5667 3313 5713 materteram
3357 5656 3447 5717 hai-

1880 5737 1998 5792 buit
2032 5738 2199 5793 ﬁliam
2240 5744 2385 5810 regis
2435 5740 2747 5813 Hungariaz,
2801 5763 2923 5816 quae
2969 5760 3257 5806 matertera
3320 5756 3449 5811 item

1879 5839 2000 5885 erat
2028 5830 2309 5886 Michaelis
2339 5833 2585 5901 ejusdem
2619 5836 2851 5906 Augusti
2896 5837 3144 5895 Junioris
3187 5859 3251 5898 ex
3286 5847 3452 5918 hujus

1882 5939 2075 5980 sorore
2106 5926 2300 5995 geniti.
2342 5926 2524 5992 Quare
2570 5929 2661 5984 illa
2693 5930 3009 6001 conjugium
3042 5935 3184 5993 istud
3213 5941 3463 5999 duorum.

3004 6031 3046 6106 6
