3862 6554
371 434 468 500 171

1571 429 1896 492 GEORGII
1951 428 2433 488 PACHYMERI’E

3544 423 3651 487 172

366 556 462 610 τοῦ
518 556 825 629 Καρούλου,
893 555 1244 627 Αίκατερίνα,
1284 554 1407 624 ἥτις
1442 554 1537 606 καὶ
1575 553 1667 605 ἐπὶ
1700 552 1777 624 τῷ
1818 554 1949 624 πρὸς
1981 557 2023 611 Α
2054 549 2176 601 καθ’
2208 548 2276 618 ἢν
2308 549 2402 602 καὶ
2435 547 2596 619 ἡτῶν
2621 535 2792 614 ἁγίων
2819 545 3163 602 Ἀποστόλων
3192 547 3355 617 ἑορτὴ
3379 545 3647 598 τελεῖται.

373 647 578 718 μητρὸς
597 648 728 719 θείῳ
757 648 832 718 τῷ
860 648 961 718 υίῷ
993 646 1274 718 Καρούλου
1301 647 1452 700 θείαν
1479 642 1592 716 εἶχε
1625 646 1722 715 τὴν
1743 645 1836 699 τοῦ
1857 647 1956 714 τῆς

374 739 652 810 υύγγρίας
689 741 1180 812 ῥηγδςθυγατέρα,
1207 739 1359 792 θείαν
1391 733 1556 792 οὖσαν
1582 740 1717 808 πρὸς
1751 735 1956 807 μητρδς

376 833 471 886 καὶ
494 833 572 903 τῷ
605 834 813 903 βασιλεῖ
863 833 1104 904 Μιχαὴλ,
1139 834 1263 904 ἥτις
1293 835 1389 887 καὶ
1415 835 1540 896 τοὺς
1576 835 1785 902 γάμους
1811 832 1957 885 δυοῖν

375 923 627 992 ἀδελφοῖν
658 925 759 978 ἀνὰ
784 926 948 996 μέρος
970 929 1326 995 κατήπειγεν.
1360 925 1521 978 Ὅθεν
1546 927 1638 977 καὶ
1664 923 1829 978 αὐτὸν
1860 922 1958 991 μὲν

378 1016 473 1068 ἐπὶ
523 1017 622 1082 τῆς
668 1017 871 1080 πόλεως
910 1017 1234 1071 καταλείπει
1283 1019 1312 1071 ὁ
1352 1016 1623 1087 βασιλεὺς,
1649 1016 1772 1078 τοὺς
1807 1016 1862 1068 δέ
1892 1032 1956 1084 γε

289 1139 299 1150 ι
373 1107 454 1178 τῷ
513 1109 669 1177 κήδει
721 1109 1104 1179 μεσιτεύοντας
1163 1110 1405 1174 Ἰταλοὺς
1457 1110 1692 1179 ἐπήγετο
1739 1108 1872 1178 πρὸς
1900 1107 1959 1160 τὸ

379 1198 691 1269 Νύμφαιον,
721 1201 893 1270 συχνὰ
920 1201 1339 1255 καταναλίσκων
1374 1203 1468 1255 καὶ
1498 1200 1960 1273 προσφιλοτιμού-

385 1308 568 1362 μενος,
600 1291 773 1346 νεύων
803 1293 920 1356 ὅλος
951 1297 1029 1358 είς
1055 1292 1212 1348 τοῦτο
1239 1296 1332 1349 καὶ
1363 1295 1522 1365 μόνον
1557 1295 1617 1347 οὐ
1653 1293 1744 1347 καὶ
1777 1293 1961 1346 συνδέ-

383 1399 551 1451 σμους
599 1384 713 1437 τῶν
771 1385 1090 1451 ἀναγκαίων
1119 1384 1462 1454 ποιούμενος.
1524 1384 1650 1440 Ἐπὶ
1676 1385 1811 1438 πολὺ
1851 1387 1960 1456 γὰρ

381 1475 477 1528 καὶ
508 1475 947 1547 προσελιπάρουν
985 1480 1180 1530 ἐκεῖνοι
1203 1519 1218 1542 ,
1255 1477 1350 1531 καὶ
1380 1479 1658 1549 συμφέρον
1702 1478 1962 1548 παμπλη-

384 1566 474 1630 ὃὲς
508 1568 685 1622 ἐδόκει
711 1574 806 1623 καὶ
837 1569 1106 1640 βασιλέως
1133 1570 1357 1635 ἄξιοντὸ
1386 1570 1755 1640 συνάλλαγμα.
1800 1569 1962 1623 Ὑπέ-

383 1678 524 1716 τεινε
545 1664 600 1716 δὲ
621 1665 713 1717 καὶ
732 1666 976 1733 χρηστὰς
1001 1663 1098 1727 τὰς
1121 1665 1343 1728 ἐλπίδας
1372 1665 1600 1728 ἐκείνοις
1629 1666 1656 1717 ὁ
1679 1665 1957 1734 βασιλεὺς.

383 1755 480 1808 καὶ
509 1754 867 1824 ὲνησμένιζον
917 1756 1030 1820 τοῖς
1063 1755 1352 1825 μέλλουσιν
1385 1757 1460 1820 ὡς
1491 1756 1549 1821 ἐξ
1571 1757 1818 1827 ἀνάγκης
1847 1759 1964 1810 ἔσο-

387 1846 593 1915 μένοις.
629 1847 792 1901 Ὀθεν
847 1848 940 1900 καὶ
992 1846 1089 1900 τοῦ
1143 1849 1504 1917 συγγραφέως
1549 1848 1628 1918 τῷ
1687 1849 1961 1919 Νυμφαίῳ

387 1937 679 2008 ἐσύστερον
710 1923 1134 2008 ὲνδημήσαντος.
1157 1939 1358 1992 ἐκεῖνοι
1400 1937 1667 2008 μαθόντες
1704 1937 1962 2008 πολίηθεν

395 2029 616 2083 ἐλθόντα
645 2028 854 2092 ἀξιοῦσι
887 2028 1111 2099 βασιλέα
1131 2027 1219 2081 ἐπ’
1247 2029 1454 2099 ἀρίστῳ
1485 2028 1796 2097 καθήμενον
1825 2027 1964 2096 ὲρω-

389 2123 486 2193 τᾷν
514 2124 721 2190 ἐφεῖναι
753 2121 898 2184 ὅπως
941 2121 1054 2191 ἔχοι
1088 2120 1198 2174 τῶν
1249 2121 1448 2190 ὑγειῶν
1475 2122 1503 2172 ὁ
1531 2119 1648 2182 νέος
1687 2119 1962 2190 βασιλεὺς,

392 2215 487 2270 καὶ
514 2215 620 2284 ὅπη
652 2214 746 2266 καὶ
799 2213 908 2266 τίσι
934 2212 1137 2280 διάγων
1165 2213 1531 2283 ὲνασχολοῖτο.
1565 2213 1675 2265 Καὶ
1697 2211 1760 2278 δὴ
1789 2227 1960 2280 προσ-

392 2308 581 2359 έταττε
613 2302 865 2371 βασιλεὺς
900 2303 1131 2366 ἐκείνοις
1177 2319 1236 2356 τε
1267 2301 1633 2356 πυνθάνεσθαι
1664 2302 1761 2355 καὶ
1789 2301 1964 2372 τούτῳ

391 2397 593 2450 διδόναι
615 2397 712 2460 τὰς
733 2394 1080 2465 ἀποκρίσεις.
1113 2393 1221 2449 Καί
1249 2395 1299 2463 γ’
1321 2393 1405 2462 ἐφ’
1434 2393 1651 2464 ἑκάστῳ
1674 2393 1783 2446 τῶν
1807 2393 1965 2460 λεγο-

396 2491 574 2558 μένων
609 2487 921 2550 ἀκούοντες,
975 2485 1098 2538 ἐπεὶ
1131 2485 1225 2540 καὶ
1257 2483 1472 2554 χρηστὰ
1492 2483 1552 2548 ἐξ
1584 2482 1830 2554 ἀνάγκης
1859 2483 1964 2552 ἡγ-

393 2583 663 2653 γέλὶοντο,
691 2581 1218 2654 προσαποδεχὸμενοι
1241 2578 1388 2652 δῆλοι
1415 2575 1557 2652 ἦσαν
1580 2577 1967 2650 εὐχαριστοῦν-

393 2694 484 2742 τες
516 2674 657 2746 Θεῷ.

397 2771 484 2824 ιϐ’.
551 2767 632 2822 Τὰ
688 2766 838 2820 κατὰ
889 2769 996 2820 τὸν
1052 2763 1619 2846 πορφυρογέννητον
1648 2764 1969 2816 Κωνσταν-

1092 2852 1278 2890 τινων.

468 2955 581 3026 Τῆς
618 2955 663 3010 δ’
704 2953 954 3024 εἰκοστῆς
996 2951 1192 3021 ἐνάτης
1238 2949 1404 3020 μηνὸς
1443 2945 1968 3019 Μαιμακτηριῶνος,

401 3140 503 3195 sibi
542 3153 573 3194 e
608 3135 894 3193 sororibus
923 3142 1184 3204 nepotum
1210 3147 1309 3204 pro
1343 3147 1422 3198 se,
1446 3141 1711 3202 quantum
1736 3139 1968 3200 poterat,

403 3231 647 3303 urgebat.
677 3227 945 3296 Quocirca
971 3226 1071 3282 etsi
1108 3223 1424 3280 Michaelem
1452 3233 1510 3278 ut
1529 3237 1587 3277 se
1605 3223 1826 3278 absente
1851 3220 1970 3275 urbi
1999 3249 2043 3307 ο

405 3331 667 3395 praeesset
719 3317 1197 3387 Constantinopoli
1233 3327 1389 3386 pater
1439 3314 1756 3383 reliquerat,
1792 3322 1972 3366 tamen

404 3413 569 3485 Italos
620 3411 785 3482 hujus
840 3409 1225 3465 conciliatores
1275 3405 1613 3461 matrimonii
1647 3405 1711 3459 ad
1751 3418 1810 3459 se
1851 3403 1977 3458 inde

407 3506 623 3561 accitos
660 3504 938 3576 Nymphtei
974 3499 1418 3571 splendidissime
1452 3497 1730 3560 tractavit,
1781 3497 1976 3564 ingen-

405 3604 486 3648 tes
513 3593 567 3647 in
598 3607 693 3648 eos
731 3589 1082 3646 honorandos
1108 3598 1363 3658 sumptus
1398 3586 1631 3651 faciens,
1662 3587 1977 3655 negotium-

405 3701 514 3756 que
556 3700 687 3740 cura
722 3692 874 3739 tanta
914 3691 969 3738 et
1004 3681 1188 3737 studio
1220 3695 1534 3749 capessens,
1587 3686 1646 3733 ut
1685 3693 1876 3747 parum
1910 3679 1979 3733 ab

406 3779 601 3834 ultimo
628 3791 860 3832 assensu
891 3785 1058 3843 atque
1101 3773 1240 3826 adeo
1276 3786 1303 3822 a
1345 3769 1715 3825 celebratione
1751 3784 1976 3840 sponsa-

407 3871 542 3924 lium
569 3885 659 3925 res
681 3868 871 3924 abesse
897 3866 1192 3920 videretur.
1223 3863 1354 3917 Nam
1384 3870 1439 3918 et
1469 3862 1631 3931 legati
1662 3862 1805 3933 regis
1825 3862 1978 3930 Apu-

405 3965 494 4019 lia:
538 3976 868 4033 magnopere
904 3970 962 4016 ut
1006 3959 1184 4014 fmdus
1233 3957 1382 4012 fieret
1419 3956 1720 4018 instabant,
1763 3965 1815 4009 et
1851 3953 1980 4007 utile

409 4057 461 4110 id
498 4054 837 4124 dignumque
867 4055 1133 4120 [Augusto
1175 4049 1486 4119 cettjugiutn
1537 4048 1737 4116 passim
1789 4061 1980 4102 omnes

406 4149 723 4204 censebant.
755 4145 908 4200 Votis
927 4145 1047 4200 istis
1069 4144 1292 4196 multam
1318 4157 1442 4196 sceu
1454 4143 1557 4195 turi
1579 4148 1807 4193 eventus
1829 4153 1976 4206 spem

407 4243 641 4296 addebat
667 4239 854 4294 multis
885 4237 1057 4306 signis
1079 4236 1354 4289 declarata
1393 4232 1742 4303 imperatoris
1767 4233 1818 4284 in
1853 4245 1973 4286 eam

409 4336 722 4391 aliinitatem
751 4331 1068 4404 propensio,
1085 4339 1144 4383 ut
1163 4329 1277 4383 ltali
1295 4329 1414 4397 ejus
1434 4327 1638 4397 negotii
1661 4333 1981 4380 tractateres

413 4427 572 4499 15h
612 4426 972 4495 praeciperent
1009 4421 1121 4489 jam
1159 4423 1344 4474 animo
1373 4419 1629 4487 gaudium
1665 4430 1978 4478 successus,

412 4534 470 4576 ut
495 4539 556 4576 sc
589 4519 794 4574 dabant
825 4513 1053 4579 indicia,
1086 4513 1406 4570 certissimi.
1451 4513 1640 4578 Itaque
1667 4523 1788 4563 cum
1819 4507 1982 4578 paulo

2059 640 2264 703 διετῖας
2329 639 2632 711 τρεχούσης
2687 639 3239 710 ὲστρατοπεδευμένῳ
3289 638 3366 704 τῷ
3434 638 3651 708 βασιλεῖ

2058 733 2270 799 γίνεταί
2303 750 2356 785 τι
2389 733 2652 792 τοιοῦτον,
2677 731 2707 784 ὃ
2741 732 2804 800 δὴ
2859 732 2951 785 καὶ
2991 731 3179 784 κακῶν
3214 726 3346 800 ἦρξε
3381 731 3648 799 μεγάλων

2058 824 2137 895 τῷ
2166 825 2660 895 πορφυρογεννήτῳ
2718 825 3130 890 Κωνσταντίνῳ.
3178 822 3398 891 Ἐπειδὴ
3442 823 3552 891 γὰρ
3606 824 3644 891 ἡ

2060 915 2224 989 ἑορτὴ
2259 912 2328 989 ἦν
2351 917 2446 970 καὶ
2474 917 2584 968 ἔδει
2608 915 2854 980 συνάξεις
2877 915 2976 986 μὲν
2996 914 3102 968 τῶν
3137 915 3477 983 μεγιστάνων
3504 913 3694 989 πρὸςλῇ

2061 977 2311 1078 βασιλέα..
2351 1007 2644 1077 προσόδους
2675 1007 2732 1059 δὲ
2757 977 3002 1060 καὶ-τῶν
3027 977 3329 1074 ματ-ρωνῶν
3359 1003 3513 1074 παρὰ

2059 1098 2377 1167 Ανῦγοῦσταν
2400 1098 2668 1164 γίνεσθαι.
2689 1098 2944 1165 ἀπήντων
2966 1097 3065 1165 μὲν
3096 1097 3192 1150 καὶ
3213 1095 3370 1150 ἄλλαι
3391 1071 3706 1192 adsistat}

2061 1191 2154 1244 καὶ
2185 1193 2472 1258 μέγισται,
2509 1191 2726 1260 ἀπήντα
2757 1190 2811 1243 δὲ
2841 1190 2934 1243 καὶ
2964 1191 2998 1259 ἡ
3018 1188 3246 1258 εὐγενὴς
3270 1189 3443 1259 γραῦς
3469 1177 3699 1255 Στραι--Ῡᾗ

2062 1281 2455 1349 τηγοπουλῖνα,
2489 1281 2523 1350 ή
2548 1281 2641 1333 τοῦ
2679 1281 2924 1336 Ἰωάννου
2961 1282 3060 1351 μὲν
3083 1279 3179 1334 τοῦ
3203 1279 3377 1333 Δούκα
3400 1277 3486 1350 [Ρ.
3516 1277 3646 1349 104]

2061 1373 2154 1424 καὶ
2184 1370 2447 1440 βασιλέως
2478 1369 2756 1440 ἀδελφιδῆ,
2791 1371 3186 1441 Κωνσταντῖνῳ
3202 1370 3260 1424 δὲ
3293 1368 3370 1438 τῷ
3401 1371 3650 1436 Στρατη-

2061 1461 2314 1531 γοπούλῳ
2335 1461 2413 1530 τῷ
2441 1463 2533 1514 καὶ
2571 1461 2801 1530 ὕστερον
2833 1461 3171 1530 τυφλωθέντι
3207 1461 3358 1530 παρὰ
3403 1458 3495 1512 τοῦ
3523 1458 3644 1514 υίοῦ

2061 1555 2155 1626 καὶ
2189 1551 2455 1622 βασιλέως
2507 1553 2899 1624 συνοικήσασα.
2963 1553 3123 1606 Ἐπεὶ
3161 1551 3217 1605 δὲ
3265 1549 3420 1604 οὔπω
3449 1553 3649 1618 καιρὸς

2061 1645 2245 1697 ἐκάλει
2294 1645 2553 1698 εἰσελθεῖν
2601 1645 2734 1714 πρδς
2785 1645 2884 1714 τὴν
2939 1644 3280 1712 Δύγοῢσταν,
3314 1643 3499 1712 ἐκείνη
3537 1642 3649 1706 ἔξω

2064 1756 2167 1792 που
2225 1739 2466 1806 καθῆστο
2522 1737 2619 1808 τὴν
2686 1737 3029 1808 πρόσκλησιν
3084 1738 3452 1806 ἀναμένουσα.
3498 1734 3649 1789 Ἀλλ’

2064 1831 2348 1899 ἐφίσταται
2369 1831 2464 1884 καὶ¹
2487 1832 2522 1897 ἠ
2551 1829 2643 1883 τοῦ
2669 1832 3185 1900 πορφυρογεννήτου
3218 1830 3452 1896 σύζυγος
3477 1827 3647 1896 ἁϐρο-

2066 1923 2201 1993 σύνῃ
2231 1923 2326 1976 καὶ
2358 1922 2829 1992 χλιδῇ-πρεπούσῃ
2863 1922 2964 1974 ὑπὸ
3007 1924 3356 1992 προπομποῖς
3402 1937 3460 1972 τε
3492 1917 3652 1971 πλείο

2066 2030 2212 2075 στοις
2251 2013 2342 2066 καὶ
2400 2013 2640 2076 ὀπαδοῖς.
2689 2015 2839 2066 Ἐπεὶ
2867 2013 2922 2066 δὲ
2965 2015 3034 2083 τῇ
3075 2012 3197 2082 θείᾳ⁴
3226 2013 3260 2082 ἢ
3309 2012 3510 2081 μᾶλλον
3547 2008 3648 2063 καὶ

2069 2107 2268 2176 μάμμῃ
2321 2106 2695 2176 προσήγγιςεν
2745 2106 2814 2175 (ὴ
2849 2105 2958 2175 γὰρ
2991 2105 3129 2174 πρὸς
3180 2103 3387 2174 πατρὸς
3425 2102 3650 2173 ἐκείνης

2069 2198 2269 2267 μάμμη
2295 2196 2597 2266 αὐτανεψία
2626 2195 2829 2264 ταύτης
2863 2192 2949 2266 ἦν,
2982 2196 3137 2266 εῖπερ
3162 2195 3297 2265 αὕτη
3335 2194 3433 2266 μὲν
3459 2196 3523 2247 ὲκ
3545 2193 3647 2246 τοῦ

2065 2289 2296 2358 ἀδελφοῦ
2331 2288 2424 2342 τοῦ
2451 2287 2718 2359 βασιλέως
2766 2288 2859 2341 καὶ
2894 2292 2994 2357 τὴν
3024 2287 3179 2352 ἀξίαν
3206 2287 3650 2357 σεϐαστοκράτο-

2068 2394 2161 2449 ρος
2191 2379 2539 2448 ὲγεγέννητο,
2572 2381 2604 2449 ή
2636 2379 2681 2432 δ’
2708 2378 2927 2446 ἐκείνης
2959 2380 3162 2449 μάμμη
3195 2381 3260 2431 ἐκ
3284 2379 3512 2448 θαςὲρου
3536 2377 3654 2433 τῶν

2068 2472 2334 2540 ἀδελφῶν,
2378 2473 2411 2543 ἢ
2445 2473 2508 2542 δὴ
2548 2473 2642 2525 καὶ
2673 2471 2752 2542 τῷ
2783 2471 3268 2541 πρωτοϐεστιαρῖῳ
3303 2468 3537 2540 συνῴκει
3569 2469 3656 2537 τῷ

2081 2562 2275 2619 Ῥαοὺλ
2301 2563 2524 2634 ’Δλεξίῳ
2545 2572 2584 2631 ),
2619 2565 2744 2617 ἐπεὶ
2771 2563 2901 2632 γοῦν
2938 2561 3379 2632 προσεγγιζούση
3411 2562 3517 2614 ἔδει
3546 2561 3652 2632 τὴν

2069 2656 2244 2726 γραῦν
2270 2656 2538 2725 καθέδρας
2574 2654 3034 2722 ὑπεξανίστασθαι
3077 2655 3220 2708 κατὰ
3267 2655 3328 2706 τὸ
3365 2653 3656 2723 προσῆκον

2067 2748 2136 2801 τὰ
2164 2747 2445 2818 δευτερεῖα
2496 2747 2631 2817 πρὸς
2658 2748 2758 2816 τὴν
2788 2746 3104 2813 Δύγοῦσταν
3156 2745 3416 2818 φερούσῃ,
3460 2748 3654 2816 ἐκείνη

2069 2839 2226 2894 τοῦτο
2274 2842 2373 2910 μὲν
2418 2842 2583 2911 γήρᾳ,
2615 2838 2772 2892 τοῦτο
2823 2839 2879 2906 δὲ
2903 2839 2997 2892 καὶ
3043 2838 3117 2902 ὼς
3158 2839 3321 2908 δῆθεν
3347 2841 3520 2903 παιδὶ,
3558 2843 3660 2894 καὶ

2069 2932 2300 3002 ικγόνης
2353 2933 2839 3000 καταφρονήσασα,
2894 2929 3004 2984 οὐδ’
3049 2929 3205 3001 ῖκταρ
3235 2931 3654 2996 ὑπεξανίστατο,

2073 3117 2333 3165 currente
2365 3122 2508 3163 anno
2533 3121 2599 3160 ex
2627 3121 2738 3176 quo
2767 3106 3066 3175 imperator
3097 3112 3280 3161 castra
3310 3104 3424 3162 illic
3458 3106 3657 3162 babe—

2075 3203 2190 3267 hat,
2215 3202 2449 3272 contigit
2480 3201 2627 3270 quod
2662 3215 2787 3254 mox
2842 3198 3100 3264 referam,
3145 3198 3436 3252 multarum
3469 3199 3522 3253 in
3552 3214 3658 3268 po-

2077 3305 2226 3351 steru
2239 3309 2286 3346 ιη
2317 3290 2786 3360 Porphyrogenito
2799 3290 3162 3344 Constantino
3184 3290 3395 3345 initium
3424 3289 3659 3343 calami-

2082 3397 2276 3442 latum.
2310 3387 2580 3451 Quoniam
2612 3393 2671 3437 ut
2698 3385 2750 3437 in
2790 3383 2929 3437 festo
2961 3383 3054 3436 tali
3084 3397 3150 3436 ex
3185 3397 3336 3437 more
3366 3383 3661 3451 oportebat

2079 3478 2375 3535 convenire
2424 3485 2710 3546 magnates
2745 3475 2886 3544 apud
2937 3473 3347 3542 imperatorem,
3395 3473 3659 3528 similiter

2079 3580 2262 3626 autem
2293 3581 2347 3624 et
2365 3568 2574 3624 circum
2603 3569 2904 3636 Augustam
2929 3573 3255 3620 conventum
3279 3575 3658 3620 matronarum

2081 3662 2219 3727 fieri,
2274 3660 2574 3715 adfuerunt
2629 3673 2693 3713 ea
2750 3672 2919 3712 causa
2966 3671 3091 3713 cum
3147 3655 3268 3712 alim
3303 3657 3551 3724 plurima:
3591 3673 3663 3712 ac

2081 3755 2356 3816 maximae,
2388 3765 2504 3806 tum
2542 3749 2856 3820 praenobilis
2879 3763 3019 3804 anus
3048 3747 3514 3818 StrategOpulina,
3535 3763 3666 3818 quae

2080 3862 2142 3900 ex
2197 3845 2428 3901 Joannis
2479 3844 2656 3899 Docte.
2701 3843 2831 3898 olim
2886 3843 3234 3912 imperatoris
3299 3839 3469 3896 fratre
3526 3851 3661 3899 nata

2081 3939 2280 3994 deinde
2313 3945 2576 4006 nupserat
2627 3935 2994 3991 Constantino
3041 3934 3448 4005 Strategopulo,
3480 3949 3510 3987 a
3541 3933 3664 3988 tilio

2079 4029 2332 4096 Joannis,
2399 4029 2529 4084 dum
2576 4028 2623 4082 is
2667 4029 2982 4096 imperaret,
3018 4038 3312 4081 excaecata.
3348 4023 3472 4079 Haec
3500 4032 3659 4089 tunc,

2081 4120 2224 4190 quod
2259 4119 2616 4188 admissionis
2645 4117 2714 4171 ad
2753 4121 3054 4186 Augustam
3103 4117 3239 4171 hora
3285 4116 3532 4170 nondum
3564 4129 3665 4170 re,

2085 4223 2258 4276 nerat,
2297 4222 2449 4266 extra
2497 4211 2809 4274 consulens,
2846 4211 2975 4263 dum
3025 4209 3170 4262 intro
3229 4209 3524 4271 acciretur,
3559 4222 3668 4262 ex-

2083 4305 2388 4374 spectabat.
2425 4304 2645 4368 quando
2678 4303 2868 4354 eodem
2904 4300 3124 4352 advenit
3165 4299 3371 4367 conjux
3402 4296 3664 4368 Porphy-

2085 4397 2350 4466 rogeniti,
2385 4394 2543 4465 155
2576 4404 2798 4461 comptu
2839 4400 3217 4461 apparatuque
3239 4389 3562 4444 deliciarum
3595 4402 3669 4443 ac

2086 4505 2285 4559 pompa
2306 4496 2501 4542 caetera
2532 4485 3026 4556 praestantetn,ejtts
3053 4485 3282 4538 decente
3310 4482 3668 4553 dignitatem.

411 4574 548 4679 posti
594 4607 714 4661 htec
773 4574 1094 4674 contigisset
1148 4600 1313 4670 hujus
1373 4574 1619 4654 historiae
1657 4574 1979 4668 scriptorem
2007 4607 2062 4665 Β
2090 4585 2259 4636 multo
2289 4581 2790 4643 anteambulonum,
2819 4577 2990 4631 multo
3023 4574 3293 4631 comitum
3314 4588 3413 4628 nec
3447 4574 3669 4629 minore

411 4699 768 4772 Nymphmum
796 4697 1007 4759 venire,
1034 4695 1109 4748 illi
1138 4694 1206 4748 ab
1231 4694 1581 4760 imperatore,
1615 4693 1703 4744 cui
1733 4691 1796 4743 ad
1819 4705 1988 4758 pran-

415 4797 564 4849 dium
600 4792 814 4847 sedenti
848 4786 1319 4848 eireumaderant,
1355 4784 1561 4851 petiere
1613 4795 1707 4851 per
1750 4795 1876 4834 eum
1927 4788 1988 4834 ut

414 4889 550 4957 ipsis
582 4887 772 4940 liceret
807 4882 1085 4937 hominem
1138 4891 1301 4947 quem
1339 4876 1542 4929 scirent
1595 4873 1664 4927 ab
1713 4873 1849 4926 urbe
1902 4886 1990 4924 re—

415 4989 628 5034 centem
654 4978 996 5043 interrogare
1030 4979 1088 5026 ut
1115 4969 1323 5022 valeret
1348 4965 1630 5032 Augustus
1657 4961 1870 5023 Junior,
1895 4960 1986 5014 ubi

417 5076 812 5132 .tiversaretur,
839 5066 1039 5136 quibus
1063 5071 1157 5118 aut
1185 5059 1606 5114 remissionibus
1630 5063 1725 5109 aut
1755 5069 1990 5123 occupa-

417 5167 660 5220 tionibus
704 5163 850 5216 diem
881 5158 1143 5227 exigeret.
1199 5154 1460 5207 Annuens
1505 5151 1782 5218 Augustus
1825 5145 1991 5216 jussit

418 5268 472 5311 et
504 5253 812 5324 percontari
859 5265 956 5304 eos
999 5262 1122 5316 quae
1168 5243 1442 5305 volebant,
1476 5250 1530 5295 et
1562 5240 1891 5308 respondere
1922 5235 1989 5288 ad

385 5405 394 5414 .
421 5353 650 5422 quaesita
671 5343 1021 5402 historicum.
1055 5340 1130 5392 Ae
1165 5352 1288 5391 mox
1321 5343 1376 5388 et
1402 5333 1508 5387 illis
1535 5331 1909 5402 quaerentibus
1939 5336 1993 5381 et

423 5449 530 5502 hoc
575 5458 695 5514 qua:
739 5451 965 5494 neeesse
995 5441 1136 5495 erat,
1187 5431 1288 5484 hoc
1336 5439 1418 5484 est
1450 5429 1590 5481 bona
1626 5438 1993 5494 prosperaque

420 5539 716 5600 referente,
762 5530 1057 5601 apparebat
1109 5523 1336 5578 miriﬁce
1384 5520 1645 5575 delectari
1707 5516 1993 5570 audientes

425 5635 588 5691 Italos
619 5641 672 5686 et
698 5628 764 5684 ad
794 5625 998 5697 gratias
1029 5621 1139 5675 Deo
1166 5616 1403 5688 agendas
1433 5615 1681 5669 excitari.

661 5723 746 5778 l9.
779 5720 853 5774 De
901 5713 1346 5785 Porphyrogenito
1382 5708 1750 5762 Constantina.

497 5818 766 5871 Czeterum
816 5806 1249 5865 undetricesimo
1299 5801 1508 5856 mensis
1543 5799 1693 5853 Junii
1729 5798 1836 5862 die,
1885 5811 1996 5866 quo

426 5921 747 5971 sanctorum
791 5903 1180 5975 Apostolorum
1216 5896 1415 5953 festum
1455 5893 1784 5957 celebratur,
1822 5893 1995 5946 altero

2089 4677 2427 4730 asseclarum
2463 4675 2695 4728 ambitu.
2724 4671 2826 4727 Ubi
2856 4686 2985 4726 vero
3015 4685 3078 4723 ea
3111 4683 3279 4737 prope
3309 4666 3378 4722 ad
3406 4675 3674 4722 materte-

2092 4786 2205 4823 ram
2243 4780 2341 4824 aut
2374 4767 2555 4837 potius
2585 4765 2653 4820 ad
2685 4765 2966 4834 proaviam
3020 4760 3256 4815 accessit
3298 4759 3445 4829 (nam
3494 4759 3672 4828 hujus

2089 4861 2207 4914 avia
2245 4871 2468 4928 paterna
2515 4853 2977 4924 Strategopulina:
3013 4853 3194 4920 neptis
3226 4865 3294 4904 ex
3327 4848 3498 4904 fratre
3544 4850 3671 4906 fue-

2090 4962 2198 5016 rat,
2229 4964 2546 5020 quanquam
2582 4951 2695 5003 haec
2723 4948 2946 5015 quidem
2986 4962 3054 5002 ex
3105 4947 3274 5001 fratre
3315 4946 3675 5015 imperatoris

2089 5045 2356 5113 dignitate
2379 5041 2820 5096 sebastocratore
2848 5047 2969 5093 erat
2986 5039 3191 5107 genita,
3221 5038 3344 5104 ejus
3366 5051 3494 5091 vero
3517 5041 3673 5103 avia,

2091 5153 2211 5206 quae
2259 5136 2362 5190 fuit
2423 5133 2630 5204 conjbx
2681 5132 3090 5202 protovestiarii
3130 5131 3315 5185 Raulis
3363 5129 3566 5195 Alexii,
3597 5145 3680 5184 ex.

2092 5231 2265 5302 ipsius
2296 5231 2468 5284 altero
2495 5226 2776 5298 germano)
2809 5257 2877 5268 -—
2899 5226 3126 5295 quando
3161 5225 3324 5294 igitur
3346 5224 3673 5278 admoventi

2088 5327 2202 5396 jam
2235 5340 2296 5379 se
2324 5323 2574 5392 proxime
2598 5320 2803 5374 fratriaa
2831 5319 3182 5387 imperatoris
3215 5319 3454 5371 vetulam
3478 5333 3508 5371 e
3527 5317 3676 5372 sella

2093 5417 2380 5487 oportebat
2438 5427 2753 5483 assurgere,
2811 5411 3000 5467 debito
3045 5411 3096 5465 ei
3141 5411 3352 5464 honore
3405 5424 3529 5479 qua:
3579 5425 3678 5464 se-

2094 5513 2334 5567 cundum
2387 5509 2455 5562 ab
2501 5507 2748 5576 Angusta
2805 5505 3080 5560 obtineret
3128 5503 3409 5572 dignitatis
3462 5501 3678 5566 locum,

2098 5608 2186 5660 illa
2219 5619 2332 5659 sua:
2371 5604 2700 5657 auctoritate
2728 5599 2961 5654 subnixa
3010 5598 3331 5657 senectutis.
3380 5607 3434 5651 et
3483 5611 3684 5649 coram

2102 5700 2300 5755 fetniua
2331 5708 2698 5767 praeterquam
2735 5703 2885 5748 tanto
2912 5691 3140 5760 juniori,
3169 5692 3333 5744 etiam
3370 5689 3528 5758 quasi
3557 5705 3684 5743 rna-

2058 5813 2060 5815 ·
2100 5806 2254 5848 terno
2275 5791 2376 5844 sibi
2407 5789 2530 5858 jure
2553 5787 2811 5850 obnoxia,
2833 5785 3034 5854 quippe
3052 5785 3230 5852 neptis
3252 5798 3363 5836 suat
3385 5782 3519 5846 lilia,
3535 5783 3688 5837 adeo

2100 5902 2158 5941 se
2179 5882 2466 5939 demittere
2500 5891 2968 5948 supervacaneum
2995 5890 3091 5932 nec
3107 5889 3164 5931 se
3189 5874 3416 5943 dignum
3439 5873 3680 5938 ducens,
