3922 6550
216 507 326 576 173

1174 511 1271 573 DE
1295 507 1741 597 ANDRONICQ
1776 505 2239 568 PALIEOLOGO
2287 505 2435 568 LIB.
2457 507 2536 570 ΙῙ.

3378 466 3500 580 17.1

211 624 681 696 παραιτησαμένη
713 626 846 697 πρὸς
884 624 1098 692 ἐκείνην
1129 626 1290 695 μόνον
1337 627 1431 677 καὶ
1454 622 1630 695 γῆρας
1661 638 1795 693 προσ
1825 625 1869 681 Α
1901 617 2068 689 μηδὲν
2105 617 2215 672 τῶν
2266 619 2618 692 πραχθέντων
2662 622 2863 689 εἰδότα,
2922 631 3120 694 γυμνοί
3150 643 3206 679 τε
3248 626 3483 696 πάμπαν

211 716 532 788 ϐαλλομένη
562 719 660 771 καὶ
704 718 806 782 τὴν
833 716 929 770 τοῦ
984 716 1170 787 γήρως
1212 715 1524 772 ἀσθένειαν.
1585 713 1800 784 Ὑϐρισ-

209 808 388 862 suae?
438 822 497 860 τε
544 808 823 877 παρευθὺς
877 807 1060 879 ἐκείνη
1113 807 1206 861 καὶ
1260 807 1566 879 ἀκάθεκτος
1602 800 1670 877 ἦν
1703 804 1801 876 τὴν

208 900 416 971 ὀργὴν,
450 900 499 953 σί
528 898 791 969 βασιλέως
817 894 952 954 οὖσα
971 898 1160 968 νύμφη
1190 899 1283 952 καὶ
1310 898 1503 969 ἀνδρὸς
1528 898 1669 967 ὑπὲρ
1717 896 1805 950 δε-

216 995 434 1057 σπότας
471 991 705 1061 σύζυγος
736 992 889 1047 οὐδὲν
918 992 1027 1046 τῶν
1064 991 1231 1058 ἀξίων
1270 992 1621 1061 ἐπιτυγχάνει
1650 989 1803 1059 παρὰ

214 1084 565 1154 ⁴ιιεροιιγινοῑᾶς
604 1084 704 1155 μὶν
730 1084 1016 1156 βασιλέως.
1042 1085 1178 1139 ἀλλά
1201 1101 1267 1152 γε
1292 1084 1385 1138 καὶ
1428 1080 1800 1145 ίδιώτιδος’νο-

217 1175 529 1247 μξομὲνης
553 1176 619 1229 ἐκ
639 1175 735 1229 τοῦ
756 1176 847 1229 τὸν
869 1178 1084 1247 ἐκείνης
1111 1176 1346 1244 σύζυγον
1371 1173 1551 1239 ζῶντα
1572 1170 1801 1244 μηδενὸς

213 1266 482 1335 ἐπιϐῆναι
505 1265 835 1337 ἀξιώματος.
855 1268 1060 1340 Τρέπει
1084 1284 1143 1321 τε
1176 1267 1276 1336 τὴν
1306 1264 1476 1337 ὀργὴν
1500 1266 1579 1328 είς
1598 1265 1798 1333 λύπην,

215 1358 323 1410 καὶ
351 1357 654 1426 κλαυθμοῖς
687 1375 746 1411 τε
781 1360 874 1411 καὶ
892 1359 1146 1429 ὀδυρμοῖς
1166 1359 1475 1427 ἀφωσιοῦτο
1503 1358 1601 1427 τὴν
1632 1357 1801 1409 δεινος

217 1444 481 1500 πάθειαν.
505 1447 679 1500 Τοῦτο
708 1446 933 1515 γεγονὸς
956 1446 1047 1499 τὸν
1075 1446 1291 1515 ἐκείνης
1321 1445 1422 1498 οὐκ
1446 1443 1601 1497 ἔλαθε
1639 1440 1801 1504 σύζυ-

159 1518 164 1526 .
216 1549 347 1600 γον.
386 1534 449 1588 '0
471 1534 529 1588 δὲ
560 1535 844 1604 φιλότιμος
878 1534 955 1588 ὣν
988 1536 1085 1589 καὶ
1117 1535 1301 1599 αὐτὸς,
1342 1534 1422 1588 ἔτι
1451 1533 1509 1587 δὲ
1557 1531 1801 1593 καὶτοὺς

214 1624 524 1695 λογισμοὺς
546 1625 894 1691 ἐπικλασθεὶς
923 1629 988 1679 ὲκ
1005 1624 1114 1678 τῶν
1147 1625 1363 1695 θρήνων
1388 1627 1488 1695 τῆς
1515 1624 1797 1692 γυναικὸς,

214 1716 541 1769 ἀντιλυπεῖν
572 1715 671 1786 μὲν
702 1718 800 1787 τὴν
827 1715 1027 1786 γραῦν,
1064 1715 1566 1788 παραμυθήσασθαι
1608 1715 1664 1768 δὲ
1702 1714 1800 1783 τήν

220 1807 365 1860 ἰδίαν
395 1810 460 1860 ὲκ
483 1808 583 1876 τῆς
614 1807 748 1876 πρὸς
784 1807 1000 1878 ἐκείνην
1036 1807 1245 1877 ὕϐρεως
1288 1806 1548 1861 ἐδικαίου.
1575 1808 1687 1861 Καὶ
1733 1806 1798 1876 δὴ

140 1870 163 1914 ξ
214 1897 445 1969 ἐκείνην
478 1870 577 1966 μέν
606 1870 708 1951 ούκ
736 1893 849 1968 εῐχέ
873 1915 927 1951 τι
954 1870 1237 1952 διαθέσθαι
1267 1870 1798 1968 ἀνήκεστον,εύγενῆ

211 2004 279 2042 τε
319 1986 488 2043 οὖσαν
519 1989 613 2041 καὶ
638 1989 874 2059 μάμμην
897 1988 1258 2060 λογιζομένην
1289 1988 1367 2060 τῷ
1402 1988 1652 2059 βασιλεῖ·
1683 1986 1796 2060 εἶχε

210 2076 260 2132 δ’
294 2078 496 2132 οἰκεῖον
526 2079 711 2149 ἐκείνη
737 2082 1142 2134 Κωνσταντῖνον
1169 2079 1560 2151 Μαυροςώμην
1581 2080 1797 2151 ὠνομα-

212 2170 447 2239 σμένον,
501 2163 547 2238 ᾧ
573 2171 641 2240 δὴ
672 2172 764 2225 καὶ
795 2170 1135 2241 συγχρῆσθαι
1171 2171 1313 2226 κατὰ
1340 2173 1527 2241 κοίτην
1560 2173 1794 2244 κρυφίαν

211 2260 464 2327 ιλέγετο.
518 2262 629 2315 Καὶ
669 2261 828 2316 τοῦτο
861 2262 926 2335 δὴ
958 2263 1159 2334 μᾶλλον
1202 2260 1272 2334 ἦν
1293 2264 1354 2316 τὸ
1381 2264 1574 2317 δοκοῦν
1600 2263 1797 2336 ἑκείνῳ

212 2353 412 2420 σοφὸν,
453 2353 539 2423 ἐφ’
593 2346 638 2422 ᾧ
666 2355 1032 2424 ἀτιμουμὲνου
1083 2355 1293 2409 ἐκείνου
1342 2357 1376 2427 ἡ
1430 2354 1551 2409 κατ’
1578 2357 1796 2428 ἐκείνης

209 2442 601 2514 ὕποτρέχουσα
634 2445 786 2515 βάξις
807 2449 895 2509 ξὲκ
940 2446 1049 2499 τῶν
1101 2447 1344 2501 δυνατῶν
1383 2446 1792 2519 θριαμϐεύοιτο.

210 2535 455 2605 Πέμψας
503 2535 634 2605 γοῦν
662 2537 862 2591 αὐτίκα
906 2538 1002 2591 καὶ
1051 2537 1330 2610 περισχὼν
1357 2539 1480 2592 τὸν.
1507 2538 1796 2612 ἄνθρωπον

212 2731 291 2771 ne
347 2693 639 2769 minimum
701 2716 922 2787 quidem
983 2718 1310 2782 assurrexit,
1378 2716 1795 2775 inverisimilem

214 2808 426 2878 frigide
465 2807 705 2878 allegans
751 2811 1163 2865 excusationem
1219 2810 1578 2878 infirmitatis,
1635 2814 1795 2882 quasi

213 2899 363 2954 eniti
394 2900 671 2969 paulisper
701 2902 767 2956 ad
795 2901 955 2956 istam
988 2905 1357 2959 venerationis
1398 2905 1795 2961 exhibitionem

213 3005 343 3059 prae
372 2990 647 3045 debilitate
670 2991 811 3046 senii
835 2993 1106 3062 nequiret.
1132 2994 1285 3049 Tulit
1313 2993 1795 3066 impatientissime

220 3080 381 3135 haud
413 3090 629 3135 assueta
664 3082 1003 3151 contemptui
1047 3084 1245 3139 mulier
1278 3099 1399 3139 eam
1450 3088 1794 3156 negationem

216 3169 436 3224 deferri
467 3170 570 3226 sibi
601 3172 775 3227 Solita:
817 3174 1156 3239 reverentiae,
1196 3174 1400 3245 iraeque
1435 3193 1630 3249 magno
1663 3188 1797 3235 testu

217 3270 507 3318 commota
551 3271 658 3326 est.
706 3263 1000 3334 indignans
1059 3279 1117 3321 se
1162 3281 1365 3320 nurum
1425 3267 1794 3338 imperatoris,

214 3352 335 3409 viri
368 3369 594 3410 uxorem
625 3355 880 3426 despotas
909 3357 1060 3428 ipsos
1101 3359 1365 3429 dignitate
1414 3359 1792 3429 praecellentis,

218 3445 365 3500 nihil
388 3462 606 3516 aequum
642 3449 935 3520 impetrare
964 3466 994 3504 a
1021 3460 1269 3507 matrona
1311 3462 1541 3523 cognata
1573 3456 1792 3524 quidem

216 3537 596 3604 imperatoris,
625 3551 880 3595 ceterum
925 3543 1062 3596 nihil
1093 3557 1257 3612 supra
1298 3545 1564 3614 privatam
1598 3546 1796 3601 condi-

217 3631 434 3686 tionem
464 3630 763 3695 eminente,
812 3632 955 3702 quod
987 3635 1068 3689 vir
1113 3635 1235 3705 ejus
1284 3638 1414 3692 dum
1469 3639 1675 3695 viveret
1721 3639 1793 3695 ad

220 3720 439 3776 nullius
480 3720 758 3792 fastigium
808 3724 1087 3794 dignitatis
1130 3729 1473 3784 ascenderat.
1519 3727 1639 3784 Mox
1685 3732 1796 3786 ira-

223 3813 432 3867 cundia
485 3813 542 3868 in
584 3815 964 3885 aegritudinem
1024 3828 1371 3885 transeunte,
1432 3823 1675 3892 querelis
1738 3833 1794 3879 et

224 3905 543 3975 planctibus
564 3906 815 3962 dolerem
846 3899 1006 3963 suum
1028 3911 1351 3967 declaravit.
1380 3911 1499 3969 Non
1540 3915 1703 3969 latuit
1738 3915 1791 3970 id

219 3998 370 4067 quod
404 3998 678 4054 acciderat
720 3999 896 4054 virum
942 4000 1141 4070 ipsius,
1180 4004 1275 4072 qui
1306 4016 1505 4075 praeter
1539 4008 1794 4063 ambitio-

223 4103 351 4144 nem
380 4091 655 4159 propriam
682 4092 937 4147 lamentis
974 4093 1141 4148 etiam
1189 4098 1380 4153 uxoris
1425 4098 1795 4156 inﬂammatus

221 4178 280 4231 in
315 4178 648 4234 desiderium
681 4181 926 4248 ultionis,
956 4187 1149 4240 modos
1174 4201 1363 4242 secum
1400 4188 1562 4262 156
1597 4192 1793 4261 exqui-

222 4271 357 4325 sivit
385 4286 529 4342 aegre
564 4270 796 4326 faciendi
835 4275 1027 4330 vetulae
1067 4291 1132 4331 ea
1172 4278 1276 4347 ipsi
1319 4282 1631 4349 reponenda
1661 4297 1795 4338 con-

222 4362 468 4424 tumelia.
509 4377 631 4432 quae
657 4366 769 4418 acri
808 4365 892 4419 sui
923 4381 1090 4422 sensu
1132 4364 1634 4441 Strategopulinam
1680 4361 1792 4432 alte

221 4452 524 4509 vulnerans
576 4455 660 4509 vel
707 4467 1093 4524 compensaret
1140 4459 1225 4513 vel
1261 4462 1645 4519 consolaretur
1675 4480 1791 4521 mo-

223 4543 437 4597 lestiam
479 4560 588 4613 qua
619 4561 741 4599 cum
780 4545 896 4615 ipse
927 4559 1038 4627 tum
1069 4550 1268 4619 conjux
1314 4552 1548 4608 fuissent
1577 4570 1643 4610 ex
1669 4557 1790 4627 ejus

223 4636 541 4697 contemptu
572 4630 899 4685 contrismti.
931 4626 1009 4686 Ae
1049 4633 1102 4687 in
1151 4636 1328 4705 ipsum
1361 4638 1580 4708 quidem
1615 4626 1786 4711 proti-
1813 4655 1867 4715 ι)

222 4728 332 4767 nus
364 4715 498 4767 iram
525 4729 846 4784 expromere
864 4733 997 4779 ,non
1036 4724 1235 4789 potuit,
1289 4726 1557 4781 reveritus
1600 4742 1790 4797 perso-

224 4821 352 4859 nam
406 4809 693 4864 nobilitate
742 4826 841 4864 sua
877 4821 1073 4880 tutam,
1119 4825 1175 4871 et
1216 4814 1481 4878 afﬁnitate
1528 4824 1792 4894 principis

222 4900 714 4955 commendabilem
739 4913 845 4957 tam
880 4919 997 4959 arta
1033 4917 1091 4961 ut
1118 4909 1253 4964 avia:
1272 4912 1447 4981 ipsam
1478 4914 1793 4985 dignatione

224 4987 507 5056 Angustus
540 5006 989 5062 prosequeretur.
1040 4997 1238 5055 Verum
1292 5018 1417 5057 cum
1470 5016 1613 5061 esset
1665 5007 1792 5063 huic

229 5078 477 5134 minister
515 5084 847 5140 domesticus
895 5088 1091 5156 oppido
1129 5091 1351 5158 charus,
1394 5094 1791 5155 Constantinus

230 5169 608 5229 Maurozomas
640 5176 885 5244 nomine,
918 5196 1028 5250 quo
1062 5183 1182 5238 viro
1228 5186 1294 5240 ad
1338 5187 1481 5243 foeda
1529 5191 1788 5261 obsequia

230 5271 563 5315 secretarum
609 5264 900 5321 libidinum
940 5284 1081 5326 anus
1130 5274 1279 5329 abuti
1331 5275 1626 5346 ferebatur,
1671 5298 1791 5351 per-

229 5351 422 5404 calltde
474 5369 531 5408 se
568 5355 840 5411 facturum
882 5363 1134 5431 credidit,
1192 5370 1236 5421 si
1287 5370 1496 5424 amasio
1541 5374 1787 5429 mulieris

228 5454 390 5508 quam
408 5444 591 5499 oderat
615 5447 815 5519 insigni
840 5450 1103 5509 dedecore
1127 5458 1458 5516 traducendo
1484 5478 1587 5517 non
1611 5464 1786 5519 solum

230 5533 341 5602 ipsi
389 5537 687 5592 cordolium
738 5556 803 5593 ex
842 5543 986 5597 malo
1040 5546 1223 5602 dilecti
1271 5567 1441 5620 grave
1492 5556 1784 5626 incuteret,

230 5626 330 5680 sed
360 5635 409 5680 et
441 5629 574 5684 clam
613 5632 871 5701 iactatam
910 5639 1271 5707 popularibus
1311 5649 1554 5704 susurris
1579 5651 1791 5709 obscae—

229 5732 319 5771 na:
355 5733 467 5774 cum
500 5726 597 5778 hoc
638 5723 854 5780 famulo
894 5735 1311 5790 consuetudinis
1360 5738 1643 5797 infamiam
1677 5743 1786 5799 fre-

229 5814 548 5874 quentandis
596 5815 664 5870 de
709 5817 873 5888 hujus
927 5822 1381 5885 debonestatione
1428 5837 1783 5894 sermonibus

230 5903 542 5961 eventilaret
582 5924 642 5964 ac
675 5908 838 5967 latius
869 5928 1171 5987 spargeret,
1222 5923 1460 5981 maximo
1511 5942 1780 6000 suspectae

1904 713 2117 785 ἀτίμως
2179 715 2274 770 καὶ
2332 717 2479 772 κατὰ
2515 721 2695 774 πᾶσαν
2732 720 2938 792 ἀγορὰν
2971 721 3326 793 θριαμϐεύειν
3366 725 3484 786 τοῖς

1902 804 2122 868 οἰκείοις
2176 806 2543 876 προστάσσει⁶
2578 808 2697 880 ἅμα
2734 809 2800 881 δὴ
2835 812 2928 865 καὶ
2956 812 3170 882 πληγὰς
3199 813 3380 877 δεινάς
3414 831 3478 868 τε

1905 899 1999 952 καὶ
2049 897 2311 961 πλείστας
2347 901 2663 955 ἑντείνουσι.
2720 901 2893 956 Τοῦτο
2921 905 3201 975 γινόμενον
3229 904 3324 958 καὶ
3356 905 3480 958 ἀνε-

1902 988 2089 1059 νεχθὲν
2110 988 2340 1060 βασιλεῖ,
2364 991 2531 1054 πολὺς
2561 988 2630 1063 ἦν
2652 993 2859 1057 ἐκεῖνος
2880 994 2978 1065 τὴν
3006 995 3214 1064 τόλμαν
3239 998 3296 1049 ὲν
3322 995 3481 1067 δεινῷ

1904 1080 2251 1150 ποιούμενος,
2310 1082 2404 1136 καὶ
2455 1083 2754 1153 ἀχθόμενος
2804 1084 2873 1138 τὰ
2903 1087 3113 1156 μεγάλα
3154 1086 3239 1159 [Ρ.
3275 1087 3402 1160 105]
3430 1091 3482 1142 εί

1904 1171 2072 1226 αὐτοῦ
2105 1171 2371 1242 βασιλέως
2404 1174 2762 1245 ὲνδημοῦντος
2795 1176 2965 1247 μηδὲν
3000 1178 3224 1248 μηδενὸς
3272 1181 3484 1243 ἐκεῖνος

1903 1263 2260 1333 ἐπιστραφεὶς
2289 1264 2466 1319 ταῦτα
2498 1266 2751 1335 πράττοι,
2783 1268 2877 1321 καὶ
2907 1269 3077 1322 ταῦτα
3110 1271 3260 1339 παρὰ
3295 1271 3482 1326 τοιαύ-

1902 1364 2003 1425 την
2025 1355 2228 1410 αἰτίαν.
2246 1356 2437 1425 Ὅμως
2457 1357 2583 1419 τοὺς
2606 1358 2810 1428 θυμοὺς
2832 1362 3122 1430 κατασχὼν
3141 1364 3481 1432 προσέταττε

1902 1445 2003 1514 τὴν
2028 1444 2310 1516 ταχίστην,
2345 1448 2442 1500 καὶ
2473 1448 2626 1518 μόλις
2687 1450 2808 1520 μὲν,
2853 1452 2968 1505 ἀλλ’
3001 1453 3152 1522 ὅμως
3179 1457 3482 1527 νικησάσης

1902 1536 2005 1607 τῆς
2020 1536 2269 1602 ἐξουσίας
2293 1539 2672 1610 ὲλευθεροῦται
2693 1544 2720 1596 ό
2740 1543 3172 1614 τιμωρούμενος.
3197 1548 3481 1602 Ἐντεῦθεν

1903 1629 1999 1682 καὶ
2028 1630 2189 1700 μῆνις
2211 1630 2351 1700 μετὰ
2380 1632 2540 1704 χόλον
2567 1636 2846 1708 ὲντετήκει
2875 1638 2952 1708 τῷ
2975 1639 3201 1709 βασιλεῖ.
3224 1643 3315 1696 καὶ
3330 1642 3480 1697 δεινὰ

1903 1720 2133 1791 ἔστρεφε
2171 1724 2290 1787 πῶς
2317 1722 2386 1778 ἂν
2412 1728 2694 1799 ταπεινοίη
2726 1730 2818 1783 τὸν
2864 1732 3005 1804 ὑπὲρ
3030 1734 3099 1788 τὰ
3140 1735 3315 1807 μέτρα
3348 1754 3478 1791 κατ-

1901 1814 2287 1886 ιπαιρόμενον,
2323 1819 2404 1882 είς
2427 1819 2621 1875 ἑαυτὸν
2647 1824 2865 1891 ἀνάγων
2898 1824 2959 1878 τὸ
2986 1826 3208 1895 γεγονὸς
3255 1830 3350 1882 καὶ
3380 1830 3478 1898 τὴν

1900 1905 1995 1959 τοῦ
2034 1910 2494 1980 καταφρονεῖσθαι
2522 1913 2680 1980 δόξαν
2720 1917 2777 1969 ὲν
2810 1917 2968 1988 δεινῷ
3001 1918 3343 1990 ποιούμενος,
3377 1924 3472 1976 καὶ

1900 1999 2010 2053 ἀπὸ
2037 2000 2335 2070 προσώπου
2365 2003 2539 2058 ἐποίει
2568 2006 2661 2060 τὸν
2683 2008 2932 2078 ἀδελφὸν,
2958 2011 3052 2065 καὶ
3081 2013 3317 2078 ἀπόντος
3344 2032 3478 2070 κατ-

1904 2090 2111 2161 ημέλει,
2142 2092 2234 2147 καὶ
2258 2095 2533 2165 προσιόντι
2557 2098 2871 2169 ὀφθαλμοὺς
2905 2102 3226 2175 ἱλαρότητος
3244 2106 3345 2160 οὐκ
3371 2108 3476 2161 ἐδί-

1896 2182 2010 2250 δου,
2065 2184 2159 2238 καὶ
2192 2186 2666 2259 συνιππαζόμενος
2711 2191 2808 2264 τὴν
2860 2195 3136 2266 ἐγγύτητα
3187 2200 3474 2272 ἀφῃρεῖτο,

1898 2274 1994 2327 καὶ
2028 2274 2095 2345 ἢν
2129 2274 2188 2340 ἐξ
2210 2276 2455 2347 ἐγγίονος
2484 2274 2596 2350 εἶχε
2629 2281 2728 2352 τῆς
2774 2283 2988 2354 ὁμιλίας
3022 2288 3285 2360 πρότερον
3315 2292 3473 2360 δόξαν

1899 2370 2279 2437 προσεποιεῖτο
2306 2372 2729 2443 παρακατέχειν.
2787 2376 3329 2453 Ἀξίωματικώτερον
3363 2387 3473 2459 γὰρ

1897 2455 2151 2519 κάκεῖνος
2177 2459 2298 2521 ταῖς
2330 2459 2616 2531 ἀληθείαις
2647 2465 2755 2520 τῶν
2789 2470 3130 2539 πραγμάτων
3168 2474 3274 2542 ὲφή
3287 2455 3468 2543 πτετον,

1898 2544 2110 2610 πολλοῖς
2143 2548 2242 2619 μὲν
2289 2551 2404 2614 τοῖς
2432 2551 2524 2622 ὑφ’
2581 2556 2744 2625 αὐτὴν
2784 2558 3171 2633 θεραπεύουσι,
3203 2567 3379 2640 πολλῷ
3413 2570 3472 2624 δὲ

1898 2723 2091 2797 ﬂagitii
2126 2738 2233 2784 tam
2266 2731 2503 2802 pudendi
2533 2735 2858 2809 principalis
2910 2752 3176 2801 matronae
3207 2746 3469 2807 ludibrio.

1896 2818 2202 2876 Confestim
2227 2823 2394 2895 igitur
2425 2827 3177 2902 immissisianaurozomam
3206 2842 3343 2898 nihil
3373 2847 3473 2900 mi-

1897 2928 2004 2968 nus
2050 2927 2464 2986 exspectantem
2493 2925 2737 2981 robustis
2767 2942 2798 2981 e
2830 2943 2931 2984 suo
2969 2932 3229 2990 satellitio
3265 2936 3472 2993 lictori-

1898 3004 2002 3059 bus
2027 3008 2231 3077 corripi
2263 3010 2527 3067 miserum
2550 3030 2613 3070 ac
2641 3017 2867 3087 spoliari
2897 3006 3073 3090 jubet,
3108 3033 3330 3096 totoque
3353 3028 3470 3085 foro

1899 3093 2042 3152 finde
2072 3096 2338 3155 nudatum
2381 3104 2572 3160 multis
2608 3106 2834 3179 insuper
2880 3127 2945 3168 ac
2983 3093 3255 3184 gravibus
3292 3120 3468 3190 plagis

1900 3187 2125 3246 inﬂictis
2185 3192 2717 3263 ignominiosissime
2772 3206 3007 3260 traduci.
3068 3187 3303 3280 Vulgata,
3356 3187 3472 3269 mo-

1905 3291 2089 3337 mento
2120 3286 2198 3340 rei
2230 3285 2375 3342 fama
2418 3290 2740 3364 perlatoque
2788 3297 2854 3352 ad
2895 3297 3285 3370 imperatorem
3336 3308 3469 3378 quin

1899 3371 2206 3434 familiares
2236 3377 2690 3455 Porphyrogeniti
2731 3388 2887 3457 jussu
2917 3390 3033 3460 ejus
3079 3397 3258 3465 palam
3292 3371 3472 3457 atten-

1903 3476 2135 3532 tassent.
2173 3470 2455 3528 enimvero
2490 3487 2674 3534 motus
2718 3478 2809 3534 illo
2855 3497 2961 3537 non
2997 3500 3188 3554 parum
3226 3498 3333 3554 est,
3390 3491 3472 3547 iu-

1898 3554 2133 3627 dignans
2174 3561 2527 3621 vehementer
2574 3567 2712 3624 nihil
2764 3575 3059 3630 reveritum
3121 3584 3465 3648 praesentiam

1898 3644 2247 3717 imperatoris
2278 3658 2492 3711 tantum
2528 3672 2652 3714 esse
2695 3675 2883 3717 ausum
2914 3644 3465 3743 Porpliy-rogenitum.

1897 3733 2104 3794 Tamen
2126 3755 2435 3812 compressa
2460 3748 2513 3800 in
2540 3764 2780 3818 praesens
2808 3750 2889 3809 ira
2918 3757 3066 3812 misit
3096 3733 3347 3819 celei-iter
3372 3768 3465 3835 qui

1896 3826 2301 3888 Maurozomam
2343 3836 2676 3907 imperarent
2724 3845 2921 3903 dimitti
2990 3851 3260 3923 liberum;
3319 3862 3466 3928 quod

1901 3935 2043 3989 agre
2072 3924 2313 3993 quidem,
2343 3930 2556 3985 tandem
2614 3943 2794 3991 tamen
2859 3944 3187 4009 praevalente
3227 3924 3469 4007 aucturi-

1898 4021 2008 4069 tate
2041 4030 2257 4072 summa
2289 4019 2587 4089 perfectum
2622 4036 2725 4082 est.
2756 4027 2897 4085 Hine
2922 4032 3035 4102 jam
3072 4046 3193 4106 post
3232 4045 3464 4109 primam

1897 4103 2046 4159 illam
2073 4108 2413 4179 eruptionem
2451 4119 2922 4178 excandescentia:
2949 4103 3208 4185 constans
3233 4103 3466 4191 offensa:

1897 4196 2198 4256 voluntatis
2256 4204 2473 4260 aversio
2532 4207 2842 4281 Augustum
2908 4216 3241 4278 abalienavit
3274 4240 3302 4277 a
3338 4241 3464 4296 ger-

1895 4303 2082 4356 mano,
2138 4308 2463 4361 versareque
2517 4301 2702 4358 animo
2755 4307 2929 4363 suasit
2988 4313 3220 4369 consilia
3280 4317 3466 4386 depri-

1894 4380 2080 4435 mendi
2130 4382 2251 4450 ejus
2287 4402 2450 4456 quem
2498 4400 2669 4460 supra
2711 4398 2934 4451 modum
2979 4400 3197 4457 videbat
3230 4380 3410 4463 eﬂ'erri
3439 4427 3458 4464 :

1895 4488 2052 4528 suam
2091 4476 2293 4555 quippe
2333 4480 2388 4535 in
2425 4478 2817 4543 contumeliam
2852 4492 3163 4552 redundare
3198 4498 3463 4573 interpre-

1893 4564 2110 4621 tabatur
2144 4570 2321 4625 audax
2355 4573 2475 4642 ejus
2508 4574 2732 4645 factum,
2764 4589 2817 4635 et
2846 4581 3003 4655 157
3040 4601 3128 4654 eo,
3152 4606 3309 4659 quem
3342 4564 3463 4650 ani-

1895 4657 1967 4710 mi
1998 4656 2300 4729 principum
2325 4679 2391 4717 ex
2424 4666 2682 4734 opinione
2724 4676 2930 4742 proprii
2961 4656 3308 4752 contemptus
3335 4700 3462 4742 sen-

1897 4748 2038 4805 tiunt
2087 4754 2441 4822 acerrimum,
2499 4759 2687 4816 dolore
2747 4766 2967 4833 penitus
3031 4748 3341 4834 stimulatus
3405 4783 3458 4837 in

1896 4842 2193 4898 ulciscendi
2223 4847 2575 4915 cupiditatem
2602 4853 2995 4921 ,incumbebat.
3022 4864 3264 4922 Primum
3296 4871 3462 4941 igitur

1893 4945 1921 4983 a
1955 4944 2246 5003 conspectu
2294 4935 2517 4992 fratrem
2554 4945 2777 5011 amovit,
2828 4935 3352 5022 diuque‘ahsentem
3401 4980 3461 5020 se

1893 5024 2167 5094 negligere
2202 5026 2450 5084 funditus
2478 5034 2738 5101 ostendit,
2759 5054 2821 5094 ac.
2843 5056 2910 5095 ex
2945 5044 3231 5104 intervallo
3263 5068 3458 5112 rursus

1889 5128 1949 5168 se
1982 5114 2300 5172 offerentem
2342 5120 2485 5175 haud
2526 5124 2662 5180 laetis
2714 5133 2924 5199 aspexit
2972 5139 3163 5195 oculis.

1889 5296 1955 5351 de
2006 5313 2156 5354 more
2233 5313 2488 5369 tentaret,
2546 5310 2632 5364 sui
2675 5312 2933 5372 viciniam
2987 5322 3210 5391 ademit,
3264 5337 3457 5399 procul

1888 5402 2011 5441 eum
2039 5390 2315 5459 ablegans.
2354 5394 2412 5448 ln
2454 5412 2564 5465 quo
2599 5416 2707 5455 non
2746 5420 2935 5473 parum
2977 5390 3247 5470 hominem
3264 5390 3460 5490 ’μηρυ-

1885 5479 1983 5549 git,
2027 5480 2107 5534 sic
2149 5482 2434 5539 exclusum
2472 5491 2582 5544 voti
2625 5492 2843 5562 eﬁcctu,
2898 5514 3010 5568 quo
3038 5507 3199 5557 enixe
3233 5479 3455 5567 util-eta-

1889 5580 2037 5623 verat
2084 5574 2415 5629 resumenda
2444 5578 2503 5631 in
2538 5584 2801 5638 comitatu
2841 5587 3027 5646 fratris
3056 5599 3282 5666 Augusti
3331 5600 3451 5658 loco

1874 5660 2137 5727 proximo
2195 5663 2298 5717 sibi
2340 5677 2589 5725 asserere
2648 5660 3340 5757 existimatiunem,vcujus
3396 5694 3477 5749 in‘

1888 5754 2231 5821 possessione
2263 5757 2356 5811 diu
2393 5759 2592 5831 fuerat,
2644 5766 2932 5827 familiaris
2962 5791 3085 5829 cum
3118 5794 3184 5833 eo
3215 5754 3452 5841 consue-

1884 5845 2089 5902 tudinis
2141 5857 2196 5901 et
2251 5851 2387 5915 grati

1881 5952 2018 6006 quas

2439 5869 2503 5909 ac
2559 5857 2715 5913 liberi
2775 5878 3120 5934 congressus,
3179 5877 3449 5945 tenendis,

2071 5940 2275 5996 multas
2312 5941 2568 6013 habebat,
2607 5948 2878 6009 clientelis
2913 5957 3128 6015 utilem.
3183 5961 3317 6020 N.—.m
3363 5940 3450 6021 ιρὲ
