3922 6558
320 429 429 493 177

1218 447 1319 508 DE
1362 448 1812 513 ANDRONICO
1865 452 2330 519 PALEOLOGO
2372 459 2523 519 LIB.
2564 457 2647 517 II.

3478 456 3599 523 173

316 551 591 646 66061510,
619 557 785 623 αὐτὸς
805 561 1129 633 ἀπελογεῖτο
1152 566 1227 632 ὡς
1246 568 1345 623 οὐκ
1370 568 1521 635 ἀξιον
1548 571 1898 644 πατριάρχην
1924 576 1975 636 Α
2004 574 2458 646 ποιούμενοςτοῦ
2479 593 2539 630 τε
2573 574 2758 630 λαθεῖν
2783 575 2993 630 ἐκεῖνον
3028 573 3114 645 ἐφ’
3145 565 3190 642 ᾧ
3220 572 3587 645 προσκαλοῖτο

314 642 399 709 ὥς
433 646 819 724 Τζυκανδύλην
851 652 897 708 Ν
905 657 1116 726 ικήταν,
1156 661 1250 713 καὶ⁵
1273 660 1408 714 αὐτὸ
1436 661 1501 733 δὴ
1543 663 1701 716 τοῦτο
1725 642 1898 734 ὄνομα

319 737 779 812 θποκοριζόμενος
809 746 830 819 (
842 748 870 800 6
900 749 946 802 δ’
969 746 1047 822 ’ἦν
1073 752 1102 804 6
1138 753 1232 806 τοῦ
1259 754 1527 808 παλατίου
1552 756 1894 826 ἐλάχιστος),

314 832 471 899 παρά
503 832 768 903 βασιλέως
799 842 1261 909 προστάσσεσθαι.
1286 846 1375 911 Ὧς
1398 846 1529 916 γοῦν
1548 848 1695 902 οὕτω
1721 848 1895 903 ταῦτα

313 917 417 969 καὶ
447 921 474 971 6
507 924 737 994 μοναχὸς
766 926 946 994 Σάϐας
979 932 1216 1005 συνήθης
1243 934 1320 987 ὣν
1373 937 1569 1007 ἐκείνῳ
1612 940 1801 1002 πιστὸς
1839 941 1897 993 ὲν

313 1009 535 1100 ’πολλοῖς
554 1019 936 1084 κατεφαίνετο,
955 1022 1216 1089 ἀκούσας,
1232 1025 1307 1089 ὡς
1328 1026 1501 1096 ἔλεγε,
1528 1031 1661 1100 παρ’
1681 1031 1893 1085 ἐκείνου

316 1096 535 1167 βασιλεῖ
551 1109 981 1178 προσήγγελλεν,
1000 1112 1075 1177 ὡς
1091 1114 1255 1185 δῆθεν
1281 1119 1418 1188 πρὸς
1448 1096 1621 1173 αὑτὸν*
1641 1121 1893 1189 λέγοντος

313 1189 380 1242 ιν
404 1193 743 1266 ἀπορρήτοις
797 1200 892 1253 τοῦ
942 1207 1452 1277 πορφυρογεννῆτου
1493 1208 1568 1271 ὡς
1621 1209 1738 1279 ἅμα
1795 1212 1895 1281 μὲν

314 1282 577 1352 βασιλεὺς
606 1290 937 1363 ὲπιδημήσει
964 1297 1031 1364 τῇ
1078 1297 1512 1364 Κωνσταντίνου,
1552 1300 1670 1372 ἅμα
1710 1302 1765 1355 δὲ
1806 1303 1895 1357 τὸν

314 1379 668 1451 πατριάρχην
693 1383 942 1439 ἐκϐαλὼν
966 1386 1058 1440 τὸν
1092 1390 1326 1460 μοναχὸν
1358 1392 1585 1461 Κοσμᾶν
1635 1396 1894 1449 ἀντεισά-

313 1463 450 1530 Este.
479 1471 615 1523 Τότε
646 1471 779 1538 γοῦν
809 1475 905 1528 καὶ
939 1478 1140 1547 μᾶλλον
1167 1481 1195 1531 6
1223 1481 1480 1550 βασιλεὺς
1523 1483 1891 1556 ὲξηγρίαινεν,

309 1561 363 1612 εί
392 1560 456 1627 γέ
489 1563 540 1615 οί
596 1564 922 1638 έκπολεμῴη
953 1571 1161 1635 ἐκεῖνος
1201 1573 1294 1628 καὶ
1331 1575 1494 1628 αὐτὸν
1543 1578 1894 1650 πατριάρχην

308 1650 666 1722 ψευδόμενος,
723 1660 849 1722 τοὺς
888 1663 1122 1726 οἰκείους
1188 1666 1380 1737 ἐκείνῳ
1434 1669 1890 1740 ὑποποιούμενος,

311 1744 411 1796 καὶ
445 1745 681 1815 ὑποψίας
706 1750 807 1803 οὐκ
835 1752 1049 1819 ἀγαθᾶς
1093 1757 1400 1824 συνέλεγεν.
1454 1760 1669 1830 Ὀλίγον
1698 1766 1757 1815 τὸ
1790 1782 1892 1833 με-

306 1835 474 1901 ταξὺ,
530 1838 623 1892 καί
678 1857 824 1906 τινες
878 1844 987 1898 τῶν
1028 1847 1240 1900 ἐκείνου
1303 1849 1521 1919 βασιλεῖ
1574 1854 1893 1925 προσιόντες

312 1927 513 1995 μεγάλ’
540 1929 676 1985 ἄττα
702 1934 797 1987 καὶ
820 1936 901 1999 είς
926 1937 1183 1993 ἀπιστίαν
1207 1939 1307 2012 τὴν
1329 1943 1473 1996 κατά
1503 1943 1768 2014 βασιλέως
1800 1950 1895 2016 φέ-

311 2034 481 2086 ροντα
510 2020 694 2091 λέγειν
720 2042 777 2078 τε
809 2029 906 2081 καὶ⁸
938 2033 1157 2100 φρονεῖν
1188 2034 1396 2089 ἐκεῖνον
1430 2034 1647 2104 σύναμα
1680 2055 1896 2107 πρωτο-

310 2110 1064 2193 πράτοριΣτρατηγοπούλῳ
1111 2123 1584 2197 διανυκτερεύοντί
1626 2130 1676 2183 οί
1726 2148 1896 2202 προσ·

309 2204 604 2272 ἡγγελλον,
661 2210 756 2263 καί
789 2210 840 2280 γ’
870 2212 1115 2286 ἐλέγχειν
1156 2219 1298 2287 σφᾶς
1353 2220 1610 2292 ἑτοίμους
1666 2225 1896 2288 ἑαυτοὺς

311 2298 583 2388 παρεῖχον
619 2299 1017 2388 ἀναδεχομένου
1046 2305 1140 2358 τοῦ
1174 2306 1462 2376 βασιλέως.
1498 2309 1662 2365 Ταῦτ’
1697 2312 1894 2366 ἐκεῖνοι

312 2385 420 2456 μιν
476 2388 686 2459 ελεγον,
748 2385 967 2449 ἐδόκουν
999 2397 1055 2451 δὲ
1098 2399 1315 2464 πάντως
1367 2401 1432 2454 ἐκ
1461 2400 1570 2456 τῶν
1594 2404 1896 2474 γινομένων

313 2479 415 2532 καὶ
450 2480 519 2535 τὰ
552 2481 653 2551 τῆς
684 2486 1021 2555 κατηγορίας
1055 2489 1261 2544 πιθανά
1305 2493 1421 2555 τοῖς
1472 2492 1754 2549 ἀκούουσι.
1794 2494 1896 2549 Διὰ

308 2568 493 2624 ταῦτα
542 2572 609 2644 δὴ
645 2573 848 2646 πολλὴν
902 2578 997 2631 καὶ
1040 2581 1307 2652 μεγίστην
1337 2584 1594 2655 πρόνοιαν
1617 2587 1645 2638 6
1675 2584 1894 2656 κρατῶν

312 2749 522 2819 passim
582 2754 820 2811 creditae.
872 2755 1044 2814 Plane
1069 2759 1271 2830 quippe
1307 2776 1607 2832 persuasus
1644 2773 1762 2820 erat
1792 2764 1898 2821 im-

310 2850 559 2910 perator,
625 2860 963 2916 quaecunque
1038 2850 1212 2906 Sabas
1284 2866 1504 2924 ageret,
1566 2858 1895 2928 patriarcha:

309 2930 598 2989 voluntate
622 2934 761 2998 ﬁeri,
791 2949 954 3007 prout
981 2941 1282 2999 declaravit
1308 2945 1421 3014 ipse
1452 2959 1643 3017 postea
1672 2946 1889 3005 cuidam

308 3022 602 3092 episcOpo,
648 3040 918 3084 excusans
949 3030 1092 3100 quod
1133 3031 1309 3089 facere
1338 3034 1539 3091 Sabam
1577 3054 1699 3110 quae
1732 3039 1895 3097 vellet

310 3112 541 3168 sineret.
578 3117 656 3171 Ac
685 3132 810 3173 cum
866 3122 1207 3190 reposuisset
1251 3127 1563 3199 episcopus,
1610 3141 1893 3203 utcunque

310 3203 424 3258 ista
481 3204 638 3275 jussu
690 3210 1015 3279 patriarchae
1062 3227 1407 3284 gererentur,
1464 3230 1646 3277 tamen
1697 3223 1893 3281 debere

308 3296 498 3365 ipsum
527 3311 713 3367 utpote
744 3302 1126 3372 imperatorem
1160 3323 1267 3362 non
1306 3312 1623 3381 permittere
1656 3318 1893 3386 patriar-

307 3389 477 3444 cbam
533 3392 905 3463 imprudenter
958 3413 1139 3462 ruere,
1172 3401 1335 3456 etiam
1386 3405 1431 3458 si
1460 3406 1648 3472 vellet,
1709 3409 1779 3463 ad
1825 3425 1893 3466 ea

308 3482 601 3551 Augustus
631 3500 799 3539 unum
830 3486 962 3542 illud
993 3488 1048 3543 in
1073 3491 1157 3545 sui
1197 3491 1574 3551 defensionem
1613 3497 1890 3568 allegavit,

307 3572 471 3641 atqui
519 3577 852 3630 conveniens
889 3591 993 3631 non
1037 3588 1123 3634 est
1158 3584 1525 3650 patriarcham
1571 3589 1776 3656 pariter
1828 3605 1895 3645 ac

306 3664 712 3735 szcandelam
769 3666 1013 3724 Nicetam
1071 3672 1201 3742 (hoc
1254 3675 1431 3745 ipsum
1478 3680 1627 3733 enim
1691 3696 1889 3737 nomen

305 3757 673 3824 contemptim
711 3759 935 3826 protulit
982 3760 1223 3819 hominis
1266 3772 1408 3820 nota:
1455 3767 1681 3824 vilitatis
1728 3781 1891 3839 atque

306 3848 457 3903 adeo
526 3849 890 3919 palatinorum
974 3854 1220 3910 omnium
1305 3857 1499 3929 infimi)
1569 3859 1887 3930 imperatori

302 3941 532 4008 subjici.
579 3944 714 3998 Cum
748 3960 811 3999 ea
864 3945 1027 4019 igitur
1070 3947 1150 4003 sic
1196 3963 1255 4004 se
1296 3950 1577 4019 haberent,
1612 3964 1666 4010 et
1700 3972 1891 4012 mona-

304 4033 455 4088 chus
501 4033 673 4089 Sabas
710 4036 904 4090 crebro
930 4036 1320 4107 imperatorem
1368 4041 1652 4113 alloquens
1702 4048 1890 4103 multis

303 4127 364 4181 ei
394 4140 461 4181 ex
496 4141 622 4181 vero
662 4130 934 4185 nuntiatis
969 4129 1287 4200 opinionem
1312 4132 1418 4189 sibi
1445 4136 1591 4205 apud
1616 4152 1742 4193 eum
1770 4140 1889 4195 sin-

303 4233 460 4273 cerae
483 4218 603 4274 ﬁdei
629 4232 899 4290 parasset,
923 4223 1117 4278 detulit
1147 4225 1193 4281 is
1215 4226 1282 4281 ad
1304 4226 1609 4297 Augustum
1634 4233 1889 4290 eumdem

304 4310 538 4366 audisse
566 4326 627 4368 se
673 4326 702 4366 e
732 4312 1227 4386 Pcrpbyrogenito,
1271 4319 1322 4374 id
1362 4318 1466 4375 sibi
1524 4331 1583 4376 ut
1640 4340 1755 4379 rem
1802 4341 1890 4382 ar-

302 4415 509 4456 canam
565 4402 862 4469 indicante,
918 4405 1323 4477 imperatorem,
1358 4411 1524 4466 simul
1571 4411 1887 4472 Constanti-

304 4492 556 4561 nopolim
606 4497 967 4565 pervenisset,
1023 4498 1333 4567 ejecturum
1389 4504 1591 4559 throno
1643 4509 1886 4575 patriar-

2005 664 2100 719 τοῦ
2132 665 2180 719 θ’
2210 666 2439 735 ἁλῶναι,
2466 667 2560 720 καὶ
2588 668 2662 738 μή
2688 685 2742 720 τι
2767 667 2862 720 καὶ
2886 665 3270 737 νεωτερισθείη
3289 664 3420 735 παρ’
3443 665 3588 718 ὲκεί-

1998 773 2113 822 νου,
2139 756 2217 821 ὡς
2237 756 2394 829 ᾤετο,
2418 757 2639 827 πέμψας
2670 757 2794 825 ἀγει
2824 758 2956 827 παρ’
2974 755 3154 826 ἐαυτῷ
3171 756 3267 819 τάς
3298 754 3580 820 δυνάμεις,

1999 848 2094 902 καὶ
2120 852 2233 912 τοῖς
2261 849 2485 913 οἰκείοις
2509 852 2675 903 πᾶσιν
2694 848 2786 901 ὑπ’
2812 849 2988 916 αὐγὰς
3007 849 3083 902 ἒω
3105 845 3412 916 ἐπήγγελλε
3438 844 3585 896 κατά

1997 937 2059 991 τὸ
2090 937 2351 991 παλάτιον
2391 939 2866 1010 συναθροίζεσθαι.
2895 939 3003 992 Καὶ
3033 939 3155 991 τότε
3183 953 3249 987 πε
3261 938 3314 1005 pi.
3345 932 3571 1004 πλήὶουσ

2000 1044 2099 1081 σαν
2126 1030 2330 1100 ἀγορὰν
2366 1029 2589 1100 πέμψας
2618 1030 3006 1099 προσκαλεῖται
3048 1030 3141 1083 τδν
3183 1030 3303 1090 ταῖς
3341 1015 3588 1094 κατηγοὲ

2002 1120 2144 1187 ρίαις
2192 1121 2533 1191 ἐνεχόμενον,
2594 1121 2765 1192 μηδὲν
2802 1122 3047 1192 ἀκριϐῶς
3098 1120 3294 1177 εἰδότα.
3328 1118 3413 1189 μ’.
3452 1115 3599 1188 107]“

2004 1213 2070 1266 Ὃ
2105 1215 2200 1268 καὶ
2254 1214 2344 1269 διὰ
2373 1214 2588 1286 ταχέων
2644 1214 3091 1285 παραγενόμενον
3121 1217 3148 1266 6
3189 1214 3287 1288 μὲν
3320 1211 3584 1283 βασιλεὺς

1997 1303 2179 1369 εὐθὺς,
2205 1306 2281 1374 μὴ
2302 1301 2412 1369 οἶός
2432 1307 2483 1359 τ’
2499 1304 2574 1359 ὣν
2594 1305 2847 1375 κατέχειν
2865 1304 2958 1365 τὰς
2992 1303 3109 1355 κατ’
3140 1302 3353 1356 ἐκείνου
3389 1299 3584 1371 ὀργὰς,

1998 1396 2115 1466 ἅμα
2155 1397 2256 1468 μὲν
2291 1399 2521 1462 ἐκεῖνον,
2563 1399 2682 1469 ἅμα.
2732 1398 2789 1451 δὲ
2818 1395 3032 1450 καὶτὸν
3067 1392 3582 1465 Στρατηγόπουλον,

1930 1546 1954 1564 _
2000 1490 2118 1558 μετ’
2151 1489 2212 1542 οὐ
2245 1489 2378 1543 πολὺ
2406 1491 2501 1544 καὶ
2530 1489 2720 1543 τοῦτον
2747 1491 2860 1552 τοῖς
2891 1489 3077 1550 αὐτοῖς
3102 1487 3389 1555 ἐνέχεσθαι
3416 1501 3586 1538 κατα-

1996 1580 2358 1648 γνωσθέντα,
2421 1581 2755 1651 ὀνειδισμοῖς
2811 1596 2872 1633 τε
2928 1579 3024 1632 καὶ
3096 1578 3584 1649 προπηλακισμοῖς

1995 1670 2209 1736 ἔϐαλλε,
2251 1673 2367 1736 καὶ,
2420 1691 2439 1725 ι
2498 1672 2563 1726 Τί
2613 1671 2899 1733 παθόντες,
2935 1664 2981 1724 ὦ
3014 1662 3187 1734 οὗτοι,
3222 1686 3244 1719 ι
3298 1664 3586 1736 παρούσης

1998 1762 2093 1815 καὶ
2128 1762 2309 1832 πάσης
2339 1763 2438 1831 τῆς
2463 1762 2773 1831 συγκλήτου
2807 1761 2958 1825 ἐϐόα,
3005 1779 3024 1811 ι
3064 1761 3159 1812 καὶ
3198 1757 3384 1812 κακῶν
3426 1756 3583 1811 κάκι-

1997 1869 2138 1915 στοι,
2168 1853 2323 1906 αὐτοὶ
2354 1852 2571 1906 τοσαῦτ’
2612 1853 2827 1923 ἔχοντες
2859 1851 3038 1921 ἁγαθά
3077 1850 3209 1922 παρ’
3241 1848 3399 1919 ἐμοῦ,
3422 1849 3483 1902 τὸ
3504 1851 3586 1912 είς

1928 1919 1969 1974 Β
1998 1945 2270 2009 ἀναϐολὰς
2308 1946 2542 2016 ὀφθῆναι
2594 1919 2731 2015 πρὸς
2781 1945 2873 1997 τὸν
2907 1919 3224 2015 εὐεργέτην
3281 1943 3438 1997 κακοὶ
3496 1940 3586 1995 οῦ-

2000 2056 2199 2111 μενουν
2237 2038 2428 2093 θέσθαι
2476 2037 2917 2110 προεθυμήθητε,
2950 2038 3064 2092 ἀλλ’
3090 2038 3150 2102 ἐξ
3199 2038 3370 2107 αὐτῆς
3422 2036 3453 2088 6
3485 2035 3592 2105 μὲν

1996 2130 2255 2185 δεσπότου
2293 2130 2388 2185 καὶ
2414 2131 2775 2200 αύταδέλφου,
2808 2132 2836 2183 6
2862 2131 2918 2185 δὲ
2950 2130 3215 2200 πρότερον
3252 2128 3355 2199 μὲν
3405 2128 3594 2182 αἰτίου

1995 2222 2091 2276 τοῦ
2114 2225 2210 2278 καὶ
2239 2224 2319 2277 έτι
2355 2223 2575 2293 βλέπειν
2604 2224 2696 2277 τὸν
2730 2222 2906 2295 ἥλιον,
2950 2223 3174 2294 ὕστερον
3200 2221 3259 2276 δὲ
3290 2223 3382 2275 καὶ
3419 2221 3583 2291 εὐερο

1998 2316 2180 2383 γέτου,
2202 2316 2428 2370 τοιαῦτα
2452 2315 3038 2388 καταμεμελετηκότες
3055 2314 3349 2385 ἐλέγχεσθε
3372 2331 3386 2380 ;
3421 2333 3440 2368 ι
3457 2313 3585 2377 Τοῖς

1996 2407 2042 2461 δ’
2067 2409 2441 2478 ἀρνουμένοις
2475 2408 2713 2478 πάμπαν
2742 2409 2840 2463 καὶ
2885 2411 3009 2472 τοὺς
3038 2408 3302 2478 ἐλέγχους
3326 2406 3584 2477 ζητοῦσιν

1996 2497 2155 2561 εὐθὺς
2188 2500 2237 2553 οἱ
2267 2500 2621 2565 κατειπόντες
2654 2500 3011 2571 παρίσταντο,
3032 2502 3126 2554 καὶ
3160 2500 3236 2562 ὡς
3266 2494 3334 2571 ἦν
3357 2498 3591 2562 ἐκείνοις

2002 2590 2157 2662 ἰσχὺς
2187 2589 2305 2662 ἅμα
2326 2592 2421 2647 καὶ
2443 2593 2522 2657 εἰς
2551 2592 2787 2659 σπουδὴν
2811 2592 3089 2665 πρόθεσις,
3111 2592 3359 2663 ἤλεγχον.
3378 2590 3586 2645 Αὐτίκα

2001 2785 2252 2841 magnam
2283 2781 2463 2829 autem
2515 2770 3012 2829 verisimilitudinis
3052 2770 3288 2840 Speciem
3323 2786 3391 2826 ex
3420 2779 3583 2827 caete.

2002 2864 2079 2921 ris
2109 2881 2233 2936 quae
2281 2867 2457 2934 palam
2492 2866 2604 2936 geri
2645 2867 3035 2930 cernebantur,
3062 2879 3251 2920 eorum
3304 2865 3611 2921 accusatio

1998 2957 2143 3027 apud
2196 2959 2487 3015 audientes
2518 2959 2824 3014 obtinebat.
2864 2960 3094 3027 Propter
3127 2958 3228 3012 ista
3259 2966 3456 3012 cuncta
3490 2956 3586 3013 de-

1996 3048 2170 3102 crevit
2205 3047 2508 3118 imperator
2558 3050 3084 3121 Porphyrogenitum
3118 3047 3609 3119 comprehendere-

1997 3139 2239 3193 accitum
2280 3138 2350 3193 ad
2387 3153 2448 3194 se
2484 3138 2766 3210 postridie.
2796 3142 2875 3193 Ad
2908 3140 3051 3208 quod
3087 3137 3196 3194 duo
3227 3138 3476 3208 quaedam
3526 3138 3585 3193 in

1920 3258 1965 3321 ε
1995 3231 2188 3301 primis
2229 3230 2471 3285 curanda
2504 3231 2610 3286 sibi
2659 3230 2892 3301 putavit,
2945 3230 3101 3302 prius
3132 3229 3211 3285 sic
3244 3229 3432 3285 haberi
3468 3244 3589 3285 rem

1996 3337 2252 3378 arcanam
2286 3330 2345 3377 ut
2380 3322 2529 3377 nulla
2560 3321 2774 3378 ratione
2826 3322 3095 3394 suspicari
3146 3321 3585 3392 Porphyrogeni-

1995 3420 2086 3468 tus
2142 3422 2326 3483 posset
2381 3420 2552 3485 quare
2611 3423 2922 3478 vocaretur,
2976 3415 3208 3469 alterum
3262 3413 3465 3469 habere
3514 3414 3582 3469 ad

1996 3517 2220 3556 manum
2248 3516 2342 3559 eas
2380 3503 2594 3572 capias,
2620 3503 2824 3573 quibus
2869 3503 2980 3567 ille,
3015 3503 3059 3558 si
3101 3503 3240 3557 forte
3275 3516 3584 3572 repugnare

1997 3594 2388 3663 prensantibus
2410 3604 2725 3656 conaretur.
2753 3592 3009 3649 resistere
3037 3594 3291 3663 nequiret
3314 3610 3413 3649 nec
3439 3593 3584 3647 liber

1995 3684 2261 3753 effugere.
2316 3682 2500 3740 Jussis
2540 3699 2671 3755 ergo
2698 3684 2993 3739 convenire
3028 3684 3095 3738 ad
3147 3700 3205 3738 se
3234 3683 3582 3755 prmloiianis

1997 3775 2335 3835 cohortibus.
2370 3783 2425 3830 et
2471 3775 2652 3830 edicto
2686 3775 3011 3831 domesticis
3042 3776 3258 3831 cunctis
3290 3784 3345 3829 ut
3383 3775 3449 3829 ad
3484 3791 3583 3844 pa-

1999 3866 2192 3920 latium
2252 3876 2451 3935 praesto
2499 3873 2683 3922 essmt
2744 3866 2849 3921 sub
2897 3867 3283 3935 crepusculum
3341 3879 3579 3929 aui-orer,

1996 3954 2179 4012 forum
2214 3957 2531 4012 universum
2564 3965 2901 4026 armatorum
2948 3957 3303 4012 multitudine
3334 3956 3611 4026 comple-r

1991 4048 2092 4103 vit.
2123 4050 2279 4104 Tunc
2312 4050 2462 4105 misit
2489 4050 2583 4119 qui
2621 4049 2723 4104 sibi
2757 4048 3013 4103 sisterent
3059 4063 3185 4102 eum
3227 4049 3321 4119 qui
3349 4064 3583 4104 accusa-

1992 4152 2084 4197 tus
2115 4144 2317 4209 fuerat,
2353 4142 2489 4197 nihil
2520 4151 2671 4198 certo
2705 4144 2971 4198 scientem
3004 4143 3072 4197 de
3101 4159 3267 4197 causa
3308 4142 3377 4197 ob
3412 4159 3586 4213 quam

1992 4242 2301 4289 vocaretur.
2353 4234 2475 4301 Quo
2538 4235 2794 4290 celeriter
2839 4234 3098 4298 adducto,
3159 4234 3238 4290 uti
3299 4244 3354 4289 et
3415 4236 3579 4303 paqu

1991 4334 2117 4396 post
2153 4324 2567 4395 Strategopulo,
2605 4325 2659 4379 in
2710 4327 2901 4380 ambos
2935 4334 2995 4380 ut
3025 4326 3136 4394 jam
3171 4325 3585 4395 praadamnatos

1991 4416 2126 4469 iram
2158 4433 2264 4470 non
2294 4417 2588 4472 continens
2635 4417 2981 4472 stomachum
3031 4417 3233 4486 erupit,
3261 4417 3585 4485 opprobriis

1990 4516 2278 4576 utrumque
2313 4522 2378 4561 ac
2421 4507 2690 4563 conviciis
2756 4506 3138 4575 proscindens,
3176 4506 3260 4559 his
3306 4520 3399 4560 eos
3426 4521 3580 4561 com-

303 4582 474 4637 cham
508 4591 561 4637 et
607 4583 862 4674 cosmam
914 4587 1244 4643 monachum
1287 4590 1339 4643 in
1375 4592 1495 4659 ejus
1526 4592 1705 4648 locum
1757 4612 1885 4665 pro.
1918 4594 1965 4650 D
1993 4595 2204 4665 pellans
2236 4596 2420 4652 verbis
2444 4611 2578 4652 voce
2610 4605 2891 4660 contenta,
2928 4607 3119 4667 senatu
3164 4605 3387 4674 pasmnte
3449 4596 3571 4649 uni—

303 4681 611 4728 moturum.
660 4671 773 4729 lloc
817 4690 944 4731 vero
1014 4678 1200 4733 audito
1277 4681 1451 4748 magis
1522 4686 1886 4743 exacerbatus

304 4764 614 4832 imperator
642 4773 743 4826 est,
772 4764 1061 4834 indignans
1094 4770 1292 4823 armari
1343 4771 1634 4827 adversum
1669 4790 1727 4829 se
1758 4775 1882 4829 irri-

308 4855 533 4925 tarique
582 4871 613 4909 a
650 4854 816 4910 fratre
850 4857 1215 4926 patriarcham
1258 4861 1410 4917 falsis
1461 4863 1678 4921 indiciis
1717 4867 1886 4920 confi-

303 4956 530 5002 ctarum
602 4962 805 5011 rerum,
863 4963 928 5003 ac
988 4949 1424 5006 insusurratioue
1482 4955 1882 5012 calumniarum

304 5041 547 5095 istarum
600 5039 867 5095 demereri
922 5056 1048 5095 eum
1116 5041 1219 5096 sibi
1274 5042 1579 5101 familiares
1636 5047 1883 5117 ejusdem

305 5130 572 5196 studere;
620 5132 675 5184 in
705 5147 816 5201 quo
851 5131 1000 5185 illum
1030 5142 1279 5201 spectare
1311 5134 1644 5194 invasionem
1673 5140 1885 5211 imperii

306 5237 427 5277 non
456 5222 636 5277 inanis
671 5222 944 5277 videretur
969 5239 1089 5279 esse
1117 5226 1382 5295 suspicio.
1408 5226 1524 5283 Non
1555 5231 1789 5287 multum
1818 5233 1886 5288 ab

307 5317 419 5369 hoc
453 5324 670 5385 tempus
711 5315 1022 5380 effluxerat,
1077 5332 1198 5373 cum
1252 5321 1419 5390 aliqui
1453 5338 1482 5378 e
1522 5322 1884 5383 familiaribus

305 5404 774 5476 Porpliyrogeuiti
831 5405 1072 5475 ejusdem
1135 5408 1440 5477 Augustum
1510 5412 1771 5469 adeuntes
1834 5416 1883 5471 ei

308 5506 477 5551 noctu
514 5495 838 5551 nuntiarunt
890 5512 1085 5563 magna
1146 5497 1297 5551 illum
1333 5502 1579 5569 quaedam
1612 5512 1668 5558 et
1698 5505 1764 5559 ad
1800 5523 1888 5561 re-

306 5587 627 5654 bellionem,
660 5596 718 5641 ut
761 5588 1077 5658 apparebat,
1121 5589 1282 5660 160
1314 5595 1616 5659 spectantia
1648 5595 1797 5667 loqui
1832 5608 1887 5654 et

306 5679 623 5735 machinari
681 5695 805 5733 cum
855 5690 1248 5749 protostratore
1283 5682 1703 5755 Strategopulo;
1744 5706 1807 5744 ae
1840 5692 1883 5745 si

305 5784 584 5830 annueret
632 5774 949 5839 imperator,
1006 5785 1223 5843 paratos
1255 5791 1376 5831 sese
1404 5778 1470 5832 ad
1502 5793 1599 5834 eos
1651 5784 1885 5837 convin-

306 5866 520 5923 cendos
573 5865 924 5924 exhibebant.
994 5864 1120 5922 Haec
1182 5867 1255 5921 illi
1322 5869 1541 5939 quidem
1591 5872 1883 5928 dixerunt:

1988 4704 2185 4743 verso:
2219 4707 2237 4741 ι
2276 4689 2431 4754 Quae,
2482 4688 2713 4754 malum,
2775 4691 2909 4743 heus
2939 4704 3037 4744 vos
3085 4690 3136 4743 in
3194 4702 3571 4745 transversum

1988 4781 2231 4851 abripuit
2266 4779 2546 4847 vecordia,
2602 4781 2870 4835 malorum
2929 4781 3176 4850 pessimi,
3229 4790 3288 4835 ut
3320 4790 3452 4836 tota
3484 4799 3573 4837 me

1988 4870 2147 4925 bonis
2177 4872 2418 4939 acceptis
2444 4885 2553 4925 non
2582 4872 2715 4926 satis
2748 4870 3031 4936 habentes,
3055 4872 3200 4937 quod
3238 4874 3416 4941 ipsum
3448 4883 3571 4928 erat

1986 4946 2372 5033 vituperabile,
2410 4964 2551 5019 tardi
2596 4977 2859 5033 apparere
2894 4963 2946 5016 in
3002 4963 3288 5019 referenda
3322 4965 3571 5034 largitori

1986 5060 2185 5132 gratia,
2204 5060 2369 5115 etiam
2393 5058 2722 5115 all'eetarelis
2748 5059 3017 5115 maleﬁcia
3039 5058 3346 5115 benefactis
3377 5075 3571 5130 repent.

1988 5150 2135 5214 dere,
2171 5158 2279 5204 tam
2330 5149 2540 5204 atrocia
2598 5150 2833 5205 convicti
2896 5148 3064 5205 fuisse
3118 5151 3439 5215 machinati,
3484 5152 3572 5207 hic

1988 5238 2206 5308 quidem
2247 5239 2300 5292 in
2347 5240 2632 5294 dominum
2683 5239 3047 5309 eumdemque
3097 5255 3413 5308 germanum
3458 5239 3570 5295 fra-

1990 5341 2153 5395 trem,
2188 5329 2277 5384 ille
2311 5337 2493 5384 autem
2550 5332 2605 5384 in
2639 5345 2766 5385 eum
2806 5333 2894 5387 cui
2934 5333 3171 5399 primum
3205 5334 3361 5387 debet
3415 5334 3561 5402 quod

1989 5422 2169 5476 adhuc
2234 5421 2388 5493 161
2444 5422 2578 5478 solis
2630 5422 2821 5477 lumen
2870 5423 3071 5483 videat.
3123 5424 3319 5479 deinde
3367 5424 3461 5491 qui
3517 5423 3567 5479 ei

1988 5510 2311 5564 beneficium
2357 5510 2481 5564 vitae
2521 5522 2750 5566 servatae
2802 5512 2963 5567 donis
3010 5513 3152 5567 ultro
3204 5513 3432 5581 adjectis
3475 5527 3571 5566 cu-

1988 5600 2239 5656 mulavit.
2282 5620 2304 5654 ι
2344 5603 2429 5657 Ad
2482 5604 2626 5660 hanc
2675 5605 3174 5674 inopinatissimam
3237 5605 3562 5659 invectivam

1989 5707 2113 5747 cum
2147 5692 2308 5748 ambo
2338 5709 2438 5763 pro
2465 5709 2525 5749 se
2551 5697 2786 5765 quisque
2810 5706 3170 5764 pernegarent
3200 5710 3258 5749 se
3284 5694 3563 5763 conscios,

1989 5787 2189 5840 nedum
2241 5788 2524 5842 convictos
2568 5788 2730 5842 ullius
2780 5787 2837 5840 in
2880 5787 3267 5855 imperatorem
3320 5785 3565 5841 meditati

1989 5878 2235 5943 sceleris,
2285 5887 2341 5933 et
2400 5877 2657 5948 proferri,
2717 5894 2838 5947 quae
2893 5862 3123 5948 purqare
3177 5875 3470 5932 refellendo
3505 5893 3573 5934 se
