3862 6548
416 346 523 414 179

1551 363 1878 424 GEORGII
1919 364 2403 434 PACHYMER£

3543 373 3670 438 180

412 468 612 563 fgiV'JV.
649 462 740 528 οἷα
773 468 919 563 φίλεῖ
967 469 1060 524 ἐπὶ
1099 472 1363 538 τῦὶΰῦτῦῑξ
1400 474 1681 545 Υἷνεσθαι,
1716 481 1879 547 θροῦς
1913 476 1981 549 ἦν
2009 482 2060 539 Α
2086 479 2185 552 τῆς
2215 480 2547 557 Ἕκκλησίας
2588 490 2910 554 ἁσυνθεσίας
2964 491 3098 563 πρδς
3156 491 3380 561 βασιλέα
3405 491 3671 562 ἔγκλημα

411 558 518 612 τῶν
556 560 656 630 μὲν
712 561 1187 633 ἐκπληττομένων,
1251 568 1360 622 τῶν
1386 569 1442 622 δὲ
1471 570 1568 624 καὶ
1612 572 1974 640 στυγούντων,

409 649 587 704 ἄλλων
616 651 672 705 δὲ
701 654 794 708 καὶ
827 654 987 708 πλέον
1005 656 1098 708 τοῦ
1121 658 1326 722 είκότος
1357 663 1500 716 κατά
1534 680 1654 717 τινα
1679 664 1979 734 θεραπείαν

411 750 940 818 παρακεκινημένων
995 749 1088 801 καὶ
1143 751 1323 819 λέγειν
1372 755 1467 807 καὶ
1499 758 1778 825 πράττειν.
1815 755 1977 818 Τέλος

407 837 534 900 τοὺς
567 838 665 907 μὲν
691 840 788 900 τὰς
836 840 1062 894 ἐκείνων
1095 843 1272 906 οίκίας
1306 846 1634 912 πολυόλϐους
1665 848 1853 913 οὔσας,
1883 848 1979 902 κοιλ⁵

411 926 614 994 μᾶλλον
637 929 736 1000 τὴν
767 930 858 984 τοῦ
893 939 1431 1006 πορφυρογεννήτου,
1484 939 1811 1004 καθέξοντας
1841 941 1978 992 ἀπο-

411 1018 642 1083 στέλλει,
693 1021 889 1084 αύτοίις
923 1023 979 1075 δὲ
1023 1028 1113 1077 τὸν
1155 1026 1254 1094 μὲν
1281 1028 1546 1098 φυλακαῖς
1573 1031 1766 1092 ἐδίδου,
1805 1033 1896 1082 τὸν
1931 1030 1975 1084 δ’

408 1109 638 1179 ἀδελφὸν
670 1113 997 1180 συγκλείσας
1024 1116 1106 1169 ἑνὶ
1140 1118 1248 1171 τῶν
1275 1121 1414 1173 κατὰ
1447 1122 1516 1174 τὰ
1547 1125 1787 1176 παλάτια
1820 1122 1977 1192 βασι-

338 1253 360 1284 θ
406 1203 573 1256 λικῶν
595 1204 913 1274 οἰκημάτων
948 1209 1004 1262 ὲν
1041 1210 1278 1277 ἀσφαλεῖ
1299 1213 1674 1284 καθείργνυσι.
1715 1216 1978 1285 Προνοίας

405 1291 452 1348 δ’
476 1294 688 1360 ὲκείνας
715 1300 807 1351 καὶ
830 1299 1029 1366 ἀγέλας
1074 1301 1171 1354 καὶ
1203 1301 1489 1376 ἀποθήκας
1521 1307 1790 1377 παντοίων
1821 1309 1978 1363 εἰδῶν

405 1387 500 1442 καὶ
526 1391 752 1461 χρυσὸν,
783 1393 874 1445 τὸν
909 1393 1008 1461 μὲν
1057 1394 1116 1447 ὲν
1147 1395 1447 1466 νομίσμασι
1490 1402 1856 1469 κεκομμένον,
1887 1402 1978 1455 τδν

402 1479 449 1534 δ’
478 1483 536 1535 έν
571 1483 894 1553 ἐκπώμασιν
926 1488 1310 1558 είργασμένον,
1346 1492 1441 1544 καὶ
1478 1491 1720 1563 ἄργυρον
1752 1495 1846 1547 καὶ
1877 1494 1978 1547 πέ-

403 1572 515 1627 πλα
546 1575 864 1630 παντοδαπὰ
915 1578 993 1649 τῷ
1038 1581 1204 1650 κοινῷ
1233 1582 1465 1652 ταμιείῳ
1498 1584 1975 1654 προσανετίθεντο,

405 1667 498 1720 καὶ
527 1668 560 1736 ἡ
595 1668 746 1739 χλιδὴ
778 1669 960 1741 ἐκείνη
985 1672 1080 1726 καὶ
1115 1674 1441 1743 περιφάνεια
1471 1678 1601 1745 μιᾶς
1627 1675 1775 1746 ὥρας
1806 1676 1978 1749 σκηνὴ

408 1755 504 1810 καὶ
537 1759 789 1827 παίγνιον
819 1755 907 1830 ἦν.
957 1762 1068 1816 Καὶ
1120 1763 1306 1834 θαῦμα
1345 1759 1414 1836 ἦν
1443 1769 1558 1831 τοῖς
1588 1768 1788 1838 ὁρῶσιν
1815 1767 1975 1836 ὄγκος

2089 581 2156 633 δι’
2180 583 2388 636 ἐκεῖνον
2411 584 2485 647 ὠς
2522 583 2682 654 δῆθεν
2718 584 3074 652 βασιλειῶντα
3105 585 3362 654 ἐφῆπται.
3390 581 3500 638 Ἦν
3549 585 3670 655 γὰρ

2089 675 2210 737 ταῖς
2237 675 2521 745 ἀληθείαις
2549 678 2576 728 ό
2605 678 2742 747 ἀνὴρ
2772 679 2829 742 ἐς
2855 677 3024 748 ἄκρον
3076 677 3524 747 φιλοδωρότατος,
3564 675 3671 730 καὶ

2088 767 2318 832 πολλοὺς
2349 771 2692 839 συνυπὴγετο
2715 772 2824 836 τοῖς
2855 769 3346 840 φιλοφρονήμασιν,
3389 768 3534 821 ὥστε
3568 770 3672 824 καὶ

2087 861 2305 932 ἀγαπᾷν
2329 862 2846 931 εύεργετουμένους.
2874 861 2933 914 ού
2965 861 3069 931 μὴν
3101 860 3156 913 δὲ
3181 860 3320 914 ὥστε
3349 862 3441 916 καὶ
3475 876 3669 912 συνει-

2087 952 2237 1005 δέναι
2267 955 2316 1005 οί
2345 952 2376 1023 ἢ
2407 951 2472 1024 δὴ
2501 951 2900 1021 συμϐούλεσθαι
2943 950 2979 1005 θ.
3004 951 3069 1020 δὴ
3121 951 3330 1013 ἐκεῖνος
3378 949 3534 1013 είδὼς
3564 949 3673 1002 καὶ

2092 1045 2439 1115 βουλόμενος,
2495 1045 2568 1109 ὼς
2615 1047 2663 1098 oi
2718 1044 2838 1098 κατ’
2882 1044 3094 1097 ἐκείνου
3118 1044 3369 1111 λέγοντες
3391 1042 3671 1096 δεικνύειν

2087 1131 2256 1207 εἶχον,
2311 1137 2654 1207 ἐξηλέγχετο.
2711 1137 2838 1198 Τοῖς
2869 1131 2962 1189 οὖν
3001 1135 3094 1188 τοῦ
3127 1134 3390 1186 παλατίου
3439 1133 3668 1194 πολλοῖς

2086 1245 2228 1282 τισιν
2259 1227 2376 1282 οὖσι
2421 1230 2530 1290 τοῖς
2581 1227 2711 1298 παρ’
2767 1228 2976 1282 ἐκείνου
3020 1226 3500 1296 εύεργετουμένοις
3530 1241 3668 1279 συν-

2087 1319 2382 1388 εγνωμόνει
2405 1321 2434 1372 ὁ
2466 1317 2738 1388 βασιλεὺς,
2799 1316 2882 1390 [Ρ.
2915 1317 3040 1390 108]
3074 1318 3212 1386 ὑπὲρ
3241 1316 3398 1383 ἀξίαν
3428 1317 3527 1387 μὲν
3557 1314 3664 1370 τοῦ

2086 1409 2344 1471 διδόντος.
2377 1408 2501 1472 ἄξια
2526 1407 2584 1460 δὲ
2622 1411 2736 1472 τοῖς
2781 1407 3120 1478 λαμϐάνουσι
3151 1407 3218 1461 τὰ
3248 1408 3501 1477 διδόμενα
3533 1406 3667 1474 κρί-

2088 1518 2216 1554 νων.
2255 1499 2492 1553 Ἐκεῖνον
2522 1499 2623 1567 μὲν
2645 1500 2756 1570 γὰρ
2778 1498 3006 1568 ἀδελφὸν
3027 1497 3294 1564 βασιλέως
3319 1497 3452 1549 ὄντα
3468 1493 3669 1548 τοσού·

2086 1609 2199 1655 τοις
2235 1592 2522 1661 δωρεῖσθαι
2576 1591 2720 1654 ὅσοις
2758 1590 2894 1661 μηδὲ
2923 1589 3149 1660 βασιλέα
3198 1588 3383 1658 σχεδὸν
3413 1586 3562 1648 είκὸς
3592 1580 3667 1654 ἦν

2085 1685 2267 1744 αίτίας
2295 1685 2532 1737 ἐποιεῖτο
2553 1682 2712 1755 δῆθεν
2729 1698 2744 1713 ο
2771 1682 2899 1744 τοὺς
2927 1681 2984 1734 δέ
3008 1697 3071 1747 γε
3093 1678 3468 1748 λαμϐάνοντας
3500 1691 3667 1746 μεγι-

2090 1777 2290 1839 στᾶνας
2340 1776 2520 1840 ὄντας,
2555 1776 2604 1829 εί
2659 1774 2752 1830 καὶ
2802 1775 2943 1844 ὑπὲρ
2994 1773 3055 1826 τὸ
3099 1772 3296 1843 μέτρον
3328 1769 3662 1839 ἐλάμϐανον,

404 1847 662 1910 τοσοῦτθῖ
704 1850 916 1921 τρυφῆς
963 1851 1058 1904 καὶ
1123 1853 1297 1916 οἰκίας
1358 1835 1630 1926 ’έοιαύτης-
1677 1835 1980 1928 φιλοτιμία.
2019 1835 2058 1888 Β
2087 1866 2203 1920 ἀλλ’
2229 1835 2320 1918 σύν
2349 1835 2590 1930 δικαίους
2620 1859 2758 1920 εἶναι
2783 1835 3008 1918 τοιαύτα
3053 1835 3145 1915 καὶ
3192 1835 3324 1915 τόσα
3357 1835 3668 1928 λαμϐάνειν

410 1939 534 2012 μηδ’
563 1941 731 2012 αὐτῆς
765 1943 1036 2013 βασιλείου
1068 1949 1208 2000 κατὰ
1243 1947 1376 2001 πολὺ
1401 1949 1750 2019 λειπομένης,
1775 1949 1892 2012 πῶς
1923 1949 1982 2000 ὲν

404 2030 606 2101 ἀκαρεῖ
650 2033 731 2096 είς
773 2035 833 2087 τὸ
892 2035 1057 2106 μηδὲν
1116 2039 1447 2109 κατήντησε,
1508 2041 1602 2092 καὶ
1654 2039 1723 2092 τὰ
1751 2038 1982 2110 λαμπρὰ

404 2123 588 2176 ἐκεῖνα
635 2125 730 2178 καὶ
785 2127 924 2192 τέως
978 2129 1290 2201 περίπυστα
1325 2133 1638 2204 πνευσάσης
1684 2132 1980 2204 δυσχεροῦς

405 2215 502 2268 καὶ
531 2215 883 2288 τελχινώδους
911 2219 1084 2290 αὔρας
1108 2222 1466 2278 κατέσϐεστο.

477 2309 590 2362 Καὶ
619 2311 767 2364 ταῦτ’
795 2313 1097 2382 ἐπράττετο
1131 2316 1363 2384 Κρονίου
1392 2315 1583 2386 μηνὸς,
1609 2317 1695 2370 ὅτε
1727 2315 1821 2369 καὶ
1857 2315 1981 2368 πολι

403 2399 517 2464 λοῖς
558 2401 656 2472 μὲν
683 2404 792 2458 τῶν
822 2404 916 2458 τοῦ
952 2405 1236 2473 παλατίου,
1263 2407 1364 2460 οὐκ
1413 2407 1612 2476 ὀλίγοις
1661 2407 1718 2460 δὲ
1749 2406 1845 2460 καὶ
1870 2407 1980 2460 τῶν

404 2591 634 2652 paratos
691 2583 933 2646 aiebant,
989 2587 1355 2644 accusationis
1411 2599 1733 2658 argumenta
1789 2605 1980 2659 posce~

403 2681 546 2736 rent,
587 2673 771 2728 statim
808 2674 1103 2732 adfuerunt
1146 2679 1240 2746 qui
1277 2663 1373 2734 eos
1408 2680 1737 2742 detulerant,
1780 2689 1834 2734 et
1879 2694 1977 2749 pro

406 2777 506 2817 sua
543 2765 779 2836 quisque
835 2764 1090 2821 facultate
1137 2781 1200 2822 ac
1255 2769 1440 2823 studio
1474 2770 1801 2824 convincere
1851 2771 1976 2823 inli-

403 2853 608 2909 tiantes
662 2865 790 2910 sunt
845 2858 1053 2911 conati.
1114 2857 1249 2913 Dum
1305 2859 1418 2914 haec
1464 2871 1753 2931 geruntur.
1815 2871 1977 2930 prout

405 2945 547 3000 solet
595 2946 650 3002 in
697 2948 916 3015 talibus,
973 2966 1225 3005 murmur
1279 2951 1551 3007 incrchuit
1603 2953 1976 3009 tumultuariis

405 3039 669 3105 susurris,
722 3057 860 3110 quos
889 3041 958 3095 ab
1003 3042 1105 3096 ista
1149 3044 1524 3112 spectantibus
1571 3045 1766 3113 partim
1809 3059 1975 3099 verus

2084 1954 2689 2024 ὑποκατακλινομένους
2712 1953 2908 2024 ἐκείνῳ
2928 1955 2992 2006 ὲκ
3011 1951 3120 2006 τῶν
3143 1953 3368 2005 είκότων
3393 1949 3664 2002 ἐδικαίου.

2083 2047 2208 2111 Τοῖς
2235 2047 2292 2100 δὲ
2338 2047 2442 2117 τῆς
2491 2045 2819 2117 Ἐκκλησίας
2885 2045 2959 2115 μὴ
3010 2044 3158 2106 ὅπως
3190 2045 3302 2104 τοῖς
3353 2039 3412 2104 ἐξ
3445 2041 3666 2092 ἐκείνου

2083 2139 2545 2210 εὐεργετηθεῖσιν,
2585 2139 2722 2192 ἀλλὰ
2752 2138 2846 2192 καὶ
2877 2138 3156 2207 ξύμπασιν
3211 2135 3387 2193 αίτίας
3416 2134 3443 2183 ὁ
3477 2129 3667 2191 Σάϐας

2081 2233 2486 2305 ἐπειλημμένος
2545 2233 2914 2303 εὐσχήμονας,
2969 2230 3043 2293 ὡς
3075 2227 3235 2298 δῆθεν
3283 2225 3402 2280 κατ’
3437 2223 3668 2276 ἐκείνων

2081 2328 2178 2380 καὶ
2217 2327 2358 2397 ὑπὲρ
2415 2325 2682 2396 βασιλέως
2738 2323 2940 2394 ζηλῶν,
2986 2322 3082 2374 καὶ
3113 2320 3218 2389 πρὸ
3247 2317 3343 2370 τοῦ
3370 2317 3482 2377 τοῖς
3519 2313 3662 2367 πᾶσι

2079 2419 2432 2482 κακοποιοὺς,
2475 2416 2669 2487 ἀνέδην
2693 2433 2753 2470 τε
2782 2414 3006 2478 δύσνους
3033 2411 3300 2482 ὠνόμαζε.

2151 2595 2313 2651 Gesta
2349 2602 2475 2650 sunt
2521 2593 2636 2648 haec
2699 2606 2889 2647 mense
2939 2590 3152 2653 Martio,
3197 2588 3415 2657 quando
3468 2595 3524 2643 et
3564 2600 3667 2656 pa-

2079 2685 2263 2742 latinis
2315 2685 2506 2739 multis
2547 2693 2600 2738 et
2640 2699 2746 2739 non
2791 2683 2980 2752 paucis
3035 2680 3417 2736 ecclesiasticis
3453 2678 3666 2733 crimen

2078 2773 2375 2844 maiestatis
2424 2775 2718 2844 impactum
2778 2781 2894 2839 est,
2950 2771 3398 2844 Porphyrogeniti
3468 2783 3668 2832 causa,

2077 2866 2234 2936 quasi
2281 2865 2330 2918 ei
2386 2864 2664 2920 beneflciis
2723 2863 2970 2920 obstricti
3031 2862 3196 2917 etiam
3264 2861 3328 2915 ad
3363 2856 3673 2914 affectatio-

2078 2972 2200 3010 nem
2256 2955 2471 3024 imperii
2520 2954 2801 3010 favissent.
2851 2952 2981 3009 Erat
3039 2954 3182 3008 enim
3222 2967 3408 3007 revera
3444 2951 3526 3004 vir
3574 2950 3673 3007 ille

2080 3046 2335 3117 profusus
2381 3046 2434 3100 in
2492 3045 2830 3114 largiendum
2883 3055 2942 3100 ut
2989 3043 3082 3114 qui
3139 3044 3396 3105 maxime.
3435 3041 3675 3096 multos-

405 3131 632 3185 affectus
659 3132 998 3202 exprimebat
1032 3133 1237 3189 favoris
1272 3143 1365 3187 aut
1397 3134 1507 3188 odii
1533 3137 1680 3189 varie
1719 3137 1972 3204 propensi
2005 3166 2048 3224 ο
2080 3155 2186 3210 que
2240 3140 2340 3193 sibi
2387 3154 2447 3192 ea
2483 3137 2798 3192 devinxerat
2854 3137 3246 3203 beneficentia;
3318 3150 3424 3188 non
3481 3142 3671 3187 tamen

404 3225 460 3279 in
498 3233 847 3279 accusatores
873 3226 953 3278 vel
983 3225 1036 3278 in
1073 3240 1217 3290 reos,
1253 3225 1446 3292 partim
1476 3226 1772 3281 artificiosa
1804 3227 1978 3282 simu-

409 3319 539 3373 latio
575 3325 796 3372 et-cnra
834 3326 1142 3385 quaestuosa
1194 3318 1294 3371 bos
1329 3327 1423 3371 aut
1470 3317 1596 3373 illos
1641 3319 1976 3383 demerendi,

409 3427 507 3481 pro
537 3412 750 3465 ratione
789 3412 1006 3465 ambitae
1056 3411 1242 3484 gratia'
1269 3411 1349 3464 vel
1387 3409 1692 3465 formidata:
1727 3411 1984 3465 offensio.

410 3505 498 3559 nis
521 3505 682 3570 longe
711 3502 851 3559 ultra
881 3519 1099 3557 sensum
1127 3503 1379 3556 intimum
1404 3503 1458 3555 in
1483 3502 1982 3556 demonstrationes

414 3594 695 3650 affectatas
717 3594 924 3662 agendo
953 3593 1246 3647 dicendove
1278 3593 1556 3662 prndiens.
1590 3591 1830 3646 Tandem
1871 3594 1981 3646 im-

419 3697 638 3760 perator
675 3687 826 3740 misit
858 3686 950 3754 qui
985 3687 1178 3740 domos
1215 3686 1502 3754 utriusque
1537 3685 1696 3740 bonis
1750 3685 1984 3741 refertas

418 3782 778 3837 exbaurirent
809 3781 1022 3834 cunctis
1066 3779 1118 3832 in
1158 3779 1345 3834 fiscum
1398 3779 1727 3848 redigendis,
1755 3793 1985 3847 praescr-

415 3877 514 3930 tim
547 3883 728 3929 autem
762 3872 1232 3941 Porphyrogeniti.
1268 3870 1514 3940 Ipsorum
1545 3881 1724 3924 autem
1755 3871 1985 3924 alterum

417 3966 640 4037 quidem
692 3965 930 4036 publicis
984 3963 1253 4018 custodiis
1308 3963 1552 4027 tradidit,
1597 3963 1822 4015 fratrem
1862 3974 1989 4016 vero

421 4077 582 4117 suum
625 4075 736 4115 uno
767 4075 796 4113 e
859 4059 1019 4126 regiis
1071 4057 1258 4126 palatii
1313 4054 1669 4109 conclavibus
1715 4054 1987 4108 inclusum

421 4167 617 4208 securo
646 4151 900 4221 praesidio
934 4161 1209 4204 servatum
1243 4148 1499 4201 detinuit.
1547 4144 1851 4200 Pensiones
1885 4160 1987 4199 au-

421 4256 527 4300 tem
563 4246 684 4314 ejus
715 4243 836 4298 illas
861 4253 915 4296 et
949 4256 1140 4312 greges
1167 4240 1574 4310 apothecasque
1606 4239 1754 4293 omni
1790 4252 1990 4308 genere

420 4335 786 4407 pretiosarum
823 4334 1067 4404 oppletas
1111 4333 1444 4402 specierum,
1503 4345 1696 4384 aurum
1733 4340 1991 4398 praeterea

423 4430 620 4500 partim
671 4428 941 4496 signatum
993 4426 1046 4479 in
1101 4424 1340 4478 nummis
1399 4423 1598 4492 partim
1668 4421 1870 4475 factum
1935 4422 1989 4474 in

2087 3241 2145 3288 ut
2195 3229 2446 3284 convinci
2489 3238 2671 3298 posset
2715 3229 2838 3302 plus
2875 3228 3012 3283 istos
3049 3229 3098 3281 ei
3143 3225 3456 3296 rependisse
3498 3238 3672 3296 quam

2086 3329 2298 3390 gratum
2350 3328 2405 3373 et
2463 3329 2706 3374 mutuum
2765 3334 3031 3385 amorem,
3073 3317 3297 3373 minime
3330 3327 3513 3371 autem
3579 3313 3672 3367 fa-

2089 3416 2320 3469 ctiosum
2377 3413 2616 3468 studium
2673 3411 2979 3467 velificandi
3048 3413 3248 3482 spebus
3305 3411 3425 3481 ejus
3488 3425 3672 3479 usque

2090 3506 2156 3560 ad
2215 3504 2494 3558 consciam
2561 3504 3026 3573 conspirationem
3092 3504 3144 3558 in
3195 3503 3485 3556 ambitiosa
3541 3511 3672 3555 vota

2095 3596 2431 3667 principatus
2491 3595 2824 3665 usurpandi;
2918 3596 3100 3666 qualia
3178 3603 3355 3650 mente
3415 3610 3674 3651 versasse

2095 3689 2245 3742 iflum
2298 3686 2537 3740 nondum
2568 3685 3074 3740 demonstraveram
3106 3685 3196 3754 qui
3236 3684 3568 3738 detulerant.
3605 3681 3667 3737 In

2096 3779 2370 3834 communi
2426 3793 2592 3846 porro
2642 3777 2954 3847 suspicione
3015 3778 3189 3832 sacris
3249 3777 3564 3831 hominibus
3617 3785 3677 3830 et

2097 3871 2252 3926 laicis
2280 3869 2495 3924 diversa
2527 3877 2887 3939 utrorumque
2923 3885 3042 3924 sors
3077 3871 3201 3924 fuit.
3236 3869 3374 3924 Nam
3405 3869 3513 3922 illis
3545 3868 3672 3938 qui-

2098 3963 2244 4023 dem.
2300 3975 2438 4030 quos
2492 3960 2649 4026 dixi,
2704 3960 2960 4032 palatinis
3017 3960 3270 4030 plurimis
3330 3951 3586 4014 munifice
3641 3975 3676 4014 α

2099 4050 2568 4122 Porphyrogenito
2595 4051 2818 4106 donatis
2850 4051 3238 4121 ignoscendum
3263 4051 3533 4121 judicavit
3563 4049 3678 4104 im-

2101 4152 2341 4212 perator,
2377 4141 2532 4196 aiens
2589 4143 2712 4209 plus
2753 4142 2972 4210 quidem
3018 4141 3166 4195 illum
3199 4139 3370 4196 fuisse
3413 4141 3676 4210 Iargitum

2101 4246 2263 4302 quam
2299 4228 2504 4298 gradus
2548 4231 2668 4300 ejus
2700 4231 2889 4292 ferret,
2921 4247 3018 4287 eos
3049 4241 3230 4287 tamen
3259 4233 3461 4303 quibus
3490 4233 3682 4288 dedis-

2103 4329 2204 4386 set,
2258 4335 2380 4373 cum
2441 4321 2774 4388 megistanes
2817 4330 3002 4376 essent
3059 4322 3346 4380 nobilitate
3381 4338 3445 4376 ac
3477 4323 3681 4379 merito

2104 4419 2446 4480 praestantes,
2488 4411 2683 4481 dignos
2735 4410 2906 4466 fuisse
2936 4411 3029 4482 qui
3081 4422 3296 4468 tantum
3333 4414 3681 4483 acciperent;

426 4499 576 4576 vasis
610 4536 671 4574 ac
704 4519 936 4588 poculis,
969 4517 1223 4571 similiter
1253 4524 1306 4570 et
1335 4524 1620 4582 argentum
1663 4515 1891 4582 velaque
1931 4527 1994 4566 ac
2032 4516 2074 4570 Β
2105 4515 2282 4569 ¹¹θί1¹¹θ
2333 4499 2481 4554 illam
2539 4501 2760 4555 nimiam
2800 4501 2970 4555 νίάθτί
3008 4502 3207 4556 debere
3241 4504 3548 4558 mercedem
3577 4507 3682 4558 0b-

422 4611 762 4682 vestis_varii
792 4619 971 4664 textus
1002 4624 1063 4662 ac
1091 4607 1302 4668 formae.
1335 4606 1571 4676 ingentis
1595 4606 1778 4676 pretii,
1798 4615 1993 4659 cuncta

425 4707 480 4760 in
514 4703 768 4758 aerarium
798 4701 1179 4758 conferuntur.
1210 4699 1528 4767 Tantusque
1577 4698 1663 4751 ille
1705 4706 1997 4764 apparatus

427 4795 773 4858 deliciarum,
801 4793 965 4847 luxus
1010 4789 1139 4844 illttd
1188 4788 1321 4858 regii
1356 4786 1677 4854 choragium
1709 4793 1765 4840 et
1792 4785 2001 4854 specio-

424 4887 679 4942 sissimus
727 4892 1077 4954 conspectus,
1129 4882 1278 4936 horae
1330 4881 1492 4934 unius
1547 4894 1712 4934 scena
1761 4878 1813 4932 in
1855 4876 1999 4930 ludi-

424 4977 604 5032 brium
646 4975 769 5042 fuit,
821 4991 929 5029 non
992 4988 1183 5044 parum
1235 4969 1637 5025 admirantibus
1685 4967 1775 5038 qui
1811 4981 2000 5021 cerne-

426 5079 570 5133 rent,
600 5078 811 5124 tantam
847 5067 954 5120 vim
981 5065 1225 5118 delicatae
1264 5061 1618 5131 supellectilis
1647 5075 1712 5114 ac
1743 5062 1998 5129 volupta-

425 5164 522 5218 ria:
552 5162 723 5232 copim
757 5175 920 5214 unam
975 5157 1028 5211 in
1081 5156 1304 5210 domum
1346 5169 1458 5208 non
1500 5161 1840 5224 regnantem,
1876 5167 1998 5220 qua:

426 5267 608 5310 tamen
663 5254 716 5306 in
771 5251 874 5304 hoc
917 5244 1211 5316 regnatrici
1236 5245 1322 5298 vix
1355 5243 1592 5307 cederet,
1634 5241 1858 5310 congeri
1895 5255 1991 5310 p0-

430 5349 625 5410 tuisse,
656 5353 710 5398 ct
749 5351 860 5397 tam
909 5345 1238 5408 exaggerato
1269 5335 1360 5392 isti
1389 5335 1610 5391 cumulo
1655 5333 1995 5402 dissipando,

430 5434 696 5498 tollendo,
731 5430 1076 5499 exportanda
1110 5427 1384 5482 tantulum
1415 5425 1646 5495 spatium
1695 5423 1998 5480 suﬁ‘ecisse.

432 5527 581 5582 Adeo
608 5523 745 5579 nihil
780 5525 853 5577 ita
899 5520 1272 5589 splendidum,
1305 5518 1462 5589 162
1493 5519 1565 5571 ita
1609 5515 1822 5570 illustre
1866 5515 2003 5568 late—

433 5633 538 5690 que
566 5615 813 5671 inclitum
856 5611 1050 5680 fulget,
1095 5610 1239 5682 quod
1293 5607 1568 5680 pestilenti
1623 5606 1809 5661 afﬂatu
1845 5605 2001 5658 mali-

435 5723 556 5779 gnte
615 5721 762 5761 aura:
815 5705 1099 5761 obscurari
1151 5719 1213 5760 ac
1265 5701 1482 5773 penitus
1537 5697 1812 5770 exstingui
1850 5698 2001 5753 brevi

442 5812 683 5872 tempore
713 5816 818 5856 non
851 5810 1034 5870 queat.

2107 4593 2282 4663 sequii
2315 4597 2510 4661 quo'se
2544 4593 2751 4646 homini
2788 4608 2896 4647 non
2950 4595 3242 4663 imperanti
3274 4611 3530 4665 proceres
3567 4607 3680 4651 tam

2108 4688 2351 4741 illustres
2399 4686 2661 4740 inclinare
2714 4687 3112 4744 sustinuerant.
3157 4688 3214 4743 In
3251 4690 3684 4753 ecclesiasticos,

2108 4793 2217 4831 non
2262 4792 2359 4832 eos
2405 4777 2580 4832 solum
2612 4791 2751 4846 quos
2798 4776 2960 4834 donis
3007 4781 3183 4836 cultos
3229 4796 3258 4834 a
3304 4780 3686 4852 Porphyroge-

2109 4870 2225 4923 nite
2270 4869 2581 4932 constabat,
2612 4869 2703 4923 sed
2753 4869 3053 4926 universim
3096 4881 3148 4926 et
3196 4873 3686 4930 indiscriminatim

2110 4977 2341 5027 omnes,
2403 4961 2522 5015 dira
2586 4960 2837 5016 monachi
2894 4961 3046 5016 Sabte
3092 4967 3362 5032 grassatio
3421 4967 3685 5034 incurrit,

2109 5064 2292 5123 aptam
2323 5052 2530 5106 scilicet
2578 5052 2890 5121 arripientis
2917 5044 3377 5122 opportunitatem
3415 5060 3684 5118 commis-

2111 5161 2234 5202 sum
2264 5145 2369 5200 sibi
2392 5144 2668 5215 negotium
2697 5146 2912 5214 agendi,
2940 5147 3041 5202 hoc
3073 5157 3156 5203 est
3181 5149 3500 5205 exercenda:
3525 5151 3686 5222 plau-

2109 5235 2338 5292 sibiliter
2368 5236 2422 5290 in
2468 5234 2616 5288 illum
2641 5236 2848 5300 pridem
2880 5253 3106 5294 exosum
3170 5241 3274 5294 sibi
3310 5242 3557 5296 ordinem
3597 5243 3686 5297 in-

2110 5327 2396 5398 explebilis
2452 5328 2804 5384 immanitatis
2839 5347 3002 5397 .sute,
3043 5335 3290 5403 specioso
3342 5351 3486 5390 nunc
3543 5351 3691 5405 pra:-

2112 5433 2263 5480 textu
2306 5423 2408 5480 zeli
2458 5423 2743 5478 laudabilis
2793 5441 2891 5495 pro
2921 5427 3266 5496 imperatoris
3317 5432 3494 5486 salute
3523 5432 3685 5506 163

2110 5532 2176 5571 ac
2205 5523 2370 5571 statu.
2430 5515 2534 5568 Eos
2565 5514 2728 5584 igitur
2767 5517 2972 5585 pariter
3017 5528 3248 5574 cunctos
3298 5537 3406 5576 uno
3451 5507 3688 5579 crimine

2113 5605 2362 5671 involvit,
2425 5604 2619 5661 infidos
2673 5616 2728 5663 et
2788 5608 2927 5664 clam
2985 5608 3231 5668 infensos
3281 5613 3530 5684 Augusto
3588 5630 3691 5671 no-

2113 5715 2344 5756 nnuatts.
