3922 6548
131 880 147 894 ⁹
253 878 587 945 μανθάνουσι
621 880 784 944 πόνος
809 878 899 953 ἦν,
930 885 991 938 οὐ
1014 886 1121 955 μὴν
1151 887 1208 940 δὲ
1235 887 1374 943 ὥστε
1403 891 1500 943 καὶ
1525 893 1828 961 ἀποφυγεῖν

252 383 345 452 1‘31
1136 400 1235 461 DE
1290 400 1734 465 ANDRONICO
1761 405 2234 469 PALIEOLOGO
2268 410 2417 474 LIB.
2459 413 2546 474 II.

602 512 674 561 κ’.
707 509 844 578 Περὶ
868 511 974 566 τοῦ
988 506 1264 583 ξιιοναχοῦ
1291 515 1473 570 Σάόα.

318 601 426 655 Καὶ
444 599 602 655 διιὼν
633 601 718 671 [Ρ.
762 604 886 676 109]
916 610 1037 672 ταῖς
1071 609 1407 680 οἰκονομίαις
1444 612 1671 668 ἐκείνων
1696 614 1821 666 έπέ-

247 711 374 763 χρα,
404 695 815 766 παρακατέχων
872 700 968 753 καὶ
1003 702 1254 755 ἀπαιτῶν
1297 705 1398 768 τὰς
1427 706 1724 775 προσόδους
1749 707 1823 770 ὡς

250 785 316 839 ἂν
348 787 573 839 ἐκείνων
626 789 1086 860 καθωσιωμένων.
1143 795 1324 866 ’Δπερ
1380 800 1492 860 τοῖς
1543 800 1825 870 κληρικοῖς

3403 417 3508 483 192

1853 539 1898 594 Α
1925 522 2086 590 λόγον
2114 525 2408 593 κειμένων,
2447 526 2582 581 ἀλλὰ
2611 527 2797 600 κύκλῳ
2828 545 2895 582 πε
2905 529 3292 601 ρισαλλομένου
3327 533 3510 597 αἰτίας

1935 615 2098 686 μηδὲν
2127 618 2512 688 προσηκούσας
2543 620 2666 691 μηδ’
2694 621 2964 685 ὁπωσοῦν,
3014 623 3168 687 τέλος
3195 623 3381 695 ⁴ι’λξίουν
3407 642 3511 680 παο

1929 709 2199 778 τριάρχην
2233 709 2465 779 ἀμύνειν
2511 713 2890 784 ἀδικουμένοις
2945 715 3014 769 τὰ
3045 713 3270 787 ἔσχατα.
3332 717 3390 770 Ὀ
3430 716 3510 781 δὲ,

1932 801 2033 853 οὐκ
2055 799 2151 854 οἷδ’
2183 804 2353 867 ὅπως,
2393 804 2599 875 ψυχρὸς
2630 807 2724 858 ἐπὶ
2773 807 2985 869 τούτοις
3015 809 3374 878 κατεφαίνετο
3420 809 3515 863 καὶ

1935 893 2212 961 ἀκίνητος.
2255 895 2345 957 Ὠς
2371 895 2428 948 δὲ
2465 897 2727 961 πολλάκις
2757 899 2805 951 oi
2857 899 2951 952 τοῦ
2993 901 3196 970 κλήρου
3230 901 3515 953 ἐπέκειντο

1935 987 2031 1037 καὶ
2053 985 2510 1056 προσελιπάρουν,
2543 990 2570 1041 ὁ
2597 989 2644 1042 δ’
2676 990 2888 1058 ἄφωνος
2913 987 2982 1062 ἦν
3017 994 3110 1045 καὶ
3137 991 3212 1062 τῷ
3241 993 3316 1062 μή
3347 1010 3398 1044 τι
3427 991 3516 1044 λέ-

1939 1079 2050 1144 ξειν
2084 1080 2260 1150 ἔχοντι
2294 1082 2534 1152 ἀκριϐῶς
2586 1084 2771 1156 ὲῷκει.
2822 1088 2988 1152 Τέλος
3031 1089 3294 1144 ἐκκλίνων
3325 1090 3422 1162 τὴν
3451 1089 3518 1143 ὲκ

1937 1171 2048 1222 τῶν
2074 1173 2286 1226 πολλῶν
2325 1174 2449 1244 βίαν
2491 1177 2788 1248 ἀπέπεμπε
2813 1183 3396 1252 κατειρωνευσάμενος
3419 1181 3520 1252 τὴν

1939 1264 2214 1334 τιμωρίαν
2232 1263 2308 1335 τῷ
2339 1269 2675 1336 κατειπόντι,
2697 1271 2796 1342 τὴν
2821 1272 2915 1325 τοῦ
2950 1274 3183 1328 Πιλάτου
3217 1274 3353 1342 πρὸς
3384 1273 3523 1326 Ἰου-

1941 1356 2124 1418 δαίους
2169 1361 2355 1430 φωνὴν
2385 1361 2633 1416 ἐπειπὼν
2661 1365 3052 1435 παραδιδόντος
3089 1368 3168 1428 είς
3215 1364 3524 1434 σταύρωσιν

258 1427 629 1528 θυσιώξανξες
658 1432 886 1528 ἑαυτοὺς
927 1435 984 1487 ιν
1013 1436 1204 1507 ἀπόρῳ
1231 1432 1391 1507 ἦσαν.
1426 1439 1592 1502 Τέλος
1619 1441 1835 1506 ἀποφυ-
1943 1449 2036 1503 τδν
2066 1427 2363 1522 sane...
2396 1472 2415 1504 ‹
2453 1455 2659 1508 Λάϐετε
2691 1427 2854 1510 uim
2880 1459 3040 1528 ὑμεῖς
3073 1427 3168 1512 καλ.
3198 1427 3524 1528 σταυρώσα-

259 1516 361 1585 ﬁl"
387 1518 522 1587 μίαν
552 1521 798 1618 ιγνιξοσαν
821 1524 920 1618 γῆς
952 1528 1148 1590 κακίας
1169 1529 1268 1599 τὴν
1293 1529 1428 1598 πρὸς
1444 1530 1535 1582 τδν
1565 1532 1836 1600 πατριάρ·
1944 1556 2025 1594 τε.
2050 1559 2069 1592 ι
2110 1516 2305 1596 Τοῦτο,
2335 1544 2536 1614 ἒπῆλθε
2581 1547 2679 1618 μὲν
2726 1516 2930 1617 ἐκείνῳ.
2950 1516 3132 1602 έκντού
3167 1516 3417 1618 τυχόντος
3447 1549 3527 1600 εί-

261 1627 363 1678 χην
401 1613 763 1712 καταφυγὴν.
801 1614 892 1712 *ὡς
948 1618 1148 1712 αμῦτίκα
1178 1619 1284 1712 ,τῷ
1331 1623 1527 1689 μαθεῖν
1577 1622 1635 1673 ἐν
1681 1621 1840 1692 δεινῷ
1947 1634 2070 1685 πεῖν
2097 1634 2362 1706 ἀγνώστῳ
2391 1613 2609 1702 πολλοῖς
2642 1613 3116 1712 διαθέσει-ψυχῆς,
3158 1613 3268 1704 τοές
3323 1641 3379 1693 δὲ
3432 1640 3530 1693 καὶ¹

262 1703 908 1804 ξοξξὶσομέξξδξῇκάκείνου
939 1709 1342 1804 τὴνμκατάΔτῆςῆ
1369 1713 1695 1784 Ἐκκλησίας
1726 1714 1843 1768 δια·
1947 1722 2068 1775 λίαν
2101 1724 2258 1790 δόξαν
2292 1703 2430 1798 βαρὺ
2480 1731 2766 1802 παρώξυνε
2807 1733 2905 1797 τὰς
2926 1703 3143 1804 ’ὁρμάθ
3173 1703 3266 1786 καί
3298 1731 3532 1802 προσλυ-

251 967 352 1038 τὴν
380 972 718 1040 κατηγορίαν
755 973 1034 1031 δύνασθαι.
1069 977 1136 1032 Ὅ
1163 979 1226 1049 δὴ
1261 982 1354 1034 καὶ
1399 981 1562 1035 πλέον
1605 983 1829 1046 τούτους

250 1061 344 1112 τοῦ
381 1061 674 1128 στέρεσθαι
702 1065 810 1118 τῶν
832 1068 1049 1122 οἰκείων
1095 1071 1295 1134 ὠδύνα,
1333 1074 1426 1126 καὶ
1451 1075 1548 1142 οὐχ
1569 1071 1714 1145 εἶχον
1735 1077 1830 1142 τὴν

253 1154 592 1225 κατηγορίαν
624 1155 909 1212 διαθέσθαι
960 1162 1057 1214 καὶ
1085 1163 1144 1214 ὲν
1195 1164 1438 1234 μετρίοις
1480 1166 1830 1236 ποιήσασθαι.

259 1246 324 1299 Ὃ
351 1245 418 1316 δὴ
447 1248 540 1299 καὶ
570 1249 822 1316 μεγάλως
848 1251 974 1316 τοὺς
1004 1254 1280 1320 τοιούτους
1313 1257 1575 1328 έκύμηνε,
1615 1258 1710 1310 καὶ
1731 1259 1834 1312 οὐκ

255 1331 409 1403 εἶχον
439 1338 468 1390 ὃ
495 1355 549 1392 τι
579 1342 672 1393 καὶ
699 1341 968 1410 πράξειαν
991 1385 1006 1409 ,
1054 1347 1149 1399 καὶ
1173 1346 1249 1409 ὡς
1280 1347 1347 1400 ἄν
1382 1365 1445 1416 γε
1473 1352 1537 1418 τῇ
1564 1349 1706 1418 λύπῃ
1733 1365 1836 1401 κα-

263 1791 453 1862 6ολήν.
501 1794 778 1862 mea»;
807 1800 1099 1870 τοιγαροῦν
1133 1802 1229 1857 καὶ
1253 1802 1346 1856 τοῦ
1385 1803 1534 1858 Σάὁα
1563 1804 1844 1859 συνελθόν·

1951 1815 2178 1881 ποῦντες
2216 1821 2311 1873 καὶ
2340 1815 2484 1876 οὗτοι
2515 1823 2813 1892 ἐσχίζοντο,
2840 1823 2979 1877 ὥστε
3006 1826 3142 1894 μήτε
3173 1821 3533 1892 συνέρχεσθαι

263 1899 355 1985 ξ⁸ς
380 1887 673 1985 ἑνί-κάλων
696 1889 758 1943 τδ
783 1891 974 1954 πάθος·
1001 1899 1093 1947 καὶ
1113 1894 1188 1956 ὡς
1213 1895 1314 1947 οὐκ
1335 1894 1568 1985 ἀνεκτὴν
1597 1893 1843 1985 ἐτρατψ-
1876 1893 1917 1950 Β
1946 1906 1995 1958 οξ
2030 1910 2172 1978 μήτε
2202 1911 2311 1980 μὴν
2361 1887 2745 1982 συνεύχεσθαι,
2793 1887 3018 1984 βασιλεῖ-
3035 1887 3532 1985 προσανατιίλέντας

264 1974 396 2030 δουν
425 1978 526 2050 τὴν
576 1985 880 2052 συμφορὰν,
917 1986 1032 2051 καὶ,
1069 2005 1088 2039 ι
1125 1988 1190 2040 Τί
1240 1989 1450 2054 παθὼν,
1512 1984 1558 2044 ὧ
1593 1984 1786 2056 οὗτος,
1829 2011 1847 2045 ι

268 2069 460 2140 ελεγον
484 2075 756 2144 παρόντος
783 2078 1062 2146 κάκείνου,
1099 2099 1119 2132 v
1149 2082 1412 2148 τοιούτοις
1444 2085 1573 2150 τοὺς
1589 2085 1686 2139 τοῦ
1718 2087 1855 2159 κλήι-

271 2180 371 2234 ρου
407 2164 762 2234 περιϐάλλεις
826 2169 1054 2238 δεινοῖς;
1097 2171 1219 2225 δέον
1258 2172 1352 2226 τὸν
1405 2175 1505 2244 μὲν
1537 2176 1626 2228 ὶπ⁹
1671 2178 1855 2232 αἰτίαν

271 2255 530 2325 κείμενον
574 2257 896 2326 κρίνεσθαι,
951 2263 1082 2326 τοὺς
1139 2261 1196 2316 δὲ
1240 2262 1464 2330 λοιποὺς
1493 2267 1703 2331 ἀθώους
1756 2269 1852 2323 τοῦ

271 2349 443 2416 ἄγους
485 2349 691 2421 μένειν.
725 2369 745 2404 r
777 2352 884 2408 Τοῦ
905 2353 961 2408 δὲ
995 2355 1164 2425 μηδὲν
1195 2357 1636 2428 ἀπολογουμένου
1662 2359 1772 2414 τῶν
1797 2362 1854 2424 ές

424 2595 432 2609 ο
721 2525 814 2581 20.
845 2525 916 2581 De
948 2526 1204 2582 monacho
1237 2525 1406 2584 Saba.

349 2615 494 2687 Ergo
541 2615 820 2687 sigillatim
880 2618 1073 2674 obiens
1121 2620 1364 2675 irruebat
1419 2619 1472 2674 in
1521 2625 1857 2677 oeconomtas

278 2709 528 2776 illorum,
580 2709 782 2780 partim
837 2721 1192 2780 sequestrans
1219 2722 1274 2769 et
1314 2713 1564 2771 detinens
1613 2715 1855 2770 nondum

283 2801 498 2856 solutos
529 2811 852 2871 proventus,
904 2804 1103 2872 partim
1129 2805 1243 2875 jam
1272 2815 1558 2876 perceptos
1589 2819 1856 2877 repetens,

283 2897 432 2958 quod
476 2908 576 2948 eos
607 2894 814 2949 diceret
843 2895 967 2964 jure
1015 2896 1127 2950 illis
1168 2895 1384 2950 fruendi
1433 2897 1702 2954 excidisse
1733 2912 1859 2966 per-

283 2983 582 3040 duellionis
615 2985 854 3038 crimine
897 2985 1164 3052 conscito,
1197 2987 1353 3058 cujus
1381 2988 1530 3057 ipsos
1559 3001 1658 3058 pro
1703 2987 1862 3056 plane

285 3075 555 3131 convictis
600 3085 655 3130 et
695 3077 798 3132 rite
839 3076 1116 3133 damnatis
1160 3079 1404 3133 haberet.
1458 3077 1585 3134 Haec
1613 3077 1860 3134 videntes

287 3177 343 3223 et
367 3168 636 3238 patientes
661 3166 846 3222 clerici
882 3169 1074 3224 intime
1103 3170 1312 3226 scilicet
1346 3171 1724 3240 ringebautur.
1752 3185 1859 3226 non

293 3269 402 3314 tam
428 3260 546 3328 ipsa
570 3261 939 3316 accusationis
965 3262 1166 3315 invidia
1193 3255 1529 3328 conturbati,
1552 3276 1865 3332 quanquam

292 3361 413 3405 erat
463 3353 607 3406 bene
654 3352 892 3408 consciis
929 3363 984 3407 et
1009 3355 1152 3408 viam
1189 3355 1307 3425 ejus
1339 3357 1632 3424 purgandae
1659 3354 1866 3408 nullam

297 3441 630 3499 habentibus
659 3444 1071 3511 molestissima,
1117 3461 1281 3515 quam
1327 3447 1470 3515 quod
1499 3447 1617 3516 ejus
1645 3445 1873 3502 eﬁ‘ectus

292 3537 406 3607 jam
433 3550 561 3592 ante
593 3538 1000 3595 damnationem
1032 3539 1383 3596 tristissimos
1427 3542 1718 3606 sentirent,
1762 3541 1875 3611 pri-

299 3631 409 3686 vati
435 3632 548 3702 jam
579 3647 722 3686 nunc
753 3633 910 3688 bouis
939 3634 1218 3704 propriis;
1266 3651 1389 3704 quae
1422 3651 1662 3705 praesens
1707 3647 1876 3706 expc:I
1911 3687 1922 3694 .,

301 3725 500 3779 rientia
563 3724 990 3780 intolerabilium
1055 3727 1422 3794 damnorum,
1487 3729 1675 3784 dolore
1731 3729 1880 3799 ipsos

304 3829 555 3884 pungens
603 3817 998 3881 acerbissimo,
1059 3817 1389 3886 impediebat
1436 3835 1506 3874 ne
1566 3830 1877 3889 contempta

307 3907 458 3962 falsa:
481 3907 773 3963 calumnia:
823 3909 1066 3974 vanitate
1097 3911 1531 3966 consolationem
1561 3926 1682 3967 eam
1715 3927 1880 3982 cape-

307 4010 466 4063 rent,
521 4015 688 4069 quam
744 4000 798 4056 in
851 4002 982 4056 mali
1024 4006 1381 4073 perpessione
1440 4003 1734 4061 mediocris
1781 4021 1882 4060 sua

307 4091 674 4159 prudentibus
703 4092 882 4148 virtus
911 4095 1174 4164 suggerit.
1215 4094 1398 4162 Quare
1442 4095 1698 4153 fluctibus
1747 4113 1875 4152 rum-

314 4184 456 4239 roris
502 4184 693 4255 jactati
741 4186 1019 4252 maximis,
1065 4201 1167 4242 nec
1193 4203 1304 4257 quo
1339 4203 1399 4244 se
1424 4197 1696 4244 verterent
1727 4205 1885 4256 repe-

323 4275 550 4338 rientes,
575 4285 864 4346 postquam
885 4276 1202 4346 aliquandiu
1225 4277 1282 4331 iu
1307 4277 1398 4332 illa
1422 4293 1662 4333 aerumna
1694 4278 1883 4334 incerti

313 4366 508 4431 animi,
533 4367 693 4436 quasi
719 4368 1011 4438 desperato
1041 4369 1285 4425 remedio
1317 4385 1438 4425 sese
1463 4370 1884 4436 discruciantes,

315 4458 472 4512 tacite
493 4469 834 4528 gemuerant,
867 4461 1088 4515 tandem
1115 4464 1408 4532 confugere
1425 4463 1490 4516 ad
1513 4462 1882 4530 patriarcharn

1953 1999 2054 2070 τὴν
2081 2002 2210 2070 περὶ
2260 2001 2465 2056 τούτων
2513 2004 2814 2074 ἐκδίκησιν.
2868 2005 3132 2068 Βασιλεὺς
3164 2004 3220 2058 δὲ
3249 2003 3347 2072 τῆς
3374 2001 3532 2055 νόσου

1953 2091 2390 2161 κατεπειγούσης
2428 2093 2519 2147 τδν
2575 2095 3100 2166 πρωτοὸεστιάριον,
3133 2095 3206 2158 ώς
3250 2093 3534 2165 μηδ’ἀνα-

1954 2183 2109 2235 πνεῖν
2162 2181 2337 2254 ἐώσης
2371 2185 2486 2248 τοῖς
2536 2185 2738 2251 πόνοις,
2773 2188 2966 2256 σκέψει
3016 2187 3110 2239 καὶ
3148 2185 3309 2256 βουλῇ
3343 2183 3536 2238 τούτου

1953 2273 2048 2328 τδν
2101 2274 2352 2344 Χοῦμνον
2408 2277 2741 2346 κοιαίστορα⁴
2783 2276 3102 2348 Νικηφόρον
3155 2279 3236 2340 εἰς
3273 2274 3538 2347 μυστικὸν

1958 2365 2044 2438 [Ρ.
2076 2364 2200 2438 HO]
2239 2366 2442 2434 ἀνάξας
2473 2368 2566 2422 ἐπὶ
2602 2367 2696 2422 τοῦ
2729 2369 2896 2438 μέσου
2930 2369 3241 2438 καθίστησι,
3277 2365 3535 2438 προσνεί-

1957 2536 2053 2583 aut
2081 2528 2204 2600 jure
2244 2540 2534 2599 suspectus
2581 2538 2686 2594 est,
2740 2529 2808 2586 de
2857 2528 2962 2584 hoc
3002 2527 3264 2599 judicium
3297 2525 3540 2589 institui,

1959 2621 2100 2678 alios
2127 2637 2268 2691 quos
2299 2623 2506 2677 nullum
2537 2623 2788 2678 criminis
2820 2632 2976 2694 urget
3003 2621 3290 2684 indicium,
3326 2619 3542 2688 quietos

1957 2715 2016 2769 in
2051 2715 2313 2771 fruitione
2357 2731 2472 2772 sua;
2513 2715 2670 2770 fama:
2713 2717 2940 2787 integrae
2983 2714 3256 2784 relinqui?
3303 2732 3321 2766 ι
3364 2712 3442 2767 Ad
3477 2725 3544 2766 ea

1961 2802 2136 2860 Sabas
2169 2806 2342 2861 multa
2379 2805 2538 2878 ια
2570 2822 2763 2877 parum
2800 2807 2866 2861 ad
2915 2821 3028 2860 rem
3081 2804 3366 2862 facientia.
3407 2801 3545 2856 nihil

1959 2898 2252 2954 admodum
2306 2901 2452 2969 quod
2507 2900 2654 2956 clare
2703 2902 2882 2970 ipsum
2933 2899 3238 2955 absolveret
3292 2903 3388 2950 aut
3431 2899 3544 2949 tam

1959 2989 2368 3045 vehementium
2415 3000 2659 3046 actorum
2703 2991 3059 3046 acerbitatem
3107 2994 3414 3050 excusaret,
3460 2999 3549 3039 re-

1961 3081 2171 3152 posuit.
2207 3079 2365 3136 Unde
2413 3096 2443 3134 a
2475 3082 2788 3151 patriarcha
2828 3095 3156 3152 magnopere
3193 3078 3376 3134 clerici
3415 3091 3549 3131 con-

1967 3174 2260 3230 tenderunt
2289 3181 2349 3228 ut
2380 3175 2512 3231 satis
2548 3175 2660 3246 jam
2703 3185 3039 3245 compertam
3067 3173 3310 3228 hominis
3337 3171 3552 3240 impro-

1973 3265 2198 3322 bitatem
2234 3268 2470 3338 grassari
2504 3281 2572 3322 ne
2609 3268 2818 3324 sineret
2855 3268 2906 3322 in
2945 3267 3116 3323 diram
3141 3263 3550 3336 oppressionem

1976 3357 2374 3424 innocentium,
2402 3358 2494 3414 sed
2522 3360 2851 3430 tempestiva
2876 3374 2996 3414 eam
3023 3358 3376 3427 castigatione
3397 3369 3554 3410 coer-

1979 3460 2146 3505 ceret.
2200 3448 2362 3506 Tales
2422 3451 2514 3506 ille
2578 3467 2764 3521 preces
2809 3451 3036 3507 audiens
3089 3449 3319 3519 frigidus
3366 3445 3552 3503 nescio

1981 3555 2151 3609 quare
2182 3541 2554 3612 immotusque
2584 3543 2897 3614 perstabat;
2931 3558 2993 3597 ac
3016 3558 3139 3597 cum
3169 3541 3246 3596 illi
3273 3539 3554 3596 ardentius

1982 3643 2262 3703 urgerent,
2309 3635 2693 3704 perseverabat
2738 3645 2920 3690 tamen
2951 3636 3004 3690 in
3047 3635 3284 3698 silentio,
3317 3630 3460 3686 haud
3498 3631 3554 3686 in

1983 3725 2257 3795 expedito,
2285 3735 2346 3779 ut
2383 3727 2698 3796 apparebat,
2734 3727 2939 3782 habens
2972 3727 3102 3797 quid
3144 3725 3368 3782 diceret.
3407 3722 3558 3778 Tan-

1984 3817 2131 3881 dem,
2170 3818 2318 3872 velut
2356 3818 2405 3872 vi
2436 3819 2654 3873 cuidam
2687 3821 2980 3874 multorum
3028 3818 3190 3874 simul
3235 3817 3559 3872 incumben-

1988 3907 2121 3962 tium
2168 3907 2344 3977 impar
2392 3910 2713 3974 eluctandae,
2769 3911 3049 3980 paulisper
3095 3909 3328 3964 inﬂexus
3377 3907 3559 3963 verbis

1989 3997 2148 4054 Pilati
2187 4001 2253 4054 ad
2288 3999 2508 4056 Iudaeos
2534 4001 2738 4055 Christi
2791 4017 2977 4056 necem
3025 4003 3404 4068 deposcenles
3433 4000 3558 4056 vin-

1990 4092 2192 4146 dictam
2233 4091 2367 4159 ipsis
2417 4091 2832 4149 calutnniatoris
2877 4092 3312 4171 ipsorumSabaa
3352 4091 3560 4148 ironice

1990 4181 2305 4249 permittere
2352 4183 2508 4238 visus
2556 4191 2641 4238 est
2688 4199 2704 4237 :
2768 4201 2788 4234 ι
2853 4182 3095 4251 Accipite
3152 4184 3333 4251 ipsum
3384 4197 3554 4243 vos,o

1991 4275 2271 4343 inquiens,
2316 4284 2416 4331 ret
2468 4275 2772 4344 crnciﬁgite
2799 4275 2842 4332 ³.
2891 4295 2910 4329 r
2958 4275 3114 4330 Hanc
3161 4276 3283 4345 ejus
3336 4287 3557 4339 vocem,

1992 4363 2260 4420 incertum
2309 4379 2421 4433 quo
2463 4380 2530 4418 ex
2574 4380 2740 4420 sensu
2793 4365 3094 4434 profectam
3150 4364 3340 4428 animi,
3383 4363 3561 4417 audiri

1993 4467 2126 4510 tunc
2159 4457 2409 4524 contigit.
2435 4455 2552 4522 Qua
2575 4459 2814 4527 graviter
2838 4455 3027 4511 offensi
3059 4466 3152 4510 aut
3178 4456 3358 4525 potius
3381 4456 3562 4510 incre-

317 4550 719 4618 decreverunt,
777 4552 881 4606 rati
945 4567 1070 4607 eum
1124 4553 1338 4609 illorum
1395 4569 1516 4623 quae
1569 4564 1888 4624 gererentur
1918 4559 1962 4614 ι)
1991 4548 2232 4602 dibiliter
2261 4547 2495 4613 efferati,
2527 4564 2667 4618 quos
2711 4549 2794 4603 sic
2827 4549 3081 4610 eluserat,
3112 4547 3465 4602 absciderunt
3503 4561 3564 4602 se

319 4644 592 4710 ignarum,
641 4643 808 4699 simul
852 4645 1202 4714 cognovisset
1262 4646 1580 4700 intentatam
1627 4643 1888 4699 Ecclesiae

321 4736 675 4797 calumniam.
717 4737 1153 4804 improbaturum
1189 4746 1242 4791 et
1277 4751 1418 4808 aegre
1457 4751 1516 4791 se
1549 4737 1688 4791 ferre
1713 4736 1888 4790 decla-

323 4839 591 4884 raturum.
641 4827 871 4897 Captato
917 4831 1085 4900 igitur
1143 4838 1386 4898 tempore
1433 4843 1546 4899 quo
1601 4829 1774 4883 Sabas
1823 4827 1892 4882 ad

324 4920 686 4990 patriarcham
711 4930 953 4986 venerat,
979 4922 1141 4976 simul
1161 4930 1214 4974 et
1241 4921 1342 4991 ipsi
1367 4921 1690 4976 accedentes
1712 4921 1890 4989 questi

325 5013 566 5081 graviter
596 5020 725 5066 sunt
753 5013 820 5065 de
849 5012 1010 5066 malis
1041 5026 1162 5081 quae
1188 5021 1522 5081 paterentur,
1550 5022 1602 5065 et
1627 5012 1893 5068 invidiose

326 5112 648 5174 exaggerata
707 5103 1015 5158 communis
1072 5103 1402 5158 calamitatis
1445 5101 1766 5165 atrocitate,
1822 5102 1890 5155 ad

329 5196 444 5265 ejus
477 5204 802 5263 praesentem
846 5203 1122 5247 auctorem
1171 5193 1422 5247 conversi
1457 5193 1681 5257 Sabam,
1714 5209 1734 5244 ι
1762 5195 1894 5258 Qum

329 5296 396 5352 te,
434 5286 668 5344 malum.
707 5303 725 5336 ι
771 5285 1024 5354 inquiunt
1073 5294 1337 5353 prasente
1384 5285 1723 5352 patriarcha,
1765 5301 1786 5335 ι
1838 5286 1891 5338 in

329 5394 428 5434 nos
457 5379 692 5433 incitant
725 5377 1108 5442 intemperiae?
1137 5392 1301 5446 quam
1326 5377 1398 5430 ob
1419 5391 1640 5432 causam
1665 5377 1895 5432 clericos

330 5467 803 5523 iudiscriminatim
837 5466 1143 5529 universos,
1177 5465 1299 5521 sine
1326 5465 1433 5520 ulla
1469 5465 1775 5521 innocentis
1799 5475 1896 5521 aut

332 5561 472 5616 noxii
536 5560 887 5624 diﬁerentia.
958 5560 1136 5630 penis
1203 5559 1475 5630 subjicis,
1534 5573 1659 5614 cum
1717 5559 1894 5628 palam

331 5653 557 5722 equites
581 5653 836 5722 postulet.
867 5652 914 5709 si
945 5652 1073 5722 quis
1102 5651 1274 5710 nostri
1301 5651 1511 5709 ordinis
1531 5651 1704 5722 culpa:
1725 5652 1898 5709 allinis

404 5825 423 5858 ⁸
453 5824 612 5882 Joan.
649 5843 762 5892 xtx,
790 5828 843 5882 6.

1991 4638 2060 4691 ab
2081 4654 2169 4704 eo,
2193 4652 2604 4706 congressuque
2635 4639 2807 4708 ipsius
2834 4639 2887 4692 in
2921 4647 3196 4708 posterum
3223 4649 3387 4709 atque
3411 4638 3564 4693 omni

1991 4747 2216 4803 precum
2252 4748 2316 4788 ac
2357 4749 2640 4790 sacrorum
2677 4750 2802 4790 cum
2833 4736 2926 4790 illo
2953 4738 3339 4790 communione
3377 4748 3566 4803 segre-

1990 4833 2210 4896 garunt.
2243 4823 2486 4880 dolorem
2534 4833 2798 4882 testantes
2845 4842 3004 4882 suum
3033 4827 3273 4897 querelis
3308 4826 3565 4898 gravibus

1990 4927 2046 4972 et
2094 4917 2358 4972 ultionem
2395 4929 2508 4973 tam
2543 4919 2772 4990 insignis
2803 4921 3108 4988 iniquitatis
3141 4921 3210 4974 ab
3238 4921 3568 4989 imperatore

1994 5025 2188 5080 praese
2228 5009 2464 5065 ferentes
2487 5023 2828 5079 exspecta-re.
2863 5013 2932 5066 At
2971 5015 3253 5083 Augustus
3300 5021 3470 5078 totus,
3508 5019 3570 5066 ut

1994 5100 2200 5154 dictum
2231 5109 2334 5163 est,
2366 5116 2397 5154 e
2427 5102 2832 5169 protovestiarii
2862 5104 3108 5158 consiliis
3151 5103 3412 5172 pendens.
3445 5117 3570 5172 pro-

1995 5190 2204 5245 hibitus
2244 5191 2418 5246 libero
2459 5191 2610 5246 aditu
2643 5191 2932 5249 familiaris
2961 5195 3194 5257 oraculi,
3235 5194 3569 5249 cruciatibus

1995 5296 2187 5336 renum
2213 5283 2498 5338 acerrimis
2520 5299 2588 5338 ne
2609 5286 2675 5339 ad
2700 5294 3034 5340 momentum
3061 5287 3278 5355 quidem
3301 5285 3570 5354 respirare

1992 5370 2104 5441 jam
2148 5370 2300 5426 illum
2347 5373 2674 5438 sinentibus,
2711 5375 2838 5445 aegri
2871 5375 3348 5430 commendatione
3395 5375 3569 5444 ipsius

1998 5473 2325 5536 quaestorem
2366 5464 2736 5538 Nicephorum
2783 5467 3098 5523 Chumnum
3133 5468 3201 5522 ad
3245 5467 3567 5537 dignitatem

1998 5557 2214 5629 mystici
2239 5569 2547 5628 promotum
2574 5559 2629 5614 in
2657 5569 2865 5629 partem
2889 5575 3100 5616 arcana:
3121 5559 3333 5615 fiduciae
3354 5559 3568 5620 asclvit.

1998 5649 2484 5709 deliberationibus
2527 5651 2672 5709 hunc
2703 5667 2926 5724 quoque
2971 5653 3302 5724 quotidianis
3344 5649 3572 5708 constt!-
