3862 6560
397 363 499 431 183

1571 389 1895 454 GEORGII
1932 395 2413 459 PACHYMERR

3546 398 3664 465 164

550 485 709 586 ἀύτῷ
746 493 1020 586 νκοινωνδν
1074 496 1247 568 (οὔπω
1295 500 1403 570 γὰρ
1449 502 1641 574 ἐκείνῳ
1687 507 1781 560 καὶ
1818 506 1962 576 μόνῳ
1993 513 2036 567 Α
2067 504 2247 564 Ἦσαν
2281 514 2336 565 δὲ
2360 514 2528 565 ταῦτα
2560 514 2855 567 δεσποτικὰ
2889 514 3143 586 μᾶλλονῆ
3170 515 3369 585 ἀληθῆ,
3403 516 3665 571 Θέλοντος

395 573 640 667 θθάρρει)
673 584 879 640 καὶτὸν
909 588 1001 641 ἐπὶ
1034 589 1144 643 τῶν
1173 592 1413 662 δεήσεων
1442 573 1655 650 Γλυκῦν
1686 573 1962 667 Ἰωάννην.

398 666 509 722 Καὶ
530 670 592 740 δὴ
617 674 711 727 τοῦ
748 677 915 731 αὑτοῦ
946 679 1117 746 ἔτους,
1150 684 1549 756 ἐπιφερόμενος
1596 690 1838 754 καὶτοὺς
1868 666 1965 745 κα-

393 766 707 856 τακρίτους,
727 770 818 823 τὸν
844 772 945 838 μὲν
976 775 1205 845 ἀδελφὸν
1222 779 1286 832 ὲν
1305 780 1502 850 κλωόᾦ
1523 782 1734 855 (εἱρκτῇ
1754 786 1964 856 φορητῇ

393 867 481 941 τις
506 854 680 925 εἴπῃ),
713 857 805 911 τὸν
836 859 890 912 δὲ
937 862 1415 934 Στρατηγόπου).ον
1446 871 1685 941 δέσμιον,
1712 854 1966 936 ἐξελθὼν

338 993 343 997 .
396 940 691 1034 Νυμφαίου
723 951 942 1022 εἰκοστῇ
984 954 1146 1029 ὀγδόῃ
1184 940 1687 1030 Μαιμακτηριῶνος
1731 963 1828 1032 τὴν
1865 982 1965 1034 με-

397 1033 689 1100 γαλόπολιν
726 1042 971 1096 είσεισιν.
1012 1040 1121 1099 Ἦν
1166 1044 1259 1102 οὖν
1312 1051 1632 1105 τούντεῦθεν
1679 1056 1837 1124 κωφή
1869 1033 1966 1117 τις

392 1121 531 1193 ὀργῆ
589 1129 738 1199 παρὰ
794 1130 1058 1201 βασιλέως
1110 1141 1221 1202 τοῖς
1270 1141 1368 1210 τῆς
1402 1142 1745 1211 Ἐκκλησίας,
1779 1121 1875 1197 καὶ
1903 1144 1965 1196 τὸ

397 1215 498 1284 μὲν
530 1219 870 1292 ἐπαγόμενον
905 1226 1157 1299 ἔγκλημα
1186 1231 1429 1297 δύσνοια,
1461 1236 1518 1286 αἱ
1558 1234 1616 1287 at
1641 1237 1776 1304 πρὸς
1806 1235 1965 1288 τοῦτο

392 1314 733 1365 κατασκευαὶ
765 1316 821 1367 αἱ
846 1317 954 1369 ἀπὸ
980 1320 1072 1372 τοῦ
1111 1324 1449 1393 πατριάρχου
1483 1325 1634 1393 σφῶν
1667 1320 1807 1395 ἦσαν
1835 1324 1967 1378 ὑπο-

393 1399 633 1469 στολαὶ,
696 1405 773 1468 ὡς
832 1408 1017 1473 κακῶς
1072 1412 1231 1483 δῆθεν
1282 1414 1380 1485 τὴν
1440 1416 1538 1485 τῆς
1597 1417 1847 1484 δυσνοίας
1875 1421 1962 1474 αι-

388 1489 535 1557 τίαν,
566 1494 632 1563 ἦν
656 1497 752 1550 καὶ⁵
778 1499 928 1570 παρὰ
955 1502 1051 1555 τοῦ
1083 1503 1230 1559 Σάὸα
1264 1509 1656 1578 κατηγόρηντο,
1679 1511 1967 1580 δυσχεραι-

392 1581 613 1639 νόντων.
636 1586 799 1642 Ὥστε
834 1592 927 1645 καὶ
960 1595 1061 1665 μιᾷ
1089 1598 1409 1665 συναγαγὼν
1452 1601 1695 1663 ἐκείνους
1718 1601 1781 1652 ἐκ
1804 1618 1965 1655 τινων

392 1670 854 1748 ὑποπτευομένων
881 1683 982 1753 τὴν
1009 1687 1150 1741 κατὰ
1184 1689 1403 1743 πάντων
1440 1691 1664 1744 συνίστα
1687 1690 1962 1759 δύσνοιαν,

2070 603 2400 673 θεραπεύειν
2433 604 2526 658 τὸν
2561 605 2935 676 πατριάρχην.

2068 712 2178 775 κα’.
2211 719 2411 790 Ὅπως
2442 723 2495 773 οι
2530 722 2828 787 κληρικοῖ.
2874 722 3083 776 ἔπειτα
3117 721 3185 776 δὲ
3210 721 3306 775 καὶ
3330 721 3662 790 ἀρχιερεῖς,

2263 789 2363 843 ἐπὶ
2389 790 2468 854 τῷ
2493 791 2825 858 Ἀθανασίῳ
2846 792 3451 859 ἐσκανδαλίσθησαν.

2139 880 2255 935 Κᾶν
2290 884 2383 935 ἐπὶ
2410 883 2571 936 πλέον
2600 883 2697 951 τῆς
2739 885 2843 936 ἀπὸ
2874 884 3138 953 βασιλέως
3165 885 3253 938 διὰ
3284 884 3455 937 ταῦτα
3489 886 3657 937 ἐπει-

2069 972 2241 1045 ρῶντο
2275 974 2725 1045 ἀγανακτήσεως,
2757 974 2843 1047 [Ρ.
2875 975 3000 1046 lll]
3033 978 3080 1028 εί
3118 979 3189 1046 μὴ
3212 978 3307 1030 καὶ
3343 977 3485 1044 ἕτερ’
3508 975 3659 1028 ἄττα

2069 1065 2379 1135 πραχθέντα
2420 1065 2645 1135 βασιλέα
2689 1068 2786 1135 μὲν
2822 1067 3093 1135 ἐθορύϐει.
3130 1066 3425 1135 ἀρχιερέας
3452 1065 3498 1118 δ’
3531 1064 3657 1116 ὲκίο
3752 1120 3755 1123 _

2066 1174 2146 1210 νει
2180 1156 2363 1225 ζητεῖν
2402 1157 2582 1220 αἰτίας
2605 1157 2729 1211 καθ’
2763 1157 2827 1221 ἃς
2851 1158 3025 1211 ταῦτα
3055 1158 3352 1226 πράττεται
3385 1154 3510 1220 ξένα
3535 1153 3656 1205 τῶν

2063 1249 2164 1317 τῆς
2194 1247 2519 1317 Ἑκκλησίας
2556 1249 2739 1318 νόμων
2790 1248 3080 1303 δοκοῦντα·
3119 1250 3255 1319 μήτε
3301 1248 3410 1317 γὰρ
3459 1247 3659 1315 ίατρδν

2067 1340 2260 1409 χρῆναι
2289 1343 2573 1408 τιμωρεῖν,
2599 1340 2716 1393 ἀλλ’
2749 1340 3020 1408 ίατρεύειν
3048 1340 3139 1393 τδν
3168 1341 3468 1409 πάσχοντα,
3516 1339 3659 1406 μήτ’

2066 1433 2328 1502 ἀρχιερέα
2361 1434 2634 1500 κολάζειν,
2663 1434 2799 1487 ἀλλὰ
2825 1433 3151 1504 θεραπεύειν
3175 1433 3267 1485 τὸν
3301 1432 3657 1500 ἁμαρτάνονο

2065 1542 2154 1579 τα.
2184 1525 2283 1577 Διὰ
2317 1524 2476 1579 τοῦτο
2504 1526 2598 1579 καὶ
2624 1524 2983 1594 συναχθέντες
3002 1527 3154 1593 κοινῇ
3185 1522 3532 1580 σκέπτονται,
3551 1521 3658 1585 καὶ

2065 1613 2388 1682 διαμηνύειν
2439 1615 2635 1684 ἐκείνῳ
2686 1614 2781 1668 καί
2813 1630 2878 1683 γε
2908 1612 3365 1668 διαπυνθάνεσθαι
3414 1612 3658 1680 (ἥψαντο

2065 1705 2177 1774 γὰρ
2213 1704 2283 1758 τὰ
2311 1705 2459 1758 δεινὰ
2489 1705 2582 1759 καὶ
2616 1703 2938 1776 ἀρχιερέων)
2991 1704 3325 1773 ἐγνώκεσαν.
3356 1702 3429 1755 Τὸ
3455 1703 3513 1755 δὲ
3540 1703 3657 1772 μή·

392 1770 861 1867 ξτερξίιτοιθύμενξλς⁸
879 1774 1040 1845 δῆθεν
1078 1777 1330 1832 ἐντεῦθεν
1367 1779 1457 1833 τὸν
1495 1780 1589 1833 τοῦ
1621 1784 1963 1853 πατριάρχου
1996 1841 2038 1867 η
2067 1770 2234 1864 νυμα,
2259 1794 2584 1865 καθημένων
2604 1770 2670 1851 ιν
2689 1770 3252 1867 ἕῷικκλησιὸιρχειῳ,
3285 1797 3371 1864 ἐφ’
3397 1789 3441 1863 ᾧ
3464 1770 3656 1862 aeaut-1

392 1855 722 1957 item
766 1841 1052 1957 Ww
1105 1868 1214 1939 γάρ
1267 1870 1495 1940 suam
1545 1873 1640 1925 και
1689 1841 1966 1944 taceat
1996 1841 2040 1896 δ
2077 1841 2236 1954 ὲέρῑῖτὶ
2260 1841 2769 1956 magster;
2796 1841 3655 1957 ligas:sissesisse

391 1948 609 2020 ἐκείνης
631 1955 1143 2027 παρεδειγμάτιζεν,
1174 1959 1249 2023 ὡς
1273 1960 1436 2029 φύσιν
1466 1962 1679 2032 ἔχοντος
1714 1964 1808 2017 τοῦ
1836 1981 1979 2018 παν·

390 2039 483 2104 τὸς
513 2044 577 2096 ἐκ
626 2045 716 2098 τοῦ
745 2048 1016 2119 γεύματος
1042 2046 1151 2106 οἷόν
1181 2055 1328 2108 ἐστιν
1352 2055 1548 2125 ἐκείνῳ
1575 2056 1970 2123 γινώσκεσθαι.

388 2127 546 2185 Εἶναι
583 2134 640 2188 δὲ
671 2139 764 2189 καὶ
793 2139 1016 2205 τούτους
1045 2143 1105 2196 οὐ
1141 2145 1371 2210 πάντας,
1404 2145 1519 2198 ἀλλ’
1552 2148 1619 2201 ἐκ
1644 2148 1806 2219 τινῶν
1843 2148 1975 2211 ίσως

390 2219 849 2296 ὑποπτευομένων
874 2235 998 2297 τοὺς
1025 2238 1233 2300 πάντας
1266 2237 1574 2306 ὑπάγεσθαι
1600 2242 1721 2305 ταῖς
1743 2242 1968 2303 αἰτίαις.

388 2421 565 2468 torem
595 2412 913 2473 admovens.
941 2416 1017 2474 Ac
1040 2435 1165 2475 eum
1192 2420 1431 2477 nondum
1456 2434 1699 2492 speraret
1726 2424 1973 2483 sufﬁcere

391 2504 524 2559 moli
556 2520 739 2560 rerum
771 2524 943 2562 unum
978 2509 1132 2563 illum
1166 2526 1349 2579 posse.
1402 2512 1666 2569 Joannem
1709 2526 1971 2586 praeterea

393 2608 762 2663 cognomento
821 2599 1024 2671 Glycyn
1068 2601 1424 2670 petitionibus
1473 2606 1785 2674 supplicum
1829 2608 1974 2662 refe-

395 2690 585 2746 rendis
645 2693 999 2761 praepositum
1051 2695 1180 2749 huic
1225 2696 1522 2765 adjutorem
1562 2698 1718 2769 165
1759 2700 1968 2755 tribuit.

393 2780 607 2848 Quibus
657 2785 915 2853 provisis,
969 2786 1071 2840 hoc
1125 2786 1245 2852 ipso
1290 2802 1469 2852 anno,
1523 2789 1732 2846 ducens
1785 2807 1968 2847 secum

389 2875 808 2944 condemnatos,
858 2878 1081 2934 fratrem
1131 2880 1352 2950 quidem
1385 2881 1438 2935 in
1468 2882 1658 2936 lectica
1705 2883 1970 2939 clathrata

385 2972 691 3039 (carcerem
718 2972 1028 3039 portatilem
1050 2972 1297 3042 dixeris),
1325 2973 1763 3042 Stratcgopulum
1787 2987 1966 3031 autem

387 3063 655 3129 vinetum,
704 3062 1166 3119 duodetrieesima
1238 3064 1385 3119 Junii
1455 3066 1545 3121 die
1584 3066 1969 3124 Constantino-

2077 1976 2250 2031 ταῦτα
2275 1980 2595 2050 πράττειντο
2618 1993 2635 2010 ⁸
2668 1980 2804 2048 μηδὲ
2838 1978 2946 2047 γὰρ
3000 1976 3428 2048 ἐκκλησιαστικὰ
3482 1970 3652 2036 εἶναι,

2075 2068 2211 2123 ἀλλὰ
2247 2070 2546 2140 τυραννικὰ
2608 2069 2678 2122 τὰ
2734 2069 3107 2141 πραττόμενα.
3152 2067 3340 2121 Ταῦτα
3392 2065 3654 2132 λέγοντες

2080 2162 2436 2231 προσετίθουν
2467 2164 2562 2215 καὶ
2612 2162 2680 2214 τὰ
2708 2160 3042 2230 πραχθέντα,
3076 2160 3179 2213 ὅσα
3221 2175 3283 2211 τε
3321 2158 3425 2223 ἔξω
3451 2158 3558 2209 ὅσα
3587 2170 3652 2207 τε

2076 2253 2225 2316 ἐντὸς
2264 2252 2610 2324 ὲπράττοντο.
2671 2252 2774 2305 Τὸν
2823 2252 2866 2306 δ’
2919 2251 3227 2306 ἀκούσαντα
3260 2250 3322 2303 τὸ
3380 2249 3655 2319 παράπαν

2076 2437 2233 2491 ebant
2264 2434 2691 2507 comprobandis
2720 2432 2841 2504 ejus
2875 2432 3107 2489 ministri
3134 2430 3295 2497 actis,
3326 2445 3564 2502 quorum
3592 2442 3657 2484 se

2077 2530 2194 2598 ipse
2223 2538 2502 2584 auctorem
2535 2544 2642 2582 non
2673 2528 2910 2583 obscure
2937 2528 3122 2583 ferret.

2073 2646 2162 2699 2f.
2202 2643 2267 2698 Ut
2316 2642 2459 2712 apud
2502 2643 2719 2698 clericos
2764 2645 3014 2712 primum,
3068 2643 3255 2695 deinde
3306 2638 3446 2712 apud
3504 2637 3657 2712 ipsos

2144 2716 2303 2768 etiam
2342 2711 2606 2784 episcopos
2642 2711 2875 2786 grauiter
2917 2716 3243 2768 Athanasius
3272 2711 3573 2779 offenderit.

2147 2805 2209 2859 Et
2231 2822 2614 2877 processurum
2635 2808 2811 2860 fuerat
2832 2805 2973 2859 haud
2995 2805 3159 2858 dubie
3176 2805 3227 2856 in
3245 2802 3655 2857 diuturniorem

2072 2898 2488 2968 gravioremque
2522 2896 2846 2951 clericorum
2903 2895 3243 2949 vexationem
3298 2894 3401 2946 hoc
3446 2891 3521 2945 ita
3556 2892 3660 2945 de-

2070 2993 2334 3047 claratum
2373 2993 2717 3063 imperatoris
2748 2992 2800 3046 in
2830 3006 2924 3047 eos
2951 2991 3161 3049 odium,
3205 2988 3364 3059 166
3400 2986 3504 3039 nisi
3542 2987 3657 3038 alia

2072 3084 2319 3153 quaedam
2376 3100 2405 3139 a
2462 3087 2601 3140 Saba
2672 3100 2832 3139 ruere
2899 3100 3006 3155 qua
3076 3093 3318 3153 cmperat
3386 3090 3658 3149 pergente

388 3154 556 3223 polim
600 3153 923 3223 ingreditur.
959 3153 1033 3209 Ibi
1070 3171 1193 3210 eum
1227 3170 1468 3226 coquere
1495 3158 1680 3213 animo
1712 3161 1963 3229 apparuit

2076 3185 2280 3232 temere
2323 3187 2606 3241 attentata,
2654 3193 2776 3245 quae
2826 3178 2953 3231 licet
3003 3178 3300 3245 praesertim
3331 3175 3383 3228 in
3416 3174 3657 3227 clericos

388 3246 623 3303 surdum
682 3249 976 3316 quemdam
1047 3248 1102 3303 in
1167 3248 1576 3305 ecclesiasticus
1637 3265 1965 3317 raucorem,

387 3339 808 3407 erumpentibus
832 3340 1062 3393 subinde
1092 3339 1190 3394 ira:
1222 3339 1435 3396 ultricis
1465 3340 1682 3397 indiciis
1714 3343 1969 3399 dissimu-

391 3431 623 3484 latioues
669 3431 1027 3486 eluctantem.
1059 3430 1239 3486 Causa
1272 3431 1381 3487 odii
1417 3433 1817 3488 obtendebatur
1845 3443 1966 3490 stu-

390 3523 542 3576 dium
577 3522 632 3579 in
666 3523 733 3577 iis
767 3538 949 3577 rerum
986 3537 1250 3578 novarum
1281 3532 1332 3577 et
1364 3524 1613 3594 cogitata.-
1642 3524 1967 3581 defectionis

390 3618 637 3680 crimen;
667 3615 826 3686 cujus
867 3616 921 3671 in
955 3625 1338 3686 argumentum
1374 3616 1689 3685 rapiebatur
1716 3631 1903 3671 eorum
1935 3632 1965 3671 a
2016 3634 2031 3649 ·

390 3710 701 3778 patriarcha
760 3710 1023 3766 secessio.
1092 3708 1245 3766 Hane
1298 3711 1442 3765 enim
1506 3711 1967 3777 interpretabatur

392 3809 570 3855 ortam
619 3817 684 3855 es
738 3801 1116 3870 indignatione
1163 3801 1491 3871 deprehensi
1540 3801 1817 3871 delatique
1872 3818 1965 3871 per

392 3895 594 3950 Sabam
628 3894 811 3949 indicii
837 3893 1176 3949 occultarum
1212 3909 1350 3962 quas
1381 3893 1484 3962 ipsi
1520 3892 1966 3947 machinarentur

385 3988 446 4042 in
480 4001 540 4042 se
578 3986 946 4040 molitionum.
980 3984 1167 4054 Itaque
1207 3984 1317 4038 illis
1346 3984 1582 4053 quadam
1626 3982 1714 4037 die
1757 3998 1964 4037 como-

388 4080 528 4136 catis
543 4079 759 4134 locutus
778 4090 863 4135 est
884 4079 938 4134 in
960 4079 1288 4134 sententiam
1309 4078 1557 4147 apprime
1572 4085 1961 4148 congruentem

390 4173 648 4229 sensibus
692 4171 853 4228 Sabe
902 4183 955 4227 ct
999 4173 1088 4226 isti
1121 4171 1443 4241 patriarcha:
1472 4170 1727 4225 ministro
1752 4170 1964 4237 gratill-

390 4273 608 4319 cantem
633 4283 649 4317 :
675 4264 855 4334 palam
873 4265 1018 4318 enim
1045 4263 1281 4319 oetcndit
1309 4265 1463 4332 signa
1499 4265 1750 4332 quaedam
1780 4264 1963 4320 minus

389 4358 699 4412 constantis
730 4356 784 4411 in
811 4372 869 4411 se
897 4354 1047 4420 fidei,
1071 4356 1124 4410 in
1148 4355 1479 4425 quibusdam
1507 4354 1754 4423 ipsorum
1773 4356 1963 4409 obser-

385 4459 513 4505 vata
559 4465 682 4505 sese
729 4450 783 4503 in
829 4465 1021 4504 omnes
1069 4449 1384 4513 extendere,
1435 4458 1601 4517 atque
1645 4448 1957 4502 universum

386 4543 592 4613 pariter
620 4543 868 4597 ordinem
903 4558 1056 4597 reum
1086 4556 1344 4611 peragere
1373 4556 1582 4597 aversae
1605 4557 1635 4596 a
1674 4557 1734 4597 se
1761 4542 1955 4598 volun-

386 4636 515 4690 tatis
559 4634 992 4705 defectionisque
1018 4635 1285 4705 cogitatae.
1321 4634 1465 4688 Dixit
1494 4635 1759 4700 videlicet,
1806 4650 1962 4705 aqua:

386 4728 571 4785 rivulo
597 4743 627 4782 e
657 4728 795 4781 mari
825 4729 999 4782 ducta:
1048 4728 1177 4782 dum
1214 4736 1373 4797 gustu
1404 4728 1625 4797 salsugo
1654 4728 1960 4797 deprchen-

385 4820 559 4886 ditur,
604 4830 753 4876 certo
794 4829 1118 4889 argumento
1148 4820 1328 4891 colligi
1360 4822 1517 4891 cujus
1546 4820 1766 4875 demunt
1804 4837 1962 4892 sapo-

385 4916 466 4970 ris
485 4916 556 4968 sit
577 4929 725 4969 mare
751 4914 928 4983 ipsum
953 4922 1148 4977 totum,
1170 4914 1312 4984 quod
1334 4925 1521 4968 natura
1548 4914 1690 4969 ferat
1713 4917 1958 4972 eamdem

387 5006 445 5062 in
484 5007 631 5061 stilla
675 5006 1010 5076 deprehendi
1064 5019 1231 5061 sensu
1276 5007 1621 5074 qualitatem,
1666 5022 1788 5076 quae
1833 5010 1959 5062 uni-

385 5113 606 5154 versum
655 5114 718 5153 ex
765 5115 875 5168 quo
915 5098 1007 5152 illa
1052 5106 1137 5153 est
1186 5098 1355 5153 libata
1404 5099 1670 5169 liquorem
1728 5101 1953 5156 inliciat.

386 5188 568 5254 Quare
600 5189 726 5244 licet
755 5203 910 5258 reque
932 5189 999 5242 de
1020 5187 1251 5258 singulis
1274 5191 1515 5259 ipsorum
1545 5205 1651 5245 non
1679 5202 1959 5248 exstarent

386 5290 709 5351 argumenta
766 5280 987 5349 propria
1035 5295 1311 5349 quemque
1369 5280 1758 5349 insimulandi,
1812 5294 1957 5339 recte

386 5383 569 5428 tamen
632 5374 682 5427 ei
734 5383 964 5427 cunctos
1018 5373 1321 5441 suspicioni
1380 5373 1665 5443 subiacere
1721 5390 1843 5445 qua:
1900 5376 1953 5429 in

382 5465 709 5535 quibusdam
756 5463 996 5519 residere
1038 5477 1377 5519 cerneretur.
1409 5464 1557 5521 Talis
1582 5468 1827 5537 quaedam
1858 5484 1957 5523 au-

366 5560 494 5613 ‘dita
550 5566 683 5613 tunc
744 5567 831 5614 est
892 5558 1236 5627 imperatoris
1287 5561 1498 5625 oratio,
1554 5560 1761 5615 domini
1821 5578 1954 5618 sane

330 5652 568 5724 spotius
625 5651 981 5722 supercilium
1042 5653 1240 5708 infensi
1292 5668 1457 5724 quam
1522 5657 1663 5723 aequi
1718 5655 1949 5725 iudicis,

380 5746 665 5802 veritatem
720 5748 1051 5804 delationum
1099 5748 1465 5819 esquirentis,
1511 5750 1755 5805 sedatum
1801 5750 1952 5805 arbi-

381 5836 550 5895 trium
600 5841 911 5910 praeferens.
955 5840 1059 5900 Scd
1092 5843 1225 5899 tanti
1268 5853 1387 5899 erat
1414 5841 1688 5900 demereri
1710 5843 1949 5915 patriar-

2072 3270 2520 3334 intendebantur,
2569 3280 2746 3324 tamen
2800 3262 3193 3324 redundabant
3225 3268 3385 3320 etiam
3424 3265 3476 3319 in
3531 3265 3655 3333 epi-

2072 3376 2294 3432 scopos,
2320 3364 2421 3418 hos
2445 3363 2743 3417 motissent
2762 3362 2827 3415 ad
2853 3359 3293 3433 cognoscendum
3318 3359 3384 3411 de
3404 3357 3651 3426 negotio;

2069 3458 2216 3510 unde
2268 3456 2493 3525 contigit
2552 3455 2934 3523 imperatorem
3011 3468 3231 3522 quoque
3289 3451 3499 3505 turbari
3584 3465 3655 3504 ac

2072 3549 2310 3604 titubare
2347 3549 2398 3601 in
2438 3547 2719 3615 proposito
2771 3547 2916 3615 quod
2951 3546 3284 3608 ostenderat,
3324 3543 3651 3613 qualiacun-

2070 3654 2175 3708 que
2237 3638 2558 3707 patriarcha:
2607 3652 2673 3691 ac
2719 3638 2838 3706 ejus
2906 3638 3277 3691 ministrorum
3344 3646 3462 3688 arta
3532 3643 3651 3687 tota

2069 3728 2283 3800 imperii
2321 3730 2647 3784 auctoritate
2676 3729 3024 3784 defendendi.
3056 3727 3181 3783 Moti
3217 3743 3347 3797 ergo
3374 3727 3648 3797 episcopi,

2068 3822 2376 3892 quod'jam
2424 3835 2600 3890 usque
2646 3820 2712 3873 ad
2754 3820 2927 3889 ipsos,
2970 3828 3029 3874 ut
3075 3827 3159 3874 est
3198 3819 3427 3880 dictum,
3482 3816 3649 3872 Sabae

2067 3915 2441 3982 grassationes
2471 3913 2779 3983 pertingere
2819 3924 3115 3982 cmperant,
3145 3913 3377 3969 consitio
3409 3912 3551 3965 inter
3586 3927 3650 3966 se

2067 4006 2259 4062 habito
2284 4006 2646 4061 decreverunt
2681 4008 2977 4061 convenire
3002 4007 3393 4077 patriarcham,
3427 4015 3648 4073 repete~

2068 4111 2235 4166 reque
2266 4096 2333 4150 ab
2372 4111 2441 4151 eo
2484 4097 2749 4151 rationem
2795 4112 2983 4151 eorum
3018 4115 3141 4167 quae
3180 4114 3318 4153 nova
3350 4106 3403 4153 et
3435 4099 3505 4151 ab
3534 4113 3647 4153 usu

2069 4189 2395 4258 legibusque
2418 4187 2673 4243 Ecclesiae
2700 4189 3002 4242 abhorrere
3032 4190 3147 4243 visa
3188 4198 3529 4258 gererentur.
3572 4186 3650 4243 Ut

2063 4283 2207 4335 enim
2235 4280 2429 4335 medici
2461 4295 2569 4333 non
2596 4294 2720 4334 esse
2746 4295 2935 4350 poenas
2961 4280 3203 4352 inﬂigere
3227 4281 3649 4350 languentibus,

2066 4371 2160 4426 sed
2191 4371 2519 4426 medicinam
2558 4371 2815 4425 adhibere
2848 4383 3210 4440 opportunam
3257 4372 3459 4427 morbis
3513 4372 3651 4426 illo-

2070 4481 2189 4519 rum
2213 4463 2515 4531 abigendis,
2537 4461 2610 4516 ita
2629 4478 2727 4517 nee
2744 4463 2978 4518 oﬂicium
2998 4464 3257 4518 antistitis
3281 4463 3333 4517 in
3354 4461 3648 4532 pler-tendo

2069 4565 2231 4622 atque
2277 4556 2591 4610 ulciscendo
2636 4554 2824 4618 situm,
2871 4571 3055 4611 verum
3095 4555 3147 4608 in
3196 4556 3455 4608 curandis
3488 4563 3543 4607 et
3575 4555 3646 4607 ad

2068 4644 2278 4714 frugem
2338 4647 2738 4703 emendationis
2791 4644 3113 4698 revocandis
3167 4644 3258 4713 qui
3319 4654 3646 4711 precaruut.

2066 4733 2161 4788 His
2196 4738 2277 4791 sic
2313 4737 2364 4790 in
2409 4748 2682 4793 contentu
2734 4736 2990 4791 stabilitis
3032 4734 3355 4805 patriarcha:
3392 4734 3649 4788 iudicant

2064 4846 2266 4899 cupere
2299 4831 2575 4886 antistites
2609 4829 2771 4885 simul
2806 4836 3169 4896 congregatus
3198 4827 3371 4895 ipsum
3408 4824 3642 4894 alloqui.

2063 4922 2389 4992 Assiguatus
2422 4924 2486 4977 ad
2521 4926 2625 4977 hoc
2656 4922 2811 4976 locus
2835 4919 2995 4975 estin
3022 4919 3231 4973 aedibus
3255 4918 3436 4987 magni
3463 4921 3648 4971 eet-te-

2063 5012 2315 5075 siarehae,
2350 5030 2460 5080 quo
2492 5028 2615 5066 cum
2651 5014 2889 5066 venisset
2918 5012 3250 5081 patriarcha,
3287 5010 3645 5064 considentes

2060 5104 2306 5174 episcopi
2357 5121 2421 5158 cx
2468 5120 2534 5158 eo
2585 5119 2644 5159 se
2692 5104 2830 5157 velle
2883 5102 3076 5156 audire
3105 5104 3364 5157 dixerunt
3397 5116 3537 5170 quas
3568 5102 3645 5155 ob

2061 5210 2258 5251 causas
2288 5211 2350 5250 ea
2380 5212 2500 5266 qua:
2527 5195 2703 5250 Sabas
2728 5195 3033 5249 attentabat
3075 5195 3269 5249 flerent
3295 5211 3310 5247 :
3337 5209 3447 5247 non
3486 5193 3641 5248 enim

2060 5303 2180 5344 esse
2213 5288 2304 5342 illa
2337 5287 2726 5349 ecclesiastica,
2756 5288 2847 5342 sed
2876 5288 3154 5358 tyrannica
3182 5296 3325 5343 acta.
3350 5284 3448 5339 His
3474 5285 3644 5340 dictis

2060 5378 2426 5448 adjuuxerunt
2446 5380 2842 5449 expositionem
2867 5367 3214 5432 veratihnum
3235 5378 3438 5447 quibus
3459 5375 3644 5432 Sabas

2061 5470 2230 5524 ferret
2263 5480 2554 5541 ageretque
2589 5472 2817 5525 miseros
2866 5470 3119 5533 clericos,
3162 5477 3215 5523 et
3269 5471 3320 5522 in
3356 5468 3644 5522 ecclesia-

2059 5562 2255 5616 sticum
2293 5562 2539 5616 ordinem
2567 5563 2881 5616 universum
2905 5561 3043 5616 clam
3078 5567 3133 5613 et
3157 5560 3356 5629 palam,
3400 5559 3561 5612 intus
3582 5568 3642 5612 et

2059 5662 2216 5706 cstra
2276 5644 2593 5707 immaniter
2646 5654 2949 5723 acerbeque
2991 5659 3357 5721 grassaretur.
3406 5647 3485 5701 Ea
3543 5649 3642 5705 ille

2058 5746 2246 5799 audita
2270 5745 2353 5800 sic
2380 5759 2608 5815 prorsus
2638 5755 2894 5818 tanquam
2938 5745 3071 5800 nihil
3106 5743 3174 5799 ad
3208 5757 3269 5798 se
3295 5740 3641 5810 pertinerent

2058 5844 2334 5915 negligere
2366 5844 2615 5902 funditus
2646 5846 2796 5903 visus
2826 5854 2930 5913 est,
2968 5846 3169 5901 addens
3199 5851 3252 5899 et
3280 5854 3638 5915 conquerens
