3922 6586
316 420 426 488 185

1245 422 1343 485 DE
1386 421 1834 485 ANDRONICO
1868 424 2329 487 ΡΑωῑοιΟοΟ
2350 425 2506 489 LIB.
2532 424 2615 491 ῐῐ.

3482 423 3586 487 183

313 535 456 607 μηδὲ
485 537 791 607 φροντίσαι,
819 536 955 591 ἀλλὰ
983 537 1209 608 σκήψεις
1230 537 1376 590 τοῦτ’
1406 531 1546 591 εἶναι
1569 537 1732 605 φάναι
1753 536 1890 590 dmo-
1918 546 1961 600 Α
1991 536 2102 607 πῦρ
2136 539 2396 606 ἀφανίσαι
2425 539 2553 603 τοὺς
2584 538 2966 604 ἀπειθοῦντας,
2989 539 3163 593 εἰπεῖν
3187 536 3275 591 τὸν
3292 536 3591 607 Δεσπότης),

312 629 548 694 στασίας
599 629 703 699 τῆς
752 631 846 699 ἀφ’
902 629 1093 697 αὑτοῦ,
1129 630 1223 685 καὶ
1278 631 1369 684 διὰ
1400 629 1473 684 τὰ
1505 630 1639 701 μηδὲ
1685 630 1897 683 δίκαιον

310 706 618 788 ἐγνωκέναι
645 722 783 792 πρὸς
828 724 1050 783 τούτους
1097 722 1505 789 ἀπολογεῖσθαι.
1569 723 1660 784 Ὠς
1693 721 1751 773 δὲ
1803 720 1897 774 καὶ

312 808 478 871 αὖθις
508 810 809 879 πειρῶντες
838 811 937 864 οὐκ
977 811 1216 875 ἔπειθον,
1256 812 1467 883 διιστᾷν
1495 813 1722 874 ἑαυτοὺς
1747 811 1900 863 ἐκεί-

311 917 411 952 νου
434 900 707 954 ἐδικαίουν
745 902 837 955 καὶ
867 895 1012 955 οὗτοι
1033 919 1048 933 ·
1075 903 1137 956 τὸ
1161 903 1268 972 γὰρ
1295 902 1555 958 τοιούτων
1587 907 1899 975 πραττομέ-

311 1012 425 1049 νων
464 1000 848 1063 πγκοινωνείν
905 997 980 1068 μὴ
1035 998 1181 1067 ἔχειν
1232 999 1391 1067 λόγον
1436 1000 1734 1066 ἀπολογίας
1782 1001 1899 1063 τοῖς

315 1090 697 1158 μεμφομένοις
720 1090 965 1152 δικαίως.
1001 1090 1258 1143 Ἔπειθον
1291 1092 1347 1143 δὲ
1371 1092 1464 1144 καὶ¹
1497 1093 1542 1143 oi
1575 1092 1704 1158 περί
1728 1109 1784 1143 τε
1808 1092 1898 1143 τὸν

311 1180 600 1233 Γεννὰδιον
630 1182 722 1234 καὶ
764 1181 855 1233 τὸν
889 1180 1202 1251 Συλαιώτην
1231 1182 1453 1251 βασιλέα
1488 1185 1560 1253 μὴ
1594 1185 1687 1252 ἐᾷν
1716 1168 1897 1247 ἁνεξέ-

309 1286 492 1322 ταστα
516 1258 711 1330 ταῦτα.
739 1272 853 1324 ἀλλ’
892 1272 1197 1343 ἐπαρήγειν
1251 1274 1570 1344 ἀρχιερεῦσι
1601 1274 1782 1336 καλῶς
1809 1274 1897 1325 λέ-

311 1378 526 1429 γουσιν,
559 1364 768 1424 Αὐτοὺς
798 1362 907 1434 γὰρ
958 1362 1098 1418 εἶναι
1140 1367 1358 1428 πάντως
1405 1368 1531 1429 τοὺς
1569 1365 1658 1418 τὸν
1686 1367 1765 1427 είς
1794 1365 1897 1435 τὴν

313 1455 692 1524 πατριαρχίαν
739 1457 1078 1525 ἀναγόμενον
1130 1461 1395 1527 χρησταῖς
1445 1459 1776 1529 μαρτυρίαις
1807 1475 1900 1509 συ-

316 1552 649 1616 στήσαντατ,
702 1549 899 1610 αὐτοὺς
945 1549 1003 1603 δὲ
1059 1552 1153 1603 καὶ
1191 1551 1355 1605 πάλιν
1405 1550 1898 1627 διαγινώσκεινὼς

314 1637 670 1704 ὲπιχωλαίνοι
728 1640 756 1691 ὁ
815 1641 1185 1710 μαρτυρηθεὶς
1238 1643 1300 1694 ού
1351 1642 1556 1708 φαῦλος
1594 1642 1681 1696 ἐπ’
1715 1641 1899 1706 ἄλλοις

312 1726 418 1793 τὴν
443 1726 738 1794 ποίμανσιν
757 1744 769 1758 ο
805 1729 939 1797 μηδὲ
970 1731 1079 1799 γὰρ
1128 1732 1309 1786 πάντα
1339 1734 1473 1787 πᾶσι
1504 1733 1707 1787 διδόναι
1739 1734 1895 1790 Θεόν.

312 1817 487 1870 Ταῦτ’
515 1813 654 1873 εἷναι
674 1818 832 1880 Θεοῦ.
855 1820 931 1882 ὡς
965 1822 1171 1886 πάντας
1201 1823 1423 1879 ειδέναι.
1465 1826 1574 1879 Καί
1604 1843 1667 1893 γε
1695 1826 1897 1880 πολλά-

314 1925 410 1971 κις
432 1908 527 1961 τδν
561 1911 701 1963 κατά
726 1910 786 1963 τὸ
813 1911 1004 1981 ἠθικὸν
1028 1913 1129 1965 οὐκ
1150 1914 1456 1985 ἁπόὸλητον
1482 1917 1624 1971 κατᾶ
1652 1917 1715 1971 τδ
1751 1919 1897 1973 sim-

313 2002 546 2070 νομικὸν
568 2002 921 2068 ὑποσκάζειν,
955 2002 1049 2057 καὶ
1077 1999 1235 2068 αὖθις
1265 2007 1621 2076 ἀριστεύοντα
1659 2010 1752 2061 ἐπὶ
1778 2010 1904 2062 τού-

311 2109 400 2161 τῳ
437 2093 512 2163 μὴ
547 2094 771 2162 φθάνειν
798 2095 900 2164 τὴν
937 2096 1032 2149 ἐπὶ
1059 2096 1141 2167 τῷ
1176 2098 1441 2166 πολιτικῷ
1474 2102 1698 2171 ἀρετήν.
1746 2102 1904 2154 ’Λναο

317 2184 634 2238 στέλλεσθαι
654 2186 711 2239 δὲ
741 2184 843 2258 τὴν
877 2189 1076 2243 κακίαν
1105 2190 1270 2243 καλὸν
1300 2193 1394 2244 καὶ
1421 2194 1707 2261 προσῆκον
1735 2189 1898 2257 εἶναι,

315 2276 467 2347 πλὴν
495 2278 644 2340 ἐντὸς
689 2278 904 2348 μέτρων
953 2280 1043 2332 καὶ
1094 2280 1278 2350 νόμων
1324 2281 1586 2350 Χριστοῦ.
1639 2283 1823 2350 Νόμιον
1847 2282 1905 2336 δὲ

315 2368 562 2441 Χριστοῦ
594 2370 813 2434 πάντως
845 2368 985 2426 εἶναι
1012 2373 1075 2425 τδ
1108 2374 1251 2443 ίερδν
1274 2375 1628 2443 Εὑαγγέλιον.
1680 2376 1829 2428 Ἐκεῖ
1848 2375 1905 2429 δὲ

315 2461 630 2531 ζητούντων
669 2464 779 2518 τῶν
822 2464 1084 2538 μαθητῶν
1118 2467 1177 2532 ἐξ
1209 2469 1442 2540 οὐρανοῦ
1485 2470 1905 2540 καταγαγόντας

316 2642 457 2699 talia
503 2646 570 2699 ab
620 2644 730 2702 illis
772 2649 1068 2704 memorari
1104 2660 1394 2719 praetextus
1432 2652 1760 2709 secessionis
1786 2669 1817 2708 a
1849 2669 1909 2709 se

320 2738 590 2794 facienda:
647 2743 1043 2811 quaerentibus.
1093 2742 1273 2809 Quare
1326 2740 1792 2815 supervacaneum
1850 2761 1909 2800 se

318 2833 583 2887 arbitrari
603 2849 792 2889 curam
813 2835 958 2889 illam
977 2853 1190 2892 sumere
1207 2839 1575 2908 objectionum
1597 2840 1906 2895 istiusmodi

318 2925 731 2981 diluendarum.
754 2926 849 2982 His
868 2928 1106 2997 episcopi
1129 2930 1301 2983 multa
1320 2943 1687 3001 reposuerunt
1708 2932 1909 3001 quibus

318 3020 378 3075 ei
426 3021 759 3088 persuadere
804 3006 1325 3094 conarentur‘aaqua
1360 3034 1413 3079 et
1458 3035 1824 3080 consentanea
1850 3040 1910 3081 se

321 3126 555 3182 poscere
604 3129 617 3165 :
667 3113 759 3166 sed
808 3127 934 3167 cum
984 3114 1119 3168 nihil
1167 3116 1357 3185 prolici
1408 3116 1910 3171 animadverterent

318 3203 451 3273 ipso
499 3203 875 3258 inﬂexibiliter
918 3205 976 3258 in
1013 3204 1216 3259 duritie
1259 3214 1559 3275 perstautc,
1606 3206 1756 3260 clare
1804 3205 1908 3276 ipsi

2007 629 2080 692 ὡς
2114 631 2228 684 Οὐκ
2253 631 2429 685 οἴδατε
2478 633 2636 686 ποίου
2671 632 2978 703 πνεύματός
3008 633 3156 685 ἐστε.
3187 630 3262 683 Τὸ
3282 629 3394 700 γὰρ
3427 629 3576 682 καλιι

2007 739 2107 775 σαν
2134 724 2374 788 ἐκείνους
2402 723 2643 794 πνεῦμα,
2670 723 2774 777 κᾶν
2808 724 2975 794 μήπω
3003 723 3202 786 οἴδασι,
3229 721 3436 790 πλῆρες
3460 723 3594 787 ἀγα-

2006 814 2253 886 θωσύνης
2282 817 2375 869 καὶ
2400 817 2813 887 φιλανθρωπίας
2840 817 2933 869 καὶ
2962 814 3428 883 συγκαταϐάσεως
3452 813 3594 883 πρὸς

2002 908 2131 972 τοὺς
2160 908 2596 978 ἁμαρτάνοντας,
2624 910 2721 960 ἀλλ
2768 908 2828 961 οι
2856 909 3128 979 τιμωρίας
3155 908 3248 960 καὶ
3276 908 3591 977 ἀγανακτή-

2007 1017 2143 1063 σεως
2193 1001 2289 1054 καὶ
2330 1001 2624 1064 κολάσεως.
2683 1001 2848 1054 Ταῦτ’
2906 1001 3131 1054 ἐκείνων
3183 1001 3453 1067 λεγόντων
3497 998 3593 1051 καὶ

2005 1093 2307 1163 ἀμφικλινῆ
2341 1092 2682 1163 τὸνβασιλέα
2716 1093 3037 1158 ποιούντων,
3089 1091 3281 1161 καιροῦ
3309 1092 3589 1159 δραξάμε-

2004 1201 2084 1238 νοι
2114 1186 2161 1237 οἱ
2203 1185 2386 1246 κακῶς
2419 1186 2483 1239 ἐκ
2507 1202 2667 1239 τινων
2697 1186 2889 1239 αίτιῶν
2929 1186 3142 1256 ἔχοντες
3174 1185 3366 1255 ἐκείνῳ
3400 1182 3591 1255 ἐθορύ-

2006 1275 2134 1327 ϐουν
2166 1277 2260 1329 καὶ
2279 1277 2580 1347 γράφοντες
2616 1277 2954 1347 κατηγορίας
2981 1278 3219 1337 ἀτόπους
3250 1275 3474 1338 ἐδίδουν,
3496 1276 3591 1328 καὶ

2006 1367 2201 1435 ἀνέδην
2246 1367 2534 1438 λοιδορίαις
2588 1370 2899 1438 μονωθέντα
2958 1369 3065 1421 τῶν
3100 1368 3184 1440 [Ρ.
3220 1366 3341 1440 ΗΞ]
3382 1367 3589 1420 πολλῶν

2007 1458 2380 1526 περιέϐαλλον,
2417 1457 2559 1512 ὥστε
2616 1461 2707 1512 καὶ
2748 1461 2846 1530 μιᾷ
2876 1460 3166 1533 ἱσταμένου
3199 1459 3311 1512 ἄνω
3342 1477 3465 1523 που,
3495 1460 3590 1513 καὶ

2002 1548 2112 1600 τῶν
2171 1547 2357 1616 ὕμνων
2405 1548 2810 1614 ὲξανυσθέντων
2860 1546 3280 1613 ἑπευλογοῦντος
3336 1548 3477 1600 κατὰ
3526 1546 3589 1600 τὸ

2007 1641 2258 1709 σύνηθες,
2302 1640 2458 1703 τινὰς
2479 1642 2694 1694 ἐκείνου
2726 1640 2972 1695 κάτωθεν
3002 1640 3334 1707 ἱσταμένους
3363 1640 3589 1708 κράζειν

2006 1731 2103 1785 καὶ
2147 1731 2414 1801 ἀπόφημα
2463 1733 2583 1785 κατ’
2620 1733 2830 1786 ἐκείνου
2863 1733 3063 1799 λέγειν,
3093 1731 3169 1793 ὡς
3200 1731 3269 1784 ἂν
3302 1730 3462 1785 πλέον
3498 1732 3588 1785 τοῦ

2004 1825 2214 1887 siit-ito;
2250 1824 2338 1879 διὰ
2362 1826 2423 1878 τὸ
2461 1828 2617 1895 μῖσος
2647 1824 3233 1893 καταυθαδιζομένους.

1932 1921 1977 1981 Β
2005 1938 2109 2009 κβ’.
2143 1937 2552 2009 Ἀναχώρησις
2579 1938 2686 1993 τοῦ
2722 1928 3073 1993 Ἀθανασίου
3090 1936 3159 1990 ἐκ
3182 1935 3289 2009 τοῦ
3312 1955 3593 2007 πατριαρ-

2697 2012 2865 2078 χεΙου

2087 2106 2240 2158 Ἐπεὶ
2274 2105 2408 2170 γοῦν
2430 2102 2750 2165 Ἀθανάσιος
2777 2105 2920 2173 ἔγνω
2950 2107 3213 2176 μονωθεὶς
3240 2108 3335 2160 καὶ
3367 2105 3469 2169 τὰς
3494 2103 3586 2158 ai-

2007 2200 2128 2262 τίας
2148 2198 2206 2264 ἐξ
2241 2199 2404 2252 αὐτοῦ
2445 2215 2503 2250 τε
2556 2200 2649 2252 καὶ
2676 2198 2785 2250 τῶν
2832 2200 2965 2269 περὶ
3013 2201 3179 2253 αὑτὸν
3223 2197 3586 2269 ὡρμημένας,

2005 2293 2107 2355 τὰς
2138 2292 2193 2344 δὲ
2223 2292 2494 2362 λοιδορίας
2528 2293 2636 2345 ἀπὸ
2684 2292 2895 2345 πολλῶν
2928 2292 3353 2362 συμϐαινούσας.
3387 2291 3463 2354 ὡς
3493 2292 3588 2343 καὶ

2009 2386 2189 2455 κρίσιν
2227 2385 2402 2439 θέλειν
2453 2386 2627 2453 ἄγειν,
2663 2386 2757 2439 καὶ
2797 2385 2898 2438 ούκ
2940 2385 3142 2438 ἀνυστά
3186 2387 3234 2437 oi
3267 2384 3502 2452 γένοιτο,
3537 2385 3587 2435 εί

2010 2476 2273 2548 βούλοιτο,
2308 2476 2409 2547 τὴν
2436 2475 2599 2547 τιμὴν
2619 2476 2874 2548 κατέχειν
2902 2474 3061 2548 (μηδὲ
3091 2474 3197 2545 γὰρ
3229 2473 3476 2528 ἐντεῦθεν
3505 2470 3589 2525 ει·-

2009 2653 2427 2725 improhentur,
2478 2655 2620 2711 haud
2671 2669 2827 2726 aeque
2872 2654 3137 2711 inoffense
3187 2656 3479 2723 procedere
3530 2656 3585 2711 in

2009 2748 2407 2819 gubernatione
2437 2748 2636 2804 domus
2664 2749 2899 2819 propriae
2933 2767 2947 2804 :
2990 2764 3187 2804 rursus
3209 2749 3424 2820 egregie
3467 2749 3591 2803 fun-

2010 2851 2221 2912 gentem
2278 2856 2391 2895 sua;
2447 2840 2708 2910 regimine
2763 2839 3015 2905 familiae,
3088 2838 3589 2895 civilibusdeindo
3670 2888 3679 2897 .

2010 2926 2393 2986 curationibus
2409 2931 2688 2985 admotum
2712 2931 2934 2984 minimc
2957 2946 3143 3000 parem
3164 2926 3613 2985 administrandi

2012 3025 2359 3093 magistratus
2378 3023 2704 3077 industriam
2731 3024 2980 3092 probare.
3008 3021 3411 3092 lmprobitatem
3431 3036 3587 3077 coer-

2009 3114 2119 3170 ceri
2163 3115 2454 3169 honestum
2497 3131 2629 3171 sane
2660 3130 2723 3169 ac
2760 3116 3092 3170 conveniens
3120 3131 3260 3180 esse,
3297 3131 3483 3169 rerum
3534 3115 3587 3169 id

2013 3205 2127 3260 fieri
2176 3205 2374 3259 debere
2426 3206 2569 3260 intra
2637 3206 2838 3259 limites
2905 3206 3082 3275 legum
3139 3206 3363 3260 Christi.
3422 3204 3594 3275 Leges

320 3298 722 3351 denuntiarunt
781 3297 900 3367 cogi
957 3311 1016 3351 se
1061 3298 1237 3352 oﬂicio
1304 3303 1478 3353 ad.se
1526 3300 1673 3368 ipsos
1713 3312 1742 3352 a
1800 3308 1906 3352 tam
1939 3278 1984 3339 ί)
2016 3307 2192 3353 autem
2245 3300 2447 3354 Christi
2504 3299 2729 3353 omnino
2770 3314 2892 3353 esse
2944 3314 3160 3353 sacrum
3216 3297 3586 3368 Evangelitlm.

321 3389 829 3444 inconvenientium
878 3398 1125 3443 actorum
1178 3390 1327 3444 omni
1367 3390 1913 3459 participationem-

322 3482 654 3535 movendos.
694 3479 881 3550 Neque
929 3482 1073 3536 enim
1121 3496 1180 3536 se
1226 3498 1387 3551 posse
1422 3483 1587 3552 justas
1617 3498 1908 3537 censuram

322 3571 780 3640 reprehensionis
814 3573 925 3627 ulla
958 3574 1314 3629 excusatione
1345 3574 1552 3645 fugere,
1584 3575 1628 3629 si
1663 3591 1912 3644 persevc-

323 3665 508 3719 rando
541 3665 595 3719 in
631 3666 1021 3721 communione
1067 3680 1192 3721 cum
1227 3666 1299 3721 iis
1349 3667 1442 3734 qui
1488 3669 1565 3722 sic
1605 3668 1912 3725 inordinate

324 3771 396 3811 ac
440 3765 643 3812 temere
675 3768 1058 3825 operarentur,
1102 3768 1212 3813 tam
1259 3758 1720 3828 improhabilibus
1749 3761 1909 3817 factis

324 3850 747 3919 approbatioms
790 3866 901 3905 suae
945 3866 1219 3921 apponere
1260 3853 1529 3908 calculum
1566 3853 1723 3924 167
1756 3856 1912 3909 νωθ-

326 3950 545 3995 rentur.
570 3940 686 3994 Sub
710 3941 822 3995 hac
844 3939 1161 3996 Gennadius
1181 3951 1233 3994 ct
1260 3942 1492 4014 Sylaeota
1521 3944 1904 4013 imperatorem

326 4031 590 4102 privatim
631 4043 958 4088 conventum
992 4033 1234 4103 graviter
1265 4044 1620 4101 monuerunt,
1665 4051 1772 4090 non
1812 4036 1910 4090 de-

330 4129 470 4182 bere
520 4126 697 4196 ipsum
760 4127 940 4181 sinere
1002 4140 1089 4182 res
1156 4139 1263 4182 tam
1324 4137 1594 4198 suspectae
1648 4127 1910 4181 novitatis

330 4220 677 4276 indiscussas
700 4219 915 4275 Socordi
947 4219 1235 4274 tolerantia
1266 4220 1586 4275 transmitti.
1618 4218 1760 4287 Quin
1790 4221 1910 4289 ejus

327 4327 460 4368 esse
500 4310 659 4366 oﬂicii
711 4325 1034 4366 succurrere
1080 4312 1449 4380 praesulibus,
1499 4313 1634 4367 nihil
1683 4313 1827 4382 atqui
1878 4329 1909 4367 a

331 4405 667 4475 patriarcha,
700 4404 951 4473 quamvis
976 4403 1120 4474 justa
1154 4412 1209 4459 et
1242 4414 1387 4458 recta
1420 4406 1714 4476 postulent,
1745 4406 1912 4474 impe-

331 4496 632 4551 trantibus.
681 4494 791 4551 Nec
847 4497 991 4551 enim
1043 4490 1266 4552 in'illos
1307 4494 1503 4553 cadere
1534 4498 1905 4566 exceptionem

2014 3390 2133 3444 Illic
2164 3400 2346 3443 autem
2384 3389 2487 3459 legi
2518 3391 2817 3460 discipulos
2856 3390 3150 3458 aliquando
3185 3387 3363 3458 ignem
3397 3406 3426 3443 e
3450 3393 3592 3445 caelo

2014 3484 2364 3549 derocautes,
2406 3482 2499 3553 qui
2546 3482 2652 3539 sibi
2690 3499 2795 3539 non
2828 3484 3129 3552 morigeros
3161 3492 3533 3550 consumeret,
3560 3499 3593 3537 a

2013 3577 2244 3632 Domino
2264 3578 2481 3633 audisse
2510 3578 2727 3633 nescire
2755 3578 2904 3646 ipsos
2934 3574 3094 3644 cujus
3127 3574 3353 3645 spiritus
3383 3586 3587 3631 essent.

2012 3670 2146 3723 Nam
2225 3670 2317 3738 qui
2400 3677 2618 3721 vocarat
2698 3668 2852 3737 ipsos
2929 3667 3200 3735 spiritus,
3291 3664 3412 3719 licet
3487 3666 3593 3725 hoc

2014 3762 2191 3816 adhuc
2221 3762 2566 3833 ignorarent,
2588 3761 2780 3831 plenus
2813 3760 3595 3836 benignitatisjhunianitatis,

2012 3851 2536 3905 accommodationis
2578 3850 2645 3903 ad
2678 3849 2860 3921 lapsos
2888 3851 2940 3905 in
2975 3855 3187 3924 culpam
3229 3856 3455 3925 spiritus
3483 3863 3596 3916 est,

2013 3955 2121 3995 non
2154 3950 2334 3994 autem
2365 3939 2610 4005 ultionis,
2637 3941 3043 4012 indignationis,
3075 3946 3384 4001 severitatis
3407 3946 3601 3998 inexov

2012 4033 2221 4089 rabilis.
2255 4032 2371 4087 'I‘ali
2405 4033 2656 4088 oratione
2688 4049 2812 4088 cum
2852 4034 2908 4089 hi
2945 4036 3055 4091 duo
3088 4039 3404 4109 ambiguum
3435 4036 3599 4093 fecis-

2012 4136 2131 4183 sent
2185 4125 2533 4194 imperatoris
2593 4127 2861 4192 animum,
2924 4138 3142 4197 captato
3204 4139 3443 4200 tempore
3495 4131 3593 4199 qui

2014 4218 2135 4272 aliis
2181 4218 2344 4271 etiam
2398 4220 2463 4271 de
2515 4218 2700 4272 causis
2742 4234 2971 4275 exosum
3005 4221 3167 4293 168
3196 4223 3462 4276 habebant
3498 4237 3595 4291 pa-

2013 4311 2333 4370 triarcbam,
2373 4310 2601 4365 turbare
2636 4312 2865 4367 liberius
2896 4325 3202 4382 emperunt,
3248 4316 3390 4369 datis
3426 4326 3591 4368 arcu--

2012 4402 2287 4457 sationum
2326 4415 2546 4457 errores
2578 4402 2681 4471 ipsi
2718 4402 3147 4461 absurdissimos
3198 4407 3591 4474 imputantium

2012 4494 2231 4558 libellis,
2282 4502 2395 4547 tum
2444 4494 2697 4548 eumdem
2753 4496 2892 4550 locis
2942 4513 2972 4549 a
3026 4509 3296 4550 concursu
3347 4496 3596 4551 seductis

335 4590 590 4643 idoneam
660 4587 1028 4655 suspicionis,
1093 4587 1250 4657 quasi
1319 4588 1643 4658 patriarchae
1705 4604 1896 4659 parum
1940 4594 2387 4669 Doccurrentem
2437 4587 2654 4653 probris
2700 4587 2875 4656 palam
2930 4588 3302 4657 conviciisque
3347 4590 3594 4656 proscin-

332 4680 593 4743 faveant;
629 4694 791 4748 quem
835 4679 1020 4748 utique
1049 4679 1153 4747 ipsi
1186 4692 1593 4748 promoverunt,
1625 4681 1741 4736 suis
1776 4696 1900 4736 eum

332 4770 614 4840 suﬂragiis
673 4779 727 4823 et
789 4771 1104 4826 honorilicis
1167 4771 1498 4827 teStimoniis
1551 4773 1617 4827 ad
1677 4788 1907 4829 summa:

334 4879 504 4931 quam
557 4863 829 4917 obtineret
884 4864 1167 4932 dignitatis
1230 4864 1575 4933 adeptionem
1625 4880 1906 4922 commen-

330 4954 544 5009 dantes.
600 4955 863 5010 Caeterum
906 4955 1095 5010 eadem
1141 4956 1246 5011 fide
1288 4973 1395 5029 qua
1445 4967 1559 5013 tum
1599 4974 1721 5028 qua:
1751 4960 1803 5013 in
1845 4976 1910 5015 eo

332 5046 624 5100 laudarent
670 5047 1061 5115 praedicarunt,
1114 5048 1278 5103 modo
1323 5063 1760 5105 commemorare
1791 5067 1912 5122 quae

338 5138 395 5193 in
448 5153 514 5193 eo
578 5137 926 5207 postmodum
998 5138 1299 5195 desiderari
1359 5141 1755 5210 deprehensum
1819 5142 1912 5197 sit.

334 5230 498 5287 Prodi
529 5233 673 5287 enim
702 5247 869 5287 cursu
907 5232 1170 5302 temporis
1200 5232 1424 5287 latentia
1456 5234 1607 5301 prius
1632 5236 1910 5288 hominum

338 5324 490 5390 vitia,
535 5333 588 5378 et
640 5323 931 5379 occasione
983 5324 1330 5393 negotiorum
1376 5333 1605 5379 naturas
1654 5327 1912 5396 perspici.

342 5415 433 5469 Sic
467 5429 560 5468 eos
591 5413 927 5469 intellexisse
959 5414 1128 5479 hunc,
1173 5417 1264 5484 qui
1298 5418 1517 5471 detibus
1555 5417 1621 5471 ad
1662 5417 1917 5473 Ecclesiae

341 5505 790 5575 gubernationem
832 5505 1037 5575 alioqui
1083 5508 1226 5574 aptis
1264 5507 1561 5562 instructus
1593 5508 1683 5573 sit,
1717 5508 1770 5562 in
1800 5508 1921 5578 qui-

339 5597 570 5651 busdam
610 5596 728 5668 ejus
777 5598 1091 5666 multiplicis
1126 5597 1282 5653 olIicii
1317 5599 1622 5654 claudicare
1650 5602 1917 5668 partibus.

341 5688 612 5744 Nimirum
651 5705 756 5743 non
808 5690 1063 5744 omnibus
1100 5692 1284 5745 omnia
1317 5691 1485 5745 Deum
1516 5692 1665 5746 dare.
1695 5691 1922 5747 Οαιηριὶε

338 5781 544 5852 quippe
592 5792 779 5834 notum
822 5793 945 5834 esse
971 5780 1112 5834 dona
1154 5794 1275 5835 esse
1306 5778 1398 5835 Dei
1429 5782 1581 5836 dotes
1632 5782 1921 5850 ejusmodi.

341 5874 535 5943 Itaque
581 5870 783 5941 saepius
829 5871 1191 5928 animadverti
1224 5889 1374 5940 eum,
1412 5874 1569 5943 cujus
1600 5890 1780 5930 mores
1816 5892 1922 5931 non

2010 4678 2223 4731 dentes.
2265 4678 2452 4747 quue
2482 4691 2569 4731 res
2607 4678 2899 4746 processit,
2936 4691 2995 4732 ut
3025 4680 3145 4749 ipso
3173 4680 3406 4749 quadam
3446 4681 3533 4735 die
3563 4700 3593 4735 e

2007 4772 2128 4825 loco
2146 4769 2364 4826 sublimi
2384 4769 2636 4839 perfectis
2655 4770 2868 4841 hymnis
2881 4772 3078 4841 pepulo
3090 4772 3318 4840 defmore
3334 4774 3601 4843 benepre—

2009 4871 2167 4916 caute
2199 4862 2596 4916 succlamantes
2618 4863 2784 4931 aliqui
2812 4864 3115 4918 maledictis
3140 4880 3264 4919 eum
3285 4863 3592 4921 Iacerarenl

2012 4952 2353 5015 foedissimis,
2380 4954 2527 5016 odio,
2551 4962 2837 5023 postquam
2860 4955 3001 5009 ultra
3023 4956 3245 5011 modum
3283 4970 3593 5028 exarserat,

2015 5043 2069 5097 in
2097 5042 2246 5113 justo
2288 5044 2638 5098 audaciorem
2687 5044 3078 5113 impudentiam
3118 5061 3533 5119 prornmpente.

2223 5133 2315 5189 22.
2338 5132 2587 5188 Recessus
2613 5135 2897 5191 Athanasii
2947 5152 3013 5192 ea:
3032 5138 3379 5207 patriarchio.

2085 5224 2378 5294 Postquam
2408 5240 2541 5294 ergo
2578 5240 2638 5280 se
2674 5226 3013 5282 Athanasxus
3044 5228 3369 5284 destitutqu
3401 5245 3429 5283 a
3472 5232 3590 5301 ple-

2018 5319 2202 5387 risque
2253 5317 2540 5381 Intellexit,
2577 5320 2881 5374 aversionis
2932 5335 3133 5376 causas
3164 5338 3229 5376 ex
3263 5338 3321 5377 se
3367 5326 3594 5393 suisque

2020 5422 2190 5473 ortas,
2222 5411 2345 5463 odia
2373 5424 2499 5464 vero
2521 5409 2869 5465 infensorum
2895 5412 2998 5467 sibi
3030 5412 3390 5482 plurimorum
3418 5432 3593 5487 usque

2020 5503 2087 5557 ad
2131 5502 2491 5556 contumelias
2539 5514 2593 5556 et
2640 5502 2889 5557 convicia
2940 5519 3318 5575 prorumpere,
3371 5524 3595 5578 remque

2021 5594 2087 5648 ad
2121 5593 2383 5662 judicium
2426 5603 2698 5663 spectare,
2744 5609 2855 5663 quo
2889 5595 3030 5649 haud
3078 5596 3242 5651 dubie
3286 5599 3593 5655 coorientcs

2026 5688 2265 5756 undique
2302 5687 2681 5740 accusationes
2734 5696 2957 5752 vocent,
3009 5690 3148 5744 satis
3194 5698 3397 5758 patere,
3433 5691 3476 5744 si
3511 5692 3595 5747 vel

2027 5794 2238 5833 summo
2284 5789 2483 5832 conatu
2519 5778 2838 5831 connitatur
2880 5779 3113 5832 retinere
3141 5780 3596 5849 patriarchatum,

2029 5871 2079 5922 in
2109 5868 2199 5924 tali
2221 5868 2517 5925 oﬂensionc
2543 5869 2850 5924 animorum
2880 5884 2948 5925 ac
2977 5884 3157 5925 rerum
3188 5873 3599 5940 perturbatione
