3922 6586
387 385 487 451 187
1537 398 1863 460 GEORGII
1905 403 1978 463 PA

2085 403 2384 466 [ΥΜΕΒιΕ
3531 400 3636 466 188

385 519 474 558 ναι
527 501 618 556 τὸν
665 500 1054 571 εἰρηνεύσοντα
1085 503 1119 574 ἢ
1154 502 1246 559 καὶ
1275 506 1650 580 προσέξοντα),
1695 512 1954 580 καθυφίει
1979 513 2028 571 Α
2057 517 2268 582 ἐπιθεὶς
2300 517 2440 589 πλὴν
2469 516 2530 571 οὐ
2561 514 2766 585 γυμνὸν
2803 514 2893 568 τὸν
2931 513 3159 585 χάρτην,
3187 511 3324 567 ἀλλὰ
3353 512 3510 566 δυσὶν
3538 514 3633 568 ικ-

388 595 483 646 καὶ
510 593 658 647 ἄκων
692 595 794 662 τῆς
821 595 1174 664 προστασίας·
1220 598 1336 652 οὐκ
1383 599 1558 669 ὀλίγοι
1596 603 1704 672 γὰρ
1732 604 1961 657 καὶτῶν
2063 611 2322 678 πώμασιν
2348 608 2620 678 ἐμϐαλὼν,
2647 608 2939 678 ὑπογραφῇ
2989 606 3259 676 ίδιοχείρῳ
3309 607 3403 660 καὶ
3437 605 3634 677 βούλλῃ

387 685 516 754 χθὲς
558 686 651 737 καὶ
682 685 790 755 πρὸ
837 685 1026 754 τρίτης
1059 687 1164 740 τῶν
1218 689 1362 744 ῑδίων
1410 693 1561 761 παρὰ
1608 694 1716 747 τῶν
1751 695 1960 748 ἐκείνου
2067 702 2347 774 μολιϐδίνῃ
2375 702 2444 756 τὰ
2464 702 2768 772 γράμματα
2815 699 3335 769 ἑξαΰφαλισάμενοςι
3369 701 3637 768 τετρήνας

391 778 762 847 στερηθέντων
781 781 914 849 ὁμοῦ
935 782 1386 852 συμφορήσαντες
1401 784 1680 855 διεφόρουν
1707 785 1875 856 ἄρδην
1896 787 1963 839 τὰ

390 869 518 922 [δια.
553 871 614 922 Oi
649 870 704 923 δὲ
758 873 852 925 καὶ
875 873 988 934 τοῖς
1014 873 1238 925 σιτῶσιν
1269 875 1588 946 ἐπεχείρουν
1617 878 1711 930 καὶ
1735 879 1963 946 κατεγὲ-

389 959 498 1014 λων
531 961 622 1015 καὶ
649 962 994 1027 ὲπετώθαζον
1017 964 1213 1030 ἀνέδην
1240 982 1298 1017 τε
1352 968 1670 1036 κατηρῶντο
1705 971 1801 1022 καὶ
1829 971 1963 1023 ἀπε-

392 1051 646 1120 φὴμιζον.
680 1053 862 1106 ’Ἄλλοι
892 1054 948 1107 δὲ
980 1056 1074 1108 καὶ
1107 1055 1288 1119 λίθους
1317 1057 1506 1112 ἔσαλον
1539 1059 1796 1126 φανέντος
1819 1062 1964 1113 ὲκεί-

391 1163 505 1198 νου.
549 1146 716 1200 Τόσον
741 1148 801 1198 τὸ
833 1151 1009 1216 μῖσος.
1062 1150 1169 1202 Καὶ
1198 1149 1563 1216 κατεστύγουν
1613 1151 1663 1203 ei
1718 1151 1961 1215 πλείους.

389 1238 562 1298 Αὐτὸς
593 1239 648 1292 δὲ
674 1239 836 1305 γνοὺς
883 1238 1131 1293 ἐντεῦθεν
1153 1241 1245 1294 καὶ
1270 1241 1351 1303 εἰς
1381 1241 1564 1308 κρίσιν
1594 1242 1958 1311 ἀπαξόμενος,

390 1330 466 1391 ὡς
497 1333 607 1392 τοῖς
651 1329 869 1384 δοκοῦσι
901 1332 1104 1400 μᾶλλον
1137 1333 1332 1398 ἐδόκει,
1369 1333 1580 1401 βασιλεί
1607 1334 1962 1402 διαμηνύεται

391 1421 761 1490 ἀποσταλῆναι
810 1421 907 1490 μὲν
940 1421 1068 1484 τοὺς
1105 1423 1167 1475 τὸ
1203 1427 1595 1493 πατριαρχεϊον
1636 1425 1964 1493 ἀναδεξαμέ-

389 1529 535 1576 νους,
566 1512 937 1582 ἀποσταλῆναι
966 1513 1024 1567 δὲ
1074 1514 1170 1568 καὶ
1202 1516 1326 1577 τοὺς
1371 1515 1790 1582 διακομίσαντας
1821 1519 1964 1572 κατὰ

392 1603 491 1672 τὴν
524 1603 662 1666 ὁδὸν,
701 1603 776 1665 ὡς
807 1604 881 1674 μὴ
910 1604 1231 1661 κινδυνεύοι.
1270 1607 1358 1659 Ἐν
1382 1608 1620 1677 τοσούτῳ
1651 1609 1708 1662 δὲ
1755 1609 1966 1679 σχεδιά-

395 1710 496 1756 σας
521 1692 700 1763 βιϐλία
733 1695 848 1759 δύο,
888 1696 950 1749 τδ
979 1696 1078 1764 μὲν
1119 1696 1176 1749 ἓν
1209 1696 1311 1764 τῆς
1342 1697 1507 1752 αὑτοῦ
1553 1699 1962 1771 παραιτήσεως,

2062 796 2159 848 καὶ
2190 796 2434 864 σπαρτίῳ
2460 793 2845 866 περισφίγξας,
2874 793 2950 854 ὥς
2983 794 3055 862 μή
3087 808 3194 844 τινι
3223 791 3633 860 ἐπιϐουλευθείη

2061 887 2170 941 τῶν
2201 888 2558 958 λυμαντήρων
2587 890 2644 949 ἐς
2677 885 2894 958 μακρὰν
2924 887 3040 938 ἐκεῖ
3088 884 3359 951 κείμενος.
3391 883 3634 949 Θᾶτερον

2061 979 2117 1033 δὲ
2147 979 2236 1032 τὸν
2260 980 2358 1047 τῆς
2393 981 2778 1049 παραιτήσεως
2801 977 3006 1046 πέμπει
3027 976 3162 1045 πρδς
3197 974 3437 1043 βασιλέα.
3464 972 3630 1037 ἀξιῶν

2061 1071 2161 1140 τὴν
2185 1073 2444 1141 ταχίστην
2475 1073 2598 1134 τούς
2641 1087 2705 1138 γε
2742 1069 2837 1138 τὴν
2867 1069 2982 1122 ὁδὸν
3026 1067 3244 1136 ἀσφαλῆ
3285 1067 3332 1118 ei
3365 1066 3636 1133 θήσοιντας

2063 1147 2398 1216 ἀποστεῖλαι.
2433 1158 2601 1231 Εἶχον
2624 1161 2669 1214 δ’
2693 1162 2785 1214 ἐπὶ
2815 1160 3014 1225 λέξεως
3040 1159 3069 1211 ὁ
3112 1159 3210 1227 μὲν
3235 1159 3291 1209 ἰν
3312 1157 3425 1218 τοίς
3459 1153 3638 1208 ἐκπώ-

2068 1270 2201 1322 μασι
2243 1251 2450 1323 χάρτης
2475 1253 2600 1306 τάδε
2623 1269 2638 1285 ·
3289 1276 3295 1280 -

2064 1371 2170 1432 κγ’.
2208 1365 2281 1419 Τὰ
2297 1365 2366 1418 ὲν
2392 1365 2516 1430 τοῖς
2537 1362 2854 1431 ὀστράκοις
2875 1363 3023 1415 κατὰ
3048 1359 3152 1414 τοῦ
3175 1358 3638 1428 πατριαρχεύον·

2588 1451 2693 1500 τος
2724 1433 3120 1502 τετραμμένα.

2143 1548 2162 1581 ι
2203 1527 2306 1582 Δύο
2326 1527 2450 1582 τινὰ
2480 1526 2653 1596 ἐφάνη
2677 1526 2814 1596 πρὸς
2842 1523 3146 1592 καταϐολὴν
3165 1522 3264 1593 τῆς
3287 1520 3636 1590 Ἐκκλησίας,

2065 1628 2144 1688 εις
2175 1624 2443 1693 ὠφέλειαν
2469 1622 2627 1692 δῆθεν
2655 1621 2822 1690 αὐτῆς
2853 1618 3233 1687 ἐπινοηθέντα,
3264 1616 3322 1682 ἐξ
3347 1613 3636 1680 ἐπιϐουλῆς

2065 1717 2176 1770 τῶν
2207 1714 2604 1785 ἐπιχαιρόντων
2640 1709 2904 1773 τοιούτοις
2926 1747 2941 1771 ,
2993 1708 3053 1760 ἓν
3087 1709 3182 1776 μὲν
3210 1705 3269 1757 se
3297 1704 3392 1756 τὸν
3431 1703 3638 1756 Βέκκον

393 1785 624 1854 θάτερον
646 1784 701 1837 δὲ
729 1783 878 1837 πόλλ’
910 1785 1043 1839 ἅττα
1076 1786 1334 1855 περιέχον
1386 1789 1481 1840 καὶ
1519 1788 1655 1850 ιδίας
1703 1787 1844 1842 κατὰ
1871 1789 1964 1844 τδν
1997 1853 2039 1871 __
2069 1805 2242 1860 ἐλθεῖν
2265 1783 2343 1867 sig
2374 1803 2435 1857 τδ
2466 1799 2818 1871 διαλεχθῆναι
2852 1797 2946 1851 καὶ⁸
2999 1799 3140 1866 τάχα
3183 1791 3639 1861 καταγνωσθῆναι

309 1879 312 1882 ’
399 1879 513 1948 βίον
537 1853 853 1940 συστάσεως
882 1877 969 1950 [Ρ.
1005 1878 1130 1949 115]
1339 1880 1433 1932 καὶ
1463 1879 1720 1950 καταρῶν
1741 1879 1848 1933 τῶν
1887 1881 1964 1944 ὡς
1993 1853 2041 1914 Β

397 1970 560 2038 δῆθεν
588 1971 708 2024 κατ’
742 1968 906 2022 αὐτοῦ
936 1970 1426 2040 ἀποφημισάντων,
1463 1971 1491 2024 ό
1515 1971 1748 2041 μίμησιν
1778 1971 1966 2026 ἀναδε-

400 2064 633 2132 ξάμενος
684 2061 776 2116 τοῦ
806 2060 1067 2131 Χριστοῦ,
1093 2063 1186 2116 τδν
1225 2063 1322 2132 μὲν
1353 2064 1410 2116 ἐν
1436 2065 1629 2132 ἀφανεῖ
1657 2063 1968 2132 κρύπτειὲν

399 2154 613 2223 κορυφῇ
636 2149 810 2214 κίονάς
835 2170 981 2216 τινος
1021 2152 1127 2206 τῶν
1154 2155 1296 2206 κατὰ
1327 2153 1398 2206 τὰ
1438 2154 1703 2223 ἀριστερὰ
1739 2153 1968 2208 εἰσιοῦσι

399 2247 830 2314 κατηχουμενεῐα
857 2244 954 2298 τοῦ
979 2245 1218 2316 μεγάλου
1243 2243 1348 2298 νεὼ
1364 2247 1690 2316 ἱσταμένων,
1710 2246 1802 2299 ὕπ’
1830 2247 1970 2316 ὀπὴν

400 2337 850 2406 περιστερεῶνος,
879 2336 1038 2408 δίκην
1075 2338 1278 2408 φωρδς,
1305 2337 1382 2401 ὡς
1423 2339 1584 2409 μήτις
1617 2339 1785 2409 είδείη
1839 2355 1970 2408 προ-

406 2429 843 2499 μηθευσάμενος,
888 2429 1135 2500 κλίμακα
1182 2430 1228 2484 τ’
1264 2429 1426 2494 αὐτὸς
1464 2430 1827 2502 προσερείσας
1875 2432 1970 2485 καὶ

403 2607 609 2663 frustra
647 2606 766 2662 fore
803 2624 821 2663 :
851 2623 978 2663 nam
1011 2621 1140 2664 οτιοι
1157 2612 1458 2665 certamine
1501 2625 1693 2667 omnes
1719 2610 1770 2665 in
1801 2626 1969 2665 unum

403 2701 781 2765 dimicaturos,
817 2716 886 2756 ne
909 2702 1219 2756 attendente
1253 2681 1470 2771 quidem
1502 2703 1612 2758 ullo
1648 2712 1743 2757 aut
1781 2703 1970 2758 saltem

405 2794 594 2849 audire
622 2795 946 2858 sustinente,
982 2794 1179 2848 nedum
1211 2794 1264 2848 in
1297 2793 1538 2863 pristina:
1585 2794 1972 2850 communione

405 2887 556 2954 pacis
593 2895 1006 2954 perseveraturo
1030 2900 1303 2955 quoquam
1331 2901 1345 2938 :
1382 2885 1466 2940 his
1495 2901 1785 2953 persuasus
1812 2885 1976 2939 ratio-

408 2976 568 3031 nibus
613 2976 706 3031 diu
737 2977 1081 3043 [reluctatum
1121 2975 1327 3044 appulit
1373 2975 1590 3030 tandem
1636 2976 1878 3031 animum
1905 2975 1973 3030 ad

407 3070 790 3140 cogitationem
825 3069 1162 3134 abdicanda,
1198 3085 1360 3140 quam
1390 3081 1571 3124 tenere
1597 3069 1848 3137 nequiret
1869 3067 1974 3122 etsi

2069 1900 2164 1953 καὶ
2189 1895 2510 1968 ἡττηθῆναι,
2556 1893 2586 1947 δ
2611 1893 2890 1961 ἀμήχανον
2918 1885 2984 1959 ἦν
3034 1888 3131 1942 τοῦ
3174 1887 3304 1940 λαοῦ
3334 1886 3638 1955 μεμηνότος

2070 1989 2164 2042 καὶ
2195 1987 2255 2039 τὸ
2282 1985 2457 2054 γλυκὺ
2487 1983 2688 2052 πικρὸν
2719 1981 2953 2050 ἑχόντων
2984 1995 3045 2031 τε
3068 1977 3162 2032 καὶ
3205 1977 3490 2044 λεγόντων,
3517 1972 3643 2026 δεύ-

2067 2092 2261 2146 τερον,
2332 2073 2495 2139 ἡνίκα
2532 2071 2611 2142 τῷ
2652 2068 2925 2138 Ὑακίνθῳ
2974 2066 3284 2138 ἑξεχωρήθη
3326 2063 3639 2135 ἁπανταχοῦ

2068 2167 2171 2236 τῆς
2215 2166 2498 2236 Ῥωμαίων
2529 2161 2959 2234 προσκαλεῖσθαι
2988 2161 3129 2214 κατὰ
3173 2158 3275 2227 τῆς
3308 2157 3643 2225 Ἕκκλησίας

2069 2259 2163 2324 οὓς
2195 2259 2449 2330 εὕρισκεν
2472 2258 2534 2311 ού
2574 2255 2896 2324 συνειδήσει,
2926 2254 2988 2307 ού
3019 2252 3203 2322 νόμοις
3231 2249 3364 2305 Θεοῦ
3401 2249 3639 2318 τεθραμ-

2075 2351 2291 2420 μένους,
2331 2347 2446 2403 stt‘
2491 2345 2826 2418 ἁγυρτώδεις
2869 2345 2964 2400 καὶ
2991 2341 3440 2413 τριωὸολιμαίους
3467 2339 3644 2404 τινας,

2073 2440 2170 2495 καὶ
2199 2440 2418 2504 ἱκανοὺς
2456 2437 2830 2510 καταστρέψαι
2867 2435 2966 2510 τὴν
2995 2433 3322 2506 Ἐκκλησίαν
3375 2429 3645 2501 Χριστοῦ,

2076 2617 2293 2673 duobus
2345 2616 2587 2673 libellum
2637 2615 2752 2683 ipse
2788 2613 2976 2670 furtim
3030 2609 3314 2668 abscondit
3363 2611 3485 2666 loco
3515 2609 3652 2664 abs-

2075 2709 2402 2770 trusissimo,
2447 2707 2586 2762 intra
2644 2706 2886 2760 foratnen
2943 2719 3130 2759 eorum
3161 2703 3337 2759 simile
3363 2703 3416 2757 in
3446 2700 3650 2770 quibus

2077 2799 2346 2854 columba:
2407 2798 2688 2853 nidificare
2728 2805 2948 2861 amant,
2998 2795 3104 2850 sito
3163 2808 3325 2862 supra
3378 2800 3641 2847 verticem

2075 2891 2343 2947 columna:
2394 2890 2700 2960 cuiuspiam
2749 2889 2800 2942 in
2853 2885 3313 2947 catechumeneis,
3352 2885 3419 2939 ad
3453 2883 3646 2938 laevam

2079 2982 2509 3046 introeuntium,
2535 2980 2754 3037 stantis.
2786 2977 3053 3034 Notabilis
3088 2992 3247 3047 porro
3279 2987 3362 3031 est
3391 2991 3552 3044 quam
3587 2975 3649 3029 in

2076 3076 2182 3131 hoc
2239 3074 2485 3130 adhibuit
2537 3071 2869 3129 sollicitudo.
2933 3070 3176 3126 Primum
3229 3068 3476 3122 chartam
3529 3082 3645 3122 non

409 3162 648 3216 maxime
694 3169 938 3230 cuperet,
986 3175 1158 3215 sacra:
1204 3160 1569 3228 prafecturae.
1616 3156 1821 3224 Nempe
1861 3157 1973 3227 jam

2085 3167 2393 3236 simplicem
2423 3177 2477 3222 et
2501 3165 2834 3221 authenticis
2863 3163 3176 3218 destitutam
3209 3160 3428 3229 reliquit
3453 3160 3651 3229 signis,

409 3269 519 3310 non
577 3255 736 3323 pauci
784 3269 972 3308 eorum
1007 3269 1146 3322 quos
1177 3267 1350 3322 nuper
1379 3267 1443 3306 ac
1474 3251 1638 3322 paulo
1666 3259 1790 3304 ante
1820 3249 1980 3303 mini-

409 3359 656 3403 strorum
703 3347 878 3414 ipsius
919 3345 1176 3412 violenta:
1221 3342 1596 3414 grassationes
1625 3341 1980 3412 pensionibus

408 3450 464 3495 et
527 3436 960 3493 sacerdotiorum
1014 3433 1284 3489 fructibus
1344 3434 1742 3497 multaverant,
1801 3434 1976 3502 palam

409 3531 590 3585 ablata
636 3528 977 3597 repetebant,
1010 3541 1074 3582 ac
1115 3524 1257 3582 facta
1301 3541 1466 3579 manu
1517 3525 1737 3593 paribus
1765 3524 1980 3593 injuriis

410 3621 789 3702 irascentium,
839 3618 944 3670 vim
978 3629 1224 3687 apertam
1265 3617 1615 3679 intentantes,
1667 3613 1983 3668 auferebam

409 3727 532 3782 quae
561 3725 658 3766 sua
689 3709 956 3764 dicerent.
994 3708 1227 3774 Quidam
1257 3706 1419 3761 etiam
1455 3707 1658 3776 pradia
1683 3705 1984 3760 frumenta-

408 3803 637 3872 riosque
679 3815 842 3871 agros
882 3814 1115 3870 quorum
1163 3797 1379 3854 fuerant
1429 3801 1773 3868 possessione
1814 3795 1980 3867 pulsi,

407 3910 687 3952 concursu
718 3904 772 3951 et
799 3893 1034 3950 factione
1059 3892 1409 3957 invadebant,
1445 3893 1584 3947 inter
1614 3892 1728 3946 haec
1758 3889 1986 3945 irriden-

415 3997 518 4052 tes.
555 3985 803 4042 dicteriis
831 3984 1206 4046 traducentes,
1235 3983 1540 4038 maledictis
1568 3996 1786 4051 quoque
1811 3979 1986 4036 inces-

417 4087 642 4141 sentes,
699 4077 834 4131 diris
886 4076 1124 4146 denique
1181 4075 1330 4130 nullo
1391 4086 1537 4130 metu
1589 4082 1683 4128 aut
1737 4082 1982 4140 respectu

361 4225 378 4232 ,
417 4171 742 4226 devoventes
766 4168 1128 4238 patriarcham
1152 4175 1205 4222 et
1227 4183 1376 4222 suos.
1400 4165 1456 4220 lu
1484 4175 1687 4220 tantam
1714 4164 1983 4220 licentiam

417 4272 730 4318 excesserat
757 4261 1019 4331 populare
1049 4259 1256 4324 odium,
1306 4259 1506 4313 lassata
1535 4257 1807 4311 diuturnis
1838 4254 1984 4324 inju-

410 4357 518 4412 riis
565 4357 954 4425 plerarumque
1011 4352 1292 4421 patientia,
1332 4352 1384 4404 in
1423 4351 1662 4403 furorem
1708 4349 1988 4416 conspira—

413 4447 570 4502 tione
601 4445 966 4500 multitudinis
1011 4443 1438 4498 ineluctabiliter
1475 4441 1786 4508 saevientem
1828 4453 1987 4493 exar-

409 4540 671 4602 desccns,
706 4537 1027 4607 impunitate
1060 4534 1386 4595 necessaria,
1419 4533 1710 4586 securitate
1749 4545 1982 4584 summa.
2013 4536 2066 4596 ι)
2089 4509 2123 4562 9

407 4630 608 4698 ιιιεηιιο
637 4627 974 4682 Athanasius
999 4625 1240 4680 sentiens
1262 4622 1405 4676 haud
1432 4620 1620 4690 procul
1648 4619 1832 4675 abfore
1859 4622 1991 4689 quin

405 4721 787 4789 -eorriperetur
812 4719 1092 4774 sistendus
1120 4715 1380 4770 tribunali
1409 4715 1554 4781 (nam
1583 4712 1742 4783 169
1769 4727 1988 4766 causam

413 4817 542 4883 ejus
575 4811 951 4868 ecelestastico
981 4807 1191 4876 judicio
1224 4805 1516 4874 disceptari
1566 4821 1673 4858 non
1706 4805 1995 4874 ignorabat

407 4905 690 4974 'primorcs
730 4900 951 4971 cupere)
987 4899 1274 4968 occupavit
1319 4896 1626 4966 significare
1681 4896 1991 4964 imperatori

407 5012 482 5052 se
523 4997 590 5051 ab
640 4998 758 5065 ipso
796 4989 982 5063 petere
1015 4999 1074 5045 ut
1105 4991 1345 5044 mitteret
1367 4988 1570 5058 quibus
1603 4988 1993 5056 patriai-cheles

419 5089 588 5154 aedes,
624 5087 691 5141 iis
731 5086 1123 5148 abscessurus,
1157 5081 1530 5150 consignaret,
1587 5079 1790 5148 quique
1841 5078 1993 5132 illum

411 5195 536 5250 quo
581 5191 905 5234 recessurus
939 5181 1089 5229 esset
1120 5173 1314 5226 itinere
1347 5180 1522 5225 tutum
1557 5172 1625 5225 ab
1659 5171 1881 5225 incursu
1915 5169 1998 5223 in—

420 5272 550 5327 festi
592 5269 777 5340 pepuli
815 5275 1157 5337 praestarent.
1202 5262 1426 5318 lnterim
1457 5263 1573 5332 ipse
1607 5263 1747 5316 duos
1782 5261 1997 5315 libellos

409 5360 845 5432 deproperavit,
913 5371 1147 5426 quorum
1205 5370 1312 5409 uno
1365 5355 1683 5424 dignitatem
1744 5353 1998 5408 abdicare

425 5453 712 5508 videbatur
757 5468 770 5502 :
824 5449 962 5503 alter
1004 5447 1174 5500 multa
1202 5444 1573 5514 complectens
1603 5443 1798 5513 partim
1829 5443 1997 5496 vitam

412 5545 548 5612 eius
605 5550 909 5596 anteactam
959 5538 1292 5610 jactabunde
1323 5535 1762 5601 commendabat,
1802 5535 1996 5604 partim

430 5641 484 5692 iu
527 5637 926 5690 obtrectatores
977 5633 1114 5686 iram
1162 5629 1518 5698 expromebat
1553 5626 1718 5681 minis
1759 5638 1813 5680 et
1844 5625 1998 5690 diris,

433 5745 569 5782 sane
631 5727 987 5796 impotentius
1053 5740 1212 5794 quam
1284 5722 1592 5794 professum
1665 5722 1998 5776 imitatorem

418 5820 634 5876 Christi
691 5817 1121 5874 mansuetudinis
1163 5818 1398 5873 deceret.
1449 5816 1513 5871 Et
1567 5817 1717 5870 hunc
1766 5815 1985 5885 quidem

2081 3258 2178 3314 sed
2230 3272 2397 3312 manu
2453 3258 2554 3312 rite
2599 3257 2818 3326 propria
2859 3253 3223 3322 subscriptam
3254 3252 3397 3306 bulla
3426 3251 3655 3319 insuper

2079 3351 2341 3422 plumbea
2369 3350 2634 3405 munivit:
2659 3359 2774 3405 tum
2798 3348 2946 3403 vasis
2967 3347 3182 3402 duobus
3213 3345 3398 3400 testeis
3429 3343 3657 3398 inclusit

2083 3445 2318 3500 invicem
2368 3443 2641 3504 obversis,
2673 3455 2906 3511 quorum
2937 3439 3089 3494 labra
3120 3448 3343 3508 pertusa
3386 3435 3655 3492 funiculis

2082 3531 2300 3596 insertis
2330 3541 2453 3600 apte
2482 3530 2785 3593 commisit,
2824 3538 2885 3583 ut
2922 3543 3042 3582 eam
3072 3527 3311 3596 undique
3345 3528 3411 3581 ab
3446 3526 3654 3594 injuria

2081 3623 2229 3677 omni
2267 3630 2630 3691 protegerent.
2671 3617 2766 3674 Sic
2810 3619 3106 3686 conditam,
3155 3618 3300 3673 scala
3329 3617 3445 3686 ipse
3488 3631 3657 3671 muro

2085 3714 2340 3784 applicita
2381 3727 2813 3781 conscensaque,
2849 3724 3014 3764 manu
3049 3708 3266 3778 propria
3299 3706 3546 3776 deposuit
3593 3707 3656 3761 in

2085 3815 2392 3860 memorato
2425 3805 2578 3875 prius
2630 3805 2778 3866 loco,
2806 3801 2958 3855 velut
3001 3800 3110 3854 illic
3152 3797 3559 3854 custodiendam
3592 3797 3655 3850 in

2082 3912 2264 3954 seram
2296 3897 2617 3952 memoriam
2651 3894 3005 3964 posteritatis.
3042 3893 3220 3946 Alium
3253 3891 3654 3946 abdicatorium

2085 3988 2488 4060 patriarchatus
2522 3987 2764 4042 libellum
2792 3985 2945 4041 misit
2970 3985 3039 4039 ad
3063 3985 3464 4054 imperatorem,
3486 3997 3660 4038 orans

2085 4090 2148 4135 ut
2180 4097 2346 4151 quam
2375 4080 2610 4152 primum
2643 4079 2710 4134 ad
2736 4093 2796 4134 se
2819 4078 3118 4133 destinaret
3142 4090 3365 4132 securos
3389 4091 3483 4145 per
3507 4077 3656 4128 viam

2085 4173 2432 4236 deductores,
2463 4171 2667 4242 quibus
2698 4185 2726 4224 a
2769 4170 2820 4223 vi
2867 4169 3272 4225 defenderetur.
3326 4165 3447 4220 llaec
3490 4165 3660 4220 ambo

2090 4263 2292 4333 scripta
2324 4262 2412 4317 hic
2443 4276 2662 4332 ponam,
2697 4259 2966 4330 incipiens
3009 4273 3040 4313 a
3084 4256 3363 4329 prolixiori
3397 4255 3661 4311 ﬁctilibus

2038 4401 2044 4406 ,
2089 4353 2298 4420 indito;
2335 4352 2493 4422 cujus
2517 4355 2632 4408 hac
2667 4351 2818 4408 fuere
2838 4350 3002 4406 verba
3043 4365 3057 4402 :

2127 4509 2180 4563 ὅ.
2217 4508 2484 4578 Scriptum
2510 4505 2656 4579 quod
2685 4505 2989 4628 patrilerclt‘a
3014 4504 3152 4558 vasis
3183 4502 3441 4556 inclusum
3472 4499 3660 4555 trucis

2758 4592 2812 4628 re
2836 4591 2946 4628 mu:
2975 4614 2988 4628 .

2758 4591 2988 4645 reuquu.

2177 4737 2194 4768 ι
2228 4717 2344 4772 Duo
2360 4716 2604 4787 quaedam
2623 4721 2991 4785 apparuerunt
3005 4712 3070 4766 ad
3090 4711 3448 4766 deiectionem
3469 4707 3665 4762 Eccle-

2093 4812 2206 4872 sise.
2242 4826 2363 4880 qua:
2433 4809 2500 4864 ad
2540 4809 2659 4878 ejus
2707 4807 2866 4876 170
2904 4806 3112 4860 scilicet
3152 4805 3441 4858 utilitatem
3493 4816 3664 4854 exco-

2095 4905 2266 4973 gitata
2313 4905 2554 4966 fuerant,
2625 4915 2691 4954 ex
2751 4897 2971 4953 insidiis
3024 4895 3374 4966 gaudentium
3434 4892 3664 4948 talibus.

2099 4996 2276 5050 Unum
2329 4993 2548 5062 quidem
2605 4991 2790 5047 venire
2850 4990 3084 5044 Veccum
3165 4986 3235 5040 ad
3299 4986 3661 5054 colloquium,

2097 5098 2355 5155 tauquam
2401 5098 2528 5137 mox
2571 5082 2651 5137 sic
2695 5079 3066 5136 damnandum
3095 5086 3152 5132 et
3189 5075 3614 5132 convincendum
3642 5091 3664 5136 ;

2097 5177 2242 5246 quod
2305 5175 2420 5229 tieri
2486 5189 2595 5228 non
2655 5181 2872 5242 poterat
2925 5171 3139 5226 furente
3173 5169 3393 5238 pepulo.
3424 5179 3478 5222 et
3504 5166 3670 5220 dulce

2099 5266 2321 5320 mistum
2380 5279 2568 5318 amaro
2612 5261 3001 5316 exhibentibus
3046 5261 3154 5315 illis
3189 5270 3243 5312 et
3290 5258 3667 5328 loquentibus.

2099 5361 2344 5414 Alterum
2402 5354 2626 5425 quando
2678 5353 2986 5423 Hyacinthe
3049 5362 3135 5406 est
3187 5352 3518 5421 permissum
3567 5364 3671 5417 per

2103 5452 2408 5506 Romanam
2459 5447 2771 5518 ubicunque
2815 5447 3078 5502 ditionem
3117 5459 3422 5501 convocare
3472 5452 3668 5495 contra

2105 5541 2406 5598 Ecclesiam
2455 5554 2595 5606 quos
2641 5538 2851 5591 invenit
2911 5553 3016 5590 non
3079 5545 3240 5592 rectas
3292 5531 3671 5591 conscientiae.

2104 5647 2212 5687 non
2240 5630 2452 5700 legibus
2479 5627 2576 5682 Dei
2618 5627 2937 5692 innutritos,
2961 5628 3054 5682 sed
3086 5635 3308 5696 agyrtas
3340 5620 3673 5676 triobolares

2103 5724 2424 5793 quospiam,
2467 5719 2695 5775 idoneos
2749 5717 3009 5774 Ecclesia:
3066 5715 3269 5770 Christi
3329 5711 3670 5769 destruenda

2107 5816 2498 5881 abolendisque
2533 5812 2747 5867 cunctis
2781 5811 2899 5878 ejus
2928 5809 3317 5865 traditionibus
3349 5823 3442 5876 per
3473 5806 3672 5860 incon-
