3922 6554
326 379 438 442 189

1261 381 1360 440 DE
1399 385 1842 450 ANDRONICO
1881 391 2356 456 PALEOLOGO
2391 396 2540 458 LIB.
2572 393 2661 458 ῙΙ.

3481 387 3586 455 190

320 496 421 549 καὶ
447 497 548 551 ὅσα
596 498 930 568 παρέλαϐεν,
963 500 1145 574 ἀλόγῳ
1193 501 1382 575 θράσει
1414 504 1511 557 καὶ
1531 503 1754 575 διαϐολῇ
1797 513 1894 560 καὶ
1921 515 1965 569 Α
1997 508 2087 562 τὸν
2133 509 2423 568 ἀδικοῦντα
2454 511 2628 573 οὐδεὶς
2670 507 2894 562 δύναται
2955 502 3341 574 παραϐλάψαι.
3387 503 3423 573 ἡ
3459 504 3588 556 Ἐκ-

321 586 506 656 ὖϐρει,
557 590 614 643 ἐν
663 585 747 654 οἷς
781 588 926 663 εἶχον
959 594 1155 649 ἐκεῖνοι
1183 595 1244 649 τὸ
1277 597 1517 666 ἰσχυρόν.
1549 598 1658 650 Καὶ
1690 597 1790 660 ἔτι,
1817 597 1894 659 ὡς

321 678 527 740 ἔοικεν,
563 679 755 747 ἔμελλε
782 685 894 746 τοῖς
928 684 1080 739 δυσὶν
1110 687 1339 749 ἐκείνοις
1383 689 1572 751 κακοῖς
1599 690 1692 740 καὶ
1713 688 1895 757 τρίτον

324 767 414 839 [Ρ.
453 768 574 841 ιη]
606 772 950 843 ἀναφυῆναι,
1002 776 1029 827 ὃ
1078 779 1170 830 καὶ
1218 777 1306 831 διὰ
1355 766 1557 848 πλῆθος
1611 780 1896 848 ἡμετέρων

323 859 611 927 ἁμαρτιῶν
650 865 714 932 τῇ
744 866 991 936 ἡμετέρᾳ
1023 868 1223 939 συνέϐη
1256 870 1438 940 ἡμέρᾳ
1462 871 1555 924 καὶ
1579 870 1697 924 καθ’
1737 869 1897 940 ἡμῶν

325 953 748 1022 ἐστρατεύσατο.
792 958 905 1027 Τῆς
938 959 1046 1030 γὰρ
1071 962 1306 1033 Χριστοῦ
1343 963 1672 1033 Ἐκκλησίας
1694 957 1776 1026 οἷς
1801 961 1899 1015 αύ-

325 1049 421 1106 τδς
449 1039 555 1099 οἶδε
601 1048 829 1118 κρίμασι
878 1051 978 1122 τὴν
1020 1054 1274 1121 φροντίδα
1303 1053 1608 1122 δεξάμενοι,
1634 1054 1735 1107 οὐκ
1771 1051 1898 1118 ἐξη-

330 1137 709 1209 σφαλίσθημεν
731 1141 826 1193 τοῦ
853 1143 988 1212 μήτε
1017 1146 1141 1207 τοὺς
1171 1146 1520 1214 σχιζομένους
1542 1144 1639 1214 τῆς
1667 1143 1899 1211 Ἐκκληο

329 1230 453 1292 σίας
493 1231 730 1301 Χριστοῦ
781 1236 872 1286 καὶ
926 1235 1183 1306 ὑϐριστὰς
1239 1238 1409 1307 αὐτῆς
1455 1241 1720 1307 τιμωρεῖν
1763 1240 1900 1304 μήτε

325 1323 458 1384 τοὺς
488 1323 872 1394 ἀκαθαρσίαις,
894 1328 1162 1398 μοιχείαις
1207 1346 1268 1381 τε
1295 1329 1390 1382 καὶ
1415 1327 1693 1397 πορνεξαις
1727 1326 1901 1380 ἑαλω-

327 1413 496 1476 κότας
541 1415 930 1485 άναχαιτίζειν.
965 1417 1347 1489 Ἥγνοήσαμεν
1373 1419 1428 1473 δὲ
1467 1420 1548 1472 ὅτι
1591 1417 1688 1471 καὶ
1721 1417 1772 1469 οἱ
1801 1431 1904 1469 πα-

326 1505 751 1575 τριαρχεύοντες
784 1505 1038 1573 τοιαύτας
1065 1509 1290 1574 εὐθύνας
1335 1510 1601 1579 ὑπέχουσι
1624 1508 1776 1579 παρὰ
1795 1505 1904 1559 τῶν

330 1598 428 1651 ἐπὶ
453 1598 766 1668 σφάλμασιν
795 1600 975 1656 αὐτῶν
1003 1601 1367 1656 εύθυνθέντων
1398 1603 1494 1655 καὶ
1531 1601 1640 1656 τῶν
1693 1599 1904 1667 τούτοις

329 1688 536 1758 ὁμοίων
567 1690 646 1754 είς
666 1691 703 1746 ἃ.
733 1691 1060 1762 διῳκήκασι,
1091 1693 1188 1747 καὶ
1223 1693 1396 1748 ταῦτα
1443 1693 1579 1763 μηδὲ
1607 1695 1718 1755 τοῖς
1744 1694 1902 1764 ἐνερ-

331 1777 492 1846 γοῦσι
522 1781 763 1852 σήμερον
789 1784 856 1837 τὰ
879 1785 1114 1854 δημόσια
1133 1785 1383 1848 τοιαύτας
1403 1787 1460 1838 εν
1484 1779 1566 1848 οἷς
1595 1786 1905 1856 ἐνήργησαν

2000 603 2200 673 κλησία
2225 603 2280 656 δὶ
2316 605 2478 658 πάλιν
2508 603 2738 672 ὑϐρίσθη
2771 601 2867 655 καὶ
2909 598 3239 669 ἐζημίωται.
3288 595 3386 658 Τίς
3438 595 3498 648 δὲ
3545 597 3580 665 ἡ

1999 695 2208 764 ζημία;
2239 695 2361 749 Τῶν
2413 694 2661 765 μοναχῶν
2714 693 2810 747 καὶ
2854 690 3206 762 μοναζουσῶν
3249 689 3343 743 καὶ
3391 687 3582 740 λοιποῦ

1997 785 2381 856 χριστωνύμου
2425 784 2580 847 λαοῦ,
2626 784 2735 837 τῶν
2780 781 2880 852 μὲν
2906 781 3084 852 λόγῳ,
3127 779 3237 831 τῶν
3274 778 3331 830 δὲ
3358 776 3452 830 καὶ
3487 775 3583 846 βίᾳ

2001 865 2315 948 βλεψάντων
2357 877 2492 948 πρὸς
2539 876 2598 931 τὸ
2625 875 2973 944 σεμνότερον,
3018 873 3094 935 ὼς
3124 870 3378 936 καταιγὶς
3408 866 3580 935 ἀγρία

1999 971 2194 1040 ἀθρόον
2241 968 2643 1024 ἔπεισπεσοῦσα
2688 969 2718 1034 ἠ
2770 965 2892 1019 καθ’
2936 965 3091 1033 ἡμῶν
3151 961 3308 1030 ὕϐρις
3335 959 3471 1028 πρὸς
3504 957 3579 1011 τὲ

2001 1065 2243 1132 πρότερα
2295 1061 2577 1131 ἔστρεφεν.
2615 1057 2684 1111 Ἦ
2707 1058 2763 1111 δὲ
2796 1056 2955 1128 ὕϐρις
2985 1058 3077 1108 καὶ
3116 1054 3176 1107 τὸ
3203 1051 3375 1119 αὐτῆς
3399 1050 3583 1116 λυπη-

2004 1156 2097 1225 ρδν
2127 1154 2190 1206 τὸ
2220 1153 2292 1222 μὴ
2322 1151 2462 1205 κατὰ
2494 1152 2594 1218 τῆς
2637 1149 2796 1220 ἡμῶν
2849 1149 3169 1214 ὑπολήψεως
3206 1147 3367 1212 μόνον
3394 1142 3489 1194 καὶ
3520 1138 3585 1192 τὸ

2001 1244 2186 1306 λίθους
2225 1242 2496 1314 κρατῆσαι
2519 1241 2700 1310 βαλεῖν
2731 1241 2878 1309 ἡμᾶς
2909 1239 3002 1291 καὶ
3035 1233 3461 1302 ἀναθεματίσαι,
3489 1230 3585 1282 καὶ

2002 1335 2102 1389 ὅσα
2126 1337 2442 1403 σωματικῆς
2471 1332 2680 1402 ὕϐρεως
2704 1332 2973 1392 ἐπειπεῖν,
2999 1328 3135 1393 ἀλλ’,
3154 1325 3326 1395 οῑμοιί
3351 1324 3444 1377 καὶ
3462 1321 3583 1376 κατ’

2004 1425 2170 1482 αὑτοῦ
2213 1423 2308 1479 τοῦ
2345 1425 2708 1493 σεϐάσματος.
2764 1423 2856 1475 Διὸ
2911 1421 3004 1476 καί
3050 1436 3217 1488 φημι,
3267 1417 3330 1470 Ei
3362 1414 3579 1468 σύνοιδα

2006 1517 2227 1588 ιμαυτῷ
2257 1517 2548 1588 πορνείᾳῇ
2588 1515 2807 1586 μοιχεία
2845 1513 2878 1584 ἢ
2928 1510 3303 1586 αρῤενομανίᾳ
3343 1506 3582 1562 ἑαλωκέ-

2007 1624 2126 1669 ναι,
2161 1607 2256 1659 καὶ
2286 1609 2333 1660 εί
2379 1607 2659 1676 ἐφρόνησα
2701 1603 2923 1658 πώποτε
2962 1603 2996 1676 ἢ
3028 1601 3211 1672 φρονῶ
3263 1601 3297 1671 ἢ
3329 1597 3586 1670 φρονήσω

2008 1697 2286 1768 ἀλλότριον
2305 1697 2559 1767 φρόνημα
2580 1696 2682 1764 τῆς
2710 1695 3043 1764 Ἐκκλησίας
3065 1691 3306 1762 Χριστοῦ
3331 1689 3424 1743 τοῦ
3445 1686 3584 1743 Θεοῦ

2013 1805 2138 1857 μου,
2173 1787 2424 1858 ἀνάθεμα
2471 1805 2561 1858 μοι
2605 1789 2715 1843 ἀπὸ
2768 1785 3029 1858 Χριστοῦ,
3072 1786 3169 1838 καὶ
3195 1785 3230 1854 ἡ
3286 1782 3444 1852 μερίς
3477 1796 3584 1850 μου

332 1873 649 1942 ὖπεκάντων
679 1874 928 1940 εὐθύνας.
960 1879 1058 1930 ὅσα
1085 1877 1117 1948 ἦ
1147 1878 1474 1947 κακοτρόπῳ
1510 1875 1706 1949 γνώμῃ
1745 1875 1908 1954 ﬂocci
1939 1856 1981 1911 Β
2013 1856 2109 1932 σὺν
2134 1878 2212 1948 τῷ
2237 1856 2588 1949 προδοτῃτκαὶ
2606 1881 2721 1940 τοϊς
2761 1856 2853 1930 τὸν
2889 1876 3096 1943 Κύριον
3133 1891 3236 1944 μου
3267 1871 3588 1941 σταυρώσα-

331 1963 530 2036 ἀγνοίᾳ
579 1970 720 2021 κατὰ
763 1968 858 2022 τοῦ
910 1969 1118 2024 δικαίου
1158 1973 1642 2040 πεπαρῳνήκασιν.
1701 1967 1909 2022 ’Λλλ’ὣ

329 2056 442 2110 τῶν
479 2057 626 2127 ἐμῶν
647 2059 828 2113 κακῶν
853 2062 865 2114 l
891 2060 966 2125 ὡς
1000 2063 1133 2132 μηδὲ
1160 2061 1260 2115 κᾶν
1291 2064 1380 2116 ῐσα
1409 2063 1620 2125 τούτοις
1637 2059 1909 2131 ἐξισωθῆ-

331 2165 425 2205 ναι
455 2153 550 2202 καὶ
572 2152 639 2204 τὰ
659 2151 924 2221 ἡμέτερα.
957 2155 1062 2206 Καὶ
1086 2155 1137 2208 εί
1167 2155 1262 2208 καὶ
1282 2154 1444 2207 πόθεν
1467 2153 1641 2208 ταῦτα
1675 2152 1908 2222 ἐπῆλθεν

331 2245 494 2313 ἡμῖν,
526 2243 697 2314 ἄδηλα
725 2248 835 2309 τοῖς
859 2245 1097 2310 πολλοῖς,
1129 2247 1244 2299 ἀλλ’
1267 2247 1388 2316 οὐχὶ
1415 2246 1508 2298 καὶ
1535 2245 1674 2314 Θεῷ.
1716 2241 1772 2295 '0
1799 2245 1908 2314 γὰρ

332 2335 531 2401 εἰπὼν,
556 2338 1074 2411 παρρησιασάμενος
1099 2339 1232 2407 πρὸς
1259 2339 1417 2403 Θεὸν,
1438 2340 1521 2392 ὅτι
1549 2335 1607 2389 Ὃ
1631 2334 1790 2405 ζῆλος
1811 2333 1907 2387 τοῦ

330 2427 490 2480 οἷκου
519 2444 615 2481 σου
652 2429 928 2498 κατέφαγε
951 2447 1039 2499 με,
1063 2428 1206 2496 εἶπε,
1232 2431 1341 2483 Καὶ
1371 2431 1418 2482 ol
1447 2428 1772 2497 ὁνειδεισμοὶ
1796 2425 1907 2480 τῶν

332 2519 714 2584 ὀνειδιζόντων
738 2538 798 2574 σε
821 2522 1094 2576 ἐπέπεσον
1127 2524 1214 2576 ἐπ’
1243 2523 1364 2592 ἐμὲ.
1390 2520 1465 2574 Οὐ
1492 2521 1598 2591 γὰρ
1623 2520 1909 2588 ἡμετέρων

331 2611 515 2668 ταῦτα
551 2613 884 2684 σφαλμάτων
909 2615 1238 2680 ἀντέκτισις,
1267 2613 1364 2668 καὶ
1389 2614 1548 2684 χάρις
1561 2613 1680 2682 Θεῷ
1704 2628 1720 2644 '
1751 2611 1912 2682 ἡμεῖς

339 2703 444 2773 μὲν
470 2703 821 2776 ἀδικούμενοι
845 2705 1019 2770 οὕτως
1044 2705 1399 2777 ἁδικούμεθα,
1443 2707 1526 2759 ὅτι
1551 2705 1642 2758 τὸν
1672 2703 1749 2774 μὴ
1779 2705 1907 2756 ἑαν-

339 2862 543 2916 sultam
574 2861 882 2928 audaciam,
918 2861 1250 2916 calumniam
1299 2869 1355 2916 et
1387 2861 1802 2925 contumeliam,
1841 2861 1910 2914 ad

339 2969 468 3022 qua:
501 2953 694 3019 ingens
725 2953 800 3005 illi
837 2952 1109 3006 habebant
1139 2953 1330 3007 robur.
1375 2953 1548 3007 Porro
1579 2966 1723 3007 nunc
1753 2951 1912 3005 malis

341 3044 458 3100 illis
495 3043 710 3099 duobus
743 3045 989 3106 tertium,
1033 3051 1300 3112 quantum
1343 3044 1468 3100 licet
1513 3042 1808 3111 conjicere,
1857 3041 1908 3094 in

338 3135 626 3190 cumulum
659 3143 1006 3200 succrescet;
1060 3137 1206 3206 quod
1247 3147 1300 3190 et
1340 3145 1564 3207 propter
1601 3134 1911 3189 multitudi-

344 3243 472 3282 nem
515 3238 834 3282 nostrorum
868 3239 1214 3298 peccatorum
1257 3238 1442 3285 nostra
1487 3229 1718 3300 contigit
1749 3229 1836 3285 die
1861 3237 1915 3284 et

343 3319 403 3377 in
435 3333 538 3374 nos
590 3319 865 3374 militavit.
915 3317 1172 3376 Ecclesia
1213 3322 1416 3392 quippe
1452 3321 1682 3381 Christi.
1713 3321 1914 3390 quibus

342 3412 466 3483 ipse
493 3411 643 3468 novit
665 3411 910 3482 judiciis,
945 3428 1076 3468 cura
1108 3429 1211 3470 nos
1242 3422 1466 3483 accepta
1494 3413 1913 3483 haudquaquam

345 3520 543 3560 secure
600 3505 878 3576 potuimus
915 3507 1184 3563 discissos
1233 3507 1302 3562 ab
1328 3505 1574 3562 Ecclesia
1605 3505 1808 3562 Christi
1861 3513 1917 3561 et

339 3599 393 3653 ei
428 3599 859 3654 contumeliosos
919 3601 1135 3668 punire.
1191 3615 1369 3663 neque
1423 3599 1917 3668 immunditiarum,

345 3689 771 3757 adulteriorum,
816 3690 1241 3772 fornicationum
1271 3692 1550 3748 convictos
1596 3693 1916 3763 reprimere.

343 3781 727 3850 Ignoravimus
765 3793 948 3838 autem
1001 3785 1344 3854 patriarchas
1382 3793 1650 3855 potestate
1703 3793 1920 3841 utentes

345 3888 451 3930 sna
508 3874 680 3929 fuisse
734 3875 1005 3931 obnoxios
1063 3875 1358 3932 reddendae
1413 3877 1608 3932 talium
1669 3886 1920 3933 actorum

346 3967 552 4022 rationi
586 3966 654 4023 iis
684 3966 816 4036 ipsis
847 3982 986 4036 quos
1019 3969 1072 4022 in
1109 3967 1358 4038 lapsibus
1387 3967 1764 4038 deprehensos
1793 3981 1922 4024 cor-

345 4057 612 4121 rexerint,
652 4066 707 4112 et
762 4059 1062 4121 similibus,
1095 4058 1186 4130 jus
1241 4059 1466 4130 impune
1524 4059 1922 4130 usurpantibus

345 4149 609 4206 vocanda:
641 4151 707 4205 ad
744 4166 907 4206 suum
960 4166 1192 4208 examen
1246 4165 1437 4206 eorum
1493 4151 1924 4206 administratio-

347 4243 462 4308 nis,
502 4255 625 4295 cum
663 4251 840 4296 tamen
887 4255 1028 4310 quos
1071 4241 1233 4296 hodie
1261 4241 1512 4297 videmus
1542 4239 1734 4296 civiles
1767 4254 1923 4295 exero

347 4348 478 4390 cere
558 4335 949 4403 magistratus,
1016 4333 1245 4388 minime
1327 4333 1644 4404 subjaceant
1703 4332 1924 4402 judiciis

351 4427 698 4482 subditorum
737 4428 793 4481 in
839 4426 906 4482 iis
944 4443 1066 4497 quae
1107 4428 1164 4482 vi
1220 4439 1455 4496 acceptas
1485 4427 1774 4498 potestatis
1800 4441 1924 4496 ege-

353 4623 546 4672 contra
581 4613 671 4681 jus
729 4622 784 4667 et
835 4628 1053 4683 aequum
1111 4622 1316 4668 temere
1366 4612 1644 4682 quidpiam
1682 4621 1960 4667 attenta-0

354 4715 505 4762 runt.
557 4707 666 4762 Sed
718 4707 848 4760 heul
894 4706 976 4761 vis
1007 4705 1202 4778 ingens
1237 4706 1509 4761 malorum
1546 4706 1824 4760 meorum!
1858 4720 1928 4760 ne

353 4806 604 4855 nostram
653 4797 878 4867 quidem
929 4797 1089 4866 longe
1153 4797 1490 4853 sublimioris
1529 4798 1683 4868 171
1714 4796 1927 4852 ordinis

353 4891 787 4948 ecclesiasticam
821 4891 1208 4946 auctoritatem
1234 4891 1301 4945 ad
1330 4892 1702 4960 aequalitatem
1726 4891 1922 4948 saltem

354 4984 695 5042 conditionis
749 4998 872 5039 cum
929 4983 1148 5053 politica
1207 4991 1360 5039 tanto
1392 4983 1642 5039 inferiori
1675 4983 1926 5053 aspirare

353 5078 662 5150 patiuntur.
726 5075 888 5132 Unde
950 5086 1131 5132 autem
1188 5075 1295 5132 ista
1353 5077 1513 5132 nobis
1584 5078 1928 5141 acciderunt,

355 5172 604 5241 ignotum
655 5169 844 5225 multis
875 5175 960 5223 est
986 5187 1001 5223 :
1028 5177 1084 5222 at
1109 5183 1217 5223 non
1252 5167 1384 5223 Deo.
1437 5166 1572 5223 Nam
1627 5168 1721 5238 qui
1755 5183 1926 5225 ausus

356 5273 444 5318 est
478 5260 588 5317 Deo
618 5261 837 5317 dicere:
873 5279 892 5312 ι
929 5258 1090 5315 Zelus
1121 5259 1320 5318 domus
1340 5268 1450 5314 tute
1486 5259 1728 5315 comedit
1753 5276 1860 5326 me,
1899 5280 1918 5314 ι

356 5355 501 5408 idem
529 5361 584 5408 et
613 5353 720 5408 hoc
751 5351 1059 5421 subiunxit,
1095 5371 1114 5404 ι
1155 5353 1224 5406 Ει
1262 5352 1554 5422 opprobria
1583 5353 1924 5422 exprobratio

358 5448 496 5504 tium
565 5446 666 5502 tibi
739 5446 1052 5501 ceciderunt
1110 5461 1275 5516 super
1327 5461 1413 5501 me
1447 5445 1491 5502 ⁸.
1538 5465 1558 5499 ι
1613 5445 1725 5502 Nec
1777 5448 1924 5502 enim

355 5551 674 5595 nostrorum
714 5540 818 5594 ista
852 5548 986 5594 sunt
1046 5538 1369 5594 delictorum
1424 5539 1562 5593 ultio
1608 5555 1672 5598 ac
1720 5539 1954 5615 multa,

357 5645 472 5702 quo
502 5631 727 5686 nomine
773 5630 885 5685 Deo
936 5630 1146 5701 gratias
1169 5630 1469 5688 reddimus.
1503 5629 1607 5689 Sed
1644 5641 1698 5689 et
1723 5632 1840 5689 hate
1868 5632 1924 5688 in

425 5800 449 5835 ⁸
473 5801 624 5858 Psal.
657 5818 754 5865 vn,
797 5802 880 5860 l0.

2012 1990 2116 2028 σιν.
2141 1972 2277 2026 Εῐδὲ
2299 1972 2476 2044 ὀρθῶς
2499 1973 2592 2026 καὶ
2615 1971 2821 2034 πιστῶς
2874 1987 2942 2040 με
2973 1967 3305 2038 λατρεύοντα
3334 1965 3430 2018 καὶ
3455 1977 3590 2032 φροο

2009 2064 2226 2130 νοῦντα,
2261 2067 2355 2118 καὶ
2381 2063 2818 2133 ἁποϐαλλόμενον
2851 2065 2915 2116 ὲκ
2937 2061 3118 2131 ψυχῆς
3145 2058 3176 2112 δ
3208 2057 3283 2128 μὴ
3311 2053 3527 2122 δοξάζει
3553 2051 3589 2122 ἡ

2021 2156 2315 2228 Ἐκκλησία
2339 2157 2472 2228 μηδὲ
2501 2155 2804 2225 παρέλαϐε,
2854 2153 3263 2220 συκοφαντῆται
3298 2149 3400 2201 οὐκ
3429 2145 3590 2214 ἔφρι-

2012 2245 2108 2311 ξαν
2142 2245 2384 2314 γλῶσσαι
2408 2245 2587 2314 λέγειν
2613 2243 2904 2315 μαθοῦσαι]
2923 2243 3095 2303 κακὰ,
3122 2242 3235 2293 ὅσοι
3267 2238 3362 2291 καὶ
3392 2237 3591 2298 οἵτινες

2010 2333 2144 2400 εἷεν,
2174 2337 2282 2406 ἔχω
2303 2337 2499 2400 αὐτοὺς
2523 2337 2668 2391 καθὰ
2691 2338 2720 2390 ὁ
2741 2334 2944 2400 κανὼν,
2978 2333 3072 2388 καὶ
3094 2331 3197 2386 ἀπὶ
3221 2330 3321 2398 τῆς
3351 2328 3592 2396 ζωαρχι-

2010 2431 2110 2499 κῆς
2138 2429 2364 2500 Τριάδος
2390 2428 2828 2499 ἁφωρισμένους.
2855 2427 2979 2480 Ὀτι
3011 2425 3073 2478 es
3107 2422 3438 2495 βιασθέντες.
3471 2417 3590 2472 αλλ’

2008 2520 2070 2574 οὐ
2123 2519 2405 2590 βιάσαντες
2458 2519 2724 2591 ὲτέθημεν
2770 2521 2851 2582 εἰς
2883 2517 2981 2590 τὴν
3027 2513 3356 2583 Ἐκκλησίαν
3410 2508 3588 2563 ἑλπίδι

2009 2611 2232 2680 εἰρήνης
2254 2612 2346 2664 καὶ
2373 2609 2638 2680 ὠφελείας
2669 2609 2873 2677 κοινῆς,
2894 2608 2969 2660 ού-
2989 2603 3196 2676 προέϐη
3225 2599 3284 2654 δὲ
3317 2595 3461 2652 κατὰ
3487 2595 3586 2657 τὰς

2011 2699 2230 2764 ἐλπίδας
2250 2698 2338 2772 [Ρ.
2385 2697 2512 2771 115]
2541 2699 2662 2753 ὅσον
2689 2697 3062 2770 διῳκήσαμεν,
3111 2691 3256 2749 οὕτω
3306 2685 3588 2759 συμφέρον

2014 2892 2123 2933 nos
2181 2877 2383 2932 intorta
2449 2875 2617 2932 ictum
2674 2874 2778 2929 tela
2833 2877 2942 2928 n‘on
2995 2869 3302 2940 perierunt,
3349 2862 3485 2918 adeo
3530 2869 3592 2916 ut

2015 2969 2233 3037 injuriis
2279 2969 2408 3022 licet
2462 2969 2633 3021 tantis
2685 2964 2914 3034 appetiti
2961 2962 3173 3017 nullam
3225 2968 3406 3014 tamen
3445 2955 3590 3021 inju-

2015 3062 2158 3116 riam
2204 3061 2498 3129 patiamur,
2530 3059 2792 3128 quoniam
2841 3055 2936 3126 qui
2966 3071 3026 3112 se
3077 3055 3194 3125 ipse
3227 3065 3336 3106 non
3363 3046 3588 3110 laeserit,

1938 3182 1984 3244 ρ
2017 3167 2178 3209 nemo
2226 3151 2371 3222 potis
2398 3159 2483 3210 est
2515 3149 2730 3207 ledere.
2770 3148 2976 3202 Verum
3014 3143 3261 3200 Ecclesia
3304 3149 3359 3196 et
3389 3148 3588 3192 contu-

2019 3244 2243 3302 meliam
2308 3242 2508 3314 patitur
2555 3249 2610 3294 et
2666 3240 3082 3294 detrimentum.
3142 3233 3426 3300 Quodnam
3460 3243 3590 3282 vero

2017 3334 2447 3392 detrimentum?
2504 3333 2775 3389 Nimirum
2800 3345 2831 3385 e
2858 3328 3145 3384 monachis
3170 3336 3224 3380 et
3255 3321 3589 3380 monialibus

2017 3441 2325 3496 ceteroque
2359 3427 2677 3482 Christiano
2727 3425 2930 3496 popqu
2989 3421 3326 3491 complures,
3391 3414 3592 3483 partim

2020 3522 2270 3592 persuasi
2324 3519 2629 3575 rationibus
2688 3528 2743 3574 et
2791 3517 3061 3572 electione
3122 3514 3272 3570 ducti
3345 3507 3595 3580 pr0pria,

2021 3614 2224 3684 partim
2259 3623 2469 3670 terrore
2493 3611 2681 3666 addito
2712 3609 2989 3679 minisque
3019 3619 3328 3679 poenarum,
3363 3603 3414 3656 vi
3443 3614 3609 3656 com-

2020 3705 2162 3775 pulsi
2199 3703 2460 3774 quadam.
2517 3717 2642 3758 sese
2693 3705 2746 3756 in
2786 3701 2985 3755 melius
3029 3703 3416 3754 converterant
3468 3708 3613 3748 san-7

2022 3798 2455 3861 ctimoniamque
2486 3803 2864 3864 respexerant,
2905 3806 3048 3863 quos
3079 3789 3226 3845 velut
3249 3789 3409 3844 turbo
3443 3785 3595 3842 ferus

2021 3899 2087 3947 ac
2121 3887 2354 3960 procella
2389 3887 2443 3942 in
2481 3895 2871 3941 transversum
2911 3883 3030 3939 dira
3073 3883 3355 3952 ingruens,
3389 3879 3504 3934 haec
3541 3879 3597 3932 in

2022 3994 2127 4036 nos
2157 3975 2486 4034 contumelia
2515 3974 2583 4030 de
2611 3988 2780 4030 cursu
2831 3973 3032 4044 dejecit
3065 3981 3120 4028 et
3168 3985 3361 4026 rursus
3399 3967 3601 4023 avertit

2023 4071 2081 4130 in
2115 4072 2320 4140 priora.
2359 4069 2492 4138 Ejus
2533 4083 2699 4138 porro
2728 4066 2949 4136 injuria:
2986 4065 3283 4136 pernicies,
3313 4061 3459 4118 unde
3497 4075 3600 4114 no.

2024 4163 2112 4218 bis
2151 4161 2371 4216 dolendi
2416 4173 2586 4216 causa
2626 4168 2734 4225 est,
2782 4173 2892 4213 non
2940 4158 2995 4213 in
3034 4156 3194 4214 fama:
3223 4162 3277 4212 et
3316 4153 3602 4210 existima-

2025 4254 2192 4311 tionis
2222 4263 2424 4311 nostrae
2466 4255 2682 4325 jactura
2725 4250 2991 4312 constitit,
3027 4266 3136 4305 non
3165 4250 3222 4304 in
3267 4244 3629 4304 contumelia.

2026 4357 2134 4401 tam
2175 4347 2400 4400 licenter
2419 4344 2809 4415 grassantium.
2836 4351 2894 4398 ut
2914 4351 2969 4396 et
3002 4341 3214 4410 lapides
3245 4353 3386 4408 quos
3411 4337 3466 4390 in
3498 4349 3637 4390 nos-

2023 4435 2269 4506 jacerent
2302 4431 2532 4488 tulerint
2571 4441 2627 4486 et
2659 4427 3250 4488 anathematizaverinl
3286 4433 3604 4492 ceteraque
3637 4447 3642 4455 -

235 4525 270 4530 ““
353 4521 488 4581 rint,
546 4519 711 4574 etiam
787 4519 1011 4590 quando
1057 4519 1144 4575 vel
1199 4520 1410 4574 malitia
1472 4519 1556 4574 vel
1615 4519 1914 4588 ignorantia

2029 4525 2501 4582 accumulaverint
2549 4537 2748 4592 genera
2803 4520 2986 4574 omnia
3037 4518 3374 4576 sensibilium
3411 4525 3610 4570 contu~

2033 4619 2319 4674 meliarum
2361 4634 2376 4672 :
2407 4618 2524 4682 scd,
2555 4617 2662 4671 heu
2717 4615 2834 4670 me!
2869 4616 3016 4684 (nam
3055 4613 3160 4667 hoc
3195 4625 3290 4667 cor
3332 4609 3640 4679 vulnerat)’

2031 4711 2088 4765 in
2119 4709 2408 4780 religionis
2456 4709 2630 4777 ipsius
2671 4707 2932 4762 damnum
2974 4704 3276 4758 maximum
3311 4708 3626 4768 tempestas.

2032 4801 2140 4858 ista
2174 4801 2518 4856 redundavit.
2569 4799 2750 4870 Quare
2777 4797 2902 4852 aio:
2932 4794 2989 4850 Si
3024 4795 3156 4849 mihi
3197 4809 3317 4894 su'm
3352 4791 3638 4849 conscius.

2034 4892 2418 4950 fornicationis
2463 4901 2559 4952 aut
2607 4889 2864 4946 adulterii
2907 4897 3002 4944 aut
3056 4884 3285 4944 nefaria:
3327 4884 3383 4938 in
3422 4896 3638 4937 mares.

2033 4987 2297 5052 libidinis,
2335 4988 2378 5042 si
2410 4986 2554 5042 sensi
2595 4999 2839 5054 unquam
2869 4993 2963 5037 aut
3004 4982 3188 5036 sentio
3215 4989 3312 5034 aut.
3339 4979 3392 5032 in
3424 4985 3620 5046 postc-

2037 5095 2158 5136 rum
2201 5079 2433 5136 sentiam
2466 5079 2708 5132 alienum
2741 5074 3026 5146 quidpiam
3079 5089 3109 5129 a
3145 5088 3310 5128 sensu
3349 5068 3622 5124 Ecclesia

2033 5171 2238 5230 Christi
2293 5169 2386 5225 Dei
2441 5169 2570 5230 mei,
2603 5170 2896 5222 anathema
2932 5165 3071 5220 mihi
3109 5165 3180 5218 sit
3226 5177 3255 5217 a
3290 5161 3513 5216 Christo
3553 5168 3611 5214 et

2033 5281 2163 5336 pars
2211 5279 2328 5320 mea
2381 5278 2505 5318 cum
2559 5261 2839 5332 proditore
2884 5275 2948 5314 ac
2986 5256 3412 5313 cruciﬁxoribus
3449 5253 3638 5323 172;;

2037 5354 2248 5411 Domini
2297 5355 2423 5410 mei.
2457 5352 2554 5408 Sin
2596 5367 2684 5406 me
2731 5359 2876 5406 recte
2905 5363 2972 5404 ac
3014 5349 3248 5404 ﬁdeliter
3279 5347 3610 5403 servientem

2033 5455 2090 5502 et
2143 5445 2469 5515 sapientem,
2534 5443 2985 5510 rejicientemque
3017 5455 3082 5496 ac
3119 5439 3503 5510 reprobantem
3540 5452 3626 5494 ex.

2035 5538 2221 5592 animo
2270 5537 2416 5608 quod
2470 5551 2579 5592 non
2636 5535 2805 5590 sentit
2844 5534 3091 5590 Ecclesia
3143 5547 3324 5602 neque
3379 5531 3643 5597 accepit...

2036 5629 2361 5686 calumniari
2407 5645 2519 5688 non
2536 5629 2886 5706 .hortuerunt
2934 5627 3143 5698 linguae.
3179 5625 3351 5680 docta:
3385 5621 3643 5677 maledi--
